1934 3075
73 160 129 189 6H

624 159 725 189 LIBER
744 161 825 194 QUIS
844 159 945 188 DIVES
965 159 1158 188 SALVETUR.

1648 163 1700 192 6ἆί

78 219 141 248 λεϊν
157 219 277 255 ἀληθῶς,
293 219 410 251 ἀδόλως,
428 218 545 252 ἀφόϐως,
558 218 755 254 ἀνυποκρίτως,
772 218 861 245 ἀκολα·

917 225 991 253 pere.
1009 217 1077 245 alter
1096 217 1226 245 benevole
1243 217 1390 245 consilium
1409 217 1488 252 dare;
1507 226 1604 247 omnes
1621 219 1700 248 deni-
1726 216 1728 227 ι

74 264 194 297 κεύτως,
208 265 363 297 ἀπλάστως.
383 265 415 290 Ὢ
429 264 542 298 γλυκεῖα
557 264 690 300 θεραπεία
705 264 860 299 φιλούντωνῐ

74 309 99 336 ὦ
121 309 253 344 μακάριοι
273 309 386 336 διάνοιαι
406 307 586 344 θαρρούντωνέ
605 309 628 334 ὣ
643 309 734 341 πίστις
750 309 860 344 εἱλικρι-

74 356 126 390 νὴς
141 355 208 382 Θεὸν
221 355 301 391 μόνον
311 355 443 382 δεδιότωνῑ
456 354 478 381 ὣ
492 354 578 389 λόγων
591 354 703 390 ἀλήθεια
717 355 791 390 παρὰ
806 357 862 386 τοῖς

74 400 232 436 ψεύσασθαι
247 401 285 436 μὴ
297 400 463 436 δυναμένοιςῑ
472 399 495 428 ὦ
507 400 603 432 κάλλος
619 400 706 436 ἔργων
722 401 798 436 παρά
806 402 862 432 τοῖς

75 446 139 482 Θεῷ
155 447 289 474 διακονεῖν
308 447 510 481 πεπεισμένοις,
528 447 630 473 πείθειν
649 446 724 478 Θεὸν,
736 447 862 482 ἀρέσκειν

74 492 147 528 Θεῷ,
163 492 195 519 οὐ
211 492 312 528 σαρκὸς
328 492 378 527 τῆς
394 492 445 528 σῆς
460 492 602 519 ἀπτεσθαιί
619 492 725 524 λαλεῖν,
743 491 809 518 ἀλλά
824 491 863 527 τῷ

74 538 186 574 βασιλεί
206 538 260 565 τῶν
278 537 382 565 αἰώνων
404 538 432 564 ἐν
455 539 497 564 σοὶ
513 538 691 565 κατοικοῦντι.

914 271 967 298 que
977 271 1050 295 vere,
1065 263 1125 290 sine
1135 262 1209 296 dolo,
1226 263 1300 290 nullo
1312 263 1421 296 timore,
1437 265 1510 291 nulla
1525 266 1701 294 simulatione

914 313 993 336 autve
1016 308 1190 339 adulatione,
1211 309 1333 344 nihilque
1355 309 1417 337 ﬁcte
1449 317 1550 338 amare.
1573 311 1595 338 0
1618 311 1699 339 dulce

915 355 1065 382 amicorum
1081 355 1260 390 obsequinml
1279 363 1295 382 ο
1307 355 1386 382 beata
1402 356 1514 383 servilia
1530 363 1636 389 eorum,
1653 358 1700 392 qui

916 400 1014 428 ﬁducia
1029 400 1159 435 polleant!
1178 407 1194 426 ο
1210 400 1318 428 sincera
1354 401 1420 428 ﬁdes
1439 409 1533 428 eorum
1549 403 1595 437 qui
1610 403 1699 430 solum

916 445 1001 473 Deum
1019 446 1148 472 timeant!
1171 453 1187 472 ο
1206 446 1352 473 verborum
1371 447 1472 475 veritas
1487 448 1560 482 apud
1575 456 1623 476 eos
1651 449 1699 484 qui

917 491 1026 519 mentiri
1044 499 1097 518 non
1109 492 1236 526 possunt!
1255 500 1272 518 ο
1283 493 1395 527 pulchra
1408 493 1515 520 illorum
1529 502 1622 529 opera,
1638 495 1700 530 qui-

919 537 971 564 bus
990 537 1170 564 constitutum
1192 541 1234 564 est
1248 541 1277 564 ut
1295 537 1349 565 Deo
1363 538 1533 571 ministrent,
1548 539 1632 568 Deum
1653 541 1700 569 lle-

73 587 172 617 ctant,
197 584 254 611 Deo
276 584 421 619 placeant,
445 591 500 611 non
522 591 632 611 carnem
654 588 728 611 tuam
755 583 862 619 impuro
878 591 971 610 amore
987 583 1162 618 contingantl
1179 587 1209 610 ut
1223 583 1379 618 loquantur,
1403 584 1439 611 ita
1460 588 1551 612 tamen
1577 590 1608 613 ut
1635 594 1698 615 cum

73 639 143 667 rege
170 631 353 664 saeculorum,
378 631 425 666 qui
450 630 478 658 in
507 635 533 659 te
551 631 675 664 habitet,
700 638 852 659 sermonem
871 630 978 657 habeat.

110 677 186 711 Aq’.
200 677 303 709 Πάντες
314 675 360 704 οὖν
370 679 395 704 οἱ
409 678 516 710 πιστοὶ,
532 678 618 710 καλοὶ,
634 677 803 713 θεοπρεπεῖς,
818 678 865 705 καὶ

71 723 126 758 τῆς
134 723 322 759 προσηγορίας
331 723 410 757 ἄξιοι,
418 723 452 759 ἣν
461 721 554 759 ὥσπερ
561 723 678 759 διάδημα
687 723 862 760 περίκεινται.

72 769 112 795 Οὐ
127 768 184 804 μὴν
196 768 252 795 ἀλλ’
266 769 332 795 εἰσὶν
343 769 392 805 ἤδη
402 769 472 801 τινὲς
485 769 594 796 καὶτῶν
602 769 736 796 ἐκλεκτῶν
743 769 865 796 ἐκλεκτό-

72 823 163 851 τεροι,
175 816 223 842 καὶ
236 815 354 851 τοσούτῳ
369 815 466 851 μᾶλλον
484 813 563 851 ἦττον
578 815 644 851 (57‘)
653 815 782 851 ἐπίσημοι
796 816 863 852 πρὸς

954 675 1034 712 345
1052 675 1171 704 XXXVI.
1188 675 1290 704 Omnes
1307 675 1398 711 itaque
1428 676 1529 709 ﬁdeles,
1546 678 1639 713 probi,
1653 679 1697 706 di-

916 723 1044 758 vinisque
1066 723 1188 750 moribus
1205 723 1341 754 instituti,
1359 728 1439 757 atque
1453 731 1484 750 ea
1499 723 1573 759 digni
1591 732 1700 752 nuncu-

916 769 1036 804 patione,
1056 776 1110 804 qua
1126 769 1200 796 velut
1219 769 1370 796 diademate
1385 775 1485 795 corona
1504 770 1605 806 inclyta
1625 770 1699 798 redi-

916 814 975 841 miti
1001 817 1074 842 sunt.
1096 814 1241 841 Enimvero
1257 821 1312 841 non
1335 814 1433 841 desunt
1448 815 1535 849 quiet
1551 816 1605 850 jam
1627 816 1699 844 inter

71 860 121 886 τὸν
136 860 236 895 λιμένα
246 861 278 887 ὲκ
287 860 334 887 τοῦ
354 860 486 892 κλύδωνος
502 860 549 887 τοῦ
566 862 668 896 κόσμου
684 861 861 893 νεωλκοῦντες

916 860 1018 887 electos
1041 860 1139 894 majori
1162 860 1255 887 electis
1272 860 1428 894 praéstantia
1454 860 1594 896 fulgeant,
1611 869 1697 897 eoque

72 905 195 938 ἑαυτοὺς
210 907 257 933 καὶ
268 906 450 941 ἐπανάγοντες
464 906 650 942 ὲπ¹ἀσφαλές’
663 907 694 933 οὐ
706 907 862 942 βουλόμενοι

71 951 165 978 δοκεῖν
183 951 271 986 ἃγιοι,
291 952 343 979 κᾶν
357 951 422 988 εἴπῃ
438 961 480 984 τις
491 972 498 985 ,
519 953 717 988 αἰσχυνόμενοι·
734 954 763 979 ὲν
786 953 862 988 βάθει

73 996 192 1033 γνώμης
217 997 436 1033 ἀποκρύπτοντες
459 998 494 1025 τὰ
515 998 684 1034 ἀνεκλάλητα
707 999 860 1035 μυστήρια,

73 1043 124 1069 καὶ
143 1042 194 1078 τὴν
208 1043 298 1070 αὐτῶν
317 1043 456 1078 εὐγένειαν
472 1044 708 1080 ὑπερηφανοῦντες
723 1045 752 1071 ὲν
768 1045 862 1080 κόσμῳ

75 1087 236 1123 βλέπεσθαι·
251 1090 299 1121 οὓς
317 1088 332 1114 ὁ
353 1089 430 1123 λόγος
449 1099 458 1115 ι
473 1089 530 1125 φῶς
547 1089 594 1116 τοῦ
611 1090 712 1125 κόσμου
729 1090 776 1117 καὶ
796 1090 862 1122 ἀλας

73 1134 126 1169 τῆς
141 1134 216 1169 γῆς)
236 1133 322 1160 καλεῖ.
340 1134 417 1161 Τοῦτ’
431 1136 489 1162 ἐστὶ
511 1135 542 1162 τὸ
564 1135 691 1170 σπέρμα,
712 1135 793 1162 εἰκὼν
815 1136 862 1162 καὶ

73 1178 205 1214 ὁμοίωσις
221 1179 299 1211 Θεοῦ,
317 1180 364 1206 καὶ
379 1180 474 1207 τέκνον
491 1179 574 1207 αὐτοῦ
591 1182 712 1215 γνήσιον,
731 1182 777 1207 καὶ
793 1181 860 1217 κλη-

79 1226 205 1262 ρονόμον,
225 1226 320 1262 ὥσπερ
339 1227 384 1253 ἐπί
399 1235 459 1254 τινα
475 1227 604 1259 ξενιτείαν
620 1227 734 1254 ἐνταῦθα
753 1228 860 1263 πεμπό-

76 1281 158 1307 μενον
182 1272 234 1298 ὑπδ
261 1272 381 1307 μεγάλης
405 1273 558 1308 οἰκονομίας
581 1274 628 1300 καὶ
645 1273 788 1308 ἀναλογίας
813 1273 859 1300 τοῦ

75 1317 195 1353 Πατρὸς,
212 1317 246 1343 δι’
258 1315 288 1345 οὗ
305 1318 351 1344 καὶ
361 1317 395 1344 τὰ
410 1317 513 1354 φανερὰ
526 1319 572 1345 καὶ
589 1319 622 1345 τὰ
635 1319 725 1354 ἀφανῆ
737 1319 783 1345 τοῦ
796 1319 859 1345 κόσ-

75 1372 127 1398 μου
148 1363 388 1399 δεδημιούργηται”
410 1364 444 1391 τὰ
461 1365 510 1400 μὲν
525 1366 564 1397 είς
579 1365 710 1397 δουλείαν,
730 1365 763 1392 τὰ
777 1366 805 1392 δὲ
821 1366 860 1397 εἰς

73 1408 207 1444 ἄσκησιν,
223 1409 256 1435 τὰ
271 1409 299 1435 δὲ
316 1410 356 1441 είς
370 1409 487 1445 μάθησιν
504 1410 592 1437 αὐτῶν
610 1411 665 1446 (58)
679 1419 686 1426 ·
703 1412 750 1437 καὶ
774 1411 860 1437 πάντα

73 1455 174 1491 μέχρις
190 1454 222 1482 ἂν
239 1455 355 1482 ἐνταῦθα
371 1455 400 1482 τὸ
418 1456 526 1492 σπέρμα
546 1456 629 1492 μένῃ,
647 1457 794 1491 συνέχεται·
813 1457 860 1483 καὶ

74 1501 256 1537 συναχθέντος
272 1501 363 1533 αὐτοῦ,
381 1501 465 1528 ταῦτα
477 1502 592 1538 τάχιστα
602 1502 754 1538 λυθήσεται.

916 905 1003 940 magis
1018 906 1139 933 illustres
1154 905 1219 937 sint,
1232 913 1286 940 quo
1301 906 1374 933 velut
1389 905 1421 932 ad
1436 910 1544 940 portum
1555 914 1588 934 ex
1603 907 1698 935 mundi

915 951 1034 985 procella
1055 951 1161 985 seipsos
1182 951 1348 983 subducant,
1370 959 1468 986 resque
1485 959 1550 978 suas
1566 952 1592 978 in
1609 956 1698 979 tutum

915 997 1063 1032 recipiant:
1079 998 1125 1032 qui
1140 998 1229 1024 sancti
1244 997 1331 1025 videri
1343 998 1457 1030 nolunt;
1473 1005 1505 1024 ac
1515 997 1537 1025 si
1551 998 1614 1033 quis
1629 1006 1700 1025 nun-

914 1043 1066 1078 cupaverit,
1082 1044 1261 1072 erubescant:
1277 1044 1324 1078 qui
1339 1044 1394 1071 imo
1409 1044 1469 1078 ipso
1483 1049 1592 1079 pectore
1606 1044 1699 1072 inell‘a-

914 1089 978 1116 bilia
1003 1090 1132 1125 mysteria
1156 1089 1344 1121 abscondant,
1371 1098 1504 1124 suamque
1531 1091 1698 1118 nobilitatem

915 1134 1041 1162 humanis
1064 1135 1151 1162 oculis
1174 1135 1256 1170 objici
1287 1138 1472 1162 contemnant.
1497 1135 1552 1163 Hos
1572 1136 1700 1163 nimirum

915 1179 1054 1215 Scriptura
1067 1190 1077 1206 ε
1090 1181 1180 1208 lumen
1189 1181 1281 1208 mundi
1313 1185 1340 1208 et
1368 1181 1407 1208 sal
1419 1185 1510 1208 terra”
1524 1181 1700 1209 vocataJloc

914 1234 1010 1261 nempe
1031 1234 1122 1254 semen
1137 1226 1194 1262 (Dei
1211 1226 1316 1253 scilicet
1331 1226 1420 1261 imago
1436 1231 1463 1253 et
1478 1226 1640 1258 similitudo,
1656 1234 1699 1254 ve-

914 1279 999 1306 raque
1010 1271 1071 1306 ejus
1087 1272 1177 1306 proles
1191 1276 1217 1298 et
1230 1271 1326 1307 Itznres)
1340 1271 1412 1298 velut
1428 1271 1454 1298 in
1467 1272 1595 1300 exsilium
1610 1273 1698 1308 quod-

913 1316 975 1343 dam
988 1325 1019 1344 ac
1040 1317 1285 1352 peregrinationem
1303 1325 1402 1352 magno
1417 1316 1504 1344 Patris
1521 1319 1699 1353 propensiore

913 1363 1028 1390 consilio
1050 1370 1227 1398 congruaque
1242 1363 1283 1390 eis
1304 1363 1410 1389 ratione
1425 1370 1456 1389 ac
1474 1367 1547 1390 sorte
1566 1363 1620 1390 huc
1636 1364 1699 1391 mit-

913 1409 996 1436 titur;
1013 1417 1066 1443 quo
1079 1413 1190 1436 auclore
1205 1409 1298 1435 mundi
1315 1417 1369 1440 res,
1384 1413 1440 1435 ttnn
1453 1409 1541 1436 oculis
1556 1409 1696 1444 expositae,

913 1460 971 1483 tum
988 1455 1103 1482 occulta:
1119 1454 1236 1482 condita:
1251 1459 1329 1482 sunt:
1346 1455 1405 1482 aiia:
1417 1455 1524 1489 quidem
1538 1463 1632 1482 eorum
1650 1456 1698 1483 ti)-

913 1501 1016 1537 sequiis
1030 1501 1136 1533 deditae,
1153 1501 1212 1528 aliae
1229 1508 1293 1528 vero
1313 1500 1434 1536 ipsorum
1450 1501 1594 1528 exercendi
1610 1502 1697 1536 gratia

71 1547 286 1583 excolendaque
303 1548 413 1575 virtutis
435 1552 517 1583 atque
538 1549 597 1576 alia:
620 1549 753 1576 doctrinm
775 1556 858 1576 causa
876 1548 1044 1575 constitutae:
1060 1551 1214 1582 cunctaque
1227 1548 1404 1574 continentur
1427 1554 1458 1574 ac
1487 1551 1697 1578 conservantur.

72 1594 165 1629 quoad
179 1602 272 1622 semen
289 1594 395 1621 mortali
411 1594 461 1622 hoc
475 1598 548 1622 statu
563 1595 694 1622 manserit
711 1603 718 1621 :
737 1602 790 1630 quo
809 1595 922 1622 collecto
938 1594 1079 1621 celerrime
1091 1593 1262 1621 dissolvenda
1279 1596 1354 1620 sunt.

108 1639 211 1666 ΔΖ’.Τί
224 1639 277 1675 γὰρ
294 1639 333 1666 ἔτι
344 1639 384 1665 δεῖ
399 1639 458 1675 Θεῷ
472 1640 506 1666 τὰ
521 1640 571 1675 τῆς
587 1640 696 1674 ἀγάπης
713 1641 859 1676 μυστήριας

948 1642 976 1670 >1<
996 1638 1127 1666 XXXVII.
1144 1638 1214 1672 Quid
1234 1638 1307 1665 enim
1328 1638 1382 1665 Deo
1403 1638 1520 1673 amplius
1542 1637 1697 1666 necessaria

71 1686 129 1714 Καὶ
143 1686 207 1712 τότε
227 1686 404 1718 ἐποπτεύσεις
419 1687 464 1713 τὸν
484 1685 583 1713 κόλπον
599 1686 646 1712 τοῦ
666 1686 786 1722 Πατρὸς,
804 1685 833 1712 ὃν
849 1687 863 1712 ὀ

73 1730 227 1766 μονογενὴς
244 1731 308 1763 Υἱὸς
324 1731 389 1763 Θεὸς
409 1731 489 1766 μόνος
506 1731 666 1767 ἐξηγήσατο.
686 1732 762 1758 Ἔστι
773 1732 801 1758 δὲ
817 1732 863 1758 καὶ

72 1776 156 1808 αὐτὸς
167 1777 182 1802 ὁ
189 1776 254 1808 Θεὸς
264 1776 369 1812 ἀγάπη,
377 1777 423 1803 καὶ
432 1776 464 1803 δι’
474 1777 656 1812 ἁγάπηνήμῖν
666 1776 784 1813 ἐθηράθη
797 1777 861 1811 (59).

72 1821 129 1849 Καὶ
139 1821 171 1848 τδ
184 1821 234 1857 μὲν
246 1821 364 1857 ἄρρητον
376 1821 468 1853 αὑτοῦ,
481 1822 585 1858 Πατήρ·
596 1822 626 1848 τὸ
639 1816 718 1854 δὲ”εὶς
730 1823 795 1857 ἡμῖν
807 1822 862 1857 (40)

72 1867 231 1903 συμπαθὲς,
240 1867 336 1903 γέγονε
350 1868 449 1904 μήτηρ.
465 1868 568 1904 Ἀγαπή
574 1877 620 1900 σας
629 1868 642 1894 ὁ
651 1869 744 1904 Πατὴρ
753 1868 863 1904 ἐθηλύν-

71 1913 122 1948 ϐη·
136 1913 186 1941 καὶ
198 1913 293 1940 τούτου
305 1913 378 1949 μέγα
394 1915 515 1949 σημεῖον,
531 1914 560 1941 ὃν
579 1914 658 1946 αὐτὸς
675 1915 817 1950 ἐγέννησεν
833 1913 863 1947 ἐξ

72 1959 185 1986 ἑαυτοῦ·
198 1959 246 1986 καὶ
256 1961 270 1986 ὁ
286 1960 391 1995 τεχθεὶς
404 1960 432 1993 ἐξ
443 1960 553 1996 ἀγάπης
567 1960 680 1995 καρπὸς,
693 1960 796 2006 ἀγάπη.
814 1960 863 1987 Διά

72 2005 153 2032 τοῦτο
167 2005 215 2031 καὶ
230 2005 310 2036 αὐτὸς
325 2005 452 2040 κατῆλθε
463 2005 507 2031 διὰ
521 2005 599 2032 τοῦτο
609 2005 750 2041 ἄνθρωπον
771 2005 860 2031 ἀνέδψ

73 2050 119 2077 διὰ
139 2049 221 2076 τοῦτο
236 2050 269 2076 τὰ
289 2049 440 2086 ἀνθρώπων
454 2049 524 2076 ἑκὼν
540 2049 649 2082 ἔπαθεν,
665 2050 709 2076 ἵνα
728 2050 795 2085 πρὸς
813 2051 862 2086 τὴν

72 2096 215 2132 ἡμετέραν
234 2095 386 2127 ἀσθένειαν,
401 2095 448 2128 οὓς
468 2096 593 2131 ⁴ιπγέιπησε
610 2095 772 2132 μετρηθεὶς,
788 2097 861 2131 ἡμᾶς

74 2142 144 2178 πρὸς
157 2142 208 2177 τὴν
225 2141 322 2167 ἑαυτοῦ
339 2141 452 2177 δύναμιν
471 2142 666 2177 ἀντιμετρήσῃ.
684 2142 740 2168 Καὶ
758 2141 861 2176 μέλλων

75 2186 240 2214 σπένδεσθαι
254 2186 300 2213 καὶ
314 2186 411 2222 λύτρον
425 2186 519 2213 ἑαυτὸν
529 2186 672 2218 ἐπιδιδοὺς,
688 2187 782 2222 καινὴν
796 2188 862 2222 ἡμῖν

74 2232 216 2268 Διαθήκην
239 2231 454 2267 καταλιμπάνει·
479 2231 600 2267 Ἀγάπην
617 2231 681 2267 ὑμῖν
701 2231 795 2266 δίδωμι
812 2231 861 2266 τὴν

73 2278 158 2314 ἐμήν.
171 2278 220 2309 Τίς
236 2278 263 2304 δέ
281 2279 354 2304 ἐστιν
364 2277 499 2313 αὒτη,καὶ
506 2277 586 2312 πόσης
607 2276 690 2312 Ὑπὲρ
703 2276 782 2312 ἡμῶν
795 2277 860 2303 ἐκά-

915 1685 1058 1712 charitatis
1080 1685 1229 1720 mysteria?
1250 1684 1383 1720 Tuncque
1407 1685 1473 1712 adeo
1495 1684 1584 1712 Patris
1607 1686 1697 1712 sinum

914 1730 1061 1764 inspicies,
1080 1738 1161 1765 quem
1183 1731 1258 1758 solus
1278 1730 1417 1757 enarravit
1432 1730 1589 1765 unigenitus
1612 1730 1697 1758 Filius

915 1776 1000 1803 Deus.
1016 1775 1064 1802 Est
1081 1779 1170 1803 autem
1185 1780 1212 1803 et
1231 1775 1303 1803 Deus
1323 1776 1380 1811 ipse
1396 1776 1526 1807 Charitas,
1543 1783 1596 1811 qua
1612 1782 1638 1803 et
1650 1784 1698 1803 ve-

914 1825 979 1847 natu
996 1828 1081 1855 prope
1103 1828 1118 1847 a
1137 1820 1217 1847 nobis
1232 1824 1328 1855 captus
1343 1824 1396 1848 est.
1417 1820 1450 1847 lit
1468 1821 1577 1855 quidem
1598 1828 1697 1847 arcara

913 1867 1012 1894 deitate
1027 1866 1122 1897 Pater;
1133 1874 1186 1901 qua
1197 1875 1262 1894 vero
1275 1874 1325 1894 nos
1338 1867 1526 1894 misericordia
1538 1870 1695 1901 persccutut.

912 1918 964 1945 est,
979 1913 1082 1940 exstitit
1109 1917 1207 1940 mater.
1222 1912 1304 1939 Pater
1316 1912 1461 1947 diligendo,
1478 1912 1556 1947 quasi
1570 1912 1697 1939 feminam

913 1958 1017 1991 induit;
1036 1958 1172 1992 hujusque
1190 1958 1229 1985 rei
1246 1957 1348 1994 grande
1361 1957 1492 1985 indicium
1508 1961 1560 1989 est,
1577 1965 1657 1992 quem
1673 1958 1698 1984 is

912 2012 945 2031 ex
960 2012 989 2032 se
1003 2003 1097 2039 genuit
1117 2013 1123 2030 :
1143 2010 1174 2030 ac
1187 2004 1233 2038 qui
1259 2012 1292 2031 ex
1307 2004 1440 2031 eharitate
1476 2008 1626 2039 prognatus
1640 2003 1698 2030 fru-

916 2053 994 2081 ctus,
1016 2049 1074 2084 ipse
1093 2049 1212 2076 Charitas
1234 2053 1285 2077 est.
1308 2048 1422 2084 Propter
1448 2049 1500 2076 hoc
1522 2053 1549 2076 et
1572 2049 1631 2084 ipse
1647 2049 1697 2077 de-

913 2095 1034 2128 scendit;
1050 2098 1161 2130 propter
1176 2095 1228 2121 hoc
1243 2094 1380 2122 hominem
1397 2094 1504 2128 induit;
1522 2099 1632 2130 propter
1645 2095 1697 2122 hoc

912 2142 1006 2168 volens
1027 2141 1143 2168 humana
1157 2148 1256 2176 passus
1270 2145 1311 2168 est
1324 2160 1331 2172 ,
1349 2143 1379 2167 ut
1396 2140 1576 2168 imbecillitati
1595 2144 1698 2167 nostra:

912 2195 973 2214 sese
985 2186 1173 2218 commetiens,
1187 2194 1249 2213 cum
1261 2185 1411 2219 dilexisset,
1425 2193 1480 2213 sua:
1491 2185 1570 2213 nobis
1587 2185 1697 2213 virtutis

912 2241 1066 2261 mensuram
1079 2233 1243 2268 modumque
1258 2233 1378 2260 vicissim
1394 2233 1564 2267 rependeret.
1583 2231 1698 2267 Jamque

913 2278 1106 2310 immolandos,
1119 2287 1151 2306 ac
1161 2286 1222 2306 cum
1234 2286 1263 2306 se
1273 2278 1389 2314 pretium
1401 2277 1599 2313 redemptionis
1608 2277 1697 2311 daret,

74 2332 141 2350 στου
168 2323 272 2359 καθῆκε
295 2323 344 2358 τὴν
365 2323 452 2358 dum;
475 2322 523 2358 τὴν
546 2321 673 2353 ἀνταξίαν
699 2321 752 2347 τῶν
779 2321 857 2347 ὅλων.

915 2332 1012 2351 novum
1037 2325 1116 2353 nobis
1141 2324 1344 2352 Testamentum
1372 2324 1503 2358 reliquit:
1520 2323 1696 2351 Dilcctionetn

73 2370 187 2406 Ταύτην
205 2371 279 2406 ἡμᾶς
296 2369 366 2405 ὑπὲρ
385 2369 505 2404 ἀλλήλων
528 2369 696 2396 ἅνταπαιτεῖ.
715 2368 746 2394 Et
768 2368 797 2394 δὲ
813 2367 862 2400 τὰς

73 2415 166 2451 ψυχὰς
188 2415 330 2451 ὀφείλομεν
352 2416 408 2446 τοῖς
427 2414 568 2449 ἀδελφοῖς,
595 2414 642 2441 καὶ
663 2413 790 2449 τοιαύτην
813 2413 862 2449 τὴν

75 2462 215 2497 συνθήκην
236 2461 304 2496 πρὸς
319 2461 365 2487 τὸν
381 2461 495 2496 Σωτῆρα
513 2459 785 2496 ἀνθομολογησάμεθα
796 2480 803 2493 ,
821 2460 862 2487 ἔτι

73 2507 110 2534 τὰ
126 2506 175 2533 τοῦ
194 2506 307 2541 κόσμου,
325 2506 359 2533 τὰ
374 2506 469 2541 πτωχά
485 2506 532 2532 καὶ
549 2504 675 2540 ἀλλότρια
690 2505 737 2532 κοιλ⁸
754 2507 862 2542 παραρ-

75 2552 177 2589 ρἑντα
188 2551 367 2588 καθείρξομεν
374 2551 576 2586 ταμιευόμενοι;
588 2550 722 2586 Ἀλλήλων
734 2550 862 2577 ἀποκλεί-

75 2606 172 2633 σομεν,
186 2597 203 2624 ἀ
220 2597 289 2632 μετὰ
307 2596 403 2633 μικρὸν
413 2596 467 2630 ἔξει
478 2596 508 2623 τὸ
526 2595 592 2632 πῦρ;
604 2595 690 2628 Beia);
705 2603 737 2629 γε
746 2597 792 2623 καὶ
803 2598 863 2623 ἐπι-

75 2644 167 2676 πόνως
184 2643 198 2669 ὁ
215 2643 352 2679 Ἰωάννης,
369 2652 378 2669 ‹
389 2643 418 2670 '0
434 2642 471 2678 μὴ
485 2641 579 2676 φιλῶν,
593 2642 670 2676 φησὶ,
681 2641 726 2667 τὸν
740 2641 861 2676 ἀδελφὸν,

74 2689 300 2726 ἀνθρωποκτόνος
312 2689 396 2716 ἑστι-ι
411 2688 521 2724 σπέρμα
534 2687 581 2714 τοῦ
592 2688 672 2720 Καῒν,
689 2687 800 2723 θρέμμα
815 2687 862 2714 τοῦ

113 2758 144 2788 »Β
166 2754 198 2783 P.
218 2755 270 2782 946
290 2754 344 2783 ΕΙ).
365 2754 514 2782 POTTER.
551 2761 565 2775 α
585 2754 680 2782 Matth.
695 2761 723 2786 ν,
741 2754 785 2784 15,
803 2754 846 2782 Μ.

113 2825 184 2887 (5Τῖ
199 2824 326 2852 Μᾶλλον
340 2821 441 2858 ἧτταν.
458 2822 567 2850 Μᾶλλον
616 2820 695 2859 ἦττον
707 2821 751 2850 ed.
764 2821 862 2849 Klotzii

99 2862 153 2887 ins.
189 2860 252 2887 859..
272 2859 351 2886 EDIT.
371 2858 493 2885 PA'IROL.

76 2858 153 2889 Libs.
174 2858 252 2887 l85‘3.
272 2859 351 2886 Entr.
371 2858 493 2885 Punot.

114 2891 170 2931 (58)
188 2894 300 2923 Αὐτῶν.
316 2893 404 2929 Αὐτῷ,
421 2901 473 2921 ms.
493 2891 575 2920 Fstt.

910 2378 998 2397 meam
1012 2369 1047 2397 do
1061 2371 1148 2398 vobis.
1169 2370 1297 2403 Quantam
1310 2377 1376 2397 vero
1390 2370 1447 2396 haec
1463 2373 1490 2397 et
1504 2369 1624 2404 quanta?
1643 2368 1697 2395 Pro

910 2423 1076 2450 unoquoque
1100 2419 1223 2443 nostrum
1243 2416 1360 2443 animam
1381 2415 1485 2450 posuit,
1505 2412 1590 2450 cujus
1607 2414 1698 2449 majus

910 2461 1037 2488 onmibus
1049 2461 1165 2496 pretium
1189 2461 1308 2488 exsistit.
1321 2461 1406 2492 llanc,
1423 2464 1453 2487 ut
1469 2460 1535 2488 alter
1549 2467 1598 2495 pro
1611 2459 1698 2487 altero

909 2514 1055 2541 ponamus,
1069 2514 1083 2533 a
1100 2507 1180 2534 nobis
1197 2508 1289 2543 exigit.
1306 2507 1384 2540 Quod
1399 2508 1421 2534 si
1436 2514 1486 2542 pro
1502 2507 1633 2534 fratribus
1649 2513 1698 2541 po-

915 2559 980 2579 nere
991 2552 1096 2579 animas
1108 2553 1250 2586 debemus,
1264 2556 1345 2587 atque
1359 2553 1411 2579 hoc
1427 2560 1489 2580 cum
1507 2552 1647 2580 Salvatore
1660 2552 1698 2579 vi-

914 2598 1008 2625 cissim
1032 2598 1103 2633 pacti
1128 2602 1322 2626 testamentum
1348 2607 1463 2630 sumus,
1488 2599 1614 2627 adltucne
1637 2605 1698 2633 qua:

913 2644 1005 2670 saeculi
1022 2646 1096 2675 sunt,
1112 2651 1196 2679 egena
1213 2643 1259 2670 illa
1271 2648 1297 2671 et
1308 2644 1397 2671 aliena
1412 2648 1438 2671 et
1452 2643 1590 2672 efﬂuentia
1606 2643 1697 2671 conti-

915 2690 1040 2718 nebimus
1056 2696 1088 2716 ac
1103 2689 1301 2718 recondenius?
1318 2690 1393 2718 Alter
1405 2690 1486 2718 alteri
1505 2690 1598 2718 clausa
1611 2690 1696 2717 liabe-

951 2823 1007 2894 ιν

952 2823 1007 2894 (59;
1031 2823 1186 2858 Ἐθηράθη.
1197 2823 1353 2858 Legendnm
1369 2823 1476 2862 videtur
1484 2823 1643 2857 ἐθηλύνθη.
1655 2822 1694 2851 In.

952 2859 996 2894 (40
1023 2860 1074 2892 Εἰς
1089 2860 1170 2894 ἡμῖν.
1186 2859 1279 2887 Scribe
1293 2860 1336 2892 εὶς
1352 2859 1441 2892 ἡμας.
1596 2865 1603 2872 ’

1023 2860 1074 2892 Εἰς
1089 2860 1170 2894 ἡμῖν.
1186 2857 1279 2887 Scribe
1293 2860 1336 2892 εὶς
1352 2857 1441 2892 ἡμᾶς.
