1934 3075
223 148 226 150 λ
241 159 294 185 645

805 154 1001 182 CLEMENTIS
1020 154 1257 182 ALEXANDBINI

1823 156 1876 184 σει

242 220 334 246 bimus
345 239 353 252 ,
370 225 431 253 qua:
446 217 521 245 brevi
543 220 604 252 post
622 216 791 244 absumenda
814 216 885 251 ignis
900 216 1032 243 habebit?

1087 215 1218 242 διαϐόλου.
1251 215 1319 242 Θεοῦ
1337 216 1490 252 σπλάγχνον
1511 216 1562 244 οὐκ
1578 215 1644 251 ἔχει·
1664 215 1764 243 ἐλπίδα
1785 224 1875 252 κρειτ-

243 265 338 292 Divine
347 265 498 299 seduloque
505 263 639 291 Joannes:
658 272 667 289 ι
680 262 732 296 Qui
744 271 798 290 non
810 262 898 298 diligit
909 262 1031 295 fratrem,

242 310 342 345 inquit,
350 310 488 338 homicida
495 313 536 337 est
543 318 552 328 -
563 319 569 336 :
582 319 590 335 ι
596 317 686 337 semen
693 309 772 340 Cain,
781 309 907 336 alumnus
915 308 1030 341 diaboli;

241 356 291 383 Dei
303 357 409 384 viscera
427 363 483 383 non
500 355 592 388 habet,
611 363 685 390 spem
705 355 842 389 potiorum
860 362 915 381 non
935 353 1031 387 habet;

1086 262 1170 288 τόνων
1182 263 1231 289 οὐκ
1243 262 1308 297 ἔχει·
1318 262 1437 300 ἄσπορός
1450 265 1523 290 ἐστιν
1531 271 1537 278 ⁸
1549 262 1645 297 ἄγονός
1658 263 1747 289 ἐστιν·
1758 262 1808 289 οὐκ
1819 263 1875 289 ἔστι

1086 308 1180 344 κλῆμα
1201 308 1249 344 τῆς
1269 309 1313 335 ἀεὶ
1340 309 1431 344 ζώσης
1450 309 1647 346 ὑπερουρανίας
1668 308 1806 343 ἀμπέλου·
1830 309 1875 336 ἐκρ

1086 354 1226 387 κόπτεται,
1238 355 1269 381 τὸ
1279 354 1334 391 πῦρ
1348 355 1446 391 ἄθρουν
1459 355 1589 390 ἀναμένει
1604 355 1670 390 (41).

242 404 302 430 sine
317 403 420 430 semine
432 405 484 434 est,
497 401 598 428 sterilis
614 404 666 434 est;
682 408 736 427 non
752 404 795 428 est
811 400 914 435 palmes
931 400 959 427 in
971 404 1133 435 perpetuum
1159 401 1278 428 viventis
1305 401 1509 435 supercmlestis
1522 401 1586 428 vitis
1601 409 1609 434 ;
1632 399 1791 432 excidetur,
1803 407 1876 427 eum-

241 456 296 483 que
310 448 388 475 densi
403 448 476 483 ignis
490 455 575 474 vorax
590 451 682 474 manet
697 447 866 474 incendium.

278 493 421 522 XXXVIII.
434 493 474 520 Tu
490 501 556 521 vero
569 493 768 528 praecellentem
779 493 852 520 viam
865 491 1030 524 condiscito,

242 548 322 576 quam
331 539 561 574 ostendit_Paulus
569 539 748 567 deducentem
757 539 791 566 ad
801 539 925 567 salutem.
946 538 1033 566 «Cha-

243 588 310 615 ritas
326 595 380 614 non
395 588 493 622 quaerit
506 594 567 621 qum
582 594 631 613 sua
646 590 711 614 sunt
728 586 757 618 Ι),
771 595 780 612 ι
797 585 845 613 sed
872 586 901 612 in
922 585 1033 613 fratrem

242 633 328 661 effusa
342 637 398 661 est:
415 634 453 660 ita
469 634 496 661 in
514 635 590 660 illum
604 641 681 660 versa
697 639 753 665 est,
770 638 845 662 casto
860 634 921 669 ejus
940 641 1033 661 amore

243 680 354 708 insanit.
371 681 512 708 «Charitas
528 680 615 715 operit
629 680 830 708 multitudinem
846 686 1032 715 peccatorum;

244 726 362 762 perfecta
375 727 497 754 charitas
514 727 581 754 foris
595 727 678 753 mittit
691 727 826 760 timorem;
842 735 896 754 non
909 727 963 762 agit
975 735 1034 762 per-

243 780 337 806 peram
348 792 355 805 ,
371 780 426 799 non
441 772 552 799 inflatur
563 792 570 803 ,
588 780 644 800 non
661 772 760 807 gaudet
776 780 858 807 super
871 773 1032 807 iniquitate;

243 817 398 853 congaudet
410 822 500 844 autem
517 817 636 848 veritati;
649 818 741 844 omnia
754 817 860 850 suﬁ'ert,
870 818 961 844 omnia
974 825 1034 845 cre-

243 861 292 894 dit,
302 864 393 890 omnia
403 867 507 898 sperat,
517 864 608 890 omnia
620 864 748 891 sustinet.
757 863 884 891 Charitas
893 871 1032 898 nunquam
1050 874 1070 901 Β

243 909 353 937 excidit.
369 909 523 944 Prophetite
537 914 718 941 evacuantur,
736 910 834 945 linguae
848 913 967 942 cessant,
983 917 1033 936 cu-

244 955 366 983 rationes
379 956 406 982 in
419 959 493 983 terra
508 955 649 989 deﬁciunt;
666 960 779 983 manent
793 961 882 983 autem
900 957 950 983 tria
965 956 1032 989 inec,

245 1001 322 1033 lides,
335 1009 408 1037 spes,
422 1002 555 1036 charitas;
570 1003 659 1037 major
670 1008 759 1029 autem
772 1002 844 1030 inter
852 1003 909 1030 haec
918 1007 960 1030 est
969 1003 1035 1030 cita-

247 1049 315 1076 ritas
331 1054 355 1076 ε.
369 1057 379 1074 ›
398 1048 431 1075 Ει
448 1049 561 1082 merito;
579 1049 645 1076 ﬁdes
663 1049 734 1076 enim
753 1049 871 1082 transit,
888 1057 950 1076 cum
967 1050 1034 1084 ipsis

245 1095 349 1122 nostris
362 1095 451 1122 oculis
466 1094 583 1122 videndo
611 1094 696 1122 Deum
713 1095 865 1123 credemus.
882 1096 951 1131 Spes
966 1104 1034 1131 quo-

244 1149 298 1176 que
309 1141 459 1174 evanescit,
474 1141 584 1169 illorum
599 1145 750 1176 conspectu
767 1150 827 1176 qua;
839 1143 866 1169 in
883 1151 930 1177 spe
945 1143 1034 1177 posita

245 1191 319 1215 sunt.
332 1187 460 1216 Charitas
475 1196 539 1216 vero
553 1189 579 1215 in
592 1189 822 1223 complementum
836 1190 939 1224 pariter
949 1189 1033 1221 venit,

244 1238 270 1261 et
286 1239 400 1270 augetur
421 1235 519 1270 magis,
535 1235 581 1262 ubi
602 1235 733 1270 perfectio
750 1235 900 1262 advenerit.
925 1234 953 1262 Si
972 1235 1034 1270 quis

244 1281 318 1308 illam
335 1281 364 1308 in
379 1282 501 1308 animum
519 1281 690 1316 susceperit,
707 1282 833 1316 quamvis
850 1282 971 1316 peccatis
986 1281 1034 1308 ob-

244 1327 344 1355 noxius
367 1327 419 1360 sit,
445 1328 573 1362 quamvis
594 1328 680 1354 multa
703 1328 798 1355 illicita
817 1327 1032 1363 perpetraverit,

244 1373 363 1401 adaucta
379 1374 513 1401 charitate
528 1382 651 1409 puraque
669 1374 789 1401 adhibita
806 1375 977 1409 poenitentia,
992 1382 1037 1401 er-

243 1423 304 1446 rata
324 1427 376 1447 sua
400 1420 539 1455 corrigere
558 1424 658 1455 potest.
678 1423 706 1451 »Β
725 1419 792 1446 Nam
812 1428 900 1454 neque
920 1420 971 1447 hoc
987 1421 1034 1448 tibi

244 1466 341 1493 deesse
356 1465 449 1496 velim,
467 1469 497 1492 ut
512 1465 642 1500 desperes
660 1466 837 1500 animumque
853 1466 1033 1500 despondeas;

245 1516 273 1538 ut
284 1516 312 1539 et
322 1511 432 1539 divitem
444 1513 554 1539 noveris
565 1512 628 1546 quis
638 1511 746 1538 tandem
762 1511 805 1538 ille
821 1512 867 1540 sit.
884 1512 928 1546 qui
945 1512 1035 1539 locum

243 1557 272 1584 in
287 1557 365 1585 cmlis
383 1565 438 1585 non
454 1557 563 1590 habeat,
580 1565 669 1592 quove
684 1557 708 1585 is
724 1557 805 1584 modo
821 1558 878 1585 suis
894 1557 1033 1585 facultati-

243 1603 295 1630 bus
309 1607 413 1631 utatur.

280 1648 404 1677 ΧΧΧΙΧ.
425 1649 455 1677 Si
479 1649 541 1684 quis
566 1653 622 1676 tum
647 1649 819 1677 abundantes
839 1650 959 1682 divitias.
975 1655 1033 1678 tum

243 1696 385 1731 penuriam
402 1703 456 1730 quo
470 1703 541 1730 aegre
555 1695 638 1722 vitam
657 1700 792 1723 sustentet
811 1697 939 1729 evaserit,
956 1701 1034 1724 mter-

244 1751 337 1778 naque,
350 1743 421 1770 bona
437 1744 556 1778 proclive
575 1744 685 1779 assequi
699 1745 828 1779 potuerit,
846 1745 893 1773 sed
909 1747 950 1773 vel
966 1746 1035 1774 forte

243 1797 293 1825 per
310 1790 493 1825 ignorantiam
507 1793 554 1817 aut
569 1790 632 1817 vitae
645 1797 727 1818 casus
745 1791 953 1823 involuntarios,
973 1796 1034 1827 post

243 1837 415 1872 signaculum
436 1840 464 1864 et
488 1837 675 1864 liberationem
693 1845 707 1864 a
725 1838 854 1872 peccatis,
872 1839 898 1865 in
922 1843 1034 1873 peccata

243 1890 292 1910 Seu
304 1881 394 1910 debita
408 1882 552 1917 prolapsus
563 1881 655 1914 fuerit,
670 1882 708 1909 ita
721 1886 750 1909 ut
762 1882 815 1910 illis
827 1891 940 1918 prorsus
951 1883 1034 1910 obru-

242 1933 288 1956 tus
303 1929 353 1962 sit;
370 1929 393 1955 is
416 1936 431 1955 a
452 1927 508 1955 Deo
531 1928 640 1963 penitus
655 1929 774 1963 rejectus
788 1932 840 1961 est,
857 1933 884 1956 et
900 1930 1033 1964 reprobus

241 1975 360 2003 exsistit.
375 1974 506 2010 Quisquis
517 1975 590 2002 enim
605 1982 638 2002 ex
652 1978 708 2002 toto
723 1974 805 2002 corde
820 1975 853 2002 ad
870 1975 954 2003 Deum
968 1983 1034 2003 con-

240 2024 373 2052 vertatur,
391 2023 476 2055 portae
502 2020 527 2047 ei
551 2024 652 2055 aperta
671 2025 746 2052 sunt,
763 2021 932 2056 suscipitque
947 2021 1034 2048 libert-

240 2066 349 2094 tissimo
364 2066 456 2092 animo
475 2064 555 2093 Pater
580 2066 664 2092 ﬁlium
680 2074 744 2093 vere
760 2066 946 2100 pcenitentem.
963 2067 1034 2094 Vera

240 2116 332 2140 autem
349 2112 510 2147 paenitentia
523 2116 575 2144 est,
593 2112 620 2139 in
635 2112 728 2140 cadent
747 2120 801 2139 non
821 2120 918 2140 rursus
932 2113 1032 2145 delabi,

241 2158 290 2186 sed
312 2166 346 2186 ex
367 2158 459 2185 animo
484 2165 597 2193 prorsus
612 2158 738 2190 evellere,
763 2159 863 2194 quibus
886 2167 916 2187 se
936 2160 1033 2187 mortis

239 2213 317 2234 reum
332 2205 452 2241 peccatis
468 2205 590 2240 agnovit.
606 2203 654 2232 His
668 2205 741 2232 enim
755 2205 881 2237 sublatis,
893 2205 920 2232 in
935 2210 961 2232 te
973 2213 1034 2232 rur-

240 2260 288 2280 sus
306 2251 378 2279 Deus
395 2251 540 2278 habitabit.
556 2249 654 2285 Ingens
669 2250 742 2278 enim
768 2254 795 2277 ct
822 2251 1033 2286 incomparabile

241 2298 370 2334 gaudium
389 2297 542 2332 festamque
558 2297 678 2324 laetitiam
695 2297 722 2324 in
737 2297 815 2324 caelis
829 2305 890 2324 esse
904 2296 977 2324 Patri
992 2297 1035 2324 di—

240 2344 279 2372 cit
295 2347 376 2379 atque
390 2343 505 2378 angelis,
517 2343 582 2370 dum
598 2350 671 2370 unus
686 2347 814 2378 peccator
829 2343 997 2369 convertitur
1007 2346 1034 2370 et

241 2389 432 2425 paenitentiam
449 2388 536 2424 agitd.
553 2388 658 2416 Idcirco
681 2388 763 2416 etiam
785 2388 921 2415 clamabat
935 2397 940 2415 τ
959 2398 968 2413 ι
985 2388 1034 2415 Mi-

243 2435 419 2464 sericordiam
433 2436 506 2467 volo,
523 2439 550 2462 et
566 2442 621 2462 non
640 2434 817 2461 sacriﬁcitttn.
835 2433 903 2460 Nolo
919 2439 1033 2461 mortem

243 2483 407 2518 peccatoris,
422 2481 471 2510 sed
485 2485 514 2508 ut
527 2489 588 2509 eum
603 2480 744 2515 paeniteat.
760 2480 788 2507 Si
805 2479 905 2507 fuerint
922 2484 1034 2515 peccata

244 2532 335 2556 vestra
349 2532 379 2555 ut
395 2528 458 2554 lana
475 2527 618 2562 phteniceo
632 2527 728 2559 tincta,
745 2527 825 2562 quasi
850 2527 940 2554 nivem
957 2527 1034 2554 deal-

244 2575 330 2607 babo;
346 2577 373 2601 et
385 2573 409 2601 si
424 2573 525 2600 fuerint
539 2573 660 2608 nigriora
676 2573 800 2608 fuligine,
817 2576 846 2600 ut
868 2575 957 2600 nivem
973 2573 1033 2600 alba

245 2620 380 2648 abluendo
395 2619 529 2654 praestabo
538 2624 577 2646 ε.)
595 2619 676 2646 Solus
691 2619 764 2646 enim
776 2619 848 2646 Deus
860 2622 971 2654 peccata
986 2627 1034 2654 po-

244 2670 298 2694 test
320 2666 465 2698 dimittere,
481 2668 508 2692 et
531 2665 629 2693 delicta
652 2672 707 2692 non
731 2667 886 2700 imputare;
909 2664 1030 2700 quando-

283 2782 312 2810 ἦ(
333 2778 364 2806 Ρ.
381 2779 434 2806 9η
451 2777 505 2806 ED.
525 2778 673 2806 POTTER.
727 2785 740 2798 α
761 2779 770 2805 Ι
790 2777 867 2804 Joan.
885 2783 931 2807 ut.
951 2777 994 2804 Η.

1044 2777 1058 2797 ι»
1079 2777 1165 2804 lCor.
1184 2783 1234 2807 xu.
1256 2775 1308 2806 δὶς
1324 2783 1384 2807 xttt,
1402 2775 1429 2802 5.

1120 490 1185 517 AH'.
1204 490 1240 516 Σὺ
1256 489 1284 516 δὲ
1299 489 1367 525 μάθε
1381 489 1429 526 τὴν
1446 490 1512 516 καθ’
1522 490 1676 526 ὑπερϐολὴν
1692 491 1766 523 ὁδὸν,
1783 493 1818 528 ἣν
1832 493 1876 520 δεί-

1086 544 1164 562 κνυσι
1179 535 1285 567 Παῦλος
1298 536 1346 562 ἐπὶ
1360 535 1507 570 σωτηρίαν·
1521 545 1530 561 ι
1541 536 1573 562 Ἡ
1583 536 1677 570 ἀγάπη
1695 537 1731 564 τὰ
1743 538 1876 573 έαυτῆςώ

1085 581 1178 616 ζητεῖ,
1192 591 1200 606 ι
1217 581 1328 609 ἁλλ’ὲπὶ
1341 581 1387 608 τὸν
1403 581 1516 615 ἀδελφὺν
1527 582 1672 617 ἐκκέχυται
1682 591 1689 597 ·
1708 583 1776 619 περὶ
1789 584 1877 610 τοῦτον

1086 628 1227 664 ἐπτόηται,
1245 629 1308 664 περ)⁸
1320 628 1413 655 τοῦτον
1427 629 1572 664 σωφρόνως
1596 629 1734 664 μαίνεται.
1751 639 1761 655 ‹
1774 631 1875 667 Ἀγὰπις

1087 674 1220 703 καλύπτει
1231 674 1332 710 πλῆθος
1345 674 1497 711 ἁμαρτιῶν·
1508 675 1524 709 ἡ
1542 674 1630 701 τελεία
1642 675 1739 711 ἀγάπη
1753 676 1876 703 ἐκϐάλλει

1085 721 1130 747 τὸν
1142 721 1233 756 φόὸοψ
1242 722 1271 747 οὐ
1281 721 1491 757 περπερεύεται,
1504 722 1533 748 οὺ
1543 721 1695 756 φυσιοῦται,
1711 722 1764 748 οὐκ
1775 723 1878 758 ἐπιχαί-

1087 775 1128 802 ρει
1141 768 1172 802 τῇ
1185 766 1284 802 ἀδικίᾳ·
1296 767 1436 802 συγχαιρει
1450 767 1479 793 δὲ
1490 768 1523 802 τῇ
1538 767 1665 803 ἀληθεία·
1675 768 1768 794 πάντα
1779 768 1875 802 στέγει.

1085 813 1174 840 πάντα
1190 813 1322 845 πιστεύει,
1338 814 1425 840 πάντα
1439 814 1553 846 ἐλπίζει,
1575 814 1663 840 πάντα
1680 815 1829 850 ὑπομένει.
1846 816 1875 842 Ἦ

1085 860 1178 896 ἀγάπη
1189 860 1315 886 οὐδέποτε
1329 859 1467 887 ἐκπίπτει.
1478 861 1644 896 Προφητεϊαι
1662 862 1875 897 καταργοῦνται,

1085 905 1206 940 γλῶσσαι
1216 906 1358 934 παύονται.
1371 906 1456 938 ἰάσεις
1466 907 1512 932 ἐπὶ
1525 908 1576 942 γῆς
1590 908 1816 934 καταλείπονται·
1830 909 1875 944 μέ-

1085 961 1124 979 νει
1134 953 1162 979 δὲ
1171 953 1204 980 τὰ
1214 953 1276 989 τρία
1285 953 1382 985 ταῦτα,
1396 953 1498 986 πίστις,
1512 953 1599 985 ὲλπὶς,
1612 954 1719 989 ἀγάπη·
1736 954 1840 989 μείζων
1850 954 1875 981 ἃ

1085 999 1113 1024 ὲν
1135 998 1239 1030 τούτοις
1255 999 1271 1034 ἡ
1288 999 1381 1034 ἀγάπη
1389 1008 1410 1024 ι.
1434 999 1491 1025 Καὶ
1506 999 1627 1031 δικαίως”
1646 1000 1741 1032 πίστις
1761 1000 1813 1035 μὲν
1825 1001 1876 1035 γὰρ

1085 1044 1244 1080 ἀπέρχεται,
1257 1045 1320 1071 ὅταν
1332 1044 1448 1080 aia-codd;
1456 1045 1612 1080 πεισθῶμεν
1625 1045 1726 1077 ἰδόντες
1737 1046 1814 1072 Θεὸν.
1824 1047 1875 1072 Καὶ

1086 1090 1162 1123 ἐλπὶς
1169 1090 1328 1125 ἀφανίζεται
1335 1091 1387 1117 τῶν
1393 1091 1600 1126 ὲλπισθέντων(ὲ
1604 1092 1765 1127 ρχομένων).
1770 1092 1874 1126 Ἀγάπη

1084 1137 1113 1163 δὲ
1123 1139 1164 1169 εἰς
1180 1138 1316 1174 πλήρωμα
1328 1138 1498 1174 συνέρχεται,
1512 1138 1559 1164 καὶ
1577 1138 1677 1173 μᾶλλον
1695 1138 1808 1171 αὔξεται
1824 1138 1874 1164 τῶν

1084 1185 1193 1210 τελείων
1207 1185 1420 1221 παραδοθέντων.
1441 1185 1503 1211 Ἐὰν
1514 1185 1616 1220 ταύτην
1627 1185 1779 1220 ἑμὸάληταί
1791 1195 1834 1218 τις
1843 1187 1873 1220 τῇ

1085 1231 1169 1266 ψυχῇ,
1185 1231 1306 1262 δύναται,
1323 1231 1375 1258 κᾶν
1393 1232 1421 1257 ὲν
1435 1229 1654 1267 ἁμαρτήμασινῇ
1665 1231 1872 1266 γεγεννημένος,

1086 1278 1138 1304 κᾶν
1155 1277 1239 1304 πολλὰ
1254 1277 1309 1304 τῶν
1327 1277 1525 1312 κεκωλυμένων
1545 1278 1738 1314 εἰργασμένος,
1756 1278 1873 1313 αὐξήσας

1087 1325 1135 1360 τὴν
1151 1325 1271 1359 ἀγάπην,
1288 1324 1335 1350 καὶ
1352 1324 1494 1359 μετάνοιαν
1511 1323 1634 1359 καθαρὰν
1650 1323 1752 1356 λαϐὼν,
1769 1323 1874 1359 ἀναμά-

1087 1370 1181 1406 χεσθαι
1198 1370 1231 1396 τὰ
1243 1369 1423 1405 ἐπταισμένα.
1435 1371 1510 1406 Μήτε
1531 1370 1585 1406 γὰρ
1602 1369 1680 1396 τοῦτο
1697 1371 1737 1401 είς
1753 1370 1874 1404 ἀπόγνω-

1088 1416 1129 1442 σίν
1139 1425 1179 1442 σοι
1191 1416 1238 1442 καὶ
1255 1416 1384 1442 ἀπόνοιαν
1396 1416 1610 1450 καταλελείφθω,
1628 1417 1653 1442 εί
1670 1416 1717 1442 καὶ
1732 1416 1778 1443 τὸν
1796 1415 1873 1442 πλού-

1088 1469 1145 1488 σιον
1170 1460 1266 1496 μάθοις
1285 1461 1359 1492 ὅστις
1382 1461 1455 1488 ἐστὶν
1467 1481 1474 1493 ,
1491 1462 1506 1487 ὁ
1522 1461 1612 1496 χώραν
1630 1461 1659 1486 ὲν
1681 1461 1808 1496 οὐρανοῖς
1828 1460 1874 1486 οὐκ

1088 1506 1167 1542 ἔχων,
1186 1506 1231 1533 καί
1247 1515 1307 1533 τινα
1332 1506 1431 1542 τρόπον
1451 1508 1507 1538 τοῖς
1523 1504 1583 1532 οὖσι
1601 1506 1752 1542 χρώμενος.

1088 1652 1095 1660 '
1123 1651 1183 1678 ΛΘ¹.
1207 1651 1255 1678 Ἀν
1270 1659 1312 1683 τις
1323 1651 1354 1677 τό
1371 1659 1401 1677 τε
1417 1651 1561 1687 ἐπίρρυτον
1577 1649 1622 1677 τοῦ
1640 1649 1755 1676 πλούτου
1771 1650 1819 1676 καὶ
1831 1658 1874 1684 χα-

1088 1697 1168 1724 λεπὸν
1191 1698 1231 1729 εἰς
1256 1696 1327 1734 ζωὴν
1349 1697 1484 1732 διαφύγοι,
1503 1697 1549 1724 καὶ
1572 1697 1680 1723 δύναιτο
1694 1696 1748 1723 τῶν
1764 1696 1874 1722 αἰωνίων

1087 1743 1197 1777 ἀγαθῶν
1212 1743 1395 1779 ἐπαύρασθαι,
1412 1744 1452 1778 εἴη
1469 1743 1497 1769 δὲ
1515 1742 1672 1778 τετυχηκὼς
1687 1742 1703 1777 ῆ
1720 1742 1756 1768 δι’
1768 1742 1874 1775 ἄγνοιαν

1087 1790 1279 1826 ἢπερίστασιν
1295 1790 1421 1816 ἀκούσιον
1445 1788 1513 1825 μετὰ
1533 1789 1581 1824 τὴν
1601 1789 1738 1823 σφραγῖδα
1761 1789 1809 1814 καὶ
1830 1788 1874 1822 τὴν

1087 1837 1220 1874 λύτρωσιν
1244 1836 1392 1871 περιπετὴς
1408 1837 1463 1867 τοῖς
1482 1835 1678 1871 ἁμαρτήμασιν
1694 1834 1711 1869 ἢ
1728 1833 1875 1870 παραπτώ-

1089 1892 1180 1919 μασιν,
1197 1883 1234 1914 ὼς
1249 1881 1553 1918 ὐπανηνέχθαιτέλεον·
1575 1877 1653 1912 οὗτος
1677 1881 1876 1916 κατεψήφισται

1087 1930 1258 1956 παντάπασιν
1278 1928 1329 1954 ὑπὸ
1352 1927 1398 1954 τοῦ
1413 1927 1491 1954 Θεοῦ.
1508 1926 1593 1953 Παντὶ
1609 1928 1664 1962 γὰρ
1679 1926 1719 1961 τῷ
1736 1927 1795 1961 μετ’
1812 1925 1875 1960 ἀλη-

1087 1975 1161 2007 θείας
1187 1975 1216 2007 ἐξ
1241 1975 1304 2009 ὅλης
1330 1974 1379 2009 τῆς
1403 1972 1516 2009 καρδίας
1539 1971 1735 2007 ἐπιστρέψαντι
1752 1971 1821 2007 πρὸς
1834 1971 1876 1997 τὸν

1086 2021 1152 2048 Θεὸν
1164 2021 1314 2056 ἀνεῴγασιν
1328 2019 1508 2057 αἱθύραι,καὶ
1521 2018 1627 2054 δέχεται
1639 2018 1877 2054 τρισάσμενοςΠα-

1087 2068 1138 2104 τὴρ
1147 2068 1203 2095 υἱὸν
1216 2067 1322 2103 ἀληθῶς
1335 2065 1524 2103 μετανοοῦντα.
1534 2066 1566 2091 Ἡ
1580 2065 1609 2091 δὲ
1624 2064 1740 2100 ἀληθινὴ
1751 2064 1876 2099 μετάνοια

1086 2115 1116 2141 τὸ
1133 2113 1231 2150 μηκέτι
1244 2115 1302 2145 τοῖς
1318 2113 1409 2143 αὐτοῖς
1425 2111 1515 2146 ἔνοχον
1528 2108 1609 2142 εἶναι,
1625 2109 1692 2136 ἀλλὰ
1707 2109 1793 2145 ἄρδην
1805 2110 1877 2144 ἐκρι-

1087 2161 1172 2194 ζῶσαι
1195 2161 1245 2195 τῆς
1269 2159 1366 2195 ψυχῆς,
1384 2159 1425 2193 ἐφ’
1439 2155 1479 2189 οἷς
1495 2156 1589 2184 ἑαυτοῦ
1613 2156 1740 2190 κατέγνω
1766 2155 1877 2182 θάνατον

1087 2205 1274 2241 ἁμαρτήμασι.
1291 2203 1399 2230 Τούτων
1414 2203 1468 2238 γὰρ
1484 2201 1693 2237 ἀναιρεθέντων,
1705 2199 1786 2232 αὖθις
1797 2201 1838 2232 εἰς
1849 2200 1875 2226 σὲ

1085 2251 1150 2282 Θεὸς
1165 2249 1393 2285 εἰσοικισθήσεται
1402 2257 1409 2263 '
1422 2247 1543 2283 μεγάλην
1554 2246 1609 2282 γὰρ
1622 2247 1688 2281 φησὶ
1702 2247 1751 2273 καὶ
1764 2245 1876 2280 ἀνυπέρ-

1086 2297 1181 2332 ϐλητον
1196 2294 1265 2323 εἶναι
1279 2295 1366 2331 χαρὰν
1381 2296 1428 2321 καὶ
1444 2294 1540 2329 ἑορτὴν
1553 2294 1582 2319 ὲν
1596 2293 1720 2327 οὐρανοῖς
1734 2292 1774 2327 τῷ
1790 2291 1874 2326 [Ia-:91

1087 2344 1133 2370 καὶ
1150 2344 1205 2374 τοῖς
1220 2342 1346 2376 ἀγγέλοις
1357 2341 1414 2372 eve;
1429 2338 1591 2375 ἁμαρτωλοῦ
1603 2337 1820 2373 ἐπιστρέψαντος
1832 2337 1875 2363 καὶ

1088 2390 1312 2426 μετανοήσαντος.
1328 2388 1372 2414 Διδ
1387 2387 1434 2413 καὶ
1447 2386 1583 2422 κέκραγεν
1593 2393 1599 2400 ·
1620 2385 1731 2411 ιἜλεον
1747 2385 1817 2412 θέλω
1832 2384 1874 2410 καὶ

1086 2437 1116 2464 οὺ
1133 2436 1237 2463 θυσίαν.
1253 2435 1289 2462 Οὺ
1306 2435 1435 2470 βούλομαι
1447 2434 1492 2460 τὸν
1508 2433 1622 2459 Θάνατον
1637 2431 1684 2458 τοῦ
1701 2431 1873 2467 ἁμαρτωλοῇ

1086 2482 1156 2510 ἀλλὰ
1169 2481 1218 2517 τὴν
1234 2481 1386 2516 μετάνοιαν.
1403 2479 1462 2506 Κᾶν
1472 2476 1539 2505 ὦσιν
1555 2479 1583 2505 αἱ
1597 2478 1733 2514 ἁμαρτίαι
1748 2479 1826 2514 ὑμῶν
1839 2478 1873 2509 ὡς

1087 2528 1223 2562 φοινικοῦν
1242 2527 1323 2563 ἔριον,
1339 2527 1376 2558 ὼς
1395 2526 1471 2561 χιόνα
1490 2524 1612 2551 λευκανῶ
1623 2532 1629 2538 ·
1644 2523 1695 2550 κᾶν
1714 2524 1872 2559 μελάντεραι

1086 2575 1132 2601 τοῦ
1147 2573 1267 2605 σκότους,
1283 2572 1321 2604 ὠς
1336 2572 1409 2607 ἔριον
1423 2571 1518 2598 λευκὸν
1533 2569 1647 2604 ὲκνίψας
1663 2571 1781 2605 ποιήσω.
1795 2580 1804 2596 ι
1819 2568 1873 2604 ea}

1086 2620 1140 2656 γὰρ
1167 2619 1246 2654 μόνον
1269 2618 1380 2644 δυνατὸν
1404 2617 1499 2651 ἄφεσιν
1522 2615 1665 2652 ἁμαρτιῶν
1686 2615 1871 2652 παρασχέσθαι

1087 2665 1133 2692 καὶ
1147 2664 1184 2700 μὴ
1198 2661 1357 2698 λογίσασθαι
1369 2660 1597 2697 παραπτώματα·
1612 2661 1679 2687 ὅπου
1694 2669 1727 2695 γε
1745 2661 1793 2688 καὶ
1812 2662 1871 2696 ἡμῖν

1482 2779 1492 2793 ε
1514 2773 1594 2803 lPet.
1607 2782 1644 2804 tv.
1665 2774 1702 2805 8;
1717 2772 1728 2800 I
1741 2773 1820 2801 Joan.
1836 2780 1868 2798 ιν.

247 2807 307 2844 18ῗ
324 2813 333 2840 l
348 2814 412 2841 Cor.
426 2821 475 2841 xm
487 2834 494 2847 ,
512 2814 538 2841 4.
558 2813 647 2842 διας.
666 2822 710 2847 xv,
726 2814 753 2841 2.
794 2819 805 2832 ε
825 2813 886 2840 Ose.
905 2821 942 2845 vr,
955 2812 988 2845 6;
1007 2811 1102 2839 Matth.
1119 2819 1159 2845 ix,
1176 2812 1228 2846 l5;
1245 2810 1344 2839 Ezech.
1369 2818 1446 2843 xvttt,
1459 2809 1507 2844 25;
1527 2809 1578 2838 lsa.
1595 2818 1616 2843 ι,
1633 2809 1682 2844 18ς
1701 2809 1769 2837 Luc.
1787 2817 1812 2840 v,
1827 2807 1866 2834 2i.

283 2890 337 2926 (Η)
356 2890 390 2917 Ἡ)
406 2890 464 2924 πῦρ
482 2891 591 2925 ἀθροῦν
608 2890 757 2926 ἀναμένει.
769 2890 883 2918 Densum
901 2890 984 2926 ignem
1003 2897 1144 2926 exspertat.
