1934 3075
262 159 315 187 657

828 155 919 183 CLEM
925 154 1026 182 ENTIS
1046 153 1282 182 ALEXANDBINI
1852 157 1893 185 διε
1921 153 1922 185 ξ

263 218 355 245 animo
376 216 487 244 assidua
507 216 642 251 voluptate
657 215 725 242 nihil
742 214 924 250 perniciosius
944 225 950 242 :
969 222 1048 242 caeca

1108 213 1180 249 μένῳ
1201 214 1327 250 διαμείνῃ
1350 213 1429 249 λόγῳ.
1446 213 1545 241 Τοῦτον
1565 214 1613 241 κώ⁵
1633 212 1801 250 ὀργισθέντα
1828 217 1895 251 φοξὴ·

261 267 308 291 tur
320 262 393 290 enim
408 262 611 297 colliquatione,
626 261 690 288 dum
709 261 793 289 libere
807 261 975 296 increpantis
991 268 1050 288 ser-

262 317 343 337 mone
356 313 485 336 tmmotus
500 307 630 343 persistit.
648 307 727 335 Hunc
749 312 778 335 tu
800 313 824 335 ct
841 308 940 335 iratum
955 309 1052 335 timeas

261 361 290 384 et
305 359 455 392 gementem
470 355 573 386 doleas.
593 359 619 382 et
641 354 782 382 sedantem
804 355 873 381 iram
888 355 1051 387 reverearis,

262 407 289 430 et
303 410 398 438 pmnas
413 401 603 437 deprecantem
617 405 782 429 antevertas.
798 400 848 429 Hic
858 409 908 436 pro
921 405 949 429 te
961 402 1053 437 plures

262 453 356 477 noctes
372 449 511 476 insomnes
527 448 621 480 ducat,
638 447 756 475 fundens
772 456 821 483 pro
844 452 871 475 te
898 456 992 484 preces
1018 448 1052 475 ad

261 496 356 528 Deum,
373 503 406 523 ac
430 496 569 523 consuetis
592 494 721 531 precibus
736 493 843 521 Patrem
860 499 982 528 captans.
999 493 1052 521 Ne-

261 550 314 577 que
329 542 401 570 enim
417 542 463 570 ille
477 542 584 569 viscera
600 549 649 568 sua
663 541 733 568 dura
748 541 848 574 prazbet
862 540 1005 567 orantibus
1022 539 1053 566 [i-

260 588 315 616 liis.
327 587 446 623 Rogabit
457 592 548 616 autem
560 596 638 623 pure,
652 587 674 614 si
689 595 704 614 a
719 591 744 614 te
758 587 908 614 honoretur
922 590 1051 622 tanquam

259 634 307 662 Dei
328 635 452 670 angelus,
469 642 520 662 nec
546 642 596 669 per
619 637 646 661 te
663 634 855 666 contristetur,
877 633 923 661 sed
941 638 1053 669 propter

258 685 295 710 te.
312 681 376 709 Haec
390 685 433 709 est
447 681 610 717 poenitentia
633 688 686 708 non
711 680 783 707 ﬁcta.
804 690 812 705 ι
829 679 901 708 Deus
916 688 971 707 non
991 680 1052 707 irri-

258 728 372 760 deturn,
400 737 409 752 ι
434 735 486 754 nec
504 726 605 754 verbis
630 726 759 754 inanibus
784 733 865 753 aures
886 726 942 753 dat.
971 725 1052 753 Solus

258 774 331 800 enim
346 773 482 800 medullas
493 775 644 803 scrutatur,
661 775 688 799 et
703 779 784 799 renes
799 771 905 805 cordis;
919 772 1052 807 pleneque

258 818 334 846 audit
351 819 423 845 inter
437 818 561 845 ﬂammas
577 817 692 852 positos,
711 821 738 844 et
752 816 862 844 exaudit
875 817 1052 851 deprecantes

258 863 285 890 in
302 868 398 891 ventre
412 864 482 896 ceti;
506 867 534 890 et
550 870 635 898 prope
650 867 693 890 est
707 862 815 890 cunctis
830 862 967 894 ﬁdelibus,
988 870 1054 897 pro-

257 909 304 936 cul
317 917 383 937 vero
397 909 432 936 ab
448 908 615 941 inﬁdelibus,
631 909 685 936 nisi
698 908 731 935 ad
751 908 918 936 sanctiorem
933 913 1051 936 mentem

260 953 419 989 paenitendo
433 953 557 981 redeant.

293 1009 373 1037 XLII.
396 1009 431 1037 Ut
447 1014 538 1037 autem
553 1010 640 1045 magis
655 1009 789 1042 conﬁdas,
814 1010 896 1038 modo
921 1010 962 1038 sic
988 1018 1051 1038 vere

258 1056 431 1091 pomitueris,
449 1060 532 1083 certa:
555 1056 603 1083 tibi
623 1056 685 1084 ﬁdei
699 1059 841 1091 tutamque
856 1063 966 1084 manere
978 1056 1053 1083 salu-

258 1102 294 1129 tis
311 1109 405 1137 spem;
421 1101 484 1129 audi
498 1101 628 1133 fabulam,
642 1110 703 1138 quae
728 1102 788 1137 ipsa
814 1110 868 1130 non
886 1101 989 1134 fabula,
1004 1102 1052 1130 sed

258 1155 322 1176 vera
336 1148 370 1175 de
384 1146 490 1175 Joanne
505 1148 629 1183 apostolo
648 1151 676 1180 ᾗ
697 1148 796 1175 tradita
815 1149 938 1175 narratio
956 1149 1002 1181 sit,
1020 1156 1052 1176 ac

257 1193 395 1221 memoriae
421 1193 545 1222 studiose
573 1194 777 1222 commendata.
800 1194 869 1222 Cum
895 1195 967 1222 enim
990 1199 1052 1229 post

258 1239 368 1275 tyranni
388 1239 494 1267 obitum
509 1247 525 1267 e
538 1239 634 1267 Patmo
650 1240 743 1268 insula
757 1239 895 1275 Ephesum
910 1240 1049 1272 rediisset,

257 1284 360 1313 vicinas
374 1293 482 1321 quoque
496 1289 591 1320 gentes
610 1291 723 1321 rogatus
740 1286 858 1318 visebat.
874 1286 974 1321 partim
990 1286 1052 1321 qui-

256 1329 318 1357 dem
333 1334 363 1357 ut
376 1331 521 1365 episcopos
534 1331 725 1361 constitueret,
741 1330 841 1364 partim
856 1337 920 1357 vero
936 1333 965 1356 ut
979 1329 1050 1357 inte-

256 1382 319 1410 gras
328 1376 466 1404 Ecclesias
481 1375 640 1411 disponeret
655 1383 687 1403 ac
699 1375 841 1406 formaret,
855 1375 956 1410 partim
968 1376 1051 1404 etiam

255 1424 285 1447 ut
302 1429 526 1456 unumquemque
542 1428 650 1453 eorum,
666 1427 736 1456 quos
749 1420 869 1455 Spiritus
883 1420 1050 1456 designaret,

255 1467 283 1494 in
300 1467 404 1494 clerum
421 1470 574 1502 cooptaret.
591 1466 661 1494 Cum
685 1467 777 1501 itaque
791 1466 825 1493 ad
843 1466 938 1494 urbem
956 1475 1053 1502 quam--

255 1513 317 1540 dam
332 1512 405 1539 haud
421 1512 519 1547 procul
537 1512 644 1546 Epheso
660 1511 786 1539 dissitam
802 1512 924 1539 vertisset
939 1511 1010 1546 (ejus
1024 1517 1052 1539 et

254 1566 355 1586 nomen
370 1558 495 1586 nonnulli
510 1557 643 1592 referunt)
656 1561 739 1592 atque
754 1557 822 1584 alias
835 1558 980 1592 praesentia
994 1566 1052 1585 ver-

1104 259 1176 294 θητι,
1192 260 1239 287 καὶ
1264 259 1429 293 στενάξαντα
1447 259 1592 296 λυπήθητι,
1609 261 1656 286 καὶ
1674 261 1761 296 ὀργὴν
1785 261 1895 288 παύοντα

1102 305 1250 340 αἱδέσθητι,
1268 307 1315 333 καὶ
1333 306 1443 333 κόλασιν
1460 307 1673 342 παραιτουμένῳ
1687 306 1803 341 φθάσον.
1821 303 1895 340 Οὗτος

1103 351 1174 388 ὑπὲρ
1196 351 1243 378 σοῦ
1266 351 1365 384 πολλὰς
1387 351 1487 383 νύκτας
1508 352 1725 387 ἀγρυπνησάτω,
1742 352 1893 388 πρεσϐεύων

1103 398 1173 434 ὑπὲρ
1199 398 1246 426 σοῦ
1271 399 1339 434 πρὸς
1362 399 1439 431 Θεὸν,
1461 399 1509 426 καὶ
1529 398 1678 430 λιτανείαις
1703 399 1838 434 συνήθεσι
1856 409 1894 434 μι-

1103 444 1190 479 γεὺων
1205 445 1250 472 τὸν
1263 445 1382 481 Πατέρα.
1392 445 1428 472 Οὐ
1442 445 1496 481 γὰρ
1507 445 1615 480 ἀντέχει
1627 446 1685 476 τοῖς
1699 444 1812 476 τέκνοις
1822 445 1893 472 αὐτο]

1103 491 1136 517 τὰ
1161 491 1301 526 σπλάγχνα
1325 491 1469 526 δεομένοις.
1490 492 1623 526 Δεήσεται
1645 491 1674 517 δὲ
1696 491 1831 527 καθαρῶς
1852 492 1894 518 ὑπὸ

1104 538 1151 564 σοῦ
1171 538 1379 574 προτιμώμενος
1395 538 1433 569 ὠς
1451 537 1564 572 ἄγγελος
1581 537 1628 565 τοῦ
1650 537 1733 570 Θεοῦ,
1752 539 1803 565 καὶ
1823 539 1894 574 μηδὲν

1103 583 1156 610 ὑπὸ
1179 583 1225 611 σοῦ
1247 583 1426 619 λυπούμενος,
1441 584 1497 611 ἀλλ’
1510 583 1582 620 ὑπὲρ
1603 584 1662 610 σοῦ.
1679 583 1764 610 Τοῦτ’
1779 583 1836 610 ἔστι
1856 593 1895 618 με-

1103 631 1197 657 τάνοια
1219 631 1408 666 ἀνυπόκριτος.
1435 639 1444 656 ι
1457 630 1523 662 Θεὸς
1543 630 1573 656 οὐ
1594 630 1829 666 μυκτηρίζεται,»
1844 630 1894 656 alii

1103 678 1232 714 προσέχει
1253 680 1342 710 κενοῖς
1364 679 1483 714 ῥήμασι·
1501 678 1583 713 μόνος
1604 677 1660 714 γὰρ
1683 678 1830 713 ἀνακρίνει
1845 686 1894 712 μυε-
1921 677 1922 713 ξ

1103 723 1165 755 λοὺς
1178 724 1224 750 καὶ
1239 724 1354 761 νεφροὺς
1367 724 1490 759 καρδίας,
1499 724 1546 750 καὶ
1557 723 1612 750 τῶν
1624 724 1653 750 ἐν
1666 724 1738 760 πυρὶ
1748 723 1893 752 munda,

1103 769 1150 795 καὶ
1169 769 1223 796 τῶν
1243 770 1272 796 ὲν
1285 769 1374 805 κοιλίᾳ
1385 770 1485 805 κήτους
1506 769 1684 796 ἱκετευόντων
1699 769 1838 802 ἐξακούει,
1857 769 1894 796 aui
1921 765 1922 799 ἦ

1103 816 1186 842 πᾶσιν
1211 815 1295 850 ἐγγύς
1320 817 1377 842 ἐστι
1399 817 1457 847 τοῖς
1474 815 1644 848 πιστεύουσι,
1665 815 1716 842 καί
1737 814 1832 851 πόρρω
1848 815 1894 845 τοῖς
1921 816 1922 847 ἲ

1103 862 1205 895 ἀθέοις,
1225 863 1258 890 ἂν
1277 863 1315 898 μὴ
1335 863 1550 898 μετανοήσωσιν.
1921 855 1922 862 “

1138 1008 1205 1034 MB'.
1228 1007 1287 1034 Ἵνα
1309 1007 1337 1033 δὲ
1360 1007 1400 1033 ἔτι
1423 1007 1536 1043 θαρρῇς,
1552 1007 1625 1034 οὕτω
1647 1007 1821 1042 μετανοήσας
1841 1005 1894 1039 ἀλῃ-

1103 1054 1168 1086 θῶς,
1186 1054 1226 1080 ὅτι
1244 1063 1285 1080 σοι
1308 1053 1382 1089 μένει
1395 1054 1531 1089 σωτηρίας
1548 1053 1628 1084 ἐλπὶς
1641 1053 1804 1088 ἀξιόχρεως,
1826 1052 1893 1079 ἄκοι-

1104 1109 1149 1128 σον
1160 1100 1254 1136 μῦθον,
1271 1100 1302 1126 οὐ
1321 1099 1415 1136 μῦθον,
1430 1099 1497 1126 ἀλλά
1508 1099 1574 1126 ὄντα
1592 1099 1673 1133 λόγον
1691 1099 1758 1135 περὶ
1779 1098 1892 1126 Ἰωάννου

1101 1147 1149 1174 τοῦ
1164 1147 1312 1175 ἀποστόλου
1328 1146 1544 1183 παραδεδομένον
1556 1146 1604 1173 καὶ
1617 1146 1712 1182 μνήμῃ
1725 1145 1893 1180 πεφυλαγμέο

1102 1202 1156 1220 νον.
1166 1193 1275 1229 Ἐπειδὴ
1297 1192 1352 1228 γὰρ
1373 1192 1421 1219 τοῦ
1446 1192 1579 1228 τυράννου
1601 1192 1824 1228 τελευτήσαντος,
1846 1191 1891 1218 ar»)

1102 1239 1151 1274 τῆς
1173 1239 1285 1275 Πάτμου
1308 1239 1357 1275 τῆς
1378 1239 1459 1274 νήσου
1477 1238 1610 1274 μετῆλθεν
1633 1239 1680 1264 ἐπὶ
1705 1237 1756 1273 τὴν
1771 1238 1890 1272 Ἔφεσοιι.

1102 1285 1186 1322 ἀπῄει
1203 1285 1447 1321 παρακαλούμενος
1468 1286 1514 1311 καὶ
1535 1285 1582 1311 ἐπὶ
1597 1284 1633 1311 τὰ
1649 1284 1828 1320 πλησιόχωρα
1844 1284 1891 1309 τῶν

1102 1332 1198 1366 ἐθνῶν,
1212 1333 1279 1359 ὅπου
1306 1332 1355 1367 μὲν
1377 1331 1545 1362 ἐπισκόπους
1567 1331 1759 1366 καταστήσων,
1783 1330 1847 1356 ὅπου
1868 1329 1891 1355 δὲ

1102 1377 1164 1409 ὅλας
1171 1377 1335 1412 Ἐκκλησίας
1347 1377 1485 1413 ἀρμόσων,
1494 1377 1561 1403 ὅπου
1575 1376 1604 1402 δὲ
1619 1376 1721 1412 κλῆρον
1732 1375 1800 1411 (46),
1811 1375 1856 1402 ἕνα
1867 1375 1891 1399 τέ

1103 1430 1164 1450 τινα
1193 1421 1342 1458 κληρώσων
1367 1422 1420 1448 ὑπὸ
1442 1422 1488 1448 τοῦ
1504 1422 1662 1458 Πνεύματος
1680 1421 1889 1457 σημαινομένων.

1109 1468 1208 1495 Ἐλθὼν
1229 1469 1276 1496 καὶ
1291 1468 1337 1495 ἐπί
1349 1476 1411 1494 τινα
1423 1468 1478 1494 τῶν
1491 1469 1522 1494 οὐ
1538 1467 1648 1504 μακρὰν
1662 1467 1766 1495 πόλεων
1781 1465 1836 1503 (ἧς
1851 1468 1890 1493 καὶ

1101 1514 1220 1549 τοῦνομα
1233 1515 1358 1548 λέγουσιν
1378 1514 1444 1542 ἔνιοι
1460 1514 1535 1550 [47])
1551 1515 1598 1541 καὶ
1610 1514 1645 1540 τὰ
1658 1514 1726 1541 ἄλλα
1740 1513 1891 1543 ἀναπαύεις

1102 1562 1165 1593 τοὺς
1179 1561 1319 1596 ἀδελφοὺς,
1334 1562 1380 1588 ἐπὶ
1406 1562 1473 1588 πᾶσι
1494 1561 1534 1596 τῷ
1558 1560 1709 1588 καθεστῶτι
1725 1560 1891 1596 προσϐλέψας
1921 1584 1922 1588 η

254 1605 351 1641 bisque
374 1605 432 1632 suis
454 1603 555 1631 fratres
569 1604 730 1630 consolatus
746 1608 830 1636 esset,
844 1603 879 1630 ad
893 1599 1044 1631 extremum

1100 1608 1250 1644 ἑπισκόπῳ,
1268 1608 1407 1635 νεανίσκον
1425 1608 1516 1635 ἱκανὸν
1530 1607 1569 1643 τῷ
1585 1606 1693 1642 σώματι
1707 1607 1755 1633 καὶ
1772 1607 1823 1642 τὴν
1837 1606 1889 1640 (ira:

253 1650 314 1678 viso
326 1650 428 1685 juvene
450 1649 567 1685 quodam
592 1648 701 1683 egregia
725 1649 849 1683 corporis
865 1652 980 1682 statura,
996 1650 1050 1677 ele-

253 1696 328 1731 ganti
352 1695 442 1727 vultu,
461 1694 633 1729 ferventique
657 1694 767 1729 ingenio
787 1699 868 1729 atque
891 1695 991 1727 indole,
1017 1695 1050 1721 ad

255 1741 309 1769 loci
332 1741 493 1776 episcopum
518 1748 668 1768 conversus
683 1750 690 1768 :
710 1749 719 1766 ‹
735 1740 824 1773 Hunc,
842 1741 941 1776 inquit,
956 1748 1048 1768 coram

255 1787 379 1815 Ecclesia
390 1794 422 1814 ac
435 1786 546 1814 Christo
563 1790 642 1818 teste.
660 1786 734 1814 omni
747 1787 796 1814 tibi
812 1794 894 1821 opera
909 1794 1048 1814 commen—

254 1834 301 1861 do.
315 1843 324 1859 ›
341 1832 466 1868 Tumque
490 1833 536 1860 illo
561 1832 728 1868 suscipiente
743 1841 776 1860 ac
790 1837 891 1860 cuncta
906 1833 1047 1868 praestitu-

254 1888 316 1908 rum
330 1879 487 1915 pollicente,
504 1879 598 1906 eadem
621 1879 679 1914 ipsa
701 1878 821 1906 Joannes
838 1886 935 1906 rursus
952 1886 1047 1913 perur-

254 1925 335 1961 gebat
361 1932 393 1952 ac
417 1925 633 1952 contestabatur.
652 1923 775 1951 Poslhmc
793 1923 913 1951 Joannes
935 1923 1047 1958 quidem

255 1972 391 2007 Ephesum
406 1971 547 2007 profectus
562 1975 622 2003 est;
641 1971 783 2006 presbyter
800 1978 866 1998 vero
884 1971 1045 1998 adolescen-

251 2023 307 2047 tem
320 2019 371 2046 sibi
386 2018 516 2045 traditum
534 2017 562 2045 in
576 2017 687 2044 domum
702 2024 780 2044 suam
799 2016 964 2052 suscipiens,
980 2016 1046 2044 edu-

251 2065 351 2098 cando,
367 2064 543 2096 eontinendo,
558 2063 674 2092 fovendo
689 2071 800 2099 operam
818 2063 917 2095 dabat;
938 2071 970 2090 ac
983 2066 1045 2090 tan-

250 2113 313 2140 dem
335 2119 414 2140 sacro
436 2111 601 2147 baptismate
626 2111 755 2137 initiavit.
772 2109 903 2145 Deinceps
916 2109 1045 2138 sacerdos

250 2158 285 2187 de
297 2158 413 2195 pristina
428 2165 495 2185 cura
510 2162 592 2192 atque
606 2156 732 2184 custodia
742 2156 874 2191 paulatim
885 2155 1003 2186 remisit,
1016 2159 1045 2182 ut

249 2206 298 2240 qui
314 2204 464 2241 perfectum
479 2204 504 2231 ei
519 2207 652 2234 tutamen,
669 2210 701 2230 ac
725 2210 780 2238 quo
799 2206 910 2229 cautum
932 2202 1044 2230 omnino

251 2251 331 2284 foret,
347 2250 453 2278 Domini
479 2249 650 2285 signaculum
679 2248 859 2276 adhibuisset.
874 2247 954 2274 Illum
978 2255 1043 2283 ergo

1101 1655 1207 1681 ἀστεῖον
1216 1655 1262 1681 καὶ
1271 1654 1370 1690 θερμὸν
1387 1654 1447 1681 ἰδών
1456 1663 1463 1669 ι
1475 1663 1484 1679 ι
1497 1653 1607 1686 Τοῶον,
1625 1653 1688 1688 ἔφη,
1699 1653 1742 1679 σοὶ
1750 1651 1889 1688 παρατίθε-

1101 1708 1150 1734 μαι
1166 1699 1236 1734 μετά
1249 1699 1339 1734 πάσης
1354 1700 1471 1735 σπουδῆς
1487 1699 1533 1725 ἐπὶ
1547 1699 1598 1734 τῆς
1610 1699 1775 1735 Ἐκκληοίας
1788 1699 1836 1725 καὶ
1849 1697 1888 1724 τοῦ

1099 1744 1218 1780 Χριστοῦ
1235 1744 1400 1781 μάρτυρος.»
1417 1745 1470 1772 Τοῦ
1481 1745 1509 1771 δὲ
1524 1745 1671 1780 δεχομένου
1685 1745 1732 1771 καὶ
1745 1745 1825 1771 tab/0‘
1835 1745 1888 1770 ὑπι-

1100 1789 1277 1825 σχνουμένου,
1293 1789 1340 1816 καὶ
1364 1789 1445 1816 πάλιν
1469 1788 1504 1815 τὰ
1530 1789 1601 1815 αὐτά
1620 1788 1769 1815 διετείλατο
1782 1787 1888 1814 x1182:-

1100 1835 1266 1872 μαρτύρατο.
1283 1836 1338 1863 Καὶ
1354 1836 1368 1862 ὁ
1384 1836 1433 1871 μὲν
1447 1836 1492 1861 ἐπὶ
1504 1835 1554 1871 τὴν
1566 1835 1684 1869 Ἔφεσον
1701 1835 1808 1870 ἀπῇρεν
1819 1842 1825 1848 ·
1838 1834 1850 1859 ό
1863 1833 1885 1858 ὃέ

1098 1882 1284 1918 πρεσϐύτερος
1297 1881 1438 1908 ἀναλαϐὼν
1452 1881 1542 1908 οἴκαδε
1562 1881 1608 1908 τὸν
1629 1881 1816 1916 παραδοθέντα
1833 1888 1887 1905 νεα-

1097 1928 1200 1959 νίσκον,
1215 1928 1322 1964 ἔτρεφε,
1340 1929 1471 1963 συνεῖχεν,
1487 1927 1597 1960 ἔθαλπε,
1612 1927 1643 1953 τὸ
1657 1927 1810 1953 τελευταῖον
1825 1925 1885 1960 ἐφ

1096 1983 1164 2001 τισε.
1181 1975 1236 2001 Καὶ
1255 1974 1322 2009 μετὰ
1337 1974 1417 2000 τοῦτο
1430 1973 1517 2009 ὑφῆκε
1531 1973 1580 2009 τῆς
1595 1973 1720 2005 πλείονος
1734 1972 1887 2008 ἐπιμελείας

1097 2020 1144 2046 καὶ
1163 2020 1374 2055 παραφυλακῆς,
1390 2019 1428 2051 ὠς
1449 2019 1480 2045 τὸ
1501 2019 1593 2045 τέλεον
1615 2018 1691 2054 αὐτῷ
1712 2018 1887 2053 φυλακτήριον

1095 2066 1247 2101 ἐπιστήσας
1261 2066 1310 2101 τὴν
1327 2065 1463 2101 σφραγῖδα
1477 2065 1524 2092 τοῦ
1537 2065 1651 2100 Κυρίου.
1669 2063 1715 2099 Τῷ
1735 2064 1764 2090 δὲ
1775 2063 1888 2092 ἀνέσεως

1095 2113 1148 2148 πρὸ
1164 2113 1238 2149 ὥρας
1251 2112 1393 2147 λαὸομένῳ
1408 2110 1637 2147 προσφθείρονταί
1649 2118 1723 2141 τινες
1739 2109 1835 2144 ἥλικες
1849 2109 1888 2143 ἀι-

1095 2160 1149 2193 γοὶ,
1165 2159 1212 2185 καὶ
1238 2158 1441 2194 ἀπερρωγότες,
1456 2157 1550 2189 ἐθάδες
1574 2156 1680 2184 κακῶν.
1705 2156 1761 2182 Καὶ
1783 2155 1887 2190 πρῶτον

1097 2205 1146 2240 μὲν
1157 2204 1189 2231 δι’
1201 2204 1349 2231 ἑστιάσεων
1362 2203 1466 2230 πολλῶν
1478 2203 1631 2230 πολυτελῶν
1640 2203 1722 2229 αὐτὸν
1729 2202 1886 2235 ἐπάγονται·

1095 2247 1155 2277 εἶτά
1177 2258 1227 2277 που
1249 2251 1297 2277 καὶ
1312 2249 1420 2284 νύκτωρ
1436 2249 1482 2275 ἐπὶ
1498 2248 1679 2279 λωποδυσίαν,
1696 2247 1815 2279 ἐξιόντες
1837 2255 1887 2272 aw-

252 2301 415 2332 praematura
429 2296 546 2331 potitum
561 2295 696 2327 libertate,
710 2295 828 2330 aequales
852 2294 963 2329 quidam
988 2294 1039 2322 sibi

1100 2296 1261 2331 επάγονταγ
1275 2295 1339 2323 εἶτά
1350 2304 1375 2322 τι
1388 2295 1434 2322 καὶ
1448 2295 1539 2331 μεῖζον
1550 2294 1736 2330 συμπράττειν
1751 2292 1886 2328 ἠξίουνκο

251 2343 415 2378 adiungunt,
432 2342 541 2370 desides
556 2349 589 2369 ac
603 2341 742 2373 dissoluti,
756 2344 784 2368 et
795 2340 905 2376 ﬂagitiis
916 2340 1043 2367 omnibus

252 2388 409 2416 assuefacti.
426 2388 465 2415 Ae
482 2388 598 2423 primum
612 2387 721 2422 quidem
739 2386 892 2422 magniﬁcis
909 2387 1044 2415 conviviis

250 2436 378 2470 juvenem
392 2434 509 2462 illiciunt
527 2443 533 2460 ε
551 2437 634 2460 noctu
654 2432 752 2460 deinde
771 2432 805 2459 ad
823 2432 981 2468 spoliandas
995 2433 1044 2460 ob—

252 2481 313 2508 vios
327 2480 441 2516 egressi,
457 2487 549 2507 secum
563 2479 692 2512 trahunt;
708 2479 771 2506 inde
788 2479 822 2506 ad
838 2479 969 2514 majorem
984 2487 1044 2507 sce-

253 2527 340 2554 lerum
352 2526 508 2554 societatem
522 2525 709 2552 cohortantur.
723 2525 757 2551 At
769 2524 814 2552 ille
829 2525 931 2552 sensim
948 2532 1044 2552 assue»

253 2573 348 2600 scebat
365 2571 502 2606 pravitati,
519 2570 590 2606 genii
601 2570 789 2606 magnitudine
805 2578 836 2597 ac
848 2571 987 2605 pralstanti
1001 2571 1044 2598 in-

252 2618 315 2645 dole
341 2618 415 2645 velut
432 2625 519 2652 equus
546 2617 608 2645 duri
632 2617 690 2645 oris
716 2617 901 2652 robustusque
925 2625 940 2644 a
967 2621 1043 2644 recto

252 2664 393 2699 abreptus,
412 2671 444 2691 ac
468 2663 574 2691 frenum
598 2663 738 2696 mordens,
754 2664 846 2692 aerius
872 2664 899 2690 in
920 2671 1042 2699 prmceps

255 2748 285 2778 »ΞΑ
304 2743 336 2772 P.
357 2743 410 2771 949
428 2741 483 2771 ED.
503 2741 656 2770 POTTER.
695 2748 708 2762 α
729 2741 790 2769 Gal.
806 2749 845 2773 vt,
865 2742 890 2768 7.

286 2818 344 2855 (ιθ)
362 2819 492 2854 Κλῆρον,
508 2819 562 2846 ἕνα
576 2819 608 2855 τέ
622 2827 689 2845 τινα
704 2818 889 2855 κληρώσωικ-
897 2816 993 2855 Scribe
1007 2825 1040 2845 ex

254 2853 380 2887 Eusebio,
395 2855 487 2890 κλήρῳ
501 2855 549 2890 ἕνα
561 2854 593 2888 γέ
609 2862 669 2880 τινα
691 2853 851 2890 κληρώσειν.
870 2853 948 2880 Conl'.
969 2853 1038 2890 idem

255 2889 386 2919 Eusebius
400 2889 499 2917 Erilis.
514 2889 585 2917 Hist.
597 2889 643 2917 lib.
661 2897 700 2922 tu,
714 2898 738 2916 c.
751 2889 796 2920 25,
811 2897 857 2924 per
871 2893 954 2916 totum
970 2889 1039 2915 hanc

1094 2342 1124 2369 δὲ
1139 2343 1199 2369 κατ’
1213 2342 1303 2376 ὀλίγον
1318 2340 1514 2377 ιιτροσέιθίζεινξοξ
1529 2341 1578 2367 καὶ
1591 2339 1636 2366 διὰ
1651 2339 1768 2375 μέγεθος
1783 2339 1886 2373 φύσεως

1094 2388 1311 2424 ὲκστὰς,ὤσπερ
1334 2388 1451 2423 ἄστομος
1474 2388 1521 2414 καὶ
1542 2387 1679 2421 εὔρωστος
1701 2384 1885 2420 ἴππος,ὀρθῆς

1094 2435 1166 2466 ὁδοῦ,
1188 2435 1235 2461 καὶ
1257 2434 1304 2461 τὸν
1327 2433 1433 2469 χαλινὸν
1456 2432 1586 2466 ἐνδακὼν,
1602 2431 1732 2468 μειζόνως
1746 2426 1817 2458 κατᾶ
1837 2430 1883 2455 τῶν

1097 2479 1239 2516 βαράθρων
1254 2480 1375 2515 ἐφέρετο.
1386 2479 1532 2514 Ἀπογνοὺς
1555 2478 1584 2505 δὲ
1604 2478 1704 2509 τελέως
1718 2477 1769 2512 τὴν
1788 2478 1817 2503 ἐν
1831 2474 1883 2509 Θεῷ

1096 2526 1247 2562 σωτηρίαν,
1261 2525 1338 2552 οὐδὲν
1358 2525 1397 2551 ἔτι
1417 2525 1513 2561 μικρον
1530 2524 1674 2555 διενοεῖτο,
1695 2523 1762 2550 ἀλλά
1778 2522 1846 2556 μέγα
1858 2528 1882 2546 τι

1094 2572 1210 2607 πράξας,
1218 2572 1365 2607 ἐπειδήπερ
1376 2570 1448 2603 ἅπαξ
1455 2569 1604 2603 ἀπόλωλεν,
1616 2569 1660 2595 ῐσα
1670 2570 1727 2600 τοῖς
1734 2567 1824 2598 ἄλλοις
1833 2574 1882 2592 πει-

1093 2617 1149 2644 θεῖν
1163 2617 1249 2653 ἠξίου.
1265 2618 1368 2649 Αὐτοὺς
1391 2617 1420 2644 δὲ
1436 2616 1548 2648 τούτους
1566 2614 1707 2642 ἀναλαϐὼν
1722 2614 1769 2641 καὶ⁸
1789 2612 1882 2649 λῃστή-

1095 2665 1364 2712 ριοντσυγκροτήσας,
1376 2664 1486 2699 ἕτοιμος
1500 2662 1651 2698 λῄσταρχος
1662 2659 1708 2697 ἦν,
1724 2660 1880 2696 βιαιότατος»

1095 2816 1247 2844 historiam.

1130 2852 1186 2885 (ιτ)
1208 2852 1307 2877 Ἔνιοι.
1330 2849 1445 2886 Smyrna
1468 2855 1536 2884 erat,
1565 2853 1588 2880 si
1611 2851 1709 2881 Chron.
1737 2849 1871 2879 Alexandr-

1094 2885 1170 2914 ﬁdes.
1187 2886 1267 2913 FsLL.
