1934 3075
89 149 146 178 649

640 146 739 174 LIBER
759 145 840 179 QUIS
855 144 956 173 DIVES
973 144 1170 173 SALVETUR.

1665 149 1719 177 650

90 209 323 245 μιαιφονὼτατος,
342 207 536 244 χαλεπώτατος.
553 208 654 244 Χρόνος
677 209 705 234 ὲν
731 207 815 243 μέσῳ,
836 206 879 233 καί

933 204 1078 232 ferebatur.
1095 204 1176 241 347
1190 203 1249 231 Jam
1264 203 1355 240 itaque
1366 212 1480 240 prorsus
1493 206 1598 241 abjecta
1614 215 1662 243 spe
1674 216 1719 236 sa-

86 264 167 287 τινος
183 255 367 290 ἐπιπεσούσης
384 255 486 290 χρείας,
501 254 663 281 ἁνακαλοῦσι
681 254 726 280 τὸν
747 254 882 288 Ἰωάννην.

94 301 128 328 Ὅ
153 301 194 332 δὲ,
208 301 300 336 ἐπειδὴ
321 300 356 327 τὰ
375 300 442 327 ἄλλα
461 296 498 326 ὧν
517 299 596 336 χάριν
611 297 661 335 ἧκε
682 299 882 333 κατεστήσατο,

93 346 183 380 σ’Δγε
211 346 253 381 δὴ,
275 346 343 382 ἔφη,
362 343 384 372 ὦ
406 345 552 377 ἐπίσκοπε,
574 345 622 380 τὴν
650 344 884 380 παρακαταθήκην

90 391 196 422 ἀπόδος
212 392 286 426 ἡμῖν,
304 392 336 425 ἦν
351 390 406 425 ἐγώ
418 399 446 417 τε
462 391 508 417 καὶ
520 392 534 417 ὁ
548 390 644 426 Σωτήρ
667 399 707 416 σοι
730 398 884 425 παρακατε-

90 437 199 472 Θέμεθα
211 437 255 463 ἐπὶ
262 436 483 472 τῆςῈκκλησίας,
495 434 529 472 ἦς
538 436 703 472 προκαθέζῃ,
716 435 862 472 μάρτυρος.
871 446 879 461 ι

96 482 130 509 ’0
145 483 175 509 δὲ
194 483 224 509 τὸ
246 483 294 518 μὲν
314 482 421 518 πρῶτον
442 482 587 517 ἐξεπλάγη,
602 483 729 518 χρήματα
750 482 881 517 οἰόμενος,

90 529 169 564 ἅπερ
183 529 232 555 οὐκ
246 528 334 559 ἔλαϐε,
351 527 591 562 συκοφαντεῖσθαι·
610 528 656 554 καὶ
671 527 731 554 οὔτε
746 527 882 554 πιστεύειν

90 573 170 610 εἶχεν
185 575 254 610 ὑπὲρ
272 571 308 601 ὧν
323 575 372 600 οὐκ
390 573 471 609 εἶχεν,
486 573 546 600 οὔτε
567 574 689 600 ἀπιστεῖν
710 573 882 609 Ἰωάννῃ.”Ως

89 621 136 648 δὲ⁴
154 621 222 647 «Τὸν
235 621 384 652 νεανίσκον,
398 618 484 651 εἶπεν,
494 619 598 647 ἀπαιτῶ
612 620 658 646 καὶ
670 620 720 655 τὴν
735 619 822 655 ψυχὴν
833 619 880 646 τοῦ

89 666 223 701 ἀδελφοῦ,
239 676 247 691 ›
271 665 398 698 στενάξας
415 665 469 700 (48)
484 665 604 692 κάτωθεν
624 666 638 692 ὁ
658 664 812 700 πρεσϐύτης
836 664 881 691 καί

89 720 120 738 τι
141 712 191 738 καὶ
207 710 399 746 ἐπιδακρύσας·
421 720 430 735 ι
441 711 568 742 Ἐκεῖνος,
583 709 645 745 ἔφη,
661 710 786 745 τέθνηκε.
807 710 880 743 Πῶς,

91 757 142 783 καὶ
161 757 224 783 τίνα
245 756 371 789 θάνατον;
391 755 450 791 Θεῷ
468 755 607 790 τέθνηκεν,
621 754 814 790 εἷπεν-Ἀπέϐη
827 756 881 792 γὰρ

91 803 214 838 πονηρὸς
229 803 275 829 καὶ
288 802 399 837 ἐξώλης,
415 802 462 828 καὶ⁷
479 801 509 828 τὺ
530 802 685 836 κεφάλαιον,
705 801 818 837 λῃστής
835 803 881 828 καὶ

90 848 142 874 νῦν
149 848 211 875 ἀντὶ
223 847 272 882 τῆς
291 847 438 882 ἐκκλησίας
448 846 478 872 τὺ
488 846 549 881 ὅρος
561 846 705 882 κατείληφε
720 846 777 881 μεθ’
788 846 880 881 ὁμοίου

91 893 299 930 στρατιωτικοῦ.
317 903 325 919 ι
341 892 587 929 Καταρρηξάμενος
611 891 657 920 οὖν
680 892 729 928 τὴν
753 893 852 928 ἐσθῆτα
867 894 881 919 ὁ

90 940 244 970 ἀπόστολος
254 958 262 971 ,
290 940 337 967 καὶ
349 939 418 976 μετὰ
434 938 554 974 μεγάλης
576 938 698 974 οἰμωγῆς
712 938 881 974 πληξάμενος

89 985 142 1020 τὴν
157 984 292 1020 κεφαλήν·
313 994 321 1009 ι
337 984 424 1010 Καλόν
438 992 480 1018 γε,
493 983 554 1018 ἔφη,
569 983 676 1018 φύλακα
689 984 737 1019 τῆς
751 984 880 1018 τάδελφοῦ

89 1031 184 1066 ψυχῆς
204 1031 357 1057 κατέλιπον.
367 1029 433 1056 Ἀλλ’
449 1030 530 1061 ἵππος
550 1029 600 1065 ἤδη
619 1038 662 1064 μοι
685 1030 821 1065 παρέστω,
834 1030 881 1056 καὶ

89 1077 206 1113 ἡγεμὼν
222 1075 337 1110 γινέσθω
356 1076 399 1111 μοί
420 1084 462 1107 τις
477 1075 525 1110 τῆς
543 1075 613 1102 ὀδοῦ.
630 1075 773 1102 »Ἐλαυνεν
787 1075 881 1111 ὥσπερ

90 1121 167 1158 εἶχεν
182 1122 292 1149 αὐτόθεν
317 1122 370 1149 ἀπὸ
391 1122 442 1156 τῆς
458 1121 615 1157 ἐκκλησίας.
625 1121 723 1148 Ἐλθὼν
744 1122 772 1148 δὲ
793 1122 833 1153 εις
850 1123 881 1149 τὸ

89 1169 205 1204 χωρίον,
219 1168 271 1194 ὑπὸ
288 1167 337 1202 τῆς
358 1167 533 1204 προφυλακῆς
544 1167 597 1193 τῶν
613 1167 716 1203 λῃστῶν
730 1167 878 1199 ἁλίσκεται,

91 1216 164 1250 μήτε
178 1214 293 1248 φεύγων,
311 1215 378 1249 μήτε
393 1212 616 1249 παραιτούμενος,
629 1213 695 1239 ἀλλὰ
709 1212 808 1248 βοῶν-ι
819 1214 880 1241 Ἐπὶ

89 1259 166 1286 τοῦτ’
179 1258 303 1294 ἐλήλυθα,
319 1259 364 1285 ἐπὶ
375 1259 419 1285 τὸν
434 1259 550 1294 ἄρχοντα
563 1257 639 1293 ὑμῶν
651 1258 800 1292 ἀναγάγετέ
817 1267 876 1294 με.»

93 1304 145 1335 Ὃς
157 1303 236 1335 τέως,
245 1303 338 1339 ὥσπερ
349 1302 476 1336 ὥπλιστο,
485 1303 624 1338 ἀνέμενεν.
634 1303 680 1335 Ὡς
690 1303 718 1330 δὲ
735 1304 879 1339 προσιόντα

90 1350 226 1385 ἐγνώρισε
248 1349 292 1377 τὸν
312 1350 447 1385 Ἰωάννην,
465 1351 504 1381 εἰς
519 1349 605 1385 φυγὴν
620 1349 750 1381 αἰδεσθεὶς
762 1349 870 1385 ἐτράπεε

89 1405 133 1423 το.
142 1396 172 1423 '0
185 1395 214 1423 δὲ
228 1396 338 1423 ἐδίωκεν
358 1396 409 1422 ἀνὰ
427 1395 535 1432 κράτος,
551 1395 744 1430 ἐπιλαθόμενος
757 1395 805 1432 τῆς
821 1396 878 1431 ἡλι-

89 1445 156 1476 κίας
169 1444 220 1479 τῆς
231 1443 337 1475 ἑαυτοῦ,
353 1442 511 1479 κεκραγώς·
526 1452 534 1468 ι
550 1443 582 1469 Τί
596 1451 629 1478 με
645 1441 876 1477 φεύγειςντέκνονι

88 1490 136 1516 τὸν
152 1490 250 1516 σαυτοῦ
264 1490 379 1526 πατέρα,
392 1489 437 1516 τὸν
451 1489 562 1524 γυμνὸν,
577 1489 622 1515 τὸν
637 1490 767 1525 γέροντας
788 1489 879 1525 Ἐλέη-

89 1536 139 1562 σόν
163 1544 207 1570 με,
223 1536 332 1562 τέκνον”
359 1536 395 1571 μὴ
417 1535 512 1570 ῳοὸοῦ·
527 1535 599 1570 ἔχεις
621 1535 660 1561 ἔτι
681 1535 753 1571 ζωῆς
773 1535 876 1562 ἐλπίδα.
892 1547 912 1576 c

94 1581 170 1615 Ἐγὼ
183 1581 292 1616 Χριστῷ
305 1581 382 1607 δώσω
399 1581 476 1615 λόγον
491 1581 561 1615 ὑπὲρ
575 1580 622 1607 σοῦ
632 1589 638 1595 ·
656 1581 688 1607 ἂν
702 1581 759 1617 δέῃ,
773 1581 818 1608 τὸν
833 1581 877 1608 σὺν

89 1626 207 1654 θάνατον
222 1626 290 1653 ἑκὼν
305 1625 441 1661 ὑπομενῶ,
453 1626 491 1657 ὡς
501 1626 515 1652 ὁ
529 1625 629 1661 Κύριος
643 1626 687 1653 τὸν
701 1627 769 1662 ὑπὲρ
783 1627 874 1663 ἡμῶν·

88 1672 164 1707 ὑπὲρ
180 1671 226 1698 σοῦ
242 1672 291 1707 τὴν
312 1670 399 1706 ψυχὴν
411 1671 547 1697 ἀντιδώσω
561 1670 609 1706 τὴν
624 1671 703 1707 ἐμήν.
725 1672 817 1707 Στῆθι,
833 1673 878 1699 πί-

89 1724 220 1742 στευσον·
248 1715 363 1750 Χριστός
391 1723 423 1750 με
451 1715 617 1742 ἀπέστειλεν.
636 1716 684 1742 »Ὀ
708 1715 736 1743 δὲ
760 1717 885 1749 ἀκούσας,

88 1761 201 1797 πρῶτον
214 1761 262 1796 μὲν
273 1761 337 1796 ἔστη
351 1760 425 1786 κάτω
437 1760 542 1795 βλέπων
551 1769 557 1775 ·
573 1759 631 1787 εἶτα
644 1761 738 1798 ἔρριψε
751 1763 785 1789 τὰ
797 1763 876 1796 ὅπλα,

88 1805 152 1834 εἶτα
165 1807 272 1842 τρέμων
288 1806 368 1841 ἔκλᾳε
384 1805 498 1841 πικρῶς.
516 1806 702 1840 Προσελθόντα
723 1807 750 1834 δὲ
773 1807 817 1834 τὸν
830 1809 877 1842 γέ-

88 1861 185 1889 ροντα,
203 1853 363 1889 περιέλαϐεν
375 1852 590 1887 ἀπολογούμενος
610 1854 669 1884 ταῖς
688 1855 820 1889 οἰμωγαῖς
841 1855 878 1886 ὠς

87 1899 212 1929 ἐδύνατο,
228 1899 274 1924 καὶ
286 1899 341 1929 τοῖς
355 1897 467 1933 δάκρυσι
485 1896 678 1932 βαπτιζόμενος
691 1899 722 1925 ὲκ
742 1899 877 1936 δευτέρου,

91 1944 178 1980 μόνην
202 1944 385 1979 ἀποκρύπτων
409 1943 458 1979 τὴν
481 1944 578 1976 δεξιάν.
589 1946 617 1972 Ὀ
643 1946 671 1972 δὲ
696 1945 877 1980 ἐγγυώμενος,

90 1990 287 2025 ἐπομνύμενος,
303 1990 340 2021 ὡς
355 1990 450 2024 ἄφεσιν
463 1991 535 2026 αὐτῷ
549 1991 624 2026 παρὰ
638 1990 684 2017 τοῦ
698 1991 824 2026 Σωτῆρος
834 1991 879 2017 εὖ-

90 2043 184 2070 ρηται,
208 2034 343 2068 δεόμενος,
365 2034 528 2068 γονυπετῶν,
547 2034 630 2069 αὐτὴν
655 2033 703 2069 τὴν
731 2033 819 2066 δεξιὰν
841 2033 879 2065 ὼς

89 2080 144 2106 ὑπὸ
170 2079 218 2115 τῆς
245 2078 388 2114 μετανοίας
413 2079 621 2114 κεκαθαρμένην
643 2078 808 2113 καταφιλῶν,
833 2080 879 2105 ἐπὶ

89 2126 140 2161 τὴν
157 2125 304 2160 ἐκκλησίαν
323 2125 489 2160 ἐπανήγαγε.
508 2126 563 2151 Καὶ
580 2124 700 2159 δαψιλέσι
723 2126 771 2160 μὲν
787 2125 879 2159 εὐχαῖς

89 2170 197 2202 ὲξαιτού
202 2178 291 2205 μενος,
301 2169 423 2204 συνεχέσι
436 2170 464 2196 δὲ
474 2170 610 2204 νηστείαις
622 2170 876 2205 συναγωνιζόμενος,

935 251 1000 278 lutis
1013 259 1046 279 ex
1060 250 1114 278 Deo
1128 251 1336 285 consequentiae,
1349 251 1417 278 nihil
1430 252 1501 278 ultra
1513 253 1649 281 mediocre
1660 255 1719 281 ani-

934 305 979 324 mo
999 297 1178 331 designabat;
1202 296 1248 323 sed
1273 297 1368 331 grandi
1382 297 1473 332 aliquo
1503 302 1656 332 perpetrato
1678 299 1719 326 fa-

934 343 1036 375 cinore,
1064 342 1136 377 quod
1161 342 1244 370 semel
1260 342 1388 376 perierat,
1416 342 1477 377 pari
1501 344 1613 379 reliquis
1643 345 1718 372 exitu

933 389 1008 416 luere
1030 388 1140 415 vixdum
1167 388 1365 416 reluctantibus
1381 389 1479 415 animis
1494 390 1641 424 cogitabat.
1663 390 1719 419 Illis

934 434 1093 469 igituripsis
1106 434 1266 468 assumptis,
1287 433 1466 468 institutoque
1479 434 1615 462 latronum
1633 437 1718 464 celle-

933 480 987 515 gio,
1005 479 1059 507 dux
1076 480 1132 514 ipse
1153 480 1287 506 latronum
1304 479 1375 506 haud
1392 480 1510 514 segniter
1524 485 1599 514 erat;
1616 482 1720 510 violen-

932 526 980 557 tia.
1004 525 1124 552 caedibus
1145 529 1226 559 atque
1252 525 1395 552 atrocitate
1423 530 1538 553 cunctos
1560 528 1717 561 superabat.

932 572 1078 606 Aliquanto
1100 575 1162 606 post
1184 574 1315 605 tempore,
1341 577 1403 597 cum
1421 571 1485 597 novi
1501 571 1604 606 aliquid
1622 580 1718 600 neces-

932 618 998 645 sarii
1012 618 1102 652 operis
1117 621 1163 644 aut
1187 617 1286 651 negotii
1314 617 1466 648 incidisset,
1492 619 1590 644 iterum
1609 618 1642 644 ad
1657 626 1718 646 eam

932 664 1026 691 urbem
1042 663 1147 690 accitus
1168 668 1209 690 est
1225 661 1356 690 Joannes.
1380 662 1433 695 Qui
1450 671 1512 690 cum
1535 664 1665 696 venisset,
1690 668 1719 692 et

932 713 1029 736 cuneta
1045 716 1159 743 quorum
1175 708 1261 742 gratia
1273 711 1394 738 venerat,
1412 708 1566 736 ordinasset
1584 718 1590 735 :
1620 719 1629 734 ‹
1648 710 1719 744 Age-

931 754 1007 785 dum,
1025 754 1122 788 inquit,
1135 753 1271 787 episcope,
1287 753 1370 780 redde
1385 753 1464 781 nobis
1479 754 1631 788 depositum
1644 755 1718 788 quod

930 807 980 835 ego
1003 800 1106 834 pariter
1123 804 1149 826 ct
1162 798 1290 827 Christus
1313 799 1364 826 tibi
1389 801 1648 833 commendavimus,
1666 802 1718 829 sub

932 845 1060 873 Ecclesia:
1069 844 1111 871 cui
1124 851 1209 879 praies
1220 843 1376 878 prasentia,
1389 843 1502 879 ipsaque
1514 852 1605 872 coram
1619 849 1715 873 testea

896 880 917 907 Β
932 890 972 917 Ad
988 890 1045 918 haec
1062 890 1207 924 episcopus
1226 889 1316 924 primo
1343 888 1454 923 quidem
1472 890 1573 917 morari
1597 898 1629 918 ac
1644 895 1718 918 atto-

932 936 1018 962 nitum
1035 943 1107 967 esse,
1120 942 1182 962 cum
1204 934 1373 962 existimaret
1389 935 1544 969 pecuniam,
1562 943 1644 970 quam
1661 944 1718 964 non

931 980 1091 1015 accepisset,
1107 987 1122 1006 a
1139 987 1168 1006 se
1191 987 1240 1015 per
1264 979 1429 1006 calumniam
1447 980 1533 1014 repeti
1561 990 1568 1007 :
1591 984 1618 1009 et
1646 981 1718 1009 sicut

931 1027 1059 1054 adhibere
1082 1026 1173 1059 fidem,
1189 1030 1217 1052 ut
1231 1033 1261 1052 se
1283 1024 1384 1052 habere
1398 1026 1568 1054 existimaret
1585 1035 1646 1062 qua:
1660 1036 1717 1056 non

933 1075 962 1103 »Β
978 1071 1104 1103 habebat,
1120 1071 1160 1098 sic
1174 1078 1225 1098 nec
1241 1070 1340 1098 Joanni
1363 1070 1483 1098 dillidere
1510 1072 1636 1100 audebat.
1664 1072 1718 1101 Sed

931 1117 977 1144 ubi
989 1116 1130 1144 Joannes:
1149 1125 1158 1142 ι
1185 1115 1327 1149 Juvenem,
1344 1116 1444 1151 inquit,
1469 1121 1561 1151 repeto
1574 1122 1601 1145 et
1625 1118 1717 1147 fratris

931 1162 1066 1194 animam;
1086 1171 1095 1188 ι
1116 1161 1172 1188 alto
1198 1169 1281 1188 senex
1302 1161 1385 1188 ducto
1404 1162 1534 1197 suspirio,
1557 1164 1716 1199 vultumque

930 1207 1058 1242 laerymis
1069 1206 1172 1234 aﬂ‘usus
1186 1216 1192 1233 :
1212 1215 1221 1232 ι
1240 1207 1276 1239 Is,
1291 1208 1340 1239 ait,
1354 1213 1479 1235 mortuus
1494 1211 1545 1235 est.
1561 1208 1714 1243 Quomodo,

930 1253 1018 1288 inquit
1028 1252 1157 1284 Joannes,
1171 1260 1203 1280 ac
1215 1261 1270 1288 quo
1283 1253 1380 1280 mortis
1393 1254 1510 1288 genere?
1526 1254 1590 1286 Deo,
1606 1255 1643 1281 ait
1657 1256 1714 1289 ille,

929 1302 1054 1326 mortuus
1071 1303 1121 1326 est.
1140 1298 1226 1327 Malus
1243 1299 1343 1334 quippe
1364 1299 1452 1326 evasit
1473 1303 1500 1326 et
1523 1300 1663 1334 perditus;
1682 1309 1715 1328 ac

929 1345 1002 1380 quod
1021 1345 1180 1376 maximum,
1198 1345 1267 1371 latro
1286 1353 1293 1371 :
1308 1353 1434 1380 nuncque
1452 1345 1520 1372 adeo
1536 1353 1585 1380 pro
1598 1346 1714 1374 ecclesia

929 1394 1048 1418 montem
1062 1391 1216 1425 occupavit,
1229 1397 1290 1416 cum
1313 1391 1448 1418 latronum
1468 1392 1525 1425 pari
1547 1392 1684 1420 satellitio.
1701 1403 1712 1419 ι

930 1436 978 1465 His
993 1437 1093 1464 auditis
1111 1437 1251 1471 apostolus
1265 1437 1353 1464 scissa
1374 1441 1461 1470 veste,
1476 1443 1503 1466 et
1519 1444 1580 1464 cum
1608 1438 1713 1473 ingenti

929 1482 1029 1518 gemitu
1045 1486 1127 1517 caput
1143 1481 1242 1510 feriens
1259 1492 1265 1509 :
1285 1491 1295 1508 ‹
1315 1482 1420 1510 Βοηυιη
1444 1487 1478 1516 te,
1498 1483 1597 1519 inquit,
1615 1485 1714 1512 anima:

929 1528 1023 1556 fratris
1036 1527 1177 1555 custodem
1190 1528 1335 1555 constitui!
1351 1527 1403 1556 Sed
1416 1529 1472 1564 jam
1487 1529 1551 1555 mihi
1568 1533 1666 1564 praesto
1677 1531 1714 1558 sit

928 1581 1015 1609 equus
1026 1578 1052 1602 et
1064 1573 1163 1609 aliquis
1175 1573 1271 1601 ductor
1284 1574 1400 1602 itineris.
1414 1584 1423 1600 ι
1435 1574 1498 1602 Inde
1507 1575 1539 1602 ab
1545 1575 1667 1609 ecclesia,
1675 1574 1714 1602 ita

928 1623 958 1647 ut
971 1623 1040 1652 erat,
1056 1620 1165 1647 concito
1177 1627 1247 1654 equo
1269 1620 1323 1647 itecv
1344 1620 1509 1655 properavit.
1539 1619 1663 1655 Cumque
1678 1621 1714 1648 ad

929 1666 1018 1693 locum
1030 1666 1161 1698 venisset,
1175 1665 1210 1693 ab
1226 1665 1259 1692 iis
1277 1665 1323 1700 qui
1338 1665 1468 1692 excubias
1490 1665 1615 1700 agebant,
1629 1666 1715 1693 latro-

928 1711 1009 1738 nibus
1025 1711 1147 1747 capitur;
1166 1718 1220 1737 nou
1236 1710 1281 1737 ille
1297 1710 1388 1745 fugam
1410 1715 1516 1745 petens,
1536 1715 1583 1738 aut
1605 1712 1714 1739 veniam

927 1757 1088 1793 deprecans,
1105 1757 1153 1785 sed
1173 1757 1294 1784 clamans
1311 1766 1317 1783 :
1340 1765 1349 1782 ι
1370 1756 1399 1784 In
1419 1757 1470 1784 hoc
1487 1757 1575 1791 ipsum
1590 1757 1662 1790 veni,
1679 1758 1715 1785 ad

928 1807 1047 1830 vestrum
1059 1810 1102 1830 me
1118 1802 1214 1830 ducem
1227 1802 1361 1830 deducite.
1377 1813 1387 1828 ι
1400 1802 1425 1830 Is
1437 1811 1502 1830 vero
1515 1807 1543 1830 ut
1555 1807 1614 1830 erat
1624 1811 1716 1830 arma-

928 1853 973 1876 tus
991 1848 1099 1875 interim
1114 1848 1298 1882 exspectabat.
1314 1847 1366 1875 Sed
1384 1847 1429 1874 ubi
1440 1849 1613 1876 accedentem
1630 1857 1715 1884 agno-

928 1894 966 1920 vit
990 1893 1132 1925 Joannem,
1151 1901 1208 1928 prae
1224 1893 1327 1928 pudore
1344 1893 1372 1920 in
1392 1893 1482 1927 fugam
1497 1902 1595 1922 versus
1612 1898 1664 1922 est.
1681 1894 1715 1921 At

927 1939 1045 1967 Joannes
1060 1940 1124 1967 totis
1137 1939 1242 1967 viribus
1257 1939 1367 1966 concito
1380 1947 1475 1970 cursu,
1491 1940 1580 1968 aetatis
1600 1940 1713 1971 oblitus,

929 1985 1064 2012 hominem
1093 1986 1219 2020 persequi
1248 1985 1359 2017 institit,
1390 1985 1539 2012 identidem
1562 1985 1712 2013 clamans:

931 2041 939 2056 ι
954 2031 1023 2064 Quid
1034 2039 1076 2058 me
1084 2036 1189 2066 patrem
1202 2037 1290 2063 tuum,
1301 2032 1348 2060 illi.
1363 2031 1433 2066 fugis
1448 2031 1590 2063 inermem,
1605 2032 1715 2058 senicu-

928 2078 1002 2105 lum?
1018 2077 1146 2105 Miserere
1161 2078 1224 2109 mei,
1238 2078 1290 2111 iiii;
1308 2078 1362 2104 noli
1377 2077 1489 2109 timere;
1501 2077 1589 2104 adhuc
1605 2077 1655 2105 tibi
1667 2085 1716 2105 su-

929 2128 1018 2159 perest
1031 2124 1092 2151 vitae
1104 2131 1135 2150 ac
1146 2124 1243 2151 salutis
1254 2131 1327 2158 spes.
1341 2123 1396 2158 Ego
1408 2131 1458 2158 pro
1472 2126 1500 2150 te
1510 2122 1620 2150 Christo
1633 2124 1715 2150 ratio-

930 2178 991 2198 nem
1008 2170 1130 2198 reddam.
1149 2170 1177 2197 Si
1191 2171 1226 2198 sit
1240 2178 1322 2205 opus,
1341 2174 1412 2196 tuam
1425 2169 1484 2204 ipse
1498 2169 1586 2196 libens
1598 2173 1714 2196 mortem

89 2216 227 2248 ποικίλαις
241 2216 269 2242 δὲ
284 2216 377 2251 ρήσεσι
396 2216 450 2251 (49)
462 2215 546 2250 λόγων
562 2216 719 2251 κατεπᾴδων
736 2215 817 2242 αὑτοῦ
830 2215 878 2250 τὴν

931 2218 1081 2249 sustinebo,
1096 2216 1325 2252 quemadmodum
1341 2215 1474 2243 Dominus
1489 2222 1539 2250 pro
1551 2214 1630 2242 nobis
1641 2222 1716 2242 mor-

89 2262 214 2297 γνώμην,
229 2263 260 2288 οὺ
276 2262 406 2297 πρότερον
429 2261 558 2296 ἀπῆλθεν,
571 2261 608 2293 ὥς
625 2270 698 2295 φασι,
719 2262 782 2297 πρὶν
798 2261 877 2287 αὑτὸν

90 2308 245 2344 κατέστησε
268 2309 300 2342 τῇ
325 2307 480 2342 Ἐκκλησία,
498 2307 585 2339 διδοὺς
609 2307 662 2342 (50)
690 2307 759 2342 μέγα
786 2307 877 2342 παράτ

89 2354 192 2388 δειγμα
218 2353 360 2388 μετανοίας
380 2352 507 2388 ἀληθινῆς
524 2352 571 2378 καὶ
586 2353 656 2387 μέγα
669 2351 810 2387 γνώρισμα
827 2361 878 2378 πα-

89 2399 245 2433 λιγγενείας
273 2398 329 2433 (Si)
342 2419 349 2431 ,
380 2398 509 2434 τρόπαιον
535 2398 708 2429 ἀναστάσεως
735 2397 878 2433 ἐλπιζομέ-

89 2434 143 2480 ντῗς
157 2443 225 2479 (52),
243 2445 307 2470 ὅταν
320 2445 348 2469 ἐν
359 2445 392 2479 τῇ
407 2443 545 2479 συντελείᾳ
560 2443 607 2469 τοῦ
621 2443 717 2475 αἰῶνος
730 2444 755 2469 οἱ
769 2443 878 2477 ἄγγελοι

88 2491 158 2522 τοὺς
170 2489 276 2524 ἀληθῶς
296 2489 487 2524 μετανοοῦντας
502 2489 626 2521 δέξωνται
645 2490 684 2521 είς
707 2489 882 2524 ὲπουρανίους

92 2537 209 2572 σκηνὰς,
231 2537 350 2572 φαιδρῶς
364 2536 518 2572 γεγηθότες,
539 2536 696 2572 ὑμνοῦντες,
713 2538 882 2572 ὰνοιγνύντες

91 2584 158 2616 τοὺς
170 2581 313 2618 οὐρανούς·
328 2582 382 2618 πρὸ
393 2582 420 2608 δὲ
436 2581 543 2609 πάντων
558 2582 638 2614 αὐτὸς
652 2583 666 2610 ὀ
682 2583 776 2619 Σωτὴρ
792 2592 878 2619 προα-

131 2665 162 2694 ›Ῑ‹
185 2661 215 2687 Ρ.
235 2660 288 2688 950
307 2659 361 2687 ΕΙ).
377 2659 526 2688 POTTER.
764 2700 792 2727 ⁸

130 2738 190 2774 (48)
209 2737 367 2774 Στενᾴξας.
387 2737 514 2774 Δηοειεε.
531 2737 647 2770 Sinaita,
662 2735 784 2767 στενάζει
811 2734 881 2770 μέγα

92 2775 128 2801 ὲκ
136 2771 245 2808 βάθους
252 2782 264 2808 -7
277 2771 336 2800 εἶτα
348 2772 475 2808 δακρύειλ
484 2771 566 2799 FsLL.

129 2805 189 2844 (19')
208 2807 346 2844 νῬήσεσι.
366 2805 434 2836 God.
461 2806 539 2844 Reg,
556 2807 637 2839 Gall.,
653 2807 757 2842 σειρῇσι
782 2805 878 2840 λόγων,

92 2849 124 2872 ut
136 2842 166 2871 et
182 2843 294 2874 Nieeph.
307 2843 354 2870 lib.
371 2851 402 2874 ti.
417 2851 442 2870 c.
457 2842 502 2870 4‘2.
519 2842 556 2870 lo.

130 2878 189 2915 (50)
209 2874 323 2911 Διδούς.
344 2878 470 2906 Anastas.
493 2876 597 2905 Sina’tta
621 2875 704 2909 addit,
727 2875 778 2907 ἕως
798 2874 879 2902 αὑτὸν

179 2934 317 2964 Pu'nOL.
333 2933 391 2964 Gn.
411 2933 469 2965 IX.

930 2268 984 2292 tem
997 2265 1071 2291 tulit.
1085 2263 1209 2290 Animam
1232 2269 1319 2290 meam
1344 2269 1393 2296 pro
1410 2266 1455 2288 tua
1469 2261 1598 2288 vicariam
1621 2260 1712 2288 dabo:

931 2305 986 2337 sta‘
997 2309 1097 2341 modo,
1125 2313 1152 2336 et
1173 2308 1263 2336 crede.
1288 2307 1311 2334 Α
1337 2307 1448 2334 Christo
1474 2307 1574 2334 missus
1605 2314 1675 2335 sum.
1700 2315 1711 2332 ι

930 2355 979 2384 His
994 2356 1040 2384 ille
1055 2356 1164 2387 auditis.
1187 2355 1303 2390 primum
1328 2354 1438 2389 quidem
1455 2353 1533 2380 vultu
1560 2353 1588 2380 in
1612 2357 1714 2380 terram

932 2402 1051 2430 demisso
1063 2401 1186 2430 substitit
1201 2410 1206 2428 :
1223 2400 1321 2428 deinde
1346 2400 1476 2436 projectis
1497 2399 1592 2431 armis,
1614 2399 1713 2426 acerbe

931 2447 995 2475 ﬂere
1010 2447 1103 2482 cwpit.
1131 2447 1310 2474 Accedentem
1329 2453 1394 2473 vero
1420 2453 1513 2473 senem
1542 2445 1712 2479 complexus,

931 2494 1031 2529 gemitu
1045 2501 1077 2520 ac
1088 2493 1224 2523 lamentis,
1243 2499 1323 2526 quam
1340 2491 1458 2518 maxime
1473 2494 1591 2526 poterat,
1607 2491 1712 2517 crimen

931 2539 1061 2572 diluebat,
1073 2542 1101 2566 et
1114 2538 1243 2574 laerymis
1254 2537 1328 2566 velut
1343 2537 1430 2564 altero
1442 2536 1560 2571 quodam
1578 2536 1713 2571 baptismo

931 2585 1103 2620 expiabatur,
1119 2584 1203 2612 solam
1218 2583 1360 2611 dexteram
1384 2582 1538 2610 occultans.
1558 2581 1628 2609 Tum
1650 2589 1716 2616 apo-

934 2735 1019 2773 παῖδα
1028 2736 1088 2771 μεθ’
1101 2736 1197 2764 ἑαυτοῦ
1211 2738 1240 2773 έν
1252 2737 1453 2773 τῇγἘκκλησίᾳ
1469 2736 1613 2773 συνήγαγε.
1629 2734 1668 2762 In.

969 2745 1015 2762 ιιοα
1028 2745 1087 2771 μιιν
1101 2745 1197 2764 εαυτου
1211 2745 1240 2763 εν
1252 2745 1286 2772 τη
1309 2745 1453 2797 Ἐκκλησιῖ
1469 2745 1613 2772 συνηγαγι.

969 2771 1025 2811 (ﬁt)
1042 2772 1262 2811 [αβιγῖενξιαςε
1284 2772 1379 2811 §9rilze
1396 2781 1434 2798 πα
1452 2771 1613 2811 ιγγεγεσὲρις-

968 2803 1024 2841 (52)
1051 2803 1264 2868 Ἑξλπὶξοέιέυνηξ.
1287 2807 1333 2835 Sic
1348 2803 1716 2840 AnastasL'Sinaitawkm-

968 2849 1026 2868 νης.
1043 2840 1144 2868 Euseb.
1180 2848 1239 2868 Eu...

934 2840 1026 2876 μένης,
1043 2840 1144 2870 Euseb.
1156 2840 1239 2868 FELL.

1517 2926 1554 2956 21
