1934 3075
230 152 276 179 6M
811 155 970 183 CLEMENS
989 156 1264 187 ALEXANDRINUS.
1803 161 1852 188 65?.

230 210 317 236 stolas
333 210 472 244 spondens
489 210 668 246 dejeransque
686 212 792 239 veniam
814 220 843 240 se
863 213 901 240 illi
919 221 934 240 a
954 213 993 240 Sa‘

1088 217 1156 251 αντᾷ
1180 214 1359 252 δεξιοῦμενος,
1380 216 1436 251 φῶς
1456 217 1558 252 ὀρέγων
1575 218 1679 250 ἄσκιον,
1697 218 1851 246 ἄπαυστον·

229 259 324 283 vatore
340 260 450 283 nactum
466 264 537 287 esse,
554 264 691 292 oransque
705 265 737 284 ac
759 258 785 285 ill
802 266 889 293 genua
912 267 992 294 pl‘OVC

1088 262 1168 297 ἱηγῶν
1180 263 1219 294 εἰς
1230 263 1293 294 τοὺς
1309 262 1424 294 κόλπους
1439 262 1486 289 τοῦ
1502 263 1616 299 Πατρὸς,
1629 265 1670 295 εἰς
1682 263 1733 299 τὴν
1748 265 1851 292 αἰώνιον

229 301 313 332 lutus,
330 301 415 335 ipsam
436 301 544 335 juvenis
564 301 714 334 dexteram,
742 303 815 330 velut
837 303 894 338 jam
922 305 992 338 pteni

1088 307 1147 342 υὴν,
1160 308 1200 338 εἰς
1211 307 1260 342 τὴν
1281 307 1415 342 βασιλείαν
1428 307 1482 334 τῶν
1493 308 1624 343 οὐρανῶν.
1638 309 1795 337 Πιστευὲτω
1808 311 1851 336 καὶ

229 347 313 373 tentia
334 347 480 381 expiatam,
508 347 682 380 exosculans,
706 348 795 382 ipsum
813 349 840 375 in
866 349 991 377 ecclesia:

1090 352 1150 379 ιῦτά
1161 361 1203 384 τις
1215 353 1262 379 καὶ
1275 353 1342 379 9εοῦ
1360 353 1504 388 μαθηταῖς,
1515 354 1562 380 καὶ
1574 354 1694 389 ἐγγυητῇ
1709 354 1781 389 Θεῷ,
1795 363 1853 391 προ-

229 392 344 420 reduxit.
371 391 474 419 Exinde
491 393 587 427 partim
605 394 709 420 crebris
731 394 902 422 orationibus
924 395 992 423 Deut

1090 397 1199 433 ητείαις,
1218 398 1404 432 Εὐαγγελίοις,
1424 398 1512 432 λόγοις
1535 399 1735 430 ἀποστολικοῖς·
1752 399 1853 430 τούτοις

228 437 388 472 deprecans,
404 438 500 472 partim
514 438 679 465 continuatis
695 446 748 466 una
768 447 830 466 cum
847 439 947 474 juvene
970 441 991 475 jt

1088 443 1153 475 J§Gav
1173 444 1220 470 καὶ
1236 443 1269 470 τὰ
1289 441 1346 470 ὦτα
1367 443 1482 479 ὑπέχων,
1497 445 1543 470 καὶ
1559 444 1593 470 τὰ
1609 444 1678 480 ἔργα
1691 445 1797 478 ἀσκῶν,
1813 446 1851 472 ἐπ’

225 482 311 516 juniis
337 483 418 510 simul
438 483 592 515 decertans,
613 484 751 519 variisque
775 485 893 520 denique
907 493 988 512 εει-ιη(

1090 489 1148 524 ὕτῆς
1168 489 1218 524 τῆς
1233 489 1320 521 ἐξόδου
1336 489 1366 515 τὸ
1379 489 1453 521 τέλος
1466 490 1512 516 καὶ
1525 490 1572 524 τὴν
1585 490 1715 522 ἐπίδειξιν
1729 491 1784 517 τῶν
1796 491 1853 525 δογ-

228 537 291 555 num
305 529 439 556 illecebris
459 530 578 556 animum
598 529 658 564 ejus
680 530 848 562 demulcens,
865 538 920 558 non
935 531 991 566 priu

1090 535 1157 561 ἀτων
1171 535 1274 569 ὄψεται.
1284 535 1312 561 '0
1324 535 1377 570 γὰρ
1393 534 1507 561 ἐνταῦθα
1522 535 1566 562 τὸν
1580 535 1694 570 ἄγγελον
1706 536 1757 571 τῆς
1775 545 1853 571 μετα-

227 574 341 605 destitit,
359 579 388 601 ut
402 574 488 606 aiunt,
508 583 589 610 quam
606 575 682 602 illum
698 576 775 603 ﬁrma
791 577 945 604 constantia
963 576 990 604 Et

1090 579 1408 615 ιίας(55)προσιὲμενοςού
1417 581 1575 615 μετανοήσει
1589 581 1658 610 τότε,
1667 581 1751 616 ἡνίκα
1764 582 1797 607 ἂν
1807 590 1853 608 κα-

226 620 317 648 clesia:
331 621 434 655 gremio
452 621 638 654 admovisset;
659 629 757 656 magno
781 630 852 649 vera:
875 623 989 656 paeniter

1089 625 1164 662 ιλίπῃ
1176 626 1206 652 τὸ
1222 625 1312 661 σῶμα,
1329 626 1388 652 οὐδὲ
1401 626 1661 661 καταισχυνθήσεται
1676 627 1722 653 τὸν
1740 627 1852 662 Σωτῆρα

225 667 269 693 tia:
288 667 413 701 exemplo
423 666 556 697 exhibito,
570 667 723 702 grandique
740 667 843 695 iteratae
854 669 988 703 generatio

1088 669 1208 704 ροσιόντα
1223 669 1290 704 μετὰ
1306 670 1354 705 τῆς
1370 669 1452 696 αὑτοῦ
1467 670 1543 705 δόξης
1560 672 1606 697 καὶ
1621 672 1768 707 στρατείας
1784 672 1851 698 ίδων·

225 712 269 739 nis
297 711 471 744 documento,
497 715 524 739 et
545 711 643 739 futura;
660 714 871 742 resurrectionis
888 715 988 751 trophae

1089 714 1173 741 ιδέδιε
1190 715 1220 741 τὸ
1235 714 1299 751 πῦρ.
1318 715 1351 742 Εἰ
1367 716 1395 742 δέ
1411 725 1451 747 τις
1471 717 1587 751 αἱρεῖται
1610 716 1702 751 μένειν
1724 717 1774 743 καὶ
1795 718 1852 749 ἑξα-

225 758 346 794 (quando
361 759 387 785 in
408 759 644 786 consummatione
657 760 749 787 saeculi
769 761 857 796 angeli
875 741 988 797 νει-εἶρα

1274 741 1279 751 ,
1372 741 1390 742 η
1442 741 1450 747 ,
1475 741 1480 742 ,
1502 741 1528 751 Γ
1563 741 1568 742 ,
1610 741 1639 751 ,ην
1725 741 1773 743 ην
1797 741 1839 749 cf,

1090 760 1209 796 ιρτάνειν
1225 761 1353 787 ἑκάστοτε
1368 761 1413 787 ἐπὶ
1429 763 1488 793 ταῖς
1500 761 1616 797 ἡδοναῖς,
1632 762 1679 788 καὶ
1693 763 1745 798 τὴν
1761 762 1853 789 ὲνταῦ-

224 804 342 832 nitentes
360 805 388 831 in
405 804 610 839 superctelestia
628 804 784 832 habitacula
804 805 986 841 deportabun‘t

1089 806 1213 842 ιτρυφὴν
1235 807 1283 842 τῆς
1306 807 1414 835 αἰωνίου
1436 807 1507 842 ζωῆς
1529 808 1658 842 προτιμᾷ,
1674 808 1722 834 καὶ
1739 808 1852 839 διδόντος

224 850 290 878 hinc
314 851 403 886 angeli
419 851 479 877 lane
500 851 657 885 gestienles,
673 851 826 884 laudantes,
841 852 926 880 caelos
946 859 987 887 apt

1088 851 1107 877 ιῦ
1134 851 1259 888 Σωτῆρος
1282 852 1378 886 ἄφεσιν
1404 852 1618 887 ἀποστρέφεται’
1637 854 1706 888 μήτε
1728 854 1775 880 τὸν
1789 854 1851 880 Θεὸν

224 896 327 923 riemes
348 905 354 922 :
379 904 434 931 prae
457 897 566 924 cunctis
593 904 657 924 vero
677 897 734 931 ipse
759 896 884 924 Salvator
901 898 987 925 obviai

1086 905 1112 929 ξι,
1127 897 1194 932 μήτε
1205 897 1249 924 τὸν
1260 897 1382 930 πλοῦτον,
1400 898 1467 933 μήτε
1480 898 1509 924 τὸ
1526 900 1691 934 προσπεσεῖν
1708 899 1849 931 αἰτιάσθω,

225 942 315 970 factus
329 942 527 970 humanissime
541 943 665 978 suscipit,
677 943 764 971 lucem
778 944 912 978 praebens,
927 951 988 978 qua:

1088 951 1107 977 ίν
1122 943 1150 968 δὲ
1168 943 1265 969 ἑαυτοῦ
1281 943 1368 978 ψυχὴν
1389 944 1521 975 ἑκουσίως
1537 944 1744 980 ἀπολλυμένην.
1763 945 1810 980 Τῷ
1827 945 1851 971 δὲ

225 989 307 1016 nullae
322 992 351 1020 Et
366 988 500 1016 oﬁuscant
516 989 702 1021 tenebrae,nec
714 993 836 1024 tempora
849 990 903 1016 ulla
914 990 988 1017 inter‘

1088 989 1233 1015 τιὸλέποντι
1258 989 1307 1024 τὴν
1332 990 1467 1025 σωτηρίαν
1490 991 1537 1017 καὶ
1555 991 1693 1022 ποθοῦντι,
1711 992 1762 1017 καὶ
1787 991 1851 1026 μετὰ

227 1039 304 1062 mant
321 1035 437 1062 :ductor
451 1035 509 1071 ipse
523 1035 551 1062 in
567 1035 656 1062 sinum
672 1034 772 1067 Patris,
790 1035 816 1062 in
832 1036 916 1062 vitam
929 1039 990 1062 ceter

1088 1034 1198 1066 ναιδείας
1208 1035 1254 1062 καὶ
1281 1035 1341 1069 βίας
1367 1036 1486 1063 αἰτοῦντι
1500 1037 1639 1072 παρέξειν,
1657 1037 1707 1072 τὴν
1723 1036 1851 1072 ἀληθινὴν

226 1089 302 1114 nam,
333 1081 361 1108 in
394 1089 506 1116 regnum
533 1081 663 1108 caelorum
682 1081 734 1108 iter
753 1088 861 1116 parans.
879 1080 931 1108 Ista
947 1081 989 1116 qui

1087 1082 1192 1117 teapatv
1203 1082 1250 1108 καὶ
1261 1081 1309 1117 τὴν
1324 1082 1457 1117 ἄτρεπτον
1475 1082 1546 1118 ζωὴν
1559 1082 1638 1109 δώσει
1651 1084 1665 1109 ὁ
1677 1083 1776 1118 Πατὴρ
1787 1083 1850 1117 ἁγα-

224 1127 328 1159 credat,
350 1127 483 1162 ﬁdemque
514 1134 575 1153 eum
601 1126 649 1154 Dei
676 1126 830 1161 discipulis,
865 1131 922 1153 tum
954 1126 987 1154 De

1086 1136 1105 1158 ις
1121 1128 1135 1153 ὁ
1149 1127 1177 1153 ὲν
1190 1128 1246 1158 τοῖς
1262 1128 1395 1163 οὺρανοῖς’
1413 1125 1434 1161 ᾧ
1448 1128 1492 1154 διὰ
1507 1128 1553 1154 τοῦ
1569 1128 1667 1159 Παιδὸς
1684 1128 1776 1163 Ἰησοῦ
1788 1129 1849 1163 Χρι-

224 1173 349 1208 sponsori
361 1173 474 1206 habeat;
487 1172 702 1207 prophetiarum,
711 1170 931 1206 Evangeliorum,
945 1178 987 1206 apt

1085 1172 1134 1203 τοῦ,
1154 1171 1200 1199 τοῦ
1223 1173 1326 1208 Κυρίου
1345 1172 1454 1204 ζώντων
1476 1173 1524 1199 καὶ
1547 1173 1662 1209 νεκρῶν,
1678 1174 1727 1199 καὶ
1746 1173 1791 1200 διὰ
1806 1173 1848 1199 τοῦ

224 1220 358 1247 stolorum
391 1219 483 1247 dictis.
506 1218 557 1251 Qui
582 1218 611 1245 in
632 1218 676 1245 his
693 1218 776 1244 vitam
799 1217 936 1249 instituat,
961 1225 987 1244 ai

1086 1218 1135 1251 (iou
1150 1218 1306 1253 Πνεύματος
1320 1219 1360 1254 εἴη
1377 1218 1448 1252 δόξα,
1464 1218 1540 1254 τιμὴ,
1558 1219 1669 1254 κράτος,
1681 1218 1793 1250 αἰώνιος
1804 1227 1849 1253 με·

223 1273 334 1300 remque
347 1265 467 1300 praebeat
478 1269 559 1300 atque
568 1271 650 1299 opera
662 1268 799 1295 exerceat,
815 1264 867 1290 sub
887 1263 947 1298 ipso
963 1271 986 1290 θ]

1082 1262 1209 1298 ιλειότης,
1228 1263 1273 1289 καὶ
1296 1262 1342 1289 νῦν
1365 1263 1411 1289 καὶ
1434 1264 1486 1295 ἀεὶ,
1503 1263 1550 1289 καὶ
1569 1264 1609 1294 εἰς
1628 1262 1727 1296 γενεὰς
1739 1262 1845 1297 γενεῶν,

223 1318 303 1338 cessu
318 1311 474 1347 dogmatum
488 1310 568 1338 ﬁnem
583 1311 724 1345 ipsamque
742 1309 891 1336 exhihilam
907 1309 986 1336 verit:

888 1319 891 1335 ι
907 1309 1010 1336 verita-
1022 1307 1043 1334 C
1059 1309 1106 1335 καὶ
1119 1309 1158 1340 εἰς
1169 1309 1232 1340 τοὺς
1247 1308 1349 1340 αἰῶνας
1362 1309 1416 1336 τῶν
1432 1309 1546 1336 αἰώνων.
1557 1310 1651 1344 Ἀμήν.

223 1365 277 1389 tem
294 1362 453 1397 conspiciet.
469 1360 521 1393 Qui
534 1360 606 1388 enim
618 1359 784 1394 poenitentiae
797 1358 922 1394 angelum
938 1358 1018 1392 plane
1033 1357 1142 1392 recipit,
1164 1356 1236 1384 haud
1252 1364 1313 1384 eum
1330 1360 1396 1383 tunc
1415 1357 1469 1383 ulla
1491 1357 1631 1392 pmniludo
1652 1356 1772 1388 incedet,
1787 1364 1846 1383 cum

224 1418 323 1445 corpus
336 1409 492 1445 reliquerit;
508 1408 565 1435 nec'
576 1407 770 1438 confundetur,
786 1406 850 1433 dum
871 1405 1040 1432 Salvatorem
1057 1412 1118 1432 cum
1137 1405 1280 1440 majestate
1300 1413 1349 1433 sua
1368 1406 1543 1440 exercituque
1559 1405 1712 1432 venientem
1737 1405 1844 1434 viderit,

222 1456 320 1484 Nullus
351 1455 421 1490 ignis
443 1453 592 1482 exterrebit
615 1456 716 1480 metus.
745 1450 794 1478 Sin
815 1455 906 1478 autem
933 1449 1069 1485 quispiam
1096 1458 1128 1477 eo
1163 1451 1254 1477 animo
1287 1450 1323 1478 sit
1345 1455 1376 1477 ut
1391 1458 1502 1477 manere
1525 1457 1556 1477 ac
1576 1450 1698 1486 quotidie
1718 1450 1745 1476 in
1768 1451 1846 1477 volu-

223 1503 344 1539 ptatibus
359 1502 486 1529 volutans
503 1500 676 1534 ‘delinquere
706 1498 781 1530 velit,
808 1497 1006 1533 praesentisque
1035 1497 1096 1524 vitae
1113 1496 1225 1524 delicias
1247 1500 1348 1524 zeterna
1374 1497 1429 1524 vita
1446 1497 1567 1531 potiores
1591 1496 1685 1527 ducat,
1712 1500 1796 1530 atque
1830 1501 1844 1520 a

225 1547 365 1575 Salvatore
376 1547 482 1574 veniam
507 1545 662 1580 indulgente
678 1544 778 1572 mentis
800 1551 883 1571 sensu
900 1543 1064 1576 abhorreat;
1076 1542 1099 1571 is
1129 1550 1217 1578 neque
1231 1542 1327 1574 Deum,
1345 1551 1432 1578 neque
1446 1542 1566 1574 divitias,
1591 1549 1641 1569 nec
1671 1541 1745 1576 quod
1782 1545 1845 1569 ante

222 1595 316 1630 lapsus
334 1594 369 1622 sit
383 1594 412 1620 in
429 1593 532 1620 crimen
567 1595 656 1623 vocet,
683 1591 731 1618 sed
753 1598 830 1618 suam
856 1590 944 1625 ipsius
980 1591 1099 1617 animam
1126 1597 1187 1624 quae
1206 1589 1265 1624 ipsa
1299 1593 1395 1624 sponte
1412 1590 1537 1616 intereat.
1561 1588 1590 1615 Ei
1614 1596 1680 1616 vero
1705 1588 1749 1615 cui
1776 1595 1843 1615 cura

223 1641 321 1668 salutis
337 1643 380 1667 est
396 1646 427 1666 ac
441 1637 717 1673 inspectio.’eamque
728 1636 875 1667 desiderat,
895 1643 926 1662 ac
934 1643 1006 1670 pene
1026 1634 1144 1662 elllietim
1161 1635 1271 1669 vimque
1284 1635 1341 1669 ipse
1363 1634 1630 1668 adhibens'prmbere
1656 1638 1745 1668 rogat,
1765 1633 1847 1660 Pater

223 1686 269 1713 ille
286 1686 374 1713 bonus
382 1684 429 1720 qui
446 1687 488 1711 est
498 1683 526 1709 in
543 1683 631 1713 cmlis.
641 1690 734 1710 veram
745 1681 964 1709 emundationem
980 1680 1118 1715 vitamque
1134 1680 1236 1708 tribuet
1247 1680 1313 1707 nulli
1332 1679 1476 1706 mutationi
1490 1679 1652 1711 obnoxiam;
1666 1679 1711 1705 cui
1726 1685 1788 1705 cum
1804 1677 1847 1704 Fi-

225 1733 263 1760 lio
278 1732 342 1760 Iesu
358 1731 479 1763 Christo,
511 1730 557 1765 qui
590 1729 714 1756 vivorum
741 1731 768 1756 et
801 1732 970 1755 mortuorum
985 1726 1117 1755 Dominus
1129 1731 1181 1759 est,
1203 1735 1253 1762 per
1267 1726 1398 1762 Spiritum
1415 1730 1549 1758 sanetum,
1576 1726 1612 1753 sit
1631 1726 1730 1761 gloria,
1749 1726 1844 1755 honor,

223 1782 357 1813 potestas,
381 1781 481 1804 aeterna
498 1775 637 1811 majestas,
670 1781 743 1801 nunc
777 1777 804 1801 et
823 1780 940 1808 semper,
970 1777 996 1799 et
1021 1772 1048 1799 in
1068 1773 1259 1808 generationes
1288 1771 1503 1807 generationum,
1533 1771 1615 1806 inque
1639 1770 1739 1798 saecula
1761 1778 1845 1798 δαῖε-υ.

223 1825 326 1853 lorum.
343 1822 438 1850 Amen.

262 1886 291 1915 is
310 1883 339 1910 P.
357 1882 406 1910 951
425 1880 478 1908 ED.
496 1878 644 1907 POTTEB.

255 1942 317 1977 (55)
336 1941 481 1976 Respicere
493 1939 602 1967 videtur
616 1936 782 1973 pmnitentia:
793 1935 930 1970 angelum,
945 1933 978 1961 de
989 1941 1044 1969 quo
1055 1932 1182 1967 frequens
1195 1931 1315 1958 occurrit
1329 1931 1431 1958 mentio
1444 1931 1470 1958 in
1483 1930 1618 1958 Hermetis
1629 1930 1743 1957 Pastore
1764 1930 1843 1958 FELL.

510 2031 665 2117 ΕΚ
701 2025 926 2113 ΤΩΝ
958 2022 1555 2112 ΘΕΟΔΟΤΟΥ

956 2137 1017 2163 ΚΑ]
1037 2136 1104 2162 ΤΗΣ

442 2202 799 2249 ΑΝΑΤΟΛΙΚΗΣ
836 2199 1222 2243 ΚΑΛΟΥΜΕΝΗΣ
1262 2197 1624 2242 ΔΙΔΑΣΚΑΛΙΑΣ

684 2284 780 2310 ΚΑΤΑ
807 2282 899 2308 ΤΟΥΣ
926 2280 1186 2307 ΟΥΑΛΕΝΤΙΝΟΥ
1204 2279 1375 2305 ΧΡΟΝΟΥΣ

739 2353 1320 2422 ΕΠΙΤΟΜΑΙ.

829 2452 1246 2560 ΕΧΟΙΞΒΡΤΑ

344 2599 401 2630 EX
423 2598 600 2630 SCBIPTIS
618 2597 827 2630 THEODOTI
845 2597 896 2626 ET
921 2593 1125 2626 DOCTRINA
1146 2591 1237 2628 QUZE
1260 2590 1503 2621 ORIENTALIS
1520 2590 1712 2622 VOCATUR

717 2669 758 2689 AD
776 2665 946 2689 VALENTI?"
966 2663 1116 2684 TEMPORA
1140 2660 1332 2683 SPECTANTIA

236 1985 1839 2011 ,_________=_____=_.=.=_________________==.==

801 2721 939 2750 interprete
956 2717 1064 2742 Boberto
1081 2693 1174 2740 Puth
1190 2716 1221 2740 Δ.
1236 2715 1267 2740 Μ.

262 2815 411 2849 Sequentes
425 2823 456 2842 ex
473 2814 612 2843 Theodoto
627 2815 736 2850 ἐκλογαί
756 2816 854 2850 stylum
867 2816 975 2850 quidem
992 2820 1019 2843 et
1030 2816 1143 2851 phrasin
1159 2815 1306 2842 Clementis
1324 2815 1420 2847 majori
1439 2823 1470 2842 ex
1483 2818 1560 2851 parte
1576 2814 1736 2849 praeferunt,
1753 2814 1780 2841 in
1792 2813 1842 2851 do-

227 2851 324 2911 gmatis
334 2854 424 2878 tamen
443 2859 496 2877 non
513 2858 709 2885 usquequaque
723 2849 894 2878 consonant:
914 2855 942 2877 ut
960 2851 982 2877 si
1008 2849 1183 2878 a'Clemente
1202 2855 1263 2876 sunt
1281 2854 1419 2885 exrerpla.
1436 2858 1488 2876 non
1507 2850 1540 2876 de
1556 2851 1717 2878 Clementis.
1740 2850 1786 2877 sed
1806 2849 1839 2876 de

253 2886 358 2911 heodoti
367 2887 498 2911 sententia
511 2887 637 2911 Dleraaue
655 2888 738 2911 relata
750 2887 898 2911 videantur.
912 2886 969 2911 Oua
981 2889 1013 2911 de
1026 2895 1054 2911 re
1071 2886 1327 2911 inlelliuentioribus
1337 2887 1471 2911 ('(lk‘lllum
1482 2885 1619 2911 nermitto.
1631 2884 1765 2911 Hervetus
1774 2891 1838 2911 sane

253 2886 358 2912 heodoti
367 2887 498 2914 sententia
511 2887 637 2919 pleraque
655 2884 738 2913 relata
750 2887 898 2914 videantur.
912 2886 969 2920 Qua
981 2889 1013 2913 de
1026 2895 1054 2913 re
1071 2886 1327 2920 inlelligentioribus
1337 2884 1471 2912 ralenluui
1482 2885 1619 2919 permitto.
1631 2884 1765 2913 Hervetus
1774 2891 1838 2912 sane
