1934 3075
241 171 293 200 6δῦ

811 162 969 192 CLEMENS
989 161 1261 190 ALEXANDRINUS.

1811 160 1864 187 656

242 235 331 256 manu
364 227 482 255 Domini.
505 226 581 254 Hanc
605 226 641 253 ob
664 231 774 252 causam
807 224 911 260 inquit,
930 222 1022 258 Splen-

1082 221 1127 249 τοῦ
1143 222 1263 255 Κυρίου.
1281 220 1331 248 Διὰ
1346 220 1425 246 τοῦτο
1444 220 1554 255 εἴρηκε*
1572 219 1727 254 Λαμψάτω
1741 219 1776 246 τὸ
1799 219 1860 254 φῶς

242 275 303 302 deat
318 275 364 302 lus:
379 279 463 301 vestra
484 280 573 300 coram
600 270 747 297 hominibus
759 276 783 298 ι.
801 269 834 297 Et
855 274 917 304 post
932 275 1024 296 resur-

244 321 393 349 rectionem
421 327 497 347 suam
518 317 648 353 apostolis
665 315 794 351 Spiritum
811 315 981 342 immittendo
993 314 1023 346 δ,

244 367 382 402 pulverem
397 365 503 401 quidem
521 363 601 391 sicuti
614 361 705 389 favilla
720 365 804 393 esset,
820 361 975 388 eventilavit
993 367 1024 387 ac

245 412 391 447 separavit;
407 409 572 439 accendebat
590 411 680 435 autem
694 407 840 436 scintillam
856 413 888 433 ac
904 406 1025 433 viviﬁca-

244 459 293 485 vit.

278 502 322 531 IV.
338 502 478 534 Dominus,
491 501 591 536 quippe
615 499 732 527 maxima
749 497 903 525 humilitate
927 496 1025 531 praedi-

243 549 299 577 ῑυδ.
311 553 365 572 non
385 548 414 572 ιιι
431 545 568 580 angelum.
578 545 625 574 sed
634 550 663 572 ut
670 544 805 571 hominem
813 550 843 570 se
851 541 1024 576 conspicien-

243 592 307 619 dum
325 591 448 626 praebuit.
470 590 502 617 Et
518 597 581 618 cum
606 590 635 616 in
657 593 748 616 monte
762 588 796 615 ab
822 587 953 622 apostolis
967 587 1025 614 suis

243 637 329 673 gloria
342 642 369 664 et
384 637 526 670 majestate
538 635 612 663 visus
624 638 667 662 est
678 639 689 653 ο
705 653 712 666 ,
731 641 786 660 non
800 637 911 668 propter
927 636 1026 659 semet-

244 683 332 718 ipsum
348 682 398 709 hoc
418 680 492 714 fecit,
511 681 550 707 uti
562 679 690 707 nimirum
706 681 791 705 semet
803 679 965 708 ostentaret,
978 674 1024 703 sed

243 730 372 757 Ecclesiae
388 735 444 756 suae
467 726 565 762 gratia,
583 732 643 760 qua:
665 732 744 759 genus
768 723 879 750 electum
904 727 942 749 est
953 721 979 754 ά,
995 725 1026 748 ut

243 775 360 803 disceret
375 773 527 809 profectum
551 771 611 806 ejus
627 773 689 805 post
703 769 806 797 exitum
830 776 845 796 e
859 775 951 795 carne.
967 766 1026 802 Ipse

243 821 315 848 enim
333 821 360 847 in
376 819 446 847 coelo
461 819 507 845 lux
519 817 580 848 fuit,
592 821 635 844 est
647 816 728 844 etiam
742 814 807 842 illud
814 813 891 849 quod
901 814 930 840 in
944 820 1027 840 carne

244 866 385 902 apparuit;
401 869 428 892 et
445 864 516 899 quod
534 864 578 890 hic
591 863 679 890 visum
705 860 756 888 fuit
781 867 836 887 non
851 860 897 887 illo
909 859 982 894 quod
998 859 1025 886 in

1073 266 1158 302 ὑμῶν
1171 267 1342 302 ἔμπροσθεν
1366 265 1426 292 τῶν
1450 264 1620 300 ἀνθριῖυτων.
1646 265 1703 291 Καὶ
1721 265 1792 300 μετὰ
1813 265 1861 300 τὴν

1074 312 1231 344 ἀνάστασιν,
1246 311 1375 347 ἐμφυσῶν
1390 311 1420 337 τὸ
1433 311 1546 345 Πνεῦμα
1561 312 1616 342 τοῖς
1633 311 1805 342 ἀποστόλοις.
1817 311 1861 337 τὸν

1076 359 1125 393 μὲν
1141 358 1214 393 χοῦν,
1233 357 1358 392 καθάπερ
1378 356 1490 392 τέφραν,
1509 355 1631 389 ἀπέφυσε
1652 356 1700 382 καὶ
1720 354 1859 391 ἐχώριζεν

1075 403 1175 438 ἐξῆπτε
1187 403 1215 429 δὲ
1227 403 1272 429 τὸν
1286 401 1420 437 σπινθῆρα
1435 402 1482 428 καὶ
1496 401 1646 433 ἐζωοποίει.

1110 495 1146 520 Δ’.
1170 493 1199 520 '0
1213 492 1314 529 Κύριος
1339 492 1383 519 διὰ
1410 492 1509 526 πολλὴν
1530 491 1782 527 ταπεινοφροσύνην
1807 493 1862 528 (55)

1074 540 1123 574 οὐχ
1144 539 1182 571 ὡς
1206 538 1320 572 ἄγγελος
1336 537 1425 573 ὤφθη,
1445 538 1502 564 ἀλλ’
1515 537 1552 569 ὡς
1572 537 1731 573 ἄνθρωπος’
1749 538 1798 565 καὶ
1819 539 1862 565 ὅτι

1075 585 1104 611 ὲν
1119 585 1184 621 δόξῃ
1205 583 1281 620 ὤφθη
1297 585 1353 616 τοῖς
1376 583 1533 615 ἀποστόλοις
1557 583 1602 609 ἐπὶ
1620 583 1666 609 τοῦ
1681 583 1772 618 ὄρους,
1784 584 1816 610 οὒ
1829 584 1863 610 δι⁸

1076 631 1171 658 ἑαυτὸν
1190 629 1302 664 ἐποίησε
1318 629 1424 661 δεικνὺς
1454 629 1559 661 ἑαυτὸν,
1583 628 1651 655 ἀλλὰ
1676 628 1721 655 διὰ
1740 629 1790 664 τὴν
1805 629 1864 655 Ἐκ-

1075 677 1198 712 κλησιαν,
1229 676 1291 711 ἥτις
1310 676 1368 702 ἐστὶ
1381 676 1414 702 τὸ
1429 675 1516 710 γένος
1530 675 1563 702 τὸ
1579 675 1734 707 ἐκλεκτὸν,
1747 676 1794 702 ἵνα
1813 676 1865 710 μό-

1076 723 1110 760 θῃ
1122 723 1171 759 τὴν
1184 722 1324 758 προκοπὴν
1340 722 1422 749 αὑτοῦ
1439 722 1509 757 μετὰ
1525 722 1574 757 τὴν
1585 722 1634 757 τῆς
1645 723 1748 757 σαρκὸς
1763 722 1862 755 ἔξοδον.

1076 769 1161 800 Αὐτὸς
1173 768 1227 804 γὰρ
1243 769 1289 795 καὶ
1305 767 1361 794 ἅνω
1376 767 1432 802 φῶς
1446 766 1493 803 ἦν,
1511 768 1558 794 καὶ
1576 767 1672 794 ἔστιτὸ
1688 767 1822 801 ἐπιφανὲν
1836 769 1864 794 ἐν

1077 814 1171 850 σαρκὶ,
1189 814 1236 841 καὶ
1257 813 1288 840 τὺ
1300 813 1416 840 ἐνταῦθα
1432 813 1524 848 ὀφθὲν,
1540 813 1589 848 οὐχ
1604 813 1717 849 ὕστερον
1731 813 1779 839 τοῦ
1795 814 1862 845 ἄνω,

1076 860 1137 886 οὐδὲ
1150 859 1308 886 διεκέκοπτο
1371 859 1473 886 ἄνωθεν
1490 859 1607 895 μετέστη
1618 859 1708 894 δεῦρο,
1725 859 1810 885 τόπον
1834 860 1865 885 ἐκ

244 914 314 941 cmlo
330 912 478 947 posterius,
496 917 582 944 neque
592 909 713 936 excisum
725 907 777 933 fuit
791 914 806 934 e
822 906 892 933 ccelo
903 904 1022 940 quandiu

1082 906 1156 933 τόπου
1182 906 1305 942 ἀμεῖϐον,
1326 906 1364 938 ὡς
1388 906 1433 933 τὸν
1452 906 1501 941 μὲν
1524 905 1730 937 ὲπιλαὸεἰν,τὺν
1744 905 1774 931 δὲ
1795 906 1865 931 ἀπο-

244 959 289 986 hic
305 959 333 985 in
345 957 425 985 terris
442 956 608 986 versabatur,
634 952 746 989 perinde
760 952 839 987 quasi
855 951 889 979 de
913 951 974 978 loco
999 950 1027 977 in

1082 952 1183 979 λιπεῖν·
1201 951 1258 978 ἀλλ’
1271 949 1305 987 ἦν
1329 951 1359 978 τὸ
1380 951 1470 986 πάντη
1486 951 1526 984 ὃν,
1546 952 1592 978 καὶ
1621 951 1697 986 παρὰ
1709 950 1748 985 τῷ
1763 950 1864 986 Πατρὶ,

243 1006 335 1032 locum
352 1003 514 1036 discederet,
528 1006 574 1029 aut
592 1001 666 1029 hunc
691 1001 848 1035 occuparet,
866 998 944 1024 illum
961 1004 1026 1024 vero

1082 997 1229 1023 κάνταῦθα’
1252 997 1366 1032 δύναμις
1391 997 1445 1032 γὰρ
1459 995 1493 1032 ἦν
1508 997 1556 1024 τοῦ
1578 996 1694 1032 Πατρός.
1714 996 1820 1026 Ἀλλως
1833 1003 1864 1022 τε

243 1053 426 1087 relinqueret;
455 1049 502 1077 sed
528 1053 586 1076 erat
607 1047 679 1083 quod
694 1046 794 1081 ubique
806 1048 859 1075 est,
875 1051 937 1071 cum
953 1044 1026 1078 apud

1082 1043 1162 1078 Ιεχρῆν
1178 1043 1302 1069 κάκεῖνον
1318 1042 1491 1078 πληρωθῆναι
1506 1042 1552 1069 τὸν
1572 1042 1649 1076 λόγον
1665 1041 1713 1068 τοῦ
1726 1041 1861 1077 ἃδε-ἦρος,

245 1086 353 1125 Patrem
369 1101 426 1124 tum
442 1096 469 1123 in
493 1095 584 1125 terris,
602 1097 694 1129 utpote
706 1093 751 1127 qui
767 1091 856 1118 Patris
870 1093 913 1117 est
926 1089 1024 1117 virtus.

1082 1089 1107 1116 ἂν
1122 1087 1213 1115 εἶπεν·
1229 1089 1298 1116 Εἰσί
1318 1097 1397 1122 τινες
1416 1088 1474 1115 τῶν
1491 1086 1548 1115 ὦδε
1569 1089 1754 1122 ἑστηκότων,
1778 1087 1807 1114 ot
1829 1088 1864 1114 οὐ

244 1145 286 1172 Ad
299 1144 361 1175 hoc,
378 1142 482 1177 impleri
498 1141 573 1168 illum
590 1139 743 1167 Servatoris
765 1144 918 1166 sermonem
945 1143 1026 1171 opor-

1082 1135 1119 1169 μὴ
1143 1135 1303 1169 γεύσονται
1329 1134 1468 1167 θανάτου,
1487 1135 1542 1168 ἕως
1561 1134 1599 1161 ἃν
1617 1134 1704 1161 ἴδωσι
1723 1134 1779 1160 τόν
1797 1133 1865 1160 Υὶὸιν

244 1191 308 1222 tuit,
322 1196 401 1225 quem
417 1187 567 1223 protulerat
581 1193 587 1211 :
601 1184 669 1212 Sunt
684 1184 791 1219 quidam
809 1189 841 1209 ea:
858 1181 913 1208 illi:
924 1181 969 1216 qui
984 1180 1025 1207 hic

1082 1181 1131 1208 τοῦ
1144 1180 1301 1215 ἀνθρώπου
1319 1181 1353 1207 ὲν
1366 1180 1450 1214 δόξῃ.
1465 1179 1542 1207 Εἶδον
1557 1178 1603 1208 οὖν
1617 1180 1665 1207 καὶ
1678 1179 1864 1216 ἐκοιμήθησαν

245 1241 344 1269 astant,
359 1235 403 1271 qui
419 1238 529 1261 mortem
551 1241 603 1260 non
629 1230 782 1268 gustabunt,
800 1227 948 1263 usquedum
963 1235 1027 1254 con-

1079 1227 1094 1254 ὄ
1108 1235 1137 1253 τε
1156 1227 1266 1263 Πέτρος,
1283 1227 1330 1254 καὶ
1345 1227 1481 1259 Ἰάκωϐος,
1494 1227 1540 1254 καὶ
1563 1227 1702 1262 Ἰωάννης.

244 1282 356 1317 spiciam
377 1279 476 1307 Filium
490 1276 781 1311 hominisinmajestale
789 1279 864 1302 aua°.
879 1272 977 1300 Petrus
1000 1271 1102 1308 itaque,
1117 1272 1236 1300 Iacobus
1252 1276 1279 1300 et
1290 1272 1409 1301 Joannes
1425 1273 1549 1301 viderunt
1559 1273 1587 1300 in
1601 1273 1699 1309 gloria,
1717 1277 1746 1300 et
1763 1272 1862 1300 obdor-

244 1334 372 1356 mterunt.

279 1373 312 1400 V.
328 1371 469 1406 Quomodo
484 1370 576 1405 itaque
595 1368 693 1395 faciem
707 1365 815 1394 Domini
829 1364 948 1393 lucidam
961 1371 1027 1391 con-

245 1418 392 1455 spicientes
421 1424 477 1443 non
503 1415 615 1442 fuerunt
630 1417 739 1448 stupore
753 1410 888 1447 perculsi;
906 1413 934 1436 at
946 1408 1028 1436 simul

244 1454 277 1493 ac
295 1471 388 1492 vocem
404 1463 464 1498 ejus
478 1461 641 1489 audiverunt
653 1459 679 1486 in
692 1464 792 1486 terram
804 1455 947 1484 cecidere?
959 1454 1028 1488 Quia

245 1511 372 1538 nimirum
386 1516 466 1536 aures
481 1515 562 1543 quam
574 1505 646 1534 oculi
658 1513 673 1531 a
694 1504 746 1531 ﬁde
758 1503 861 1531 absunt
871 1501 988 1536 longius,
1000 1504 1028 1527 et

245 1557 378 1584 inusitata
391 1562 444 1582 vox
461 1553 594 1587 majorem
611 1554 743 1578 terrorem
770 1547 878 1575 incutit.
895 1546 1027 1581 Equidem
1042 1561 1064 1590 α

245 1609 308 1628 cum
324 1606 418 1627 vocem
436 1597 542 1624 audiret
557 1596 675 1623 Joannes
684 1595 730 1621 ille
742 1593 869 1628 Baptista
882 1591 905 1624 ί,
916 1590 1028 1623 >14haud

245 1646 346 1678 timuit,
361 1645 460 1680 quippe
475 1643 503 1670 in
528 1643 627 1677 spiritu
649 1640 754 1668 audivit
770 1639 839 1674 ipse,
856 1638 902 1665 cui
919 1645 972 1665 vox
983 1637 1030 1663 illa

245 1693 366 1721 usitata:
383 1694 411 1718 at
426 1696 491 1717 vero
506 1695 559 1724 qua
576 1687 658 1714 homo
685 1689 791 1713 tantum
819 1684 881 1721 quis
905 1683 1028 1714 audiens,

246 1738 424 1773 obstupescit.
446 1735 520 1762 Hauc
543 1734 577 1762 ob
593 1740 705 1761 causam
725 1732 792 1759 dicit
809 1731 863 1758 illis
883 1730 1027 1757 Salvator:

248 1785 355 1812 Nemini
371 1782 492 1809 dixeritis
507 1779 576 1816 quod
588 1779 690 1806 vidistis
704 1779 726 1805 κ.
741 1777 775 1803 Al.
789 1784 843 1804 non
867 1776 954 1802 oculis
969 1782 1031 1802 car-

247 1830 356 1858 nalibus
370 1830 461 1855 lumen
478 1828 678 1862 conspexerant
693 1834 699 1852 :
713 1825 756 1852 his
773 1823 845 1852 enim
866 1822 935 1849 nihil
949 1821 1029 1848 aliine

247 1877 289 1905 vel
302 1876 441 1911 proprium
456 1881 517 1901 cum
532 1873 584 1900 hoc
598 1871 707 1904 lumine,
720 1870 774 1899 nisi
786 1872 866 1905 prout
877 1867 1030 1896 Servatoris

246 1924 372 1951 voluntas
393 1921 469 1948 carni
483 1919 592 1948 videndi
611 1919 737 1946 virtutem
760 1915 938 1947 concesserit,
954 1914 1032 1942 insu-

246 1978 296 2006 per
311 1968 384 2004 quotl
400 1971 428 1995 et
454 1967 544 1994 anima
560 1964 640 1997 vidit,
654 1962 730 1990 dedit
751 1961 839 1993 carni.
855 1959 1031 1996 participauti

246 2005 354 2050 nempe,
370 2021 403 2041 eo
417 2012 489 2048 quod
514 2015 588 2038 arcte
609 2018 671 2037 cum
688 2017 719 2036 ea
733 2007 881 2042 conjuncta
898 2006 943 2034 sit.
963 2005 1031 2032 lllud

246 2069 321 2094 vero,
332 2058 577 2088 Neminidixerilis,
590 2065 624 2084 ne
638 2056 708 2083 forte
720 2054 798 2085 illud,
811 2053 882 2088 quod
898 2051 1031 2079 Dominus

245 2111 316 2140 erat,
334 2103 559 2140 intelligentes,in
576 2103 652 2129 illum
662 2108 760 2128 manus
776 2100 890 2135 injicere
905 2098 1029 2125 abstine-

246 2157 309 2181 rent
323 2161 363 2185 se,
381 2156 408 2179 et
433 2151 473 2179 sic
505 2149 674 2185 dispensatio
700 2150 772 2175 esset
793 2145 964 2181 imperfecta,
983 2144 1031 2171 ab-

245 2203 373 2234 essetque
389 2205 405 2225 a
419 2196 533 2225 Domino
558 2202 643 2226 mors,
661 2199 690 2221 ut
716 2193 763 2229 qui
790 2192 892 2219 frustra
915 2193 1032 2218 conatus

1116 1361 1153 1387 E’.
1171 1360 1233 1393 Πῶς
1251 1358 1306 1393 οὖν,
1323 1361 1373 1397 τὴν
1386 1361 1433 1396 μὲν
1448 1360 1508 1396 ὄψιν
1531 1360 1581 1396 τὴν
1605 1362 1743 1397 φωτεινὴν
1756 1361 1864 1397 ἰδόντες⁷

1081 1406 1131 1432 οὐκ
1154 1406 1357 1442 ἐξεπλάγησαν·
1373 1406 1422 1442 τὴν
1441 1406 1469 1432 δὲ
1492 1406 1582 1441 φωνὴν
1608 1406 1785 1438 ἀκούσαντες,
1805 1407 1862 1433 ἕπε-

1083 1460 1128 1479 σον
1153 1452 1200 1478 ἐπὶ
1229 1452 1300 1487 γῆν,
1329 1452 1370 1478 ὅτι
1395 1449 1452 1478 ὦτα
1484 1452 1610 1487 τυγχάνει
1628 1451 1682 1487 (56)
1697 1452 1861 1487 ἀπιστότερα

1083 1498 1239 1534 ὀφθαλμῶν,
1257 1499 1306 1525 καὶ
1318 1499 1334 1534 ἡ
1347 1499 1421 1534 παρὰ
1434 1497 1512 1530 δόξαν
1527 1497 1603 1533 φωνὴ
1622 1497 1723 1532 μᾶλλον
1745 1498 1863 1533 ὲκπλήσυ

1082 1554 1132 1573 σει.
1151 1545 1179 1572 '0
1199 1545 1228 1572 δὲ
1248 1545 1373 1581 Ἰωάννης
1397 1546 1411 1571 ὁ
1435 1544 1593 1579 βαπτιστὴς,
1608 1544 1657 1578 τῆς
1673 1544 1768 1578 φωνῆς
1786 1543 1862 1570 ἀκού-

1081 1600 1141 1625 σας,
1156 1592 1206 1619 οὐκ
1224 1591 1354 1626 ἐφοϐήθη,
1372 1591 1409 1622 ὼς
1423 1591 1455 1617 ἂν
1463 1591 1491 1617 ὲν
1516 1589 1652 1625 πνεύματι
1668 1590 1789 1622 ἀκούσας
1804 1599 1862 1616 συν-

1082 1640 1142 1676 ήθει
1173 1639 1223 1674 τῆς
1248 1638 1376 1673 τοιαύτης
1405 1637 1511 1672 φωνῆς·
1530 1636 1597 1663 καθὸ
1607 1637 1636 1663 δὲ
1663 1636 1807 1672 ἄνθρωπός
1822 1638 1862 1668 τίς

1080 1686 1148 1718 ἐστι,
1166 1685 1245 1721 μόνον
1260 1684 1378 1716 ἀκούσας
1391 1683 1563 1718 κατεπλάγησ
1575 1683 1614 1709 διὸ
1626 1683 1673 1709 καὶ
1685 1682 1759 1717 λέγει
1775 1683 1863 1714 αὐτοῖς

1080 1733 1095 1758 ό
1110 1732 1223 1767 Σωτήρ·
1257 1730 1369 1764 Μηδενὶ
1394 1730 1497 1763 ειπητε
1519 1729 1534 1755 ὃ
1558 1729 1644 1755 ἴδετε.
1675 1730 1774 1755 Καίτοι
1805 1729 1862 1755 οὐδὲ

1083 1778 1224 1813 σαρκικοῖς
1241 1776 1388 1812 ὀφθαλμοῖς
1401 1776 1431 1802 τὸ
1447 1775 1505 1810 φῶς
1520 1775 1705 1810 ἐωράκεισαν·
1723 1774 1799 1801 οὐδὲν
1811 1775 1863 1809 γὰρ

1082 1823 1212 1857 συγγενὲς
1233 1823 1279 1849 καὶ
1306 1823 1403 1848 οἰκεῖον
1422 1821 1517 1857 ἐκείνῳ
1541 1821 1580 1856 τῷ
1607 1821 1675 1856 φωτί
1689 1822 1738 1848 καὶ
1756 1821 1815 1856 τῇδε
1830 1822 1862 1855 τῇ

1082 1870 1179 1905 σαρκί·
1202 1869 1258 1896 ἀλλ’
1272 1869 1308 1901 ὡς
1324 1869 1340 1904 ἡ
1357 1868 1469 1903 δύναμις
1494 1868 1572 1903 καὶὴ
1596 1867 1724 1902 βούλησις
1743 1867 1789 1894 τοῦ
1811 1867 1864 1893 Σω-

1080 1916 1162 1951 τῆρος
1185 1914 1371 1949 ὲνεδυνάμωςε
1391 1914 1440 1950 τὴν
1457 1913 1555 1950 σάρκα,
1581 1914 1621 1944 εἰς
1647 1913 1677 1939 τὸ
1703 1912 1863 1939 θεάσασθαι·

1081 1961 1168 1992 ἄλλως
1184 1969 1213 1987 τε
1231 1961 1277 1987 καὶ
1301 1960 1316 1986 ὃ
1338 1961 1354 1995 ἡ
1384 1959 1455 1995 ψυχὴ
1470 1958 1534 1990 εἶδε,
1552 1958 1689 1994 μετέδωκε
1702 1958 1865 1994 κοινωνούσῃ

1080 2008 1113 2042 τῇ
1129 2007 1220 2042 σαρκὶ,
1238 2004 1445 2041 συμπεπλέχθαι
1459 2005 1536 2039 αὐτῇ.
1551 2003 1587 2029 Τὸ
1598 2003 1636 2034 δὲ,
1653 2003 1769 2037 Μηδενὶ
1783 2004 1864 2035 εἴπη-

1081 2061 1123 2084 τε,
1144 2052 1189 2079 ἵνα
1204 2051 1251 2087 μὴ,
1267 2051 1281 2078 ὅ
1296 2052 1369 2077 ἐστιν
1381 2052 1394 2076 ό
1408 2049 1508 2086 Κύριος
1522 2050 1677 2084 νοήσαντες,
1694 2049 1865 2084 ἀπόσχωνται

1081 2097 1127 2124 τοῦ
1141 2097 1294 2123 ἐπιϐάλλειν
1312 2096 1351 2132 τῷ
1374 2087 1468 2131 Κυρίῷ
1484 2094 1533 2127 τὰς
1554 2096 1657 2130 χεῖρας,
1673 2095 1721 2120 καὶ
1739 2094 1836 2129 ἀτελὴς
1851 2094 1865 2128 ἡ

1082 2144 1221 2178 οἰκονομία
1238 2143 1360 2179 γένηται,
1384 2142 1430 2168 καὶ
1453 2143 1468 2168 ό
1496 2141 1609 2172 θάνατος
1639 2140 1794 2175 ἀπόσχηται
1821 2138 1865 2165 τοῦ

1083 2190 1196 2226 Κυρίου,
1213 2189 1250 2221 ὼς
1267 2189 1354 2225 μάτην
1375 2186 1510 2224 πειράζων
1535 2187 1581 2214 ἐπὶ
1596 2186 1731 2222 ἀνηνύτῳ.
1749 2186 1806 2212 Καὶ
1829 2185 1865 2211 ἔτι

246 2249 288 2274 est
303 2231 376 2280 quod
392 2242 522 2279 perﬁcere
537 2249 590 2268 non
604 2240 699 2275 potuit.
711 2238 857 2270 Praeterea,
873 2244 926 2264 vox
945 2236 990 2263 illa
1002 2235 1027 2262 in

1082 2237 1097 2271 ἡ
1111 2236 1159 2271 μὲν
1174 2237 1203 2262 ὲν
1220 2234 1258 2270 τῷ
1271 2234 1328 2269 ὅρει
1345 2234 1420 2269 φωνὴ
1437 2235 1492 2265 τοῖς
1507 2233 1557 2268 ἤδη
1575 2233 1704 2258 συνιεῖσιν
1730 2231 1866 2260 ἐκλεκτοῖς

247 2295 340 2318 monte
359 2290 463 2325 prolata
487 2288 580 2316 electis
595 2286 642 2321 qui
656 2285 805 2319 intelligere
826 2285 940 2318 possent
956 2282 1028 2309 facta

246 2344 306 2371 est;
333 2337 447 2370 ideoque
470 2335 561 2363 mirati
579 2337 654 2365 sunt,
672 2330 830 2359 testimonio
852 2329 891 2356 illi
906 2329 971 2359 lato,
984 2327 1029 2354 cui

247 2388 275 2410 et
296 2383 346 2418 ipsi
373 2382 563 2410 crediderant:
577 2387 627 2407 vox
645 2382 736 2405 autem
752 2376 798 2403 illa
818 2375 847 2403 in
867 2374 950 2402 ﬂuvio
965 2373 1028 2401 Jor-

248 2429 318 2456 dane
343 2429 447 2464 prolata
461 2431 503 2455 est
523 2427 577 2454 illis
592 2425 639 2461 qui
655 2425 682 2451 in
705 2431 767 2451 eum
784 2421 915 2449 credituri
938 2424 1028 2452 erant;

1083 2282 1206 2316 ὲγένετοι
1228 2281 1267 2307 διὸ
1294 2281 1342 2307 καὶ
1369 2280 1527 2314 ἐθαύμασαν
1568 2276 1795 2313 μαρτυρουμένου
1823 2274 1865 2301 τοῦ

1083 2326 1292 2361 πιστευομένοψ
1309 2326 1326 2360 ἡ
1349 2324 1377 2350 δὲ
1406 2324 1451 2350 ἐπὶ
1468 2322 1506 2358 τῷ
1530 2321 1644 2356 ποταμῷ
1666 2321 1722 2351 τοῖς
1742 2318 1866 2355 μέλλουσι

1083 2371 1234 2399 πιστεύειν·
1252 2370 1292 2396 διδ
1306 2370 1352 2396 καὶ
1365 2367 1488 2404 ἠμελήθη
1505 2366 1604 2402 ἡφωνὴ
1628 2365 1720 2396 αὐτοῖς
1735 2371 1866 2400 προκατε-

1083 2418 1207 2453 χομένοις
1226 2417 1272 2443 ἐπὶ
1286 2418 1317 2452 τῇ
1334 2415 1388 2442 τῶν
1400 2413 1635 2450 νομοδιδασκάλων
1650 2412 1758 2446 ἀγωγῇ.

248 2457 413 2510 quapropter
427 2477 455 2501 et
471 2473 505 2500 ab
521 2457 624 2500 eisdem
638 2469 688 2497 fuit
703 2468 826 2504 neglecta
839 2474 902 2499 vox,
915 2466 963 2502 qui
978 2463 1200 2492 institutionibus
1215 2461 1435 2498 legisperitorum
1449 2458 1581 2494 implicati
1596 2457 1804 2484 detinebantur.

286 2592 314 2620 »14
335 2587 367 2615 ι).
386 2585 439 2614 958
456 2585 510 2612 ED.
530 2584 678 2612 porren.
693 2589 730 2620 __-
751 2581 846 2620 Hatth.
867 2589 894 2612 ν,
910 2579 953 2620 i6_.

1011 2578 1025 2598 δ
1043 2577 1123 2604 Joan.
1137 2583 1183 2606 xx,
1206 2574 1252 2601 ες.

1309 2578 1320 2592 ε
1341 2572 1435 2599 Matth.
1455 2577 1521 2601 xvn,
1539 2568 1600 2596 1-8.
1652 2567 1666 2587 δ
1687 2565 1774 2594 lPet.
1792 2573 1823 2593 ιι.
1842 2564 1864 2590 9.

251 2629 264 2643 -
284 2608 542 2655 istin.}vvi,"2‘l;‘
554 2608 735 2652 ilic—.7227.
751 2608 785 2637 ’ἶ
807 2608 922 2647 Ιοιιη.ἰ,
936 2614 980 2642 55.
1020 2614 1033 2632 κ
1052 2611 1148 2639 Matth.
1163 2617 1229 2641 xvu,
1248 2608 1275 2635 9.

286 2715 342 2751 ’55)
357 2714 409 2742 Διὰ
423 2712 543 2751 πομὴν
557 2717 626 2751 rant.
643 2710 704 2751 _Alte
719 2708 786 2749 satis
795 2703 1027 2751 etorthodo-send‘e

249 2742 352 2779 Christi
368 2742 520 2782 mysteriis,
533 2748 580 2782 qui
595 2754 626 2774 se
642 2745 678 2772 ita
696 2742 862 2782 exiuanivit,
871 2745 900 2767 ut
910 2747 964 2780 non
980 2746 1028 2764 an-

249 2758 352 2779 ωιηειι
368 2758 395 2778 m
415 2758 517 2779 ειετιιε,
533 2758 580 2782 qul
595 2758 626 2774 δυ
643 2758 678 2772 Iw
696 2758 854 2772 cauum-Iun,
872 2758 900 2767 ιιι
910 2758 964 2766 ιιυιι
980 2758 1013 2764 ι...

249 2787 326 2821 gelus
339 2786 386 2813 sed
397 2758 480 2811 homo
497 2783 584 2821 ﬁeret,
599 2787 659 2821 quae
673 2775 1029 2821 extremavilitasjnhcﬁea:

251 2811 593 2855 nira‘in‘tenigentegdem
608 2811 672 2851 ipse
685 2814 730 2850 qui
749 2811 1029 2855 i_ii__c(plis__et_qqr_iii

250 2848 335 2889 terra,
353 2848 404 2884 nec
418 2848 433 2882 Ξ
449 2863 479 2882 se
500 2848 616 2884 divisus,
624 2848 729 2889 'nempe
744 2848 1031 2889 deitate_q_tia‘u-biqtle

251 2897 302 2926 est,
313 2883 366 2921 n'on
378 2883 415 2919 ita
430 2889 618 2921 humanitatis,
627 2893 687 2922 qua:
697 2883 908 2917 "circumscripta
915 2883 968 2912 est,
979 2885 1026 2905 ra-

1078 2703 1162 2730 tione.
1180 2700 1299 2728 Couner.

1184 2724 1301 2772 ἷάξᾶ-τ.
1316 2732 1447 2772 Herodoti
1471 2731 1574 2772 dictum
1591 2732 1652 2772 ‘est,
1664 2735 1728 2772 pag.
1748 2726 1767 2753 2
1774 2724 1865 2772 Elatia

1079 2760 1457 2813 xigsbyicivetnqvbiptbnotat
1477 2766 1556 2813 ἐόντα
1585 2760 1758 2813 (ξὶπιιιηξότῖξριπἱ
1770 2760 1864 2813 όφθξί

1082 2798 1150 2843 ίιῶν,
1164 2798 1264 2843 quod}
1278 2798 1393 2830 Philone
1406 2808 1517 2838 quoque
1536 2800 1644 2828 duobus
1659 2798 1686 2826 in
1705 2798 1776 2826 lecis
1787 2802 1864 2824 usurv

1081 2839 1216 2878 patuer.
1235 2839 1366 2868 Sustine.
