1934 3075
79 158 132 185 657

436 154 548 183 ΒΗΜΛ.
569 171 604 175 -
623 153 807 182 EXCERPTA
827 153 873 180 EX
895 152 1052 181 SCRIPTIS
1070 152 1254 184 THEODOTI,
1274 151 1349 180 ETC.

1652 152 1704 180 658

115 218 162 250 ς’.
180 215 227 247 Τδ,
251 215 298 241 Ἐν
311 213 390 248 ἀρχῇ
403 210 443 248 ἦν
458 214 475 240 d
489 213 594 247 Λόγος,
610 212 659 240 καὶ
678 213 694 240 ὁ
715 213 810 247 Λόγος
825 210 860 247 ἦν

952 210 996 238 Vi.
1012 210 1080 238 Illud
1098 220 1104 238 :
1123 210 1155 237 In
1166 211 1296 245 principia
1311 214 1370 238 erat
1395 210 1521 243 Verbum,
1541 215 1567 240 at
1589 211 1704 240 Verbum

78 262 158 296 spor;
188 261 243 287 τὸν
269 260 352 293 Θεὸν,
377 259 426 287 καὶ
453 259 524 293 Θεὸς
550 258 591 294 ἦν
613 261 629 286 ὀ
651 260 756 294 Λόγος,
773 261 796 286 οἱ
815 259 868 286 ἀπὸ

78 306 259 335 Οὐαλεντίνου
276 305 362 337 οὕτως
373 305 538 340 ἐκδέχονται.
559 305 665 340 Ἀρχὴν
681 305 731 340 μὲν
754 305 808 341 γὰρ
822 304 868 332 τὸν

77 352 223 386 Μονογενῆ
231 352 400 386 λέγουσιν.ὃν
413 353 459 378 καὶ
474 352 540 378 Θεὸν
556 351 816 388 προσαγορεύεσθαι,
829 352 867 385 ὡς

77 399 127 426 καὶ
144 399 175 424 ὲν
191 400 246 430 τοῖς
265 398 327 431 ἑξῆς
343 398 473 434 ἄντικρυς
494 397 559 424 Θεὸν
577 398 658 425 αὑτὸν
675 398 749 433 δηλοῖ
763 398 864 432 λέγων’

82 444 112 471 '0
119 444 289 480 μονογενὴς
304 444 375 475 Θεὸς
390 444 457 479 (5'7),
467 446 483 470 ὀ
498 443 540 471 ῶν
553 446 596 478 εἰς
609 444 662 472 τὸν
677 446 794 472 κόλπον
813 444 867 472 τοῦ

77 491 209 525 Πατρός,
222 490 335 523 ἐκεῖνος
353 490 538 525 ἐξηγήσατο·
554 491 599 517 τὸν
622 490 654 526 δὴ
676 491 761 525 Λόγον
776 491 821 517 τὸν
836 492 866 518 ὲν

73 538 111 572 τῇ
134 538 207 572 ἀρχῇ
225 535 330 567 τοῦτον,
345 536 390 562 τὸν
405 536 433 562 ὲν
446 536 485 571 τῷ
501 537 657 570 Μονογενεῖ,
668 537 696 562 ὲν
712 536 751 572 τῷ
771 536 808 572 νῷ
818 537 866 563 καὶ

73 584 110 618 τῇ
133 582 259 617 ἀληθείᾳ,
276 581 372 617 μηνύει
389 580 444 616 (58)
459 581 504 607 τὸν
520 581 637 616 Χριστὸν
659 582 704 609 τὸν
724 582 807 615 Λόγον
819 582 865 608 καὶ

71 628 126 663 τὴν
145 626 228 662 ζωήν.
241 627 322 653 Ὅθεν
338 626 450 657 εἰκότως
471 626 517 652 καὶ
532 626 613 653 αὐτὸν
629 626 695 652 Θεὸν
719 626 791 660 λέγει
820 627 865 652 τὸν

71 675 104 700 ἐν
132 672 172 708 τῷ
197 672 257 707 Θεῷ
279 671 317 707 τῷ
332 672 370 707 νῷ
385 672 460 699 ὄντα.
479 673 508 698 Ὀ
525 671 649 706 γέγονεν
670 671 705 698 ἐν
729 671 808 704 αὺτῷ
825 671 864 704 τῷ

72 720 174 753 Λόγῳ,
191 718 247 752 ζωὴ
261 716 301 752 ἦν
315 719 331 753 ή
348 718 473 752 σύζυγος·
490 718 530 744 διὸ
547 719 594 744 καὶ
618 718 699 753 φησὶν
714 718 728 744 6
742 718 843 753 Κύριος
855 726 861 732 ·

77 764 155 799 Ἐγώ
173 766 233 798 ειμι
245 765 264 797 ἡ
282 763 347 797 ζωή.
373 776 379 779 -

109 811 147 837 Z'.
169 811 324 844 Ἀγνωστος
337 808 383 837 οὖν
398 811 412 836 ὀ
427 809 523 846 Πατὴρ
536 809 584 841 ὢν,
600 809 717 845 ἠθέλησε
741 807 863 848 γνωσθῇ-

69 865 118 884 νςιι
133 858 190 888 τοῖς
201 856 296 882 Δίὦσι·
305 856 352 882 καὶ
367 856 410 882 διὰ
422 857 470 892 τῆς
478 855 683 890 Ἐνθυμήσεως
695 855 744 890 τῆς
754 853 861 885 ἑαυτοῦ,

68 903 110 934 ὡς
127 902 162 929 ἂν
185 903 279 929 ἑαυτὸν
297 901 434 936 ἐγνωκὼς,
452 901 560 937 πνεῦμα
586 900 722 936 γνώσεως,
737 900 819 936 οὔσης
834 901 862 926 ἐν

68 947 184 981 γνώσει,
201 947 334 983 προέϐαλε
354 948 399 974 τὸν
420 947 572 983 Μονογενῆ.
588 948 701 982 Γέγονεν
719 946 766 974 οὖν
787 947 835 975 καὶ
849 948 864 974 6

67 993 127 1020 ἀπὸ
146 993 286 1027 γνώσεως,
300 994 420 1020 τουτέστι
437 994 486 1029 τῆς
501 994 638 1030 πατρικῆς
659 993 863 1029 Ἑνθυμήσεως

68 1039 214 1074 προελθὼν
240 1040 352 1074 γνῶσις,
373 1040 511 1067 τουτέστιν
535 1041 549 1067 ό
575 1041 654 1072 Υἱός·
670 1041 711 1068 ὅτι
725 1041 759 1067 δι’
773 1040 836 1068 Υἱοῦ
849 1041 863 1067 6

66 1086 170 1121 Πατὴρ
186 1086 319 1121 ἐγνώσθη.
340 1086 377 1112 T6
399 1086 427 1113 δὲ
443 1087 492 1122 τῆς
511 1087 621 1123 ἀγάπης
639 1087 748 1122 πνεῦμα
763 1087 863 1122 κέκρα-

67 1140 117 1159 ται
134 1131 174 1167 τῷ
189 1131 239 1167 τῆς
256 1131 393 1166 γνώσεως,
411 1132 448 1164 ὡς
465 1133 558 1168 Πατὴρ
571 1132 638 1168 Υἱῴ,
653 1133 701 1159 καὶ
724 1133 863 1168 Ἐνούμη-

67 1187 123 1211 an;
139 1178 265 1214 ἀληθείᾳ.-
275 1179 322 1204 ἀπ“
336 1178 464 1214 ἀληθείας
477 1177 627 1214 προελθὼν,
639 1178 676 1210 ὡς
689 1178 743 1205 ἀπὸ
761 1179 862 1206 Ἐνθυ-

67 1224 193 1258 μιὶσεως
208 1225 224 1259 ἡ
241 1225 350 1258 γνῶσις.
369 1224 424 1250 Καὶ
439 1226 453 1250 ὁ
465 1225 515 1260 μὲν
526 1224 621 1260 μείνας
636 1225 782 1260 μονογενὴς
798 1224 862 1256 Υἱὸς

68 1271 110 1301 εἰς
125 1270 172 1296 τὸν
190 1269 289 1296 κόλπον
306 1269 352 1296 τοῦ
367 1269 483 1304 [ἰατρὸς.
498 1269 546 1305 τὴν
565 1270 744 1304 Ἐνθύμησιν
756 1270 800 1297 διὰ
812 1269 862 1305 τῆς

69 1315 201 1350 γνώσεως
219 1315 357 1351 ἐξηγεῖται
382 1317 438 1348 τοῖς
460 1316 572 1347 Αὶῶσιν,
586 1316 624 1348 ὡς
637 1316 669 1343 ἂν
682 1317 729 1343 καὶ
746 1316 799 1342 ὑπὸ
812 1317 860 1343 τοῦ

69 1360 175 1387 κόλπου
190 1361 273 1387 αὐτοῦ
288 1361 462 1396 προϐληθεὶς.
481 1362 510 1388 Ὀ
526 1361 554 1389 δὲ
575 1362 692 1390 ἐνταῦθα
705 1362 797 1397 ὀφθεὶς
811 1363 861 1390 οὐκ

68 1407 110 1433 ἔτι
128 1407 287 1442 μονογενὴς.
303 1407 360 1433 ἀλλ’
372 1407 409 1439 ὡς
427 1408 573 1444 μονογενὴς
587 1408 655 1444 πρὸς
674 1408 720 1434 τοῦ
747 1409 861 1435 ἀποστό-

67 1452 116 1479 λου
131 1452 374 1488 προσαγορεύεται,
388 1453 482 1485 δόξαν
494 1454 534 1487 ὡς
547 1455 744 1490 Μονογενοῦς·
757 1455 808 1488 ὅτι,
819 1452 860 1487 εἷς

69 1498 120 1524 καὶ
134 1499 148 1525 6
159 1499 241 1530 αὐτὸς
257 1498 304 1530 ὼν,
322 1499 351 1524 ὲν
369 1499 417 1534 μὲν
431 1501 463 1535 τῇ
478 1501 574 1535 κτήσει
589 1501 775 1534 πρωτότοκος
786 1502 858 1528 ἐστιν

73 1544 191 1580 Ἰησοῦς,
215 1546 243 1571 ὲν
266 1545 293 1572 δὲ
315 1545 480 1581 Πληρὼματι
505 1546 560 1582 (59)
582 1547 760 1583 μονογενής.
786 1548 814 1575 '0
829 1547 893 1587 δὶα

67 1590 151 1621 αὑτός
177 1591 246 1621 ἐστι,
260 1590 379 1622 τοιοῦτος
400 1590 437 1618 ὣν
460 1592 568 1628 ἑκάστῳ
587 1592 673 1628 τόπῳ,
690 1590 746 1625 οἷος
772 1602 858 1628 κεχω-

67 1635 170 1671 ρῆεθαι
187 1635 316 1668 δύναται,
331 1638 376 1663 καὶ
395 1637 521 1664 οὐδέποτε
535 1637 583 1664 τοῦ
600 1638 739 1674 μείναντος
753 1640 766 1665 6
779 1648 860 1666 κατα-

66 1682 119 1713 ϐὰς
150 1681 307 1716 μερίζεται·
339 1683 405 1718 φησὶ
435 1683 490 1719 γὰρ
509 1685 524 1711 ὁ
542 1683 718 1715 Ἀπόστολος·
749 1684 775 1710 '0
804 1684 858 1719 γὰρ

65 1728 194 1762 ἀναϐὰς,
212 1729 303 1761 αὐτός
320 1729 386 1756 ἐστι
401 1729 450 1756 καὶ
464 1731 480 1756 ὁ
500 1730 639 1763 καταϐάς.
656 1731 754 1763 Εἱκόνα
769 1731 797 1758 δὲ
811 1731 858 1758 τοῦ

66 1775 239 1809 Μονογενοῦς
263 1776 308 1801 τὸν
333 1776 502 1812 Δημιουργδν
526 1776 652 1811 λέγουσι·
672 1778 712 1804 διδ
728 1779 775 1805 καὶ
789 1778 859 1805 αὐτὰ

65 1819 116 1853 τῆς
135 1819 242 1851 εἰκόνος
256 1819 288 1846 τὰ
303 1819 382 1855 ἔργα.
400 1820 480 1847 Ὂϐεν
501 1822 572 1848 καὶὸ
583 1822 684 1858 Κύριος
701 1823 792 1850 εἰκόνα
809 1825 858 1859 τῆς

65 1864 261 1899 πνευματικῆς
275 1865 450 1897 ἀναστάσεως
473 1868 589 1902 ποιήσας
608 1868 670 1899 τοὺς
684 1869 796 1904 νεκροὺς
810 1868 857 1900 οὓς

64 1908 192 1944 ἧγειρεν,
219 1910 269 1936 οὐκ
293 1909 445 1946 ἀφθάρτους
468 1911 518 1947 τὴν
542 1912 643 1947 σάρκα,
657 1912 765 1945 ἀλλ’ὡς
779 1911 857 1944 αὖθις

65 1955 305 1991 ἀποθανουμένους
318 1957 436 1993 ῆγειρεν.

104 2084 145 2109 H’.
166 2083 263 2118 Ἠμεζ
277 2084 305 2111 δὲ
320 2085 365 2111 τὸν
381 2086 409 2112 ἐν
424 2087 567 2123 ταύτότητι
582 2088 667 2122 Λόγον
677 2088 743 2114 Θεὸν
759 2089 787 2115 ὲν
798 2087 856 2124 Θεῷ

65 2138 171 2164 φαμεν,
180 2130 209 2162 ὃς
220 2131 267 2157 καὶ
276 2132 316 2162 εἰς
326 2131 370 2158 τὸν
382 2132 479 2160 κόλπον
486 2133 533 2160 τοῦ
545 2134 650 2170 Πατρὸς
659 2132 728 2161 εἶναι
738 2134 855 2175 λέγεται,

65 2176 240 2209 ἀδιάπτωτος,
264 2177 419 2212 ἀμέριστος,
443 2177 483 2211 εἷς
499 2180 575 2212 Θεύς.
592 2180 693 2207 Πάντα
713 2180 750 2207 δι’
763 2180 856 2208 αὐτοῦ

919 262 974 284 erat
991 257 1061 292 apud
1078 257 1172 288 Deum.
1188 261 1214 284 et
1230 256 1299 285 Deus
1321 262 1380 284 erat
1395 257 1508 285 Verbum
1520 264 1546 291 α,
1565 257 1702 289 Valentini

918 310 1049 338 sequaces
1080 303 1121 332 sic
1149 303 1374 338 interpretantur.
1399 303 1565 338 Principium
1592 305 1704 340 quidem

918 347 1092 384 Unigenitum
1112 348 1218 380 dicunt,
1237 357 1318 384 quem
1336 349 1417 376 etiam
1446 349 1530 376 Deum
1555 351 1702 383 nominari,

918 394 998 421 siculi
1015 394 1042 421 in
1056 394 1091 421 iis
1103 402 1164 429 qua:
1175 398 1328 429 sequuntur
1347 393 1431 421 Deum
1447 402 1509 422 eum
1520 403 1582 422 esse
1600 396 1704 431 liquido

917 440 1035 467 ostendit
1049 440 1167 468 Joannes
1187 441 1282 468 dicens
1298 450 1305 468 ε
1321 439 1475 476 Unigenitua
1496 441 1576 475 Deus,
1597 444 1642 479 qui
1664 449 1704 470 est

916 486 944 513 in
956 487 1016 513 sinu
1027 486 1128 519 Patris,
1144 487 1198 522 ipse
1211 488 1343 514 enarravit
1356 488 1380 515 δ.
1393 487 1511 516 Verbum
1521 490 1625 517 scilicet
1639 490 1702 521 hoc.

916 532 990 567 quod
1011 537 1071 560 erat
1095 533 1123 560 in
1150 533 1297 568 principio,
1313 533 1380 561 illud
1406 535 1480 569 quod
1500 535 1526 562 in
1545 535 1701 571 Unigenito.

916 578 988 613 quod
1006 579 1034 606 in
1051 583 1152 610 mente,
1175 583 1202 606 et
1214 580 1286 614 quod
1306 580 1333 607 in
1349 581 1463 609 veritate
1479 581 1540 615 fuit,
1558 582 1701 610 Christum

922 624 1039 652 Verbum
1056 628 1083 652 et
1101 625 1184 652 vitam
1211 625 1324 653 indicat.
1343 625 1420 654 Unde
1445 627 1542 655 merito
1561 632 1588 655 et
1613 629 1700 664 ipsum

915 670 1038 696 nominat
1047 669 1129 696 Deum
1137 670 1183 705 qui
1197 670 1224 697 in
1233 669 1288 698 Deo
1299 675 1389 698 mente
1399 672 1597 706 exsistit.Quad
1609 674 1635 700 in
1645 674 1701 708 ipsa

920 714 1003 742 Verbo
1027 715 1127 749 factum
1151 720 1201 748 est,
1218 716 1272 743 vita
1297 722 1375 743 eratc
1393 718 1505 752 conjux;
1523 719 1701 754 quamobrem

913 764 941 789 et
956 760 1088 789 Dominus
1104 762 1192 797 inquit
1207 771 1213 789 :
1232 761 1288 798 Ego
1305 771 1364 789 sum
1379 763 1469 791 vitad.

948 806 1030 842 349
1043 806 1099 834 νη.
1117 807 1217 834 Parum
1227 807 1320 843 itaque
1337 809 1463 844 cognitus
1476 808 1567 842 Pater,
1583 810 1616 838 ab
1631 810 1700 839 Eo-

913 853 994 880 nibus
1010 853 1138 887 cognosci
1161 853 1257 885 voluit.
1270 857 1297 881 et
1320 862 1368 888 per
1387 855 1429 882 sui
1452 855 1539 890 ipsius
1555 855 1698 892 Enthyme-

913 898 965 930 sin,
978 902 1071 933 utpote
1087 897 1134 933 qui
1151 905 1180 926 se
1194 900 1296 933 optime
1316 900 1433 932 noverit,
1451 901 1564 935 spiritus
1579 903 1701 930 scientiae

912 950 972 978 quae
986 944 1093 972 exsistit
1111 944 1139 972 in
1155 945 1270 972 scientia
1295 945 1424 980 produxit
1440 946 1626 982 Unigenitum.
1638 947 1701 975 Fuit

912 997 977 1025 ergo
992 997 1008 1016 a
1027 990 1152 1022 scientia,
1179 990 1232 1018 hoc
1255 995 1308 1022 est,
1340 992 1454 1019 scientia
1467 993 1580 1021 veniens
1595 994 1628 1021 ab
1644 996 1700 1022 En-

913 1035 1023 1070 thymesi
1040 1034 1141 1067 Patris,
1163 1035 1215 1064 hoc
1233 1037 1363 1064 nimirum
1391 1043 1433 1066 est
1449 1037 1545 1072 Filius,
1564 1039 1635 1074 quod
1652 1048 1701 1075 per

911 1080 1010 1108 Filium
1025 1081 1106 1109 Pater
1120 1082 1201 1110 nobis
1221 1083 1258 1110 sit
1280 1085 1416 1119 cognitus.
1439 1083 1558 1120 Spiritus
1572 1093 1636 1113 vero
1655 1086 1700 1114 ille

911 1127 1056 1155 cbaritatis
1077 1128 1116 1155 illi
1132 1129 1256 1157 scientia:
1272 1130 1382 1166 spiritui
1399 1131 1498 1159 mistus
1515 1136 1557 1159 est
1573 1133 1606 1160 ad
1623 1141 1701 1160 eum-

911 1173 971 1201 dem
985 1173 1093 1201 modum
1107 1182 1161 1209 quo
1176 1174 1256 1203 Pater
1266 1176 1346 1209 Filio,
1359 1182 1386 1204 et
1398 1177 1564 1214 Eni/tymetia
1572 1180 1679 1207 veritati
1691 1190 1699 1214 ;

910 1227 965 1246 non
981 1219 1059 1248 aliter
1074 1228 1105 1248 ac
1116 1222 1230 1249 scientia
1249 1223 1283 1250 ab
1300 1222 1464 1258 Enthymesi,
1482 1233 1497 1252 a
1510 1226 1624 1253 veritate
1635 1234 1698 1261 pro-

909 1267 1032 1294 veniens.
1054 1266 1087 1293 Et
1115 1267 1162 1295 ille
1188 1268 1296 1303 quidem
1312 1269 1358 1304 qui
1380 1270 1407 1296 in
1421 1270 1483 1297 sinu
1504 1270 1593 1299 Putris
1610 1270 1695 1300 Filius

910 1312 1067 1346 unigenitus
1091 1313 1236 1345 manserit,
1255 1313 1428 1349 Enthymesin
1470 1315 1541 1343 hanc
1561 1315 1698 1344 Eonibus

911 1365 958 1393 per
975 1358 1118 1386 scientiam
1137 1359 1278 1394 patefacit,
1292 1364 1322 1387 ut
1336 1360 1383 1395 qui
1395 1368 1410 1387 e
1427 1361 1489 1389 sinu
1513 1361 1573 1396 ejus
1585 1370 1698 1397 proces-

910 1404 987 1432 serit.
1002 1404 1054 1438 Qui
1069 1412 1134 1432 vero
1144 1405 1190 1432 hic
1206 1406 1282 1433 visus
1298 1409 1340 1433 est
1356 1406 1383 1432 in
1401 1407 1492 1439 terris,
1506 1415 1561 1434 non
1581 1408 1698 1443 amplius

909 1450 1077 1485 unigenitus,
1093 1451 1140 1478 sed
1158 1451 1237 1486 quasi
1253 1451 1412 1486 unigenitus
1435 1452 1469 1479 ab
1491 1454 1615 1488 apostolo
1632 1462 1698 1482 con-

909 1495 1055 1528 sideratur,
1073 1495 1185 1530 gloriam
1201 1497 1276 1532 quasi
1286 1496 1418 1532 Um'gem'ti
1430 1503 1458 1531 e;
1491 1501 1520 1530 >14
1546 1499 1618 1534 quod
1635 1508 1698 1528 cum

910 1551 981 1571 unus
996 1544 1121 1579 idemque
1134 1544 1180 1577 sit,
1196 1545 1341 1579 separatim
1356 1545 1381 1571 in
1399 1548 1524 1572 creatura
1539 1545 1619 1574 Jesus
1633 1547 1696 1582 qui-

911 1588 972 1615 dem
987 1589 1186 1624 primogenitus,
1203 1589 1231 1616 in
1248 1588 1421 1618 Plenitudine
1431 1598 1495 1618 vero
1510 1591 1657 1627 unigenitus
1669 1592 1692 1620 ί.

911 1633 958 1660 ille
978 1639 1068 1662 autem
1092 1634 1164 1661 idem
1181 1637 1233 1666 est,
1248 1642 1344 1669 nempe
1367 1635 1431 1663 talis
1455 1637 1602 1672 unicuique
1623 1637 1694 1669 loco,

911 1680 999 1714 qualis
1012 1680 1046 1707 ab
1056 1679 1151 1707 eodem
1167 1680 1228 1716 capi
1244 1680 1341 1714 possit,
1353 1684 1380 1708 et
1390 1689 1530 1717 nunquam
1542 1690 1557 1709 a
1569 1687 1697 1710 manente

912 1725 956 1752 ille
968 1725 1014 1760 qui
1033 1725 1186 1757 descendit,
1201 1725 1346 1758 dividitur;
1358 1726 1425 1754 dicit
1443 1728 1515 1756 enim
1525 1729 1671 1763 Apostolus
1688 1737 1694 1754 :

912 1771 964 1804 Qui
978 1772 1047 1798 enim
1076 1771 1204 1804 ascendit,
1221 1772 1290 1798 idem
1303 1777 1341 1799 est
1356 1773 1401 1807 qui
1417 1772 1550 1801 descendit
1562 1776 1584 1802 ε.
1600 1775 1696 1811 Imagi-

911 1825 972 1844 nem
984 1823 1073 1845 autem
1091 1817 1228 1854 Unigeniu'
1244 1818 1419 1854 Demiurgum
1436 1820 1694 1856 nominant:proiu~

910 1863 944 1891 de
963 1863 1058 1892 eadem
1080 1869 1144 1892 sunt
1167 1865 1294 1899 imaginis
1317 1873 1410 1900 opera.
1431 1865 1500 1892 Uine
1523 1871 1550 1893 et
1566 1866 1696 1895 Dominus

910 1909 1119 1937 resurrectionis
1145 1910 1276 1945 spiritalis
1297 1910 1442 1945 imaginem
1458 1912 1607 1940 conﬁciens
1622 1921 1696 1940 mor-

911 1959 973 1982 tuos
991 1963 1059 1990 quos
1081 1955 1233 1988 suscitavit,
1251 1963 1304 1983 non
1322 1963 1404 1982 carne
1422 1963 1438 1982 a
1453 1957 1628 1992 corruptione
1641 1958 1694 1984 im-

910 2001 986 2028 muni
1003 2001 1155 2034 suscitavit,
1164 2001 1211 2029 sed
1222 2001 1299 2036 quasi
1316 2000 1362 2036 qui
1381 2000 1478 2028 iterum
1496 2006 1612 2029 mortem
1628 2003 1694 2030 sub-

910 2047 991 2074 irent.

946 2091 1013 2120 Vill.
1026 2091 1081 2121 Nos
1099 2095 1188 2120 autem
1208 2091 1293 2120 Deum
1309 2091 1429 2120 Verbum
1452 2100 1501 2127 per
1522 2092 1691 2120 identitatcin

909 2138 936 2165 in
952 2137 1008 2166 Deo
1029 2146 1091 2166 esse
1114 2138 1275 2170 asserimus,
1290 2138 1336 2173 qui
1352 2142 1380 2165 et
1403 2138 1430 2165 in
1446 2139 1508 2165 sinu
1523 2137 1612 2166 Patris
1631 2146 1693 2166 esse

909 2185 1023 2217 dicitur,
1035 2184 1082 2220 qui
1097 2192 1147 2212 nec
1158 2185 1279 2220 separari
1289 2185 1330 2212 vel
1345 2184 1429 2212 dividi
1442 2185 1537 2220 possit,
1558 2185 1603 2212 sed
1621 2193 1691 2212 unus

64 2222 198 2254 ἐτέρπετο,
215 2223 284 2248 κατὰ
305 2223 353 2259 τὴν
366 2226 484 2260 προσεχῆ
500 2226 637 2262 ἐνέργειαν
650 2226 696 2253 τοῦ
720 2228 748 2253 ἐν
762 2226 857 2253 ταύτό-

914 2235 950 2258 est
966 2230 1047 2259 Deus.
1066 2230 1162 2258 Omnia
1172 2239 1217 2265 per
1232 2231 1317 2264 ipsum
1336 2231 1407 2265 facta
1425 2236 1486 2257 sunt
1499 2231 1523 2263 δ,
1544 2238 1592 2265 per
1605 2230 1691 2256 virtu-

65 2276 129 2302 τητι
144 2268 242 2302 Λόγου,
250 2269 285 2295 τά
295 2278 325 2295 τε
336 2271 505 2306 πνευματικὰ
516 2272 562 2298 καὶ
573 2273 654 2308 νοητὰ
668 2274 714 2300 καὶ
730 2273 854 2309 αἰσθητά.

65 2312 153 2345 Οὗτος
164 2314 218 2340 τὸν
229 2315 344 2341 κόλπον
359 2316 411 2343 τοῦ
420 2317 535 2351 Πατρός
543 2318 712 2354 ἐξηγήσατο
722 2321 735 2347 6
750 2321 854 2356 Σωτήρ.

65 2359 124 2388 Καὶ
143 2359 266 2392 Ἡσαΐας·
282 2361 335 2388 Καὶ
349 2363 548 2391 ἀνταποδώσω
562 2365 599 2392 τὰ
613 2365 685 2401 ἔργα
699 2366 797 2394 αὐτῶν
812 2368 856 2400 εἰς

108 2474 137 2502 >14
159 2471 189 2498 P.
213 2471 329 2499 959121).
344 2472 489 2501 POTTER.
509 2481 522 2495 ι
540 2473 641 2505 Joatm.
660 2476 686 2504 i.
725 2476 738 2496 b
758 2476 823 2505 Ibid.
839 2478 881 2506 18.

69 2504 150 2533 tCol.
171 2507 258 2538 Ι,15.
317 2509 329 2528 5
350 2508 417 2544 Eph.
433 2517 468 2543 Iv,
492 2510 535 2536 10.

106 2566 164 2603 (57)
188 2567 215 2592 Ὀ
227 2568 394 2602 μονογενὴς
407 2570 489 2603 Θεός.
504 2570 591 2597 Etiam
608 2570 668 2603 Syr.
691 2571 766 2603 Θεός,
789 2572 854 2600 reli-

67 2602 116 2636 qui
143 2601 214 2641 forte
241 2601 338 2641 melius
350 2604 422 2641 Υἱός,
439 2601 594 2641 unigenitus
616 2601 711 2633 Filius.
725 2601 785 2641 quae
802 2616 853 2635 vox

69 2645 126 2663 non
143 2637 210 2664 sinit
227 2638 296 2665 trahi
313 2639 440 2666 deitatem
459 2637 539 2667 Verbi
555 2641 588 2668 ad
603 2637 853 2669 Valentini'anorum

68 2672 241 2712 ὁμωνυμίαν,
255 2673 301 2700 sed
317 2678 345 2712 ut
358 2682 420 2712 vere
437 2674 523 2702 Filius
535 2676 659 2711 Deusque
677 2677 854 2712 intelligatur,

69 2708 261 2746 singularique
290 2709 432 2746 nativitate
460 2719 511 2745 qua
537 2708 687 2746 unus-ipse
702 2708 856 2746 unigénitus

69 2742 283 2781 inuitauitate__et
306 2751 405 2778 carne,
417 2742 487 2772 idem
506 2742 702 2781 primogenitus
716 2752 743 2774 et
751 2742 857 2774 “fratres

69 2777 186 2816 habens,
204 2778 305 2812 quibus
317 2787 379 2806 vere
394 2777 585 2808 communicet.
596 2777 727 2816 Reliqua,
743 2786 769 2809 et
784 2782 856 2816 quod

69 2812 163 2852 divina
179 2820 295 2848 quaeque
318 2815 490 2852 nomina_res
506 2820 533 2843 et
553 2812 854 2852 Aidwagfseuﬂaliquid

69 2848 232 2887 distinctum
242 2856 374 2887 _v_e_reque
385 2850 521 2879 exsisteus
535 2853 716 2887 accipiuntur,
734 2848 854 2879 Valenti-

69 2884 216 2911 nianorum
233 2883 340 2912 deliria.
355 2883 472 2913 Coner.

591 2511 604 2530 ιι
625 2511 704 2538 Juan.
722 2519 745 2544 t,
761 2512 788 2540 5.

908 2280 963 2304 tem
975 2276 1157 2304 immediatam
1173 2276 1265 2308 Verbi,
1281 2276 1390 2311 quodin
1404 2276 1544 2303 identitate
1557 2280 1609 2307 est,
1628 2282 1691 2302 cum

908 2322 1051 2357 spiritalia,
1078 2328 1135 2349 tum
1163 2322 1353 2358 iutelligibilia,
1382 2325 1409 2349 et
1428 2329 1488 2357 qua:
1503 2329 1585 2348 sensu
1605 2321 1693 2356 perci-

909 2368 1031 2403 piuntur.
1048 2367 1097 2396 Hic
1111 2367 1235 2396 Salvator
1254 2368 1345 2396 Patris
1366 2368 1453 2395 sinum
1475 2367 1598 2403 patefecit
1611 2368 1634 2395 ί.
1658 2365 1692 2394 Et

921 2485 932 2498 ε
954 2479 1021 2507 ibid.
1039 2480 1066 2508 ἆ.
1102 2479 1116 2499 ἀ
1134 2479 1212 2508 Joan.
1229 2488 1267 2514 xu,
1280 2479 1329 2514 25;
1345 2487 1401 2512 xtv,
1416 2479 1444 2507 6.
1484 2484 1497 2499 ο
1515 2479 1594 2508 Joan.
1608 2487 1627 2511 ι,
1646 2479 1690 2507 ιι.

846 2514 854 2534 ἱ
877 2513 944 2542 ibid.
965 2515 1008 2542 18.

1014 2576 1135 2615 Ρίιῃνύξι..
1154 2574 1200 2615 S_c.
1214 2574 1334 2615 Joannes
1349 2575 1500 2615 apostolus.
1515 2575 1638 2615 Susum;
1682 2609 1688 2615 _

941 2610 996 2645 (59)
1026 2611 1075 2638 Ἑν
1099 2610 1132 2638 δὲ
1155 2611 1340 2645 Πληρώματι.
1362 2611 1419 2638 Vox
1435 2615 1478 2639 est
1492 2619 1545 2645 qua
1562 2612 1631 2637 male
1647 2610 1690 2637 usi

905 2645 1152 2684 Valentiniauipro
1168 2653 1250 2684 scena
1266 2646 1384 2684 quadam
1399 2651 1426 2684 et
1440 2647 1591 2684 capacitate
1607 2652 1689 2684 supra

906 2681 1002 2712 (-mlos,
1020 2681 1058 2707 uti
1076 2681 1115 2708 sic
1135 2681 1202 2708 satis
1230 2682 1377 2716 explicant,
1404 2681 1432 2708 in
1456 2680 1510 2715 quo
1527 2680 1689 2714 Unigenitus

908 2724 956 2750 pro
968 2716 1018 2743 loci
1034 2716 1215 2744 immensitate
1238 2724 1364 2751 magnus.
1380 2716 1423 2743 hic
1439 2716 1466 2743 in
1482 2716 1561 2744 terris
1578 2722 1688 2751 parvus.

909 2749 1051 2790 Sic‘deliri
1067 2751 1191 2790 homines
1204 2749 1325 2790 nihilque
1341 2752 1430 2790 minus
1445 2759 1531 2790 quam
1543 2758 1604 2778 vere
1623 2749 1689 2790 qua-

909 2786 979 2825 ειὶςε,
1026 2793 1051 2812 e.
1069 2787 1215 2825 sapientes
1225 2785 1421 2825 excellentique
1435 2785 1550 2814 scientia
1571 2785 1688 2825 praediti,

909 2821 956 2848 sed
978 2821 1057 2855 plane
1080 2821 1296 2856 insipientissimi
1322 2821 1464 2856 bardique,
1486 2828 1536 2849 nec
1555 2820 1634 2848 aliter
1647 2820 1688 2848 ei!

907 2855 1060 2884 intellectus
1078 2855 1154 2884 sinus
1173 2855 1272 2884 Patris.
1291 2855 1409 2884 ϐοηθεῖ.
