1934 3075
78 163 132 192 S63

437 162 550 190 DUBIA.
573 179 606 184 ——
629 163 813 191 EXCERPTA
836 163 881 192 EX
904 165 1061 194 SCRIPTIS
1081 166 1263 200 'I'IIEODOTI,
1284 168 1358 196 ETC.

1660 171 1712 199 666

77 224 251 260 φορέσωμεν
262 224 312 251 καὶ
329 223 386 258 τὴν
396 225 498 251 εἰκόνα
523 224 577 251 τοῦ
605 225 803 259 ἐπουρανίου,
826 226 862 253 rei

926 227 992 259 reni,
1004 235 1123 262 geremus
1137 228 1216 254 etiam
1232 228 1372 263 imaginem
1385 228 1495 255 ca-lestis
1510 235 1534 260 α,
1560 233 1586 256 et
1599 229 1710 264 spirita-

77 269 279 306 πνευματικοῦ,
305 270 375 298 κατὰ
410 272 551 308 προκοπὴν
580 272 772 307 τελειούμενοι.
799 272 862 308 Πλὴν

923 273 967 304 lis.
981 274 1131 301 secundum
1155 274 1308 309 profectum
1330 274 1524 309 perfectionem
1540 275 1640 311 adepti.
1657 275 1710 304 Sed

77 317 160 344 πάλιν
177 317 269 344 εἰκόνα
287 317 371 352 λέγει,
390 317 427 349 ὡς
454 315 523 344 εἶναι
548 317 661 353 σώματα
687 319 869 354 πνευματικά.

76 364 133 390 Καὶ
153 363 243 390 πάλιψ
260 364 336 397 Ἄρτι
346 363 505 398 ,βὰἐπομεν
517 363 554 390 δι’
567 364 718 398 ἐσόπτρου
730 365 764 391 ἐν
775 366 870 399 alt-[74

73 417 158 444 μαι-ι,
180 410 249 436 τότε
277 409 312 436 δὲ
336 410 498 442 πρόσωπον
520 409 596 444 πρὸς
620 412 790 444 πρόσωπον.
815 411 870 436 Αὑ-

74 456 141 482 τίκα
159 455 215 491 γὰρ
227 456 367 491 ἀρχόμεθα
391 456 546 490 γινώσκειν.
559 457 627 483 Οὐδὲ
642 457 788 492 πρόσωπον
802 457 868 492 (Ἠ),

76 502 145 533 ἰδέα,
160 502 207 528 καὶ
222 502 325 537 σχῆμα,
338 503 385 529 καὶ
399 502 485 538 σῶμα,
512 503 608 538 Σχῆμα
628 503 676 538 μὲν
687 502 733 530 οὖν
751 504 868 539 σχήματι

73 548 238 583 θεωρεῖται,
269 549 316 575 καὶ
344 549 488 584 πρόσωπον
516 549 671 585 προσώπῳ,
703 549 750 577 καὶ
779 551 869 584 ἐπιγι-

72 593 212 620 νώσκεται
239 594 274 621 τὰ
303 595 482 631 γνωρίσματα
508 597 564 627 τοῖς
587 596 708 632 σχήμασι
733 596 780 623 καὶ
808 597 868 628 ταῖς

70 640 190 672 οὐσίαις.

108 687 171 720 Iq'.
193 687 249 713 Kal.
265 687 283 720 ἡ
303 687 463 721 περιστερὰ
481 687 508 714 δὲ
522 687 608 722 σῶμα
628 687 715 723 ὤφθη·
732 689 764 723 ἢν
779 688 803 714 οἱ
817 688 867 724 μὲν

68 733 102 760 τὸ
117 733 197 767 ἅγιον
217 733 330 768 ΙΙ*ιεῦμά
356 742 448 768 φασιν,
470 735 495 760 οἱ
523 734 551 760 δὲ
576 734 630 760 ἀπὸ
651 734 805 761 Βασιλείδου
816 735 866 761 τὸν

69 779 209 811 διάκονον,
226 779 250 805 οἱ
265 779 294 805 δὲ
311 780 364 807 ἀπὸ
379 779 555 806 Οὐαλεντίνου
574 779 629 814 (75)
650 780 681 806 τὸ
696 780 804 816 πνεῦμα
816 781 866 816 τῆς

75 825 273 862 Ἐνθυμήσεως
284 825 331 853 τοῦ
347 826 463 862 Πατρός,
476 826 525 862 τὴν
541 825 699 853 κατέλευσιν
712 835 810 862 πεποιη
815 826 864 862 μέ-

69 881 116 899 νον
137 873 186 899 ἐπι
203 873 252 908 τὴν
265 873 311 899 τοὸ
324 873 410 908 Λόγου
429 873 528 908 σάρκα.

106 961 159 988 lZ'.
178 962 274 988 Ἐστιν
297 961 400 998 Ἰησοῦς
415 962 461 988 καὶ
482 963 498 997 ἡ
522 961 669 997 Ἐκκλησία
686 962 732 989 καὶ
753 963 770 998 ἡ
786 962 866 997 σοφία

68 1007 103 1033 δι’
119 1007 191 1033 ὅλων
207 1007 306 1043 κρᾶσις
333 1007 387 1033 τῶν
417 1007 551 1043 σωμάτων
578 1008 690 1043 δυνατὴ,
721 1008 790 1035 κατὰ
802 1010 865 1041 τοὺς

69 1053 322 1085 Οὐαλεντινιανούς.
345 1054 377 1080 Ἡ
396 1053 462 1088 γοῦν
490 1054 648 1090 ἀνθρωπίνη
676 1054 748 1090 μίξις
763 1056 779 1091 ἡ
794 1055 864 1082 κατὰ

68 1100 161 1134 γάμον
178 1101 210 1126 ἐκ
222 1100 295 1126 δυεῖν
313 1100 488 1135 μεμιγμένων
506 1101 670 1136 σπερμάτων
684 1101 742 1133 ἑνὸς
757 1102 864 1136 γένεσιν

69 1145 179 1171 παιδίου
195 1144 332 1172 ἁποτελεῖ’
355 1146 401 1172 καὶ
414 1145 444 1172 τὸ
465 1145 554 1181 σῶμα,
580 1146 620 1177 εἰς
640 1147 691 1182 γῆν
721 1147 862 1180 ἁναλυθὲν,

69 1191 204 1227 κέκραται
213 1192 246 1226 τῇ
261 1193 308 1226 τῇ,
325 1192 372 1218 καὶ
386 1191 416 1218 τὺ
429 1191 501 1227 ὕδωρ
513 1191 552 1227 τῷ
562 1192 635 1227 οἴνῳ.
649 1191 689 1218 Τὰ
705 1192 733 1219 δὲ
748 1193 864 1228 κρείττω

68 1238 117 1264 καὶ
130 1237 322 1273 διαφορώτερα
339 1237 452 1273 σώματα
475 1238 569 1274 ῥᾳδίαν
593 1238 662 1273 ἴσχει
687 1239 737 1274 τὴν
753 1239 860 1274 κρᾶσιν.

68 1284 185 1320 Πνεῦμα
211 1284 276 1318 γοῦν
307 1283 442 1318 πνεύματι
475 1285 612 1319 μίγνυται.
645 1285 721 1320 Ἐμοὶ
747 1285 775 1311 δὲ
791 1285 864 1312 δοκεῖ

67 1330 142 1356 κατὰ
157 1330 308 1366 παράθεσιν
332 1330 411 1357 τοῦτο
435 1330 571 1365 γενέσθαι,
599 1331 656 1357 ἀλλ’
670 1331 700 1357 οὺ
714 1325 784 1358 κατὰ
795 1332 863 1367 κρᾶ-

68 1386 121 1403 σιν.
139 1378 214 1412 Μήτι
228 1375 275 1404 οὖν
289 1378 306 1413 ἡ
323 1377 382 1404 θεία
396 1377 519 1414 δύναμις,
539 1378 669 1413 διήκουσα
691 1378 740 1414 τὴν
761 1378 861 1414 ψυχὴν,

67 1424 179 1458 ἁγιάζει
196 1425 281 1460 αὐτὴν
298 1424 368 1451 κατά
388 1424 437 1459 τὴν
460 1424 618 1451 τελευταίαν
642 1426 804 1461 προκοπήν;
834 1425 862 1451 '0

68 1470 124 1505 γὰρ
139 1470 213 1503 Θεὸς
229 1470 354 1505 πνεῦμα·
373 1471 448 1498 ὅπου
481 1470 561 1497 θέλει
585 1471 662 1498 πνεῖ·
678 1473 694 1507 ἡ
711 1471 766 1508 γὰρ
781 1471 862 1499 δύνα-

69 1525 116 1552 μις
128 1516 160 1542 οὑ
176 1518 236 1543 κατ’
249 1517 342 1544 οὐσίαν
367 1517 464 1553 διήκει,
489 1517 557 1544 ἀλλὰ
582 1517 652 1545 κατὰ
680 1517 795 1553 δύναμιν
815 1518 862 1544 καὶ

69 1562 159 1598 ἰσχύν.
176 1563 345 1599 Παράκειται
359 1564 387 1590 δὲ
401 1564 432 1590 τὸ
449 1563 559 1600 πνεῦμα
574 1564 613 1600 τῷ
626 1564 772 1600 πνεύματι,
784 1564 822 1597 ὡς
831 1563 862 1591 τδ

67 1609 180 1644 πνεῦμα
190 1611 224 1644 τῇ
238 1609 321 1645 ψυχῇ.

103 1701 159 1727 ιη’.
184 1701 214 1727 '0
239 1700 334 1736 Σωτὴρ
357 1700 434 1737 ὤφθη
459 1700 559 1728 κατιὼν
581 1703 636 1733 τοῖς
664 1701 803 1736 ἀγγέλοις·
822 1702 862 1728 διὸ

67 1747 115 1774 καὶ
139 1747 353 1782 εὐηγγελίσαντο
378 1748 468 1774 αὐτόν.
491 1748 570 1775 ’Λλλὰ
596 1748 643 1774 καὶ
668 1747 706 1783 τῷ
736 1748 861 1784 Ἀϐραὰμ

67 1794 115 1821 καὶ
130 1796 189 1826 τοῖς
205 1794 307 1826 λοιποῖς
323 1795 437 1827 δικαίοις
452 1797 508 1827 τοῖς
524 1796 553 1821 ὲν
569 1796 601 1830 τῇ
620 1794 771 1822 ἀναπαύσει
787 1792 861 1821 οὖσιν

67 1841 97 1866 ἐν
111 1841 168 1872 τοῖς
182 1839 279 1872 δεξιοῖς
291 1839 366 1876 ὤφθη
377 1849 383 1855 ·
398 1840 613 1875 Ἠγαλλιάστιτο
626 1839 691 1875 γὰρ,
704 1841 795 1876 φησὶν,
812 1840 862 1866 ἵνα

68 1885 118 1919 ἴδῃ
135 1886 194 1919 τὴν
210 1885 324 1920 ἡμέραν
345 1886 403 1919 τὴν
426 1886 513 1921 ἐμὴν,
532 1886 580 1922 τὴν
597 1887 626 1912 ὲν
651 1886 732 1922 σαρκὶ
759 1893 862 1921 παρου-

69 1932 140 1960 σίαν.
168 1932 251 1958 Ὅθεν
276 1933 395 1964 ἀναστὰς
412 1934 425 1958 ὁ
451 1932 553 1968 Κύριος
579 1932 773 1968 εὐηγγελίσατο
804 1931 860 1967 (76)

66 1980 130 2011 τοὺς
148 1979 270 2010 δικαίους
283 1980 348 2011 τοὺς
362 1979 390 2005 ὲν
405 1980 438 2014 τῇ
453 1978 616 2011 ἀναπαύσει,
633 1979 680 2006 καὶ
695 1978 861 2014 μετέστησεν

67 2025 169 2056 αὐτοὺς
190 2025 239 2051 καὶ
255 2025 401 2060 μετέθηκε,
417 2026 464 2052 καὶ
487 2025 587 2058 πάντες
602 2027 630 2052 ὲν
643 2027 677 2062 τῇ
696 2027 762 2062 σκιᾷ
777 2026 860 2053 αὑτοῦ

67 2071 207 2106 ζήσονται.
222 2071 290 2098 Σκιὰ
306 2071 360 2106 γὰρ
375 2071 424 2106 τῆς
435 2071 514 2107 δόξης
525 2071 572 2098 τοῦ
587 2072 712 2108 Σωτῆρος
723 2073 772 2108 τῆς
786 2073 862 2109 παρὰ

67 2117 106 2151 τῷ
123 2117 214 2152 Πατρὶ
233 2117 250 2153 ἡ
267 2118 402 2152 παρουσία
417 2119 433 2153 ή
449 2117 580 2144 ἐνταῦθα·
601 2119 689 2153 φωτὸς
705 2118 734 2144 δὲ
751 2118 815 2145 σκιὰ
828 2120 858 2146 οὐ

67 2162 175 2194 σκότος,
187 2163 255 2190 ἀλλὰ
269 2164 407 2199 φωτισμός
421 2165 506 2191 ἐστιν.

103 2265 155 2292 ιθι.
176 2265 232 2292 Καὶ
253 2265 280 2290 Ὀ
296 2265 391 2298 Λόγος
416 2265 495 2299 σὰρξ
523 2265 651 2300 ἐγένετο,
672 2265 702 2292 οὐ
724 2265 795 2292 κατὰ
813 2266 861 2301 τὴν

67 2311 222 2346 παρουσίαν
242 2311 322 2345 μόνον
347 2310 489 2346 ἄνθρωπος
513 2312 669 2346 γενόμενος,
684 2311 752 2338 ἀλλὰ
768 2312 815 2338 καὶ
831 2312 860 2338 ὲν

66 2357 138 2392 ἀρχῇ
155 2358 169 2383 ὁ
183 2357 212 2382 ὲν
227 2355 371 2391 ταύτότητι
387 2356 472 2390 Λόγος
496 2356 566 2383 κατὰ
582 2357 754 2392 περιγραφὴν
768 2357 815 2384 καὶ
829 2358 859 2383 οὐ

67 2403 127 2429 κατ’
139 2401 235 2429 οὐσίαν
251 2402 405 2438 γενόμενος,
420 2404 434 2429 ὁ
449 2403 527 2434 Υἱός·
545 2403 592 2429 καὶ
608 2402 688 2430 πάλιν
709 2402 776 2439 σὰρξ
799 2403 861 2438 ἐγέ-

66 2457 139 2480 νετο,
165 2448 210 2474 διὰ
234 2448 382 2484 προφητῶν
407 2450 567 2485 ἐνεργήσας.
584 2449 685 2476 Τέκνον
711 2449 739 2476 δὲ
763 2449 811 2476 τοῦ
832 2450 860 2475 ὲν

66 2495 213 2530 ταύτότητι
228 2495 315 2529 Λόγου
327 2496 340 2522 ὁ
356 2495 450 2531 Σωτὴρ
462 2496 577 2531 εἴρηται·
585 2495 628 2523 διὰ
636 2495 715 2522 τοῦτο
723 2496 770 2522 Ἐν
782 2495 861 2530 ἀρχῇ

70 2542 110 2576 ἦν
128 2544 145 2569 ὁ
162 2543 268 2577 Λόγος,
288 2542 338 2568 καὶ
360 2544 376 2569 ὀ
391 2543 486 2578 Λόγος
505 2541 545 2578 ἦν
559 2543 633 2577 πρὸς
649 2543 702 2570 τὸν
722 2544 806 2570 Θεόν.
826 2544 860 2569 Ὃ

66 2587 192 2625 γέγονεν
206 2587 242 2614 ἐν
261 2587 352 2620 αὐτῷ,
370 2587 425 2622 ζωή
440 2588 515 2615 ἐστι·
532 2589 588 2625 ζωὴ
605 2589 633 2615 δὲ
647 2589 661 2614 ὁ
676 2588 788 2624 Κύριος.
806 2589 861 2615 Καὶ

923 327 1018 347 rursus
1033 320 1175 355 imaginem
1189 320 1265 351 dicit,
1279 321 1358 355 quasi
1392 322 1445 348 sint
1459 329 1574 357 corpora
1600 323 1711 358 spirita-

922 365 967 392 lia.
985 366 1021 392 Ac
1038 367 1135 393 iterum
1150 377 1156 394 :
1173 366 1251 394 Nunc
1264 367 1381 394 videmur
1395 375 1441 401 per
1451 368 1584 400 speculum
1595 368 1621 395 in
1645 369 1710 396 anti-

920 416 1018 445 gmale,
1033 417 1093 438 tunc
1112 421 1169 439 vero
1187 413 1255 447 facie
1265 413 1299 439 ad
1310 413 1405 447 [aciem
1421 413 1445 440 δ.
1465 413 1540 441 Illico
1550 414 1622 441 enim
1640 415 1710 441 inci-

921 458 1012 492 pimus
1023 466 1198 493 cognuscere.
1217 458 1270 486 Nec
1284 458 1378 491 facies,
1394 467 1444 488 nec
1464 460 1579 495 species,
1599 468 1648 488 nec
1675 460 1708 487 tl-

920 511 998 538 gura,
1017 512 1103 539 neque
1115 513 1216 540 corpus
1231 509 1282 532 est.
1296 505 1395 541 Figura
1421 514 1486 541 ergo
1501 507 1586 541 figura
1597 507 1709 542 conspi-

919 551 1002 582 citur,
1017 550 1154 586 faciesque
1171 551 1250 583 facie,
1277 557 1358 588 atque
1378 560 1392 579 a
1418 553 1511 587 figitris
1537 558 1564 581 et
1579 554 1708 582 essentiis

919 596 976 630 ipsa
990 597 1089 624 indicia
1106 602 1229 633 not-.eque
1241 602 1457 633 cognoscuntur.

954 686 1024 714 XVI.
1045 686 1200 720 Quinetiam
1228 689 1349 716 columba
1380 698 1502 724 corporea
1529 697 1539 710 ε
1569 692 1626 718 \’i~a
1652 696 1704 723 est.

919 740 1003 767 quam
1017 734 1141 760 nonnulli
1159 733 1289 769 Spiritum
1303 740 1428 763 sanctum
1449 736 1554 768 dicunt,
1579 737 1706 766 Basilidis

918 786 981 805 vero
994 787 1126 814 sequaces
1139 780 1296 808 ministrum
1312 786 1422 811 vocant.
1447 783 1547 817 quique
1562 783 1589 810 in
1604 783 1704 811 Valen-

917 824 965 851 tini
975 825 1137 852 sententiam
1150 825 1263 861 pedibus
1273 832 1339 853 eunt
1355 827 1480 862 spiritum
1497 827 1704 864 Enthymeseos.

918 877 966 897 seu
978 871 1218 905 contemplationis
1229 871 1330 903 Patris.
1340 873 1368 899 in
1387 872 1466 900 Verbi
1484 881 1592 901 carnem
1606 882 1635 902 se
1648 875 1705 903 dis-

917 916 1078 949 solventem,
1095 925 1127 944 ac
1145 917 1366 946 descendentem.

952 963 1034 990 XVll.
1062 963 1109 991 Est
1136 963 1215 991 .lesus
1231 968 1258 991 et
1275 964 1397 992 Ecclesia
1413 968 1440 992 et
1463 966 1597 1000 sapientia
1621 970 1648 993 et
1662 974 1707 994 sec

915 1010 1035 1038 cundum
1050 1009 1257 1038 Valentinianos
1285 1019 1334 1046 per
1357 1011 1448 1038 omnia
1470 1020 1586 1047 corpora
1613 1012 1705 1040 mistio

916 1060 1024 1091 potens.
1042 1056 1134 1083 Mistio
1161 1056 1244 1091 igitur
1262 1057 1380 1084 humana
1396 1058 1527 1092 nuptialis
1548 1065 1581 1085 ex
1597 1058 1705 1086 duobus

915 1102 1067 1130 seminibus
1081 1102 1171 1130 mistis
1188 1102 1300 1130 infantis
1324 1103 1406 1130 unius
1424 1105 1627 1138 generationem
1643 1111 1706 1139 per-

915 1149 989 1181 licit;
1005 1156 1106 1183 corpus
1120 1148 1202 1176 etiam
1220 1149 1246 1175 in
1263 1152 1362 1175 terram
1378 1149 1496 1176 solutum
1508 1153 1589 1177 terra:
1604 1150 1703 1178 misce-

914 1199 970 1226 tur,
982 1198 1009 1221 et
1023 1202 1092 1229 aqua
1108 1195 1183 1222 vino.
1207 1194 1330 1229 Corpora
1351 1202 1416 1222 vero
1438 1195 1551 1222 meliora
1567 1200 1595 1223 et
1611 1197 1703 1224 excel-

914 1239 1032 1266 lentiora
1061 1239 1218 1266 mistionem
1248 1238 1356 1265 facilem
1395 1239 1552 1266 admittunt.
1584 1239 1704 1275 Spiritus

913 1285 996 1320 igitur
1007 1284 1115 1320 spiritui
1127 1284 1268 1311 miscetur.
1281 1283 1346 1310 Mihi
1359 1291 1424 1311 vero
1435 1284 1542 1311 videtur
1555 1285 1705 1320 perjuxta-

913 1330 1079 1366 positionem
1094 1329 1146 1356 hoc
1164 1329 1233 1363 fleri,
1248 1333 1275 1357 et
1287 1337 1340 1357 non
1359 1337 1408 1364 per
1431 1330 1599 1357 mistionem.
1623 1330 1703 1358 Anne

914 1377 1008 1412 itaque
1024 1376 1145 1411 potentia
1172 1375 1264 1403 divina
1281 1376 1469 1410 pertransiens
1484 1377 1614 1408 animam,
1628 1385 1704 1404 eam-

913 1423 972 1450 dem
1002 1430 1051 1458 per
1078 1421 1230 1457 profectum
1259 1421 1408 1456 perfectum
1427 1422 1603 1450 sanctificat?
1634 1422 1702 1450 Deus

912 1471 984 1498 enim
1003 1470 1113 1505 spiritus
1126 1469 1172 1496 ubi
1195 1468 1249 1495 vult
1265 1468 1349 1502 spirat
1373 1468 1400 1496 ιι.
1420 1468 1545 1495 Potentia
1571 1469 1702 1496 nimirum

912 1524 967 1544 non
981 1516 1108 1544 essentia:
1134 1520 1271 1550 respectu,
1287 1514 1336 1542 Sed
1363 1522 1411 1550 per
1426 1515 1551 1542 virtutem
1564 1519 1590 1543 et
1605 1520 1703 1550 poten-

912 1565 978 1591 tiam
993 1563 1124 1598 pervadit.
1139 1562 1250 1596 Adjacet
1277 1565 1366 1588 autem
1390 1560 1508 1596 Spiritus
1522 1562 1632 1590 divinus
1646 1562 1701 1597 spi-

914 1610 978 1638 ritui
999 1609 1088 1641 alteri,
1102 1609 1196 1636 codem
1214 1609 1293 1644 plane
1304 1608 1384 1636 modo
1400 1617 1455 1644 quo
1471 1608 1585 1643 spiritus
1600 1609 1699 1636 anima:

913 1658 996 1685 adsit.

950 1707 979 1735 ᾖ
1000 1701 1093 1730 XVIII.
1119 1701 1244 1729 Salvator
1267 1709 1328 1728 cum
1353 1702 1379 1728 in
1407 1705 1497 1729 terras
1522 1701 1702 1730 descenderet

912 1751 1016 1786 angelis
1044 1751 1120 1778 visus
1136 1752 1195 1780 est,
1221 1749 1398 1784 quamobrem
1415 1752 1442 1776 et
1464 1748 1598 1776 adventus
1627 1748 1703 1776 illius

913 1798 964 1824 lasti
989 1796 1100 1824 fuerunt
1125 1795 1223 1822 nuntii.
1239 1794 1291 1821 Sed
1314 1798 1340 1821 et
1359 1794 1516 1821 Abrahamo
1534 1793 1704 1829 reliquisque

910 1843 1003 1878 justis,
1017 1843 1063 1877 qui
1080 1842 1108 1868 in
1133 1841 1227 1876 requie
1245 1840 1277 1867 ad
1295 1839 1416 1866 dextram
1441 1843 1533 1870 erant,
1552 1840 1627 1867 visus
1641 1843 1700 1867 est:

910 1891 1060 1918 Exsultatvit
1073 1887 1157 1918 enim,
1181 1886 1286 1921 inquit.
1303 1890 1331 1912 ut
1349 1885 1445 1913 rideret
1473 1886 1542 1912 diem
1572 1894 1658 1912 meum
1675 1891 1700 1916 ο,

911 1933 983 1961 diem
999 1933 1128 1960 nimirum
1144 1932 1196 1958 mei
1216 1932 1242 1958 in
1260 1938 1341 1958 carne
1359 1932 1503 1958 adventus.
1526 1930 1594 1958 llinc
1608 1939 1700 1959 resur-

911 1989 978 2016 gens
997 1980 1138 2012 Dominus,
1151 1979 1234 2013 justis
1252 1978 1279 2004 in
1295 1977 1388 2012 requie
1407 1977 1618 2012 evangelizavit,
1637 1984 1697 2004 eos-

911 2027 1027 2062 demque
1042 2025 1189 2055 submovit.
1206 2024 1355 2054 transtulit.
1371 2028 1397 2050 et
1414 2030 1510 2049 omnes
1532 2023 1584 2049 sub
1603 2022 1700 2049 umbra

910 2073 970 2107 ejus
992 2073 1093 2099 vivent.
1112 2069 1261 2097 Praesentia
1282 2070 1355 2096 enim
1383 2067 1532 2095 Salvatoris
1551 2068 1578 2094 in
1605 2068 1698 2099 terris,

911 2119 1006 2146 umbra
1031 2121 1072 2145 est
1090 2117 1182 2152 gloriae
1204 2115 1327 2150 ejusdem
1352 2122 1412 2149 qum
1434 2113 1504 2149 apud
1522 2113 1629 2140 Patrem
1647 2118 1698 2140 est.

912 2166 1013 2193 Umbra
1040 2169 1129 2192 autem
1153 2163 1240 2195 lucis,
1259 2170 1314 2190 non
1341 2161 1461 2189 tcnebrze
1487 2161 1534 2188 sed
1558 2160 1699 2187 illumina-

911 2213 949 2239 tio
963 2215 1016 2239 est.

876 2259 900 2288 D
949 2268 1018 2296 XIX.
1035 2267 1190 2301 Quinetiam
1207 2266 1317 2293 Verbum
1333 2272 1395 2291 caro
1407 2263 1506 2298 {artum
1521 2261 1591 2294 esti,
1602 2269 1701 2296 nempe

913 2324 968 2344 non
986 2315 1072 2342 solum
1092 2313 1235 2349 prmsentia
1253 2320 1302 2340 sua
1327 2311 1407 2338 homo
1424 2309 1523 2336 factum
1537 2313 1588 2339 est,
1605 2316 1700 2336 verum

912 2361 994 2388 etiam
1013 2360 1040 2386 in
1066 2359 1201 2394 principio
1216 2357 1334 2384 Verbum
1359 2356 1500 2383 identitate
1526 2363 1609 2382 unum
1637 2363 1700 2382 cum

912 2404 1007 2438 Patre,
1034 2411 1082 2439 per
1109 2401 1392 2436 circumscriptionem
1428 2407 1481 2426 non
1517 2398 1700 2426 essentialiter

913 2451 995 2478 homo
1013 2449 1125 2480 factum,
1143 2448 1196 2475 hoc
1212 2453 1264 2479 est,
1289 2446 1373 2473 Filius
1388 2455 1393 2472 :
1409 2449 1435 2472 el.
1456 2453 1552 2472 rursus
1569 2452 1634 2470 caro
1660 2444 1701 2470 fa-

914 2500 988 2523 ctum
999 2500 1041 2523 est
1051 2503 1113 2522 cum
1128 2501 1176 2529 per
1187 2494 1334 2529 prophetas
1350 2495 1491 2526 operatum
1503 2495 1553 2518 est.
1573 2489 1700 2517 Salvator

913 2547 1002 2569 autent
1016 2541 1158 2568 identitate
1165 2539 1245 2567 Verbi
1259 2539 1342 2574 (quod
1350 2545 1410 2565 cum
1420 2537 1500 2565 Patre
1511 2537 1580 2564 idem
1595 2540 1646 2571 est)
1656 2535 1700 2562 Fi-

914 2589 969 2619 lius
980 2587 1200 2620 dicitur,idcirco
1210 2586 1242 2613 In
1253 2586 1382 2621 principio
1395 2589 1452 2612 erat
1467 2583 1589 2614 Verbum.
1598 2588 1622 2610 et
1637 2582 1700 2609 Ver-

105 2670 135 2699 ἧς
156 2667 186 2695 Ρ.
207 2667 261 2695 963
278 2666 334 2694 ΕΙ).
355 2665 503 2693 POT'FLR.
542 2665 578 2693 II
595 2666 658 2694 Cur.
673 2675 717 2697 xv.
735 2667 779 2694 49.
817 2667 832 2686 ι’
852 2667 862 2694 l

917 2675 945 2694 ir.
964 2674 1013 2694 xm
1024 2687 1031 2700 ,
1042 2666 1085 2694 l2.
1125 2671 1136 2686 ο
1156 2665 1222 2693 Luc.
1238 2672 1278 2699 tu,
1294 2664 1340 2692 22.
1378 2663 1476 2690 dJoan.
1494 2671 1530 2695 IV,
1546 2662 1597 2694 24;
1613 2669 1654 2691 ut.
1669 2659 1697 2688 8.

68 2710 79 2725 ι
93 2703 176 2731 Joan.
192 2711 253 2736 vui,
271 2703 316 2731 36.
357 2701 459 2729 'Joau.
476 2710 494 2735 ι,
511 2701 555 2728 ll.

102 2780 160 2818 (74)
179 2780 256 2818 om
273 2779 362 2814 πρόσ.
372 2778 523 2818 Ij‘orte_leg.
539 2778 570 2806 τδ
627 2778 772 2818 πρόσαψον
788 2778 852 2805 ἰδέα⁸

68 2813 131 2844 nam
152 2813 220 2843 ὀὐδέ
252 2813 351 2844 parum
379 2815 434 2842 huc
455 2813 546 2841 facere
570 2813 687 2841 videtur.
707 2813 841 2841 Summe.

69 2850 167 2922 regi)‘
184 2853 218 2879 Οἱ
246 2848 282 2878 δὲ
304 2850 361 2878 ἀπὸ
381 2851 524 2878 οὺιιλεντ.
552 2848 652 2877 Eadem
673 2849 754 2884 paulo
786 2849 858 2876 infra

945 2777 1001 2813 (76)
1028 2777 1355 2813 Eivnn-sllcrazo.Conf.
1382 2785 1442 2811 qua:
1471 2774 1698 2813 superius_tli§it

909 2809 1035 2841 Clénlcns
1052 2809 1150 2840 Strbm.
1165 2820 1195 2844 ιι,
1210 2820 1236 2847 p.
1250 2813 1316 2845 379;
1331 2809 1431 2840 Stro'm.
1444 2819 1481 2844 v1,
1495 2809 1554 2846 pag.
1567 2810 1619 2838 657
1629 2809 1684 2838 edit

910 2847 1009 2882 Paris,
1025 2852 1051 2876 et
1065 2856 1125 2884 qua:
1141 2848 1179 2875 ibi
1195 2848 1323 2874 adnotata
1338 2851 1412 2875 sunt.
