1934 3075
250 149 302 177 667

841 151 1000 180 CLEMENS
1016 152 1293 182 ALEXANDHINUS.

1822 156 1872 184 668

250 207 311 234 bum
325 213 382 234 erat
397 209 467 243 apud
487 209 578 236 Deum.
597 209 674 243 Quod
689 211 790 245 factum
805 216 843 238 est
858 213 885 238 in
901 213 968 247 ipsa,
984 213 1038 240 vita

1094 215 1102 240 5
1122 214 1241 246 Παῦλοςο
1262 214 1405 242 Ἔνδυσαι
1424 213 1477 240 τὸν
1502 213 1608 241 καινὸν
1629 214 1796 248 ἄνθρωπον,
1822 215 1873 242 τόν

251 259 289 281 εει
301 260 325 285 ³,
337 256 391 281 vita
406 263 470 282 vero
489 255 619 283 Dominus
637 260 688 284 est.
707 256 808 284 Paulus
825 258 970 286 similiter:
988 259 1036 286 In-

252 298 326 326 duito
343 308 435 325 novum
458 299 587 325 hominem
609 300 653 334 qui
670 300 812 327 secundum
828 301 912 328 Deum
933 307 1036 329 creatus

252 348 291 370 est
303 344 326 370 δ.
343 344 458 372 Perinde
479 345 557 379 quasi
572 345 674 372 diceret
688 355 694 372 2
708 345 737 372 ln
753 347 828 374 illum
847 347 937 378 crede.
958 349 1034 375 illum

253 390 357 417 scilicet
376 397 390 416 a
417 389 481 421 Deo,
494 390 643 417 secundum
673 391 768 423 Deum,
787 393 814 419 in
839 392 893 419 Deo
915 392 1036 421 Verbum

253 441 382 462 creatum.
400 435 491 462 Potest
505 441 594 462 autem
611 436 688 468 illud,
705 437 848 464 secundum
863 438 947 465 Deum
965 447 1038 466 crea-

254 487 318 510 tum.
335 481 412 508 finem
435 482 575 516 profectus
590 482 722 514 indicare,
739 483 772 510 ad
787 491 867 518 quem
884 484 965 511 homo
982 493 1039 519 per-

252 527 345 553 venire
359 526 448 557 debet,
473 527 511 554 illi
531 535 585 553 non
613 527 738 554 absimile
757 537 764 554 :
783 527 887 562 Rejecit
904 528 983 556 linem
1011 530 1037 556 in

252 580 332 606 quem
348 577 456 599 creatus
472 577 539 599 erat.
557 573 672 607 Insuper
687 573 789 600 clarius
806 574 832 600 in
848 575 910 602 aliis
929 583 960 602 ac
982 584 1039 603 ma—

251 616 350 644 nifeste
374 617 439 644 dicit
457 627 463 644 :
484 617 536 650 Qui
555 623 595 644 est
617 618 705 653 imago
724 619 771 645 Dei
796 619 953 652 invisibilis;
976 621 1038 648 dein

252 663 327 690 addit
348 671 354 688 :
376 664 569 698 Primogenitus
595 665 679 690 omnis
705 670 833 692 creatum
851 671 875 692 θ.
899 666 1038 700 Siquidem

251 709 398 743 imaginem
418 710 563 738 invisibilis
582 710 627 737 Dei
644 710 712 737 dicit
729 710 848 738 Verbum
870 712 944 739 illius
959 711 1039 739 Verbi

251 755 325 790 quod
349 755 375 781 in
392 755 532 782 identitate
549 759 608 788 est;
630 756 840 791 primogenitum
867 765 931 784 vero
952 760 1040 786 omnis

251 806 393 832 creaturae,
409 801 455 836 qui
478 801 656 835 impassibilis
678 806 721 829 est
745 803 863 836 genitus,
886 807 992 830 creator
1009 812 1040 831 ac

252 847 379 881 princeps
403 847 519 881 originis
541 847 630 874 omnis
651 851 783 874 creaturae
800 849 978 884 essentiazque
1001 850 1040 876 fa-

1087 260 1162 287 κατὰ
1181 261 1255 288 Θεὸν
1274 261 1447 288 κτισθέντα·
1467 259 1534 288 οἷον·
1554 260 1601 292 Εἰς
1618 261 1701 288 αὑτὸν
1721 261 1872 294 πίστευσον,

1087 307 1131 333 τὸν
1149 307 1202 333 ὑπὸ
1211 305 1256 332 τοῦ
1273 307 1352 339 Θεοῦ,
1366 306 1437 333 κατὰ
1452 306 1529 337 Θεὸν,
1539 306 1585 332 τδν
1601 306 1630 333 ὲν
1645 306 1705 341 Θεῷ
1719 306 1803 340 Λόγον
1818 316 1873 333 κτι-

1088 353 1194 380 σθέντα.
1211 353 1325 379 Δύναται
1342 353 1370 379 δὲ
1393 353 1433 384 τὸ,
1457 352 1531 379 κατὰ
1553 353 1626 379 Θεὸν
1651 353 1821 384 κτισθέντα,
1846 353 1874 380 τὸ

1088 399 1126 430 εἰς
1143 399 1157 425 ὃ
1181 398 1271 434 μέλλει
1299 398 1374 430 τέλος
1400 398 1541 434 προκοπῆς
1563 398 1673 433 φθάνειν
1697 401 1712 424 ὁ
1736 398 1874 433 avom

1090 444 1210 480 μηνύειν,
1225 445 1323 479 ἐπίσης
1335 444 1386 480 τῷ,
1405 444 1566 471 ’Λπεϐέιλετο
1581 446 1620 476 εἰς
1635 445 1649 470 ὃ
1663 444 1777 479 ἐκτίσθη
1791 444 1864 476 τέλος

1089 491 1144 518 Καὶ
1159 491 1198 517 ἔτι
1218 491 1381 526 σαφέστερον
1403 491 1450 517 καὶ
1464 491 1610 526 διαρρήδην
1627 492 1656 516 ἐν
1678 490 1769 521 ἄλλοις
1784 490 1872 523 λέγει·

1090 537 1139 568 ’ος
1154 536 1239 563 ἐστιν
1253 536 1342 562 εἰκὼν
1355 535 1407 562 τοῦ
1424 536 1497 563 Θεοῦ
1515 536 1567 562 τοῦ
1581 536 1725 570 ἀοράτου·
1742 534 1803 562 εἶτα
1820 537 1876 562 ἑπι-

1090 579 1176 614 φέρει·
1192 580 1380 613 Πρωτότοκος
1397 580 1498 613 πάσης
1521 580 1660 613 κτίσεως·
1682 580 1798 616 ἀοράτου
1830 580 1875 615 μὲν

1089 625 1143 660 γὰρ
1155 624 1220 651 Θεοῦ
1239 625 1329 652 εἰκόνα
1342 625 1386 652 τὸν
1402 625 1485 659 Λόγον
1504 626 1550 652 τοῦ
1568 625 1666 660 Λόγου,
1677 626 1726 652 τοῦ
1742 627 1772 652 ὲν
1785 625 1876 652 ταύτό-

1089 679 1166 706 τητι·
1183 672 1354 706 πρωτότοκον
1367 671 1396 697 δὲ
1411 671 1500 706 πάσης
1515 671 1640 703 κτίσεως,
1656 672 1798 707 γεννηθεὶς
1813 673 1877 698 ἁπα-

1091 716 1154 748 θῶς,
1170 717 1282 752 κτίστης
1298 717 1345 743 καὶ
1358 717 1536 752 γενεσιάρχης
1548 717 1599 752 τῆς
1612 717 1675 752 ὅλης
1691 718 1803 751 ἐγένετο
1822 717 1877 743 κτε-

1092 762 1160 793 σεώς
1186 771 1215 788 τε
1241 763 1288 788 καὶ
1314 762 1416 794 οὐσίας.
1445 764 1488 789 Ἐν
1515 763 1589 797 αὐτῷ
1615 763 1669 798 γὰρ
1688 764 1702 789 ὁ
1723 763 1820 797 Πατὴρ
1848 763 1878 789 τὰ

1092 808 1177 834 πάντα
1200 808 1343 843 ἐποίησεν·
1358 808 1419 834 ὅθεν
1442 809 1488 835 καὶ
1508 808 1628 843 μορφὴν
1652 810 1766 836 δούλου
1788 809 1877 836 λαϐεῖν

1093 853 1209 889 εἴρηται,
1232 855 1263 880 οὐ
1281 855 1360 889 μόνον
1382 854 1429 890 τὴν
1445 856 1533 890 σάρκα
1549 856 1618 882 κατὰ
1636 855 1690 891 .τὴν
1718 855 1876 891 παρουσίαν,

252 897 324 919 ctus.
341 891 370 918 ln
387 892 446 926 ipso
463 893 534 919 enim
556 893 646 919 omnia
667 893 729 920 fecit
745 893 834 925 Pater,
852 894 969 930 hincque
985 895 1040 930 for-

1094 899 1157 925 Ξιλλά
1174 900 1220 925 καὶ
1241 899 1288 934 τὴν
1306 900 1399 926 οὐσίαν
1416 901 1447 926 ὲκ
1461 900 1506 926 τοῦ
1529 901 1711 935 ὑποκειμένου
1722 909 1729 916 '
1747 901 1829 936 δούλη
1852 901 1878 928 δὲ

253 946 325 964 mam
341 938 407 964 servi
420 937 432 956 τι
451 938 602 972 sumpsisse
620 938 710 966 dictus
725 942 779 970 est,
797 947 849 966 non
875 940 961 967 solum
980 949 1040 967 car-

254 991 315 1010 nem
333 991 380 1018 per
396 983 566 1018 prmsentiam
589 991 682 1015 suam,
705 992 799 1010 verum
823 985 903 1012 etiam
925 994 957 1012 ex
975 987 1039 1013 sub-

1092 946 1108 979 ή
1123 945 1211 977 οὐσία,
1227 945 1265 977 ὡς
1285 945 1317 972 ἂν
1334 945 1440 981 παθητὴ
1461 946 1506 972 καὶ
1523 946 1690 982 ὑποκειμένη
1713 948 1747 982 τῇ
1770 947 1879 982 δραστη-

1093 990 1144 1025 ρίῳ
1160 991 1207 1017 καὶ
1220 991 1377 1028 κυριωτάτῃ
1391 991 1476 1027 αἰτίᾳ.

252 1030 325 1064 jccto
342 1030 500 1057 essentiam.
523 1029 605 1057 Serva
634 1039 698 1058 vero
715 1036 756 1059 est
778 1032 942 1066 substantia,
976 1037 1069 1069 utpote
1091 1038 1223 1072 patibilis,
1242 1046 1274 1066 ac
1290 1046 1351 1073 qua:
1367 1046 1457 1066 causa:
1477 1038 1517 1065 illi
1543 1042 1661 1066 strenua:
1680 1038 1878 1073 principalissi-

254 1085 358 1112 iureque
373 1078 407 1104 sit
421 1077 552 1111 subjecta.

289 1136 369 1171 352
384 1135 440 1163 XX.
457 1136 524 1164 lllud
542 1138 614 1165 enim
629 1149 635 1165 :
648 1139 715 1166 Ante
730 1139 868 1174 luciferum
884 1142 963 1176 genui
979 1147 1003 1169 te
1017 1148 1040 1175 θ,

255 1181 295 1208 sic
322 1181 543 1216 interpretamur.
575 1184 680 1211 ratione
699 1184 781 1211 Verbi
803 1193 817 1212 a
845 1185 900 1213 Deo
924 1188 1041 1221 primum

255 1229 354 1259 creati,
376 1229 491 1263 etquod
509 1233 572 1256 ante
598 1231 682 1257 solem
706 1235 733 1257 ct
758 1232 849 1259 lunam
879 1241 1042 1269 omnemque

253 1275 406 1298 creaturam
422 1280 521 1299 nomen
538 1277 612 1300 tuum
629 1274 665 1301 sit
680 1274 704 1302 ί.

288 1315 357 1343 XXI.
376 1316 442 1343 Illud
458 1319 537 1344 etiam
552 1329 557 1346 :
576 1319 724 1346 Seruudum
743 1321 886 1356 imaginem
904 1323 952 1350 Dei
966 1332 1041 1351 crea-

251 1363 288 1390 vit
311 1363 383 1394 illos,
401 1365 548 1391 masculum
563 1371 586 1392 ει
608 1366 734 1400 feminam
755 1367 815 1401 fecit
838 1377 881 1394 eos
898 1370 921 1399 Β,
939 1369 1041 1404 produ-

252 1410 369 1436 ctionem
389 1411 519 1445 optimam
544 1413 686 1446 sapientia:
706 1413 839 1440 nominari
859 1413 1042 1442 Valentiniani

251 1459 389 1487 asserunt,
409 1464 442 1482 ex
457 1464 510 1490 qua
526 1457 571 1491 qui
589 1458 702 1484 masculi
722 1463 795 1490 sunt,
809 1460 917 1492 electio,
940 1460 1042 1487 femina

252 1508 319 1527 vero
334 1501 442 1528 vocatio
465 1508 537 1529 sunt.
552 1507 579 1529 et
594 1505 730 1532 mascuIOs
745 1505 853 1539 quidem
870 1507 980 1541 angelos
995 1515 1043 1534 vo-

1127 1143 1170 1169 K'.
1189 1143 1225 1169 Τὸ
1244 1143 1308 1178 γὰρ,
1329 1142 1389 1177 Πρὸ
1403 1143 1556 1177 ἑωσφόρον
1567 1142 1719 1177 ἐγέννησὰ
1735 1150 1783 1173 σε.
1797 1142 1878 1174 οὕτως

1092 1188 1257 1223 ἐξακούομεν
1273 1188 1319 1214 ἐπὶ
1339 1188 1383 1214 τοῦ
1408 1188 1609 1224 πρωτοκτίστου
1636 1187 1705 1213 Θεοῦ
1721 1188 1820 1222 Λόγου,
1836 1190 1876 1215 uti

1092 1234 1145 1270 πρὸ
1160 1234 1235 1270 ἡλίου
1250 1236 1296 1260 xat
1317 1234 1445 1270 σελήνης,
1462 1234 1509 1261 καὶ
1530 1234 1582 1270 πρὸ
1604 1235 1696 1270 πάσης
1717 1234 1833 1266 κτίσεως
1853 1235 1878 1261 τὸ

1091 1280 1178 1315 ὄνομά
1200 1288 1256 1305 σου.

1127 1318 1192 1352 ΚΑί
1213 1325 1261 1359 Τὸ,
1274 1325 1343 1352 Κατ’
1365 1326 1467 1351 εἰκόνα
1489 1324 1563 1351 Θεοῦ
1584 1325 1732 1359 ἐποίησεν
1753 1327 1876 1359 αὐτούς’

1090 1371 1186 1405 ἄρσεν
1201 1371 1250 1398 καὶ
1273 1370 1351 1405 θῆλυ
1365 1371 1510 1404 ἐποίησεν
1530 1371 1657 1403 αὐτούς·
1673 1371 1723 1406 τὴν
1746 1372 1876 1408 προὸολὴν

1091 1417 1138 1453 τὴν
1155 1417 1270 1452 ἀρίστην
1286 1416 1368 1450 φασὶν
1386 1417 1410 1443 οἰ
1427 1416 1641 1442 Οὐαλεντινιανοὶ
1657 1416 1706 1451 τῆς
1724 1418 1821 1451 σοφίας
1836 1417 1876 1444 λέ-

1092 1462 1202 1497 γεσθαι,
1224 1463 1270 1496 ἀφ’
1296 1460 1329 1497 ἦς
1354 1461 1387 1488 τὰ
1405 1462 1454 1496 μὲν
1482 1462 1645 1497 ᾱρῤενικὰὴ
1671 1463 1781 1498 ἐκλογὴ,
1804 1464 1837 1490 τὰ
1852 1464 1876 1490 δὲ

1093 1509 1229 1544 θηλυκὰ-ἡ
1256 1508 1367 1543 κλῆσις·
1391 1508 1436 1534 καὶ
1463 1507 1497 1534 τὰ
1523 1508 1571 1543 μὲν
1595 1509 1727 1544 ἀρρενικὰ
1749 1510 1876 1544 ἀγγελικὰ

253 1551 327 1579 cant,
353 1547 466 1575 feminas
481 1557 546 1575 vero
570 1550 688 1585 seipsos,
707 1551 833 1585 spiritum
852 1553 1040 1580 excellentem.

1094 1554 1214 1586 καλοῦσι,
1228 1554 1262 1580 τὰ
1273 1553 1376 1589 Θηλυκὰ
1391 1553 1418 1579 δὲ
1435 1553 1555 1584 ἑαυτοὺς,
1571 1553 1600 1579 τὸ
1616 1553 1743 1589 διαφέρον
1761 1555 1874 1589 πνεῦμα.

255 1593 301 1620 Sic
315 1597 342 1620 et
357 1594 384 1620 in
400 1594 503 1621 Adamo
515 1596 587 1630 quod
604 1596 712 1630 quidem
729 1597 878 1623 masculum
895 1598 954 1629 fuit,
969 1598 996 1625 in
1010 1606 1043 1626 eo

254 1640 372 1672 mansit;
389 1648 470 1667 omne
494 1645 583 1668 autem
602 1641 773 1673 femininum,
789 1644 888 1677 quippe
902 1651 993 1670 semen
1009 1652 1043 1671 ex

254 1685 302 1712 illo
318 1686 374 1713 Eva
398 1687 512 1718 exstitit,
531 1690 559 1718 ᾖ
578 1695 593 1714 e
609 1696 660 1722 qua
686 1693 750 1715 sunt
773 1689 889 1721 feminae,
907 1691 987 1718 sicuti
1009 1699 1042 1718 ex

253 1731 301 1758 illo
318 1733 431 1759 masculi
445 1741 452 1765 ;
469 1734 582 1760 masculi
603 1735 693 1768 itaque
715 1743 776 1761 cum
793 1734 882 1762 Verbo
899 1740 962 1763 sunt
978 1744 1041 1763 cor-

254 1777 336 1810 repti,
362 1777 468 1805 feminal,
484 1786 548 1805 vero
566 1780 593 1805 in
614 1780 686 1806 viros
707 1780 798 1806 relata:
816 1781 921 1815 angelis
943 1782 1042 1808 uniun-

255 1827 312 1853 tur,
332 1823 413 1857 inque
427 1823 628 1852 Plcnitudiuem
643 1826 773 1853 evadunt.
788 1825 862 1853 Hanc
881 1827 916 1854 ob
931 1835 1042 1855 causam

255 1867 355 1894 mulier
371 1868 397 1894 iu
417 1869 501 1895 virmu
523 1870 714 1896 transformari
729 1871 837 1901 dicitur,
852 1875 878 1898 et
891 1871 918 1898 in
933 1873 1044 1906 angelos

255 1915 396 1942 terrestris
412 1916 532 1943 ecclesia
548 1918 657 1944 mutari.

291 1961 372 1988 XXII.
388 1961 509 1997 Cumque
524 1963 669 1997 Apostolus
685 1964 757 1991 dicat
771 1974 776 1991 :
792 1964 899 2000 Alioqui
917 1965 979 2000 quid
1000 1966 1043 2000 fa-

255 2010 322 2036 cient
338 2009 381 2043 qui
397 2008 566 2042 baptizanlur
588 2018 636 2044 pro
654 2012 804 2038 mortuial‘?
827 2020 876 2047 pro
891 2012 980 2044 nobis,
999 2012 1041 2039 in-

293 2124 322 2151 »Ῐέ
344 2121 375 2148 Ρ.
395 2121 447 2148 964
467 2120 521 2148 El).
543 2119 788 2148 POTTER.‘Joan.
807 2120 848 2152 I,l
865 2124 891 2146 et
905 2120 947 2146 Η.

258 2155 269 2175 ί
291 2155 363 2184 Psal.
378 2164 463 2190 Lxxu,
482 2156 525 2183 17.
553 2161 565 2179 Β
585 2156 653 2184 Gen.
683 2163 709 2188 ι,
738 2155 801 2182 267.

987 2120 1000 2139 ιι
1012 2119 1080 2154 Eph.
1094 2128 1131 2152 Iv,
1143 2119 1187 2146 2i.

840 2155 854 2174 λι
869 2156 875 2181 l
888 2155 951 2182 Cor.
967 2163 1011 2186 xv,
1026 2156 1070 2182 29.

1094 1600 1171 1626 Οὕτω
1186 1600 1233 1626 καὶ
1256 1599 1303 1625 ἐπὶ
1318 1598 1364 1625 τοῦ
1388 1598 1481 1633 Ἀδὰμ,
1497 1599 1527 1624 τὸ
1545 1599 1593 1633 μὲν
1610 1599 1755 1635 ἀρρενικὸν
1776 1600 1876 1635 ἔμεινε-ι

1094 1646 1177 1681 αὐτῷ,
1202 1647 1255 1672 πᾶν
1278 1645 1306 1671 δὲ
1328 1645 1359 1671 τὸ
1383 1645 1497 1680 θηλυκὸν
1523 1645 1634 1680 σπέρμα
1660 1645 1713 1680 ἄρα
1731 1646 1778 1672 ἀπ’
1800 1646 1875 1673 αὑτοῦ

1094 1691 1149 1717 Εὕα
1166 1691 1287 1725 γέγονεν,
1306 1691 1352 1725 ἀφ’
1372 1688 1406 1726 ἦς
1423 1691 1450 1717 αἱ
1467 1690 1582 1725 θήλειαι,
1600 1691 1637 1722 ὡς
1664 1691 1711 1717 ἀπ’
1735 1692 1839 1718 ἐκείνου
1855 1691 1875 1717 οἱ

1093 1736 1223 1771 ἄρῤενες’
1247 1735 1281 1761 τὰ
1305 1733 1350 1761 οὖν
1375 1734 1508 1770 ἀρρενικὰ
1535 1735 1602 1770 μετὰ
1627 1735 1674 1761 τοῦ
1691 1736 1779 1769 Λόγου
1805 1744 1875 1761 συνε-

1094 1783 1194 1817 στάλη·
1212 1782 1245 1808 τὰ
1266 1781 1371 1816 θηλυκὰ
1385 1781 1423 1812 δὲ,
1446 1781 1673 1817 ἀπανδρωθέντα,
1696 1781 1805 1808 ἑνοῦται
1827 1783 1876 1812 τοῖς

1092 1828 1228 1862 ἀγγέλοις,
1243 1828 1288 1854 καὶ
1303 1829 1342 1859 εἰς
1358 1828 1498 1862 Πλήρωμα
1515 1828 1606 1862 χωρεῖ,
1620 1826 1669 1853 Διὰ
1685 1827 1764 1853 τοῦτο
1780 1828 1796 1862 ἡ
1812 1828 1875 1861 γυνή

1091 1875 1132 1905 εἰς
1152 1873 1235 1909 ἄνδρα
1253 1873 1444 1906 μετατίθεσθαι
1460 1873 1578 1906 λέγεται,
1593 1873 1645 1899 καὶ
1657 1873 1676 1908 ἡ
1690 1873 1808 1899 ἐνταῦθα
1825 1873 1877 1899 Έκ-

1092 1920 1192 1955 κλησία
1210 1920 1250 1951 εἰς
1265 1919 1406 1953 ἀγγέλους.

1126 1965 1189 1991 ΚΒ’.
1210 1964 1265 1991 Καὶ
1280 1964 1342 1990 ὅταν
1356 1963 1420 1999 εἴπῃ
1434 1964 1448 1989 ὁ
1468 1962 1636 1994 Ἀπόστολος-
1657 1962 1737 1989 Ἐπεὶ
1755 1962 1784 1988 τί
1799 1960 1877 1992 ,τοιή-

1092 2017 1202 2037 σουσιν
1226 2011 1252 2036 οι
1267 2008 1475 2043 βαπτιζόμενοι
1503 2009 1579 2042 ὑπὲρ
1594 2008 1654 2034 τῶν
1674 2007 1792 2041 νεκρῶν
1809 2007 1875 2039 (77;;

1227 2125 1239 2138 ε
1257 2120 1317 2148 Col.
1333 2127 1353 2152 ι,
1369 2120 1412 2147 l5.
1450 2118 1542 2147 IiPhil.
1560 2126 1592 2151 tl,
1609 2118 1635 2146 7.
1676 2125 1688 2138 ε
1699 2118 1775 2146 Psal.
1787 2127 1841 2151 cu,
1853 2119 1875 2145 5.

291 2232 404 2272 (77)
417 2232 626 2272 ,ϐαπζιζᾷμενοι
649 2232 724 2265 ὑπὲρ
748 2231 817 2272 τῶις.
829 2231 954 2272 τέξφῶν.
971 2232 1040 2272 Cra-

1094 2235 1171 2272 latus
1186 2232 1232 2264 sit,
1249 2239 1308 2272 qua:
1327 2231 1639 2272 merze_sunt.na:.ni:e_e‘t
1655 2239 1746 2271 nugte.
1762 2230 1876 2272 Chrysp-

256 2266 331 2294 viore
359 2266 546 2295 Valentiniani
567 2275 659 2294 errore
685 2275 766 2301 quam
796 2266 913 2293 Marcion
940 2267 1040 2293 relatus

257 2303 451 2338 Chrysostomo
477 2303 550 2329 hom.
572 2304 606 2329 40
623 2303 649 2328 in
666 2302 674 2328 l
691 2303 752 2338 Cor.
770 2310 814 2338 xv,
839 2302 968 2328 vicarium
994 2302 1041 2328 ba-

258 2338 385 2371 ptismum
405 2338 449 2364 hic
468 2338 588 2364 insinuat
613 2347 618 2364 :
643 2345 705 2364 nam
731 2337 774 2363 ille
793 2337 906 2363 alterum
932 2345 979 2371 pro
1001 2337 1039 2362 al-

258 2377 324 2398 tero.
343 2373 479 2399 hominem
506 2374 596 2399 vivum
618 2380 666 2406 pro
688 2372 817 2398 defuncto
834 2371 1039 2402 caterhumcuo,

259 2407 374 2433 ridiculo
396 2415 460 2434 sam
485 2412 584 2434 conatu
607 2407 772 2441 iutingebat,
793 2411 819 2433 et
836 2411 862 2433 ut
879 2407 933 2440 jam
953 2407 995 2433 ille
1010 2415 1040 2433 (ιιι

259 2443 377 2475 ascripta
409 2443 568 2469 intinctione
586 2442 672 2469 lidclis
696 2447 864 2471 censeretur,
881 2446 907 2467 et
925 2442 968 2468 cui
992 2441 1041 2468 Er,-

257 2477 349 2503 clesiaa
375 2485 468 2510 preres
494 2477 623 2511 prodesse
649 2481 767 2511 possent.
794 2477 977 2511 liunnlcmque
1000 2477 1040 2503 vel

259 2511 374 2537 similem
389 2519 509 2538 errorem
525 2513 579 2545 jam
596 2517 652 2538 tum
669 2512 694 2537 in
706 2512 824 2538 lict-lesia
838 2512 1041 2538 Corinthiorum

259 2547 379 2582 viguisse
390 2546 474 2582 jartat
490 2547 610 2573 fmnosus
628 2546 759 2582 Scaliger,
775 2556 828 2582 quo
841 2547 881 2572 sic
899 2546 925 2572 in
943 2554 1041 2572 IllctllO-

261 2581 329 2615 riam
351 2581 451 2606 Christi
474 2581 644 2615 baptismatis
660 2581 789 2609 Kuh-mils
803 2581 881 2608 Febr.
897 2586 942 2607 aut
960 2582 1041 2607 etiam

261 2615 277 2641 6
290 2614 401 2641 .‘auuar.
418 2623 466 2649 pro
492 2614 583 2643 charis
609 2615 821 2650 baptizarcnlur.
843 2617 875 2642 ad
894 2624 954 2643 eum
975 2616 1042 2641 allu-

261 2651 325 2676 dere
346 2650 515 2679 Apostolum.
532 2655 561 2677 ut
577 2651 616 2677 sic
637 2651 793 2677 omnimodo
808 2655 834 2677 et
859 2651 898 2678 sic
915 2651 993 2685 quasi
1009 2651 1041 2676 ad

262 2685 397 2711 hominem
413 2693 444 2711 cx
459 2686 517 2718 ipso
535 2687 640 2712 illorum
656 2693 736 2712 sensu
751 2690 855 2713 asserat
870 2686 1043 2712 resurrectio-

261 2727 321 2745 nem
341 2724 508 2746 mortuorum
523 2729 528 2746 :
546 2721 616 2755 quod
639 2725 712 2747 certe
735 2721 790 2747 leve
807 2724 879 2747 esset
894 2729 926 2746 cx
951 2721 1042 2747 iuolita

261 2761 344 2789 prava
367 2755 565 2782 consuetudine
589 2763 639 2782 nec
658 2763 750 2790 errore
772 2760 883 2781 vacante
902 2755 961 2782 Iidei
985 2763 1042 2790 my-

261 2790 346 2816 sterio
362 2790 517 2824 praesidium
544 2798 675 2825 quaerere.
697 2789 879 2816 Valentiniani
901 2798 965 2817 vero
995 2789 1043 2817 an-

261 2825 336 2858 gelos
352 2826 392 2852 sic
417 2825 548 2859 baptizari
574 2833 622 2860 pro
638 2825 793 2852 hominibus
809 2825 913 2855 volunt,
928 2830 954 2852 et
970 2826 1043 2852 salu-

262 2861 316 2886 tem
330 2862 459 2896 consequi
475 2861 553 2895 cujus
568 2861 676 2888 ndminc
699 2861 810 2896 angelus
834 2860 931 2895 aliquis
954 2861 1043 2895 bapti-

1093 2267 1172 2293 stomi
1190 2265 1333 2300 expositio,
1347 2267 1417 2301 quod
1434 2275 1484 2293 nos
1498 2267 1548 2302 ipsi
1564 2267 1610 2300 qui
1627 2265 1799 2301 iiitiiigimur.
1811 2265 1876 2299 ὑπὲρ

1091 2301 1144 2327 τῶν
1160 2302 1264 2334 νεκρῶν
1281 2303 1447 2336 baptizemnr
1464 2301 1515 2336 pro
1529 2302 1644 2327 mortuis
1660 2302 1764 2328 nostris
1783 2308 1876 2335 corpo-

1093 2337 1179 2366 ribus.
1196 2342 1222 2363 et
1236 2338 1262 2363 in
1282 2337 1359 2363 fidem
1376 2337 1584 2363 resurrectionis
1599 2337 1717 2366 illorum.
1732 2344 1817 2370 quam
1834 2343 1876 2361 ore

1093 2372 1269 2406 proliteamur
1283 2372 1347 2398 dum
1363 2372 1515 2406 symbolum
1532 2371 1682 2401 reddimus.
1695 2374 1722 2397 ct
1738 2371 1821 2405 signo
1838 2378 1876 2396 re-

1094 2405 1298 2441 praesentcmus,
1314 2405 1483 2441 dum'iaquis
1506 2406 1694 2440 immergimur
1711 2410 1739 2432 et
1763 2405 1876 2438 emergi-

1094 2449 1164 2471 mus,
1181 2449 1212 2467 ac
1236 2442 1368 2475 piscinam
1394 2440 1470 2467 Pauli
1497 2441 1588 2475 phrasi
1611 2448 1659 2475 pro
1683 2442 1813 2474 sepulcro
1833 2440 1875 2466 ba-

1093 2476 1187 2503 benqu
1210 2476 1236 2502 in
1255 2480 1369 2503 mortem
1384 2476 1485 2503 Christi
1511 2476 1638 2509 baptizati
1663 2476 1759 2509 illique
1783 2482 1875 2502 conse-

1094 2511 1171 2545 pulti,
1187 2512 1243 2546 ipsa
1270 2519 1322 2537 una
1337 2519 1400 2537 vera
1417 2511 1552 2545 dignaque
1568 2510 1654 2546 Paulo
1665 2514 1692 2537 et
1715 2514 1875 2545 argumento

1095 2546 1186 2572 habt-ri
1199 2545 1295 2580 possit,
1311 2547 1465 2580 frustraque
1473 2552 1514 2572 est
1526 2545 1656 2580 quidquid
1671 2546 1697 2571 in
1709 2553 1771 2571 cam
1784 2546 1875 2571 arietat

1094 2581 1224 2615 Scaliger,
1239 2581 1309 2615 quod
1326 2589 1378 2608 non
1398 2582 1529 2615 scriptqu
1549 2581 1600 2610 sit,
1619 2581 1689 2615 ὑπὲρ
1703 2581 1812 2616 νεκρῶν
1834 2580 1875 2614 βα-

1094 2616 1258 2650 πτιζόμενοι,
1275 2617 1321 2642 sed
1343 2616 1412 2651 ὑπὲρ
1434 2616 1486 2642 τῶν
1508 2615 1621 2651 νεκρῶν,
1632 2616 1725 2641 addito
1753 2615 1873 2642 articulo.

1093 2651 1163 2684 qllod
1180 2655 1221 2678 est
1235 2651 1379 2686 ὁριστικόν,
1398 2652 1475 2685 quasi
1494 2651 1622 2684 baptizari
1646 2658 1696 2684 pro
1712 2659 1768 2676 uno
1789 2651 1874 2686 aliquo

1093 2683 1278 2715 mortuorum.
1296 2694 1348 2712 non
1373 2683 1449 2720 quasi
1472 2683 1619 2720 generatim
1643 2683 1691 2719 pro
1714 2686 1830 2712 mortuis
1844 2683 1871 2710 ad

1093 2721 1302 2748 resurrectionis
1335 2720 1507 2747 astrueudam
1536 2720 1626 2746 tidem.
1656 2720 1736 2746 Certe
1766 2725 1872 2754 argutus

1094 2755 1188 2783 homo.
1211 2759 1240 2781 ut
1264 2756 1316 2781 vim
1334 2755 1434 2782 Graecae
1458 2756 1533 2782 vocis
1556 2755 1697 2789 agnoverit
1724 2763 1806 2788 quam
1830 2755 1871 2780 ha-

1094 2794 1188 2817 ctenus
1205 2798 1299 2825 parum
1326 2791 1499 2818 adverterunt
1515 2790 1596 2817 etiam
1618 2791 1772 2817 acutissimi
1794 2791 1871 2816 inter-

1095 2833 1196 2859 pretes.
1207 2826 1285 2852 .loau.
1299 2824 1510 2860 Chrysostomus
1521 2831 1546 2851 et
1560 2825 1645 2851 Graeci
1662 2825 1719 2856 alii,
1737 2826 1792 2851 imo
1804 2829 1871 2850 certe.

1096 2861 1264 2888 adverterent
1287 2861 1331 2895 qui
1349 2869 1374 2887 ιιι
1390 2861 1491 2887 (inci-is
1510 2864 1535 2887 et
1559 2865 1669 2894 lyroues
1689 2865 1759 2891 Sint,
1783 2860 1870 2892 sicque
