1934 3075
82 170 139 199 669

441 161 554 200 DUiilA.
573 188 608 192 —
627 171 812 199 EXCERPTA
832 171 878 198 EX
899 171 1055 199 SCRIPTIS
1075 171 1260 205 THEODOTI,
1282 173 1357 201 ETC.

1660 175 1713 204 670

82 234 159 269 ὑπὲρ
177 234 257 269 ἡμῶν
271 235 335 270 γὰρ,
356 235 447 270 φησὶν,
462 236 486 262 οξ
501 235 609 270 ἄγγελοι
625 235 815 267 ἐϐαπτίσαντο,
837 231 874 261 ὧν

934 235 994 270 luit,
1024 237 1094 271 ngeli
1110 236 1238 271 baptizati
1254 242 1327 269 sunt,
1341 246 1456 273 quorum
1473 239 1593 266 membra
1607 247 1710 267 sumus.

83 289 174 315 εσμεν
200 280 281 315 μέρη.
301 281 402 316 Νεκροὶ
422 281 450 308 δὲ
475 283 572 317 ἡμεῖς,
595 283 618 308 οἱ
642 281 823 318 νεκρωθέντες
844 283 876 316 τῇ

84 324 219 351 συστάσει
234 325 335 361 ταύτῃ·
355 325 454 357 ζῶντες
479 326 507 352 δὲ
522 327 569 353 καὶ
588 327 711 362 ἄρρενες,
727 327 751 352 oi
769 325 805 361 μὴ
832 334 878 361 με-

84 369 252 402 ταλαδὸντες
275 371 325 405 τῆς
353 371 508 403 συστάσεως
531 372 641 408 ταύτης.
666 373 697 398 Εἰ
713 371 805 406 νεκροὶ
829 372 878 398 οὐκ

84 416 258 452 ἐγείρονται,
282 416 308 442 τί
334 417 381 443 καὶ
415 417 617 453 βαπτιζόμεθαι
643 418 804 454 ὲγειρόμεθα
832 415 878 444 οὖν

85 463 171 496 ἡμεῖς
188 463 323 497 ἰσάγγελοι
337 463 392 494 τοῖς
407 463 517 498 ἄῤῥεσιν
533 464 810 495 ἁποκατασταθέντες,
824 465 878 495 τοῖς

86 506 185 541 μέλεσι
201 507 235 533 τὰ
262 507 346 542 μέλη,
368 508 409 538 εἰς
433 507 540 534 ἕνωσιν.
563 509 594 534 Οἱ
621 508 810 543 βαπτιζόμενοι
832 509 877 538 δὲ,

85 552 182 585 φασιν,
203 552 273 587 ὑπὲρ
295 553 372 587 ἡμῶν
395 552 448 579 τῶν
469 553 573 588 νεκρῶν
592 555 616 580 οἱ
632 554 741 588 ἄγγελοί
764 555 832 580 εἰσιν
854 555 878 579 οἱ

85 597 160 633 ὑπὲρ
182 598 260 633 ἡμῶν
277 598 486 633 βαπτιζόμενοι,
503 599 547 625 ἵνα
568 599 673 634 ἔχοντες
690 602 736 627 καὶ
757 601 835 635 ἡμεῖς
849 601 879 626 τὸ

84 643 175 678 ὄνομα
192 643 229 678 μὴ
242 643 440 678 ὲπισχεθῶμεν,
454 644 621 676 κωλυθέντες
637 645 677 677 εἱς
693 645 722 671 τὸ
740 645 879 681 Πλήρωμα

85 688 290 724 παρελθεῖν
307 689 362 724 ὅρῳ
386 689 433 715 καὶ
453 688 492 724 τῷ
519 689 638 724 σταυρῷ.
662 690 708 716 Διὸ
725 690 772 716 καὶ
796 690 824 715 ἐν
847 690 878 723 τῇ

84 732 245 769 χειροθεσίᾳ
264 734 318 769 (78)
341 734 464 768 λέγουσιν
489 735 534 762 ἐπὶ
555 736 647 768 τέλους
669 736 734 770 (79)“
753 737 803 768 Εἰς
825 737 879 762 .ιύ-

84 787 201 812 τρωσιν
220 779 391 813 ἀγγελικὴν,
405 780 550 811 τουτέστιν,
565 781 597 815 ἣν
614 782 660 807 καὶ
673 780 782 815 ἄγγελοι
803 780 878 815 ἔχου-

86 833 147 851 σιν”
167 826 199 852 ἵν’
250 825 462 860 βεϐαπτισμένος
479 827 493 852 ὁ
510 827 557 862 τὴν
575 826 707 862 λύτρωσιν
726 826 879 861 κομισάμε-

84 879 133 902 νος
153 871 193 905 τῷ
213 870 294 898 αὑτοῦ
317 871 439 905 ὀνόματι,
452 867 475 904 ᾧ
490 872 537 897 καὶ
552 873 566 898 ὁ
583 871 696 905 ἄγγελος
711 871 792 897 αὑτοῦ
815 879 879 910 προ-

85 914 279 943 εεϐἀπτιτται.
299 916 492 942 Ἐὅαπτίσαντο
509 916 537 942 δὲ
554 916 583 942 ὲν
597 917 668 951 ἀρχῇ
684 917 707 942 οἱ
725 916 834 950 ἄγγελοι
847 916 880 942 ἐν
897 911 916 937 Β

85 960 223 995 λυτρὼσει
247 962 293 988 τοῦ
311 962 442 996 ὀνόματος
464 961 510 988 τοῦ
536 962 582 987 ἐπὶ
602 962 648 988 τὸν
670 962 772 996 Ἰησοῦν
796 963 824 988 ὲν
847 962 880 996 τῇ

86 1008 239 1042 περιστεμᾷ
267 1007 439 1039 κατελθόντος
466 1009 512 1034 καὶ
547 1008 754 1043 λυτρωσαμένου
789 1007 880 1033 αὐτόν.

92 1053 205 1088 Ἕδὲησε
235 1053 263 1079 δὲ
277 1053 435 1089 λυτρώσιως
458 1054 504 1080 καὶ
519 1053 558 1088 τῷ
585 1054 671 1088 Ἰησοῦ
691 1054 756 1088 (80),
779 1055 822 1080 ἴνα
845 1054 881 1089 μὴ

87 1097 245 1132 κατασχεθῇ
273 1099 305 1133 τῇ
332 1097 421 1133 ἐννοίᾳ
485 1097 595 1133 ἐνετέθη
622 1098 669 1124 τοῦ
696 1099 881 1134 ὑστερήματος

88 1142 311 1179 προσερχόμενος
335 1142 378 1169 διὰ
402 1143 450 1179 τῆς
475 1143 588 1177 σοφίας,
612 1143 649 1175 ὦς
674 1152 754 1178 φησιν
777 1145 791 1170 ὁ
816 1144 880 1171 Θεό-

87 1189 166 1220 δοτος
171 1209 177 1214 .

127 1235 190 1261 Kl".
209 1234 261 1260 Τὸν
274 1233 450 1269 Παράκλητον
464 1235 488 1260 οἱ
503 1235 556 1261 ἀπὺ
570 1235 746 1262 Οὐαλεντίνου
762 1236 808 1263 τὸν
829 1237 880 1272 Ἰη-

89 1280 156 1306 σοῦν
168 1280 302 1313 λέγουσιν’
312 1280 352 1306 ὅτι
369 1279 474 1315 πλήρης
492 1280 545 1305 τῶν
563 1279 674 1306 Aid)va
689 1281 827 1316 ἐλήλυθεν,
843 1283 881 1314 ὼς

88 1326 146 1352 ἀπὺ
169 1325 215 1351 τοῦ
233 1325 295 1351 ὅλου
325 1325 472 1360 προελθών.
490 1326 606 1360 Χριστὸς
629 1326 694 1361 γὰρ,
717 1328 881 1362 καταλείψας

88 1371 141 1406 τὴν
157 1370 344 1406 προϐαλοῦσαν
359 1371 439 1397 αὑτὸν
457 1371 566 1405 Σοφίαν,
581 1371 707 1398 εἰσελθὼν
720 1373 759 1404 εὶς
771 1373 801 1399 τὸ
814 1374 882 1409 Πλή-

89 1425 174 1452 ρωμα
187 1417 256 1452 ὑπὲρ
268 1417 317 1452 τῆς
331 1416 383 1449 ἔξω
398 1417 626 1453 καταλειφθείσης
638 1418 746 1452 ὣφίας,
762 1420 881 1454 ᾐτήσατο

88 1463 141 1498 τὴν
162 1462 304 1498 βοήθειαν·
323 1463 369 1489 καὶ
386 1463 415 1495 ἐξ
431 1463 555 1495 εὐδοκίας
571 1463 625 1489 τῶν
642 1463 753 1491 Αἰώνων
778 1465 880 1500 Ἰησοῦς

89 1507 274 1542 προϐάλλεται
299 1508 474 1543 Παράκλητος
490 1508 527 1543 τῷ
552 1509 711 1544 παρελθόντι
727 1510 816 1537 αἰῶνι.
837 1511 880 1537 Ἐν

88 1553 171 1588 τύπῳ
185 1553 213 1580 δὲ
237 1554 415 1589 Παρακλήτου
449 1556 462 1581 ό
485 1554 590 1587 Παῦλος
614 1556 786 1589 ἀναστάσεως
812 1557 881 1583 ἀπο-

90 1599 175 1634 στολὴ
188 1599 298 1633 γέγονεν
317 1600 388 1635 (81)·
404 1601 501 1626 αὐτίκα
524 1601 592 1636 μετὰ
611 1601 642 1627 τὸ
658 1602 742 1634 πάθος
760 1602 807 1629 τοῦ
824 1603 880 1629 Κυ-

91 1645 153 1681 ρίου
176 1646 224 1671 καὶ
247 1646 328 1677 αὐτὸς
353 1646 490 1683 ἀπεστάλη
511 1647 667 1682 κηρύσσειν.
683 1648 729 1674 Διὸ
748 1649 795 1675 καὶ
819 1649 878 1676 καθ’

89 1691 186 1725 ἕτερον
217 1691 332 1727 ἐκήρυξε
353 1692 397 1718 τὸν
427 1693 540 1728 Σωτῆρα
572 1694 684 1728 γενητὸν
719 1695 765 1721 καὶ
793 1695 880 1730 παθη-

88 1736 138 1763 τὸν
157 1736 214 1772 (32)
230 1737 274 1763 διὰ
290 1739 352 1769 τοὺς
367 1739 502 1773 ἀρίστους,
518 1740 568 1771 ὅτι,
581 1739 673 1767 τοῦτον
685 1741 785 1774 γνῶναι
801 1741 881 1776 δυνη-

90 1781 197 1813 θέντες,
210 1783 281 1809 κατὰ
293 1784 339 1810 τὸν
353 1785 433 1810 τόπον
449 1785 541 1811 τοῦτον
555 1785 672 1812 δεδίασιν
682 1795 688 1802 ·
707 1787 754 1814 καὶ
768 1788 836 1814 κατὰ
850 1788 881 1814 τὸ

89 1829 277 1864 πνευματικὸν
293 1829 324 1862 ἐξ
344 1831 420 1864 ἁγίου
434 1831 590 1867 Πνεύματος
609 1834 656 1860 καὶ
672 1833 819 1869 Παρθένου,
840 1835 878 1866 ὡς

146 1910 178 1938 ﬁ
200 1906 231 1934 P.
250 1907 303 1935 965
320 1907 374 1935 ED.
395 1908 542 1937 POTTER.

90 1992 157 2011 vere
172 1984 242 2021 ὑπὲρ
254 1984 307 2010 τῶν
322 1986 425 2021 νεκρῶν
445 1986 626 2020 haptizamur,
643 1994 693 2021 pro
712 1986 792 2013 nobis
813 1985 880 2020 ipsis

91 2020 254 2053 nostrisque
274 2020 439 2054 corporibus
451 2023 578 2051 mortuis.
597 2025 626 2048 ut
644 2020 879 2048 resurrectionem

92 2062 155 2088 qua:
168 2058 210 2091 est
231 2055 383 2091 intihristo
406 2060 433 2082 et
448 2056 480 2082 ad
497 2057 578 2082 vitam
596 2064 807 2091 consequamur,
825 2063 879 2081 non

91 2097 156 2123 qua:
181 2089 314 2116 beneﬁt-io
332 2091 408 2124 quasi
428 2091 566 2118 Creatoris
579 2091 661 2117 etiam
681 2089 812 2118 malorum
839 2092 882 2116 l'u-

92 2128 156 2150 tura
176 2128 230 2155 est,
243 2129 274 2150 ιιι
289 2129 315 2151 et
330 2133 444 2160 corpore
458 2129 568 2160 totoque
584 2126 692 2152 homine
715 2133 768 2160 quo
784 2133 881 2161 pecca-

91 2164 192 2185 verunt
215 2167 310 2193 poenas
330 2160 449 2192 ducant,
469 2161 577 2187 tametsi
599 2168 658 2187 eam
681 2161 720 2188 sic
737 2161 881 2187 credamus

91 2201 183 2228 exque
211 2195 335 2229 symbolo
369 2196 532 2225 reddamus.
557 2203 590 2222 ex
624 2203 678 2229 quo
704 2195 764 2230 ipso
794 2203 880 2229 nuga-

91 2229 225 2270 cissimns
241 2230 416 2270 Aristarchps
441 2230 542 2257 Christi
572 2232 610 2262 εἰς
637 2229 699 2270 iliaca
716 2229 881 2269 κατάϐασιν

91 2263 258 2325 ἓθδοοιιςυηι
291 2265 324 2291 ad
354 2265 455 2292 inferos
490 2269 592 2293 temere
622 2263 703 2293 nimis
740 2265 878 2300 expungit.

116 2306 215 2325 OIBEP.

116 2306 215 2326 OIBEF.

129 2333 186 2367 (78)
207 2332 255 2370 Διρ
269 2334 319 2360 καὶ
337 2334 371 2360 ἐν
388 2335 423 2370 τῇ
448 2344 519 2369 χειρ.
539 2335 682 2363 Constitut.
705 2335 816 2370 apostol.
833 2334 880 2362 lib.

89 2375 155 2395 VIII.
166 2376 231 2406 _eap_.
246 2368 282 2395 9:
299 2368 463 2406 Χειροθεσία
475 2371 522 2397 καὶ
538 2371 604 2406 εὐχὴ
622 2372 692 2406 ὑπὲρ
706 2368 758 2397 τῶν
782 2370 810 2406 ὲν
835 2378 882 2406 με-

90 2403 199 2440 τανοίᾳ
218 2403 357 2437 Impositio
373 2413 499 2432 "mnuum
515 2410 540 2432 et
561 2403 646 2432 diem;
670 2403 717 2440 pro
737 2403 883 2439 paenitenti-

91 2438 153 2464 bus.
167 2431 271 2475 ()ratio,
286 2447 427 2475 quaarcum
451 2431 627 2475 impositione
644 2431 772 2467 manuum
790 2440 880 2470 ﬁebat.

91 2472 251 2534 ἰεειροθεσία
266 2474 429 2509 quandoque
443 2472 515 2501 dieia
531 2476 647 2502 videtur:
661 2476 724 2502 hinc
743 2479 837 2510 postea
854 2474 882 2501 in

102 2508 137 2534 Iis
154 2506 293 2534 Extremus
309 2509 388 2534 εὺϊαὶ
402 2510 445 2534 διὰ
460 2510 569 2534 νειοῶν.
587 2519 648 2534 num.
662 2511 767 2534 scilicet
784 2510 882 2534 ﬁebant

102 2506 143 2534 Iis
154 2506 293 2546 Escerptis
309 2506 445 2546 εὐχαὶίδιὰ
460 2510 570 2546 χειρῶν,
587 2519 648 2545 quae
662 2506 767 2538 scilicet
784 2510 882 2546 ﬁebant

91 2543 233 2580 impositis
247 2544 287 2571 vel
303 2545 419 2572 sublatis
437 2543 571 2572 manibus.
589 2543 668 2572 Conf.
683 2553 743 2580 quae
763 2545 796 2572 ad
805 2544 882 2573 .Con-

90 2578 264 2637 i‘tjtutionum
286 2584 372 2613 apost.
385 2579 475 2607 locum
489 2580 545 2614 jam
560 2580 662 2607 dictum
679 2578 818 2608 adnotavit
833 2580 883 2606 Co-

131 2620 221 2637 enus.

91 2616 223 2640 telertus.

129 2647 188 2679 (79)
210 2648 257 2673 Ἐν
272 2647 310 2682 τῇ
325 2649 492 2683 χειροθεσίᾳ
554 2651 602 2677 ἐπὶ
615 2650 730 2682 τέλους.
755 2650 881 2676 Manuum

93 2682 152 2707 lucc
167 2682 290 2722 adma-tio
308 2684 334 2710 iu
353 2684 498 2722 baptismo,
514 2685 547 2722 de
566 2694 620 2720 quo
638 2686 772 2722 superius:
796 2686 882 2722 vicem

92 2718 229 2755 unguenti
248 2718 274 2744 in
292 2719 498 2755 consignatione
513 2718 654 2747 diaconica
672 2718 786 2755 perinde
808 2727 839 2746 ac
855 2719 882 2746 in

91 2753 281 2783 ordinatione,
296 2753 323 2790 in
340 2753 393 2790 qua
409 2755 537 2789 leguntur
560 2753 684 2790 publicai
699 2755 803 2782 scilicet
826 2763 879 2789 pre-

91 2794 152 2816 ces.
162 2794 286 2824 quarum
303 2788 355 2824 fuit
369 2789 424 2815 haec
441 2788 503 2823 pars
512 2788 602 2824 aliqua
617 2791 696 2824 eique
709 2788 881 2821 successerit,

92 2821 171 2860 quod
186 2822 223 2848 ita
240 2823 327 2860 modo
343 2825 369 2850 in
385 2821 447 2860 ﬁne'
462 2821 577 2860 habetur
591 2835 596 2851 :
615 2821 687 2860 Πρὸς
709 2825 739 2851 τὸ
754 2824 881 2860 ῥωσθῆναι

92 2856 196 2888 αὐτοὺς
221 2858 363 2895 σὺνμῇῃιῖν
385 2859 474 2893 πάσης
496 2859 610 2893 θλίψεως
629 2856 715 2895 ἆργῆς
732 2856 778 2886 καὶ
799 2856 882 2893 ἀναγ-

94 2899 165 2926 κης,
185 2896 213 2918 ut
243 2892 377 2920 nobiscum
404 2892 545 2920 liberentur
561 2895 593 2920 ab
616 2892 685 2921 (mini
695 2892 839 2929 ulmi-€11.0th
858 2899 881 2921 cl

929 281 983 309 Nos
1008 287 1097 310 autem
1118 284 1217 310 mortui
1235 292 1341 315 sumus,
1357 284 1416 311 neci
1439 284 1494 312 dati
1518 286 1713 313 constitutione

929 327 979 355 hac
993 337 1000 355 :
1012 329 1134 356 viventes
1158 337 1222 356 vero
1236 333 1263 356 et
1277 331 1407 362 masculi,
1423 331 1469 366 qui
1497 335 1585 359 status
1599 331 1713 366 hujusce

929 382 982 400 non
996 379 1058 401 sunt
1073 374 1229 410 participes.
1243 375 1271 402 Si
1282 377 1380 402 mortui
1395 383 1450 403 nou
1461 380 1617 411 resurgunt,
1630 384 1714 411 quare

928 423 955 447 et
970 428 1020 447 nos
1039 421 1225 456 baptizamur?
1245 429 1294 448 nos
1311 423 1392 457 igitur
1409 431 1591 458 resurgemus,
1610 423 1714 458 angelis

929 467 1033 494 similes
1048 468 1075 493 in
1090 468 1208 494 virorum
1223 475 1364 494 numerum
1381 469 1517 499 collocati,
1532 469 1661 495 membris
1674 468 1713 495 uti

930 520 979 540 nos
994 517 1021 539 et
1035 513 1154 540 membra
1172 513 1344 541 aduniamur.
1358 514 1408 546 Qui
1425 522 1490 541 vero
1506 514 1648 548 baptizati,
1670 514 1713 540 in-

929 559 1037 593 quiunt,
1050 566 1098 593 pro
1109 559 1187 586 nobis
1201 560 1326 590 mortuis.
1338 560 1424 594 angeli
1440 565 1503 586 sunt
1515 561 1560 594 qui
1574 567 1622 594 pro
1633 559 1712 586 nobis

930 605 1110 639 baptizantur,
1124 608 1153 631 ut
1163 608 1189 631 et
1200 613 1250 632 nos
1260 613 1357 632 nomen
1370 606 1499 633 habentes
1509 613 1556 641 per
1566 605 1711 632 terminum

930 657 961 676 ac
977 657 1084 676 crucem
1094 649 1121 676 in
1134 649 1329 677 Plenitudinem
1343 650 1445 685 ingredi
1458 659 1511 678 non
1522 651 1710 686 impediamur.

930 695 1100 730 Quapropter
1127 699 1152 723 et
1174 696 1201 722 in
1221 704 1349 723 manuum
1380 697 1552 732 impositione
1570 696 1664 723 dicunt
1684 697 1712 723 in

931 743 1000 768 line:
1021 741 1053 768 In
1071 741 1272 775 redemptionem
1296 742 1456 776 angelicam,
1482 743 1532 769 hoc
1551 746 1608 772 est.
1630 749 1711 777 quam

930 787 1012 813 etiam
1028 787 1116 822 angeli
1141 787 1251 817 habent,
1265 790 1294 812 ut
1318 787 1470 821 baptizatus
1491 787 1527 814 sit
1541 787 1588 821 qui
1602 786 1713 813 nomine

931 833 1042 868 proprio
1059 833 1271 867 redemptionem
1290 833 1402 868 adeptus
1422 836 1473 865 est.
1491 840 1545 867 quo
1559 836 1586 859 et
1600 832 1712 866 angelus

931 879 991 912 ejus
1006 878 1082 913 prius
1096 878 1147 904 fuit
1163 878 1326 912 baptizatus.
1344 878 1438 912 Angeli
1454 885 1518 904 vero
1535 878 1561 903 in
1577 876 1713 911 principio

931 924 1058 958 baptizati
1077 924 1186 951 fuerunt
1205 924 1232 950 in
1249 923 1433 958 redemptione
1446 923 1563 950 nominis
1579 922 1652 949 illius
1666 922 1714 957 qui

931 970 1064 996 columba:
1080 969 1166 996 I‘orma
1190 969 1217 996 iu
1239 968 1330 996 Jesum
1357 969 1497 996 descendit
1512 972 1540 995 et
1557 968 1645 1002 ipsum
1667 975 1713 994 re-

931 1017 1014 1043 demit
1030 1026 1036 1042 :
1055 1017 1240 1051 redemptione
1252 1024 1320 1050 opus
1341 1015 1390 1042 fuit
1407 1019 1434 1042 et
1452 1015 1503 1050 ipsi
1518 1013 1592 1046 Iesu,
1608 1019 1638 1041 ut
1658 1021 1713 1040 non

930 1066 1062 1097 conceptu
1073 1062 1196 1089 deiectus
1209 1063 1280 1089 illius
1296 1061 1472 1092 detineretur,
1489 1061 1532 1087 cui
1546 1068 1593 1095 per
1607 1060 1714 1094 sapien-

931 1108 996 1134 tiam
1014 1107 1147 1134 aceedens
1168 1107 1249 1134 fuerit
1264 1107 1399 1138 addictus,
1416 1109 1496 1141 prout
1512 1105 1610 1132 asserit
1625 1104 1714 1131 Theo-

931 1154 1023 1181 dotus.

966 1228 1060 1256 XXIII.
1087 1228 1256 1256 Paracletum
1291 1227 1383 1255 Jesum
1416 1226 1557 1254 nominant
1589 1225 1711 1253 Valenti»

931 1277 1017 1308 niani,
1030 1275 1103 1310 quod
1119 1274 1236 1302 ASonum
1255 1275 1350 1308 plenus
1363 1273 1442 1308 quasi
1457 1273 1491 1299 ab
1507 1272 1639 1298 universo
1654 1280 1716 1306 pro-

930 1325 1006 1351 dieus
1023 1323 1136 1350 venerit.
1148 1321 1274 1349 Christus
1287 1320 1358 1353 enim
1377 1318 1542 1353 Sapientiam
1554 1325 1569 1344 a
1581 1325 1634 1352 qua
1652 1325 1715 1352 pro-

931 1369 1045 1397 cesserit
1061 1369 1229 1402 relinquens,
1241 1367 1323 1400 inque
1335 1368 1364 1396 ἧς
1377 1363 1574 1391 Plenitudinem
1591 1363 1712 1394 veniens,

931 1416 1024 1443 relicta
1051 1422 1111 1449 quae
1134 1417 1176 1440 est
1201 1416 1277 1440 extra
1302 1411 1378 1438 illum
1403 1409 1555 1444 Sapientia,
1583 1408 1713 1434 auxilium

932 1463 1018 1499 petiit,
1034 1466 1062 1490 et
1075 1469 1125 1496 pro
1140 1461 1280 1488 voluntate
1298 1458 1415 1485 [Eonum
1436 1456 1515 1484 Iesus
1534 1456 1632 1483 saeculo
1645 1463 1714 1490 pra:-

931 1508 1076 1537 terlabenti
1088 1508 1204 1534 mittitur
1218 1505 1386 1533 Paracletus.
1397 1503 1528 1530 Paracleti
1540 1510 1604 1530 vero
1616 1502 1713 1533 forma,

931 1554 1033 1582 Paulus
1048 1552 1256 1581 resurrectionis
1282 1550 1369 1578 l'ac'tus
1391 1553 1432 1577 est
1454 1548 1603 1583 apostolus,
1623 1551 1715 1582 utpote

932 1602 978 1637 qui
996 1600 1087 1628 statim
1107 1607 1122 1626 a
1147 1598 1254 1626 Domini
1295 1596 1422 1632 passione
1451 1595 1509 1630 ipse
1539 1594 1713 1629 praedicatum

932 1648 1034 1674 missus
1048 1646 1138 1673 fuerit.
1156 1645 1246 1679 Itaque
1263 1642 1412 1670 secundum
1426 1645 1567 1676 utramque
1588 1643 1715 1666 naturam

933 1694 1101 1720 Salvatorem
1118 1691 1286 1727 przedieavit,
1311 1696 1408 1723 nempe
1432 1688 1552 1722 genitum
1567 1694 1599 1714 ac
1618 1686 1717 1721 patibi—

932 1742 985 1769 lem
1001 1742 1109 1768 illorum
1123 1739 1209 1774 gratia
1221 1738 1267 1772 qui
1282 1736 1376 1771 optimi
1390 1739 1463 1766 sunt,
1477 1733 1550 1769 quod
1566 1741 1628 1760 cum
1641 1732 1716 1759 illum

933 1794 1099 1822 cognoscere
1119 1786 1153 1813 iis
1176 1790 1337 1812 concessum
1363 1783 1413 1814 sit,
1439 1781 1491 1808 loci
1510 1780 1626 1814 huiusce
1649 1786 1716 1806 con-

933 1833 1106 1869 templatione
1121 1833 1218 1860 timore
1233 1830 1422 1866 percutiuntur
1435 1838 1441 1855 :
1458 1831 1485 1855 et
1499 1827 1648 1855 secundum
1666 1825 1720 1860 spi-

933 1986 1068 2020 angustia.
1084 1984 1175 2012 Fuerit
1189 1985 1280 2020 itaque
1294 1986 1333 2016 si;
1345 1985 1480 2020 λύτρωσιν
1494 1984 1652 2020 ἀγγελικὴν,
1663 1991 1717 2020 non

932 2019 1052 2047 absurdo
1067 2021 1113 2047 illo
1127 2028 1208 2047 sensu
1223 2019 1302 2055 quem
1315 2019 1410 2047 auctor
1425 2021 1511 2054 ponit,
1526 2019 1603 2054 quasi
1621 2019 1718 2053 angelo

933 2056 1104 2089 redemptore
1119 2055 1166 2090 qui
1190 2063 1238 2089 pro
1258 2056 1337 2082 nobis
1361 2056 1513 2090 baptizatus
1537 2055 1597 2085 fuit,
1619 2054 1666 2081 sed
1688 2058 1718 2080 ut

933 2090 1060 2125 neophyti
1078 2091 1136 2125 pari
1151 2091 1253 2124 angelis
1274 2094 1347 2117 sorte
1362 2089 1403 2117 vel
1418 2090 1497 2117 etiam
1519 2090 1571 2116 illis
1588 2089 1718 2125 interces-

935 2124 1044 2152 soribus
1063 2124 1085 2152 ai
1097 2126 1177 2153 malis
1196 2126 1355 2156 liberentur.
1376 2125 1513 2159 fortesque
1530 2125 1634 2159 pugiles
1650 2124 1716 2150 sint.

934 2161 1011 2193 Quod
1030 2161 1052 2186 si
1074 2161 1199 2187 heretica
1224 2160 1350 2187 hteretieo
1372 2161 1467 2195 spiritu
1490 2159 1639 2194 composita
1663 2159 1718 2195 lor-

935 2196 1007 2222 mula
1023 2199 1050 2221 i-t
1074 2195 1194 2230 precatio
1211 2196 1268 2230 ipsa
1293 2195 1398 2222 Valent.
1422 2195 1488 2222 nihil
1512 2199 1605 2222 nostra
1621 2194 1718 2221 attinet

897 2234 920 2266 ι)
934 2231 1086 2266 εχριὶείιιπ
1098 2230 1214 2266 Conuer.

969 2262 1024 2299 (80)
1046 2265 1165 2298 Ἐδέησε
1172 2265 1204 2291 δὲ
1212 2265 1387 2298 λυτρὼσεως
1397 2265 1446 2291 καὶ
1456 2264 1495 2297 τῷ
1514 2263 1619 2298 Ἰησοῦ.
1633 2262 1718 2297 Spur-

934 2301 1044 2326 cissiIna
1070 2301 1238 2334 blasphemia
1252 2301 1314 2335 ὅρος
1334 2302 1390 2334 ipse
1405 2300 1530 2327 Christus
1547 2304 1589 2326 est
1604 2307 1656 2332 qua
1672 2306 1718 2335 os-

935 2336 1001 2362 tiqu
1020 2339 1048 2361 ut
1063 2335 1089 2361 in
1107 2334 1294 2368 sequentibus.
1307 2336 1366 2361 sine
1382 2342 1435 2369 quo
1450 2339 1476 2361 el.
1491 2343 1570 2361 cruce
1587 2342 1640 2360 non
1658 2334 1718 2369 ejus

934 2371 1038 2397 meritis
1061 2370 1164 2404 ingredi
1182 2370 1264 2397 velint
1277 2370 1304 2396 iu
1320 2371 1404 2396 C(BIOS
1417 2371 1456 2400 εἰς
1477 2369 1508 2395 τὸ
1524 2369 1673 2404 Πλήρωμια,
1691 2368 1717 2394 in

934 2413 1050 2439 quorum
1067 2403 1106 2431 sic
1127 2405 1235 2431 nomine
1257 2405 1344 2439 angeli
1371 2405 1497 2439 baptizati
1521 2408 1594 2431 sunt.
1620 2403 1653 2429 Ut
1678 2403 1718 2430 sic

934 2447 1055 2467 errorem
1071 2440 1157 2467 errori
1178 2443 1298 2470 nectam,
1317 2439 1415 2473 ﬁatque
1435 2440 1541 2465 illorum
1562 2439 1645 2465 chaos
1669 2439 1719 2464 im—

935 2482 1070 2501 mensum.
1087 2474 1170 2507 Quasi
1182 2479 1208 2501 et
1222 2474 1332 2501 Christo
1348 2474 1428 2501 fuerit
1444 2474 1581 2500 damnatio
1596 2473 1719 2503 quaedam

935 2509 1008 2543 quod
1024 2517 1133 2536 carnem
1158 2511 1307 2544 assumpsit
1329 2517 1375 2536 seu
1396 2509 1433 2535 illi
1449 2510 1591 2543 copulatus
1605 2513 1656 2538 est.
1673 2516 1720 2542 per

935 2553 1015 2579 quam
1030 2545 1165 2572 obnoxius
1181 2545 1256 2571 ﬁeret
1271 2544 1402 2575 defectui,
1420 2552 1535 2578 eumque
1551 2545 1718 2579 contingeret

935 2577 982 2606 τοῦ
1006 2579 1192 2614 Πληρώματος
1213 2587 1294 2606 sensu
1316 2579 1387 2613 capi.
1414 2577 1540 2606 Facessat
1565 2577 1610 2606 ille
1631 2577 1718 2604 Theo-

936 2615 1016 2642 dotus
1028 2613 1087 2649 ejus
1100 2613 1194 2641 auctor
1206 2614 1341 2648 dogmatis
1357 2622 1388 2640 ac
1404 2613 1473 2641 forte
1490 2614 1574 2641 totius
1593 2614 1718 2640 lucubra-

935 2650 1028 2682 tionis,
1050 2657 1129 2684 quem
1153 2649 1290 2676 broviator
1307 2649 1464 2676 illaudatum
1487 2650 1527 2676 sic
1550 2649 1619 2676 bella
1642 2652 1718 2683 parte

935 2685 1011 2712 abire
1027 2683 1080 2711 non
1098 2685 1193 2714 voluit,
1209 2692 1240 2711 ac
1261 2684 1340 2717 cujus
1362 2684 1539 2718 sequentibus
1553 2683 1654 2718 passim
1670 2691 1718 2708 au-

936 2720 1088 2746 ctoritatem
1107 2719 1230 2746 arcessit.
1248 2719 1366 2746 (Ξουθεῆ

972 2755 1027 2789 (81)
1051 2753 1214 2787 Ἀποστολὴ
1229 2755 1290 2789 γέγ.
1307 2753 1388 2781 Forte
1403 2753 1548 2784 ἀπόστολος
1563 2753 1622 2787 γέγ.
1637 2751 1715 2789 SrLI}.

971 2787 1027 2824 (82)
1047 2791 1070 2815 Γ
1072 2788 1176 2822 ενητὸν
1192 2787 1241 2815 καὶ
1254 2787 1323 2816 duo.
1335 2789 1440 2824 rAptius
1455 2788 1580 2823 γεννητὸν
1593 2789 1638 2814 καὶ
1650 2787 1714 2824 παθ,

936 2822 1036 2851 Ibidem
1050 2833 1111 2851 mox
1122 2825 1214 2851 verius
1227 2832 1288 2851 esse
1298 2822 1404 2851 videtur
1415 2823 1458 2850 διὰ
1471 2822 1533 2854 τοὺς
1546 2822 1714 2858 ἁριστεροὺς.

936 2865 1040 2893 prupler
1053 2861 1184 2890 sinistros.
1201 2863 1229 2885 ut
1244 2867 1304 2893 pag.
1325 2867 1382 2893 seq.
1398 2858 1457 2885 Mox
1473 2865 1538 2886 sane
1561 2864 1715 2885 memoran-

937 2899 981 2921 tur
993 2896 1074 2921 eIiam
1089 2895 1169 2927 δεξιοὶ
1187 2893 1303 2927 ἄγγελοι.
1321 2894 1450 2920 Summo.
