1934 3075
226 160 274 191 6⁸η

805 160 966 188 CLEMENS
978 159 1257 189 ALEXANDRINUS.

1792 159 1842 186 οτι

225 221 306 248 ritale
331 228 364 248 ex
395 220 500 256 Spiritu
528 225 623 249 sancto
647 224 673 248 et
696 220 823 256 Virgine,
845 229 878 249 eo
904 221 1010 249 scilicet

1076 221 1084 247 ἱ
1100 221 1182 253 δεξιοὶ
1203 221 1313 256 ἄγγελοι
1339 220 1527 255 γινώσκουσιν.
1553 219 1636 251 Ἰδίως
1656 218 1712 254 γὰρ
1732 218 1843 248 ἕκαστος

225 266 307 294 modo
330 274 385 301 quo
407 267 495 302 angeli
517 267 606 294 dextri
622 272 800 302 cognoscunt.
824 267 912 294 Mente
936 267 1008 295 enim

224 313 334 347 propria
361 312 503 340 Dominum
529 313 716 348 unusquisque
734 314 887 348 cognoscit.
906 317 933 340 at
955 321 1009 340 non

226 358 352 386 similiter
369 359 455 394 angeli
470 367 564 386 omnes
582 360 678 386 horum
699 367 843 394 parvorum
861 361 1010 388 electorum

227 405 273 438 qui
315 403 398 430 futuri
425 408 488 432 sunt
512 405 537 431 in
568 405 661 432 eadem
693 406 845 433 hwredilate
871 412 898 433 et
922 407 1011 441 perfe-

227 451 357 480 ctionen,
384 450 479 483 faciem
508 450 598 477 Patris
623 451 748 479 videntb.
773 451 900 480 Fortasse
928 452 1011 480 facies

227 496 335 530 quidem
351 499 378 522 et
395 497 452 530 ipse
476 496 561 524 Filius
585 501 627 524 est
648 507 655 524 :
680 498 760 524 sicuti
783 498 865 524 etiam
882 502 923 525 cst
946 498 1012 525 illud

227 549 307 568 omne
334 541 423 569 Putris
457 543 704 577 comprehensibile
734 544 806 578 quod
839 552 888 579 per
914 544 1012 572 Filium

226 587 316 614 edocti
341 588 443 616 vident.
468 588 547 621 Quod
573 594 662 617 autem
689 591 823 625 reliquum
847 590 938 619 Patris
953 595 1012 623 est,

226 633 348 668 ignotum
364 638 416 661 est.

262 678 357 705 XXIV.
378 679 478 707 Dicunt
502 679 702 713 Valentiniani,
727 682 798 716 quod
825 681 945 717 Spiritus
970 683 1015 709 ille

227 732 307 759 quem
334 726 525 760 prophetarum
543 727 640 761 singuli
659 727 692 753 ad
709 728 890 754 ministerium
913 728 1016 755 habue-

228 774 303 802 runt,
319 779 401 805 super
413 779 509 799 omnes
522 772 568 806 qui
584 772 618 799 de
634 771 755 800 Ecclesia
772 773 837 811 sint,
849 773 884 801 sit
901 773 1014 806 etTusus,

229 817 354 852 hancque
367 817 401 844 ob
415 825 527 845 causam
541 819 618 852 signa
637 818 766 853 Spiritus,
783 826 879 853 nempe
896 821 1015 847 sanatio-

229 871 290 893 nes.
307 868 334 890 et
346 864 504 898 prophetim.
515 872 563 898 per
576 864 702 892 Ecclesia:
718 865 836 892 membra
853 865 1016 900 ﬁunthno-

1059 267 1185 301 γνωρίζει
1211 268 1256 293 τὸν
1286 266 1396 302 Κύριον,
1422 267 1468 293 καὶ
1491 266 1540 301 οὐχ
1568 265 1668 300 ὁμοίως
1691 263 1792 295 πάντες
1810 263 1843 289 τό

1059 314 1220 346 πρόσωπον
1240 312 1292 339 τοῦ
1326 311 1440 345 Πατρός
1473 310 1582 345 ὁρῶσιν
1605 311 1629 337 οἱ
1652 309 1761 344 ἄγγελοι
1783 308 1839 334 τού-

1059 367 1113 385 των
1133 359 1187 385 τῶν
1214 358 1318 394 μικρῶν
1337 358 1389 384 τῶν
1413 357 1556 390 ἐκλεκτῶν,
1577 356 1630 383 τῶν
1655 356 1791 390 ἐσομένων
1816 357 1845 381 ὲν

1059 405 1092 439 τῇ
1119 404 1185 439 αὐτῇ
1211 404 1391 437 κληρονομίᾳ
1416 405 1463 430 καὶ
1487 403 1643 438 τελειότητι.
1661 403 1740 437 Τάχα
1764 401 1794 427 δὲ
1815 401 1845 427 τὺ

1062 450 1206 485 πρόσωπόν
1233 451 1290 476 ἐστι
1312 450 1360 485 μὲν
1384 451 1429 476 καὶ
1445 451 1459 476 6
1479 449 1557 481 Υἱός’
1582 449 1638 475 ἔστι
1662 448 1691 475 δὲ
1716 449 1762 474 καὶ
1785 448 1847 474 ὅσον

1062 495 1232 531 καταληπτὸν
1269 496 1314 522 τοῦ
1351 496 1457 532 Πατρὺς
1491 496 1524 522 δι’
1556 495 1621 522 Υἱοῦ
1661 494 1847 530 δεδιδαγμένοι

1063 540 1212 576 θεωροῦσι·
1243 541 1273 567 τὸ
1300 541 1338 578 δὲέ
1352 541 1444 568 λοιπὸν
1470 541 1607 576 ἄγνωστον
1633 542 1691 567 ἐστι
1716 540 1763 566 τοῦ
1789 540 1849 567 Πα-

1063 587 1135 622 τρός.

1098 677 1160 704 ΚΔ’.
1191 678 1321 712 Λέγουσιν
1347 679 1371 705 οἱ
1403 677 1632 711 Οὐαλεντινιανοὶ,
1664 677 1706 703 ὅτι
1733 677 1748 703 ὖ
1778 677 1848 703 κατὰ

1065 720 1105 755 εἷς
1121 723 1175 759 (83)
1192 723 1246 750 τῶν
1262 723 1408 760 προφητῶν
1425 724 1503 759 ἔσχεν
1519 723 1629 758 Πνεῦμα
1645 723 1786 758 ἐξαίρετον
1809 723 1848 754 εις

1065 770 1200 797 διακονίαν
1216 770 1286 805 (84),
1302 770 1381 797 τοῦτο
1395 770 1442 797 ἐπὶ
1461 771 1565 801 πάντας
1580 771 1643 801 τοὺς
1660 769 1711 804 τῆς
1736 768 1852 803 Ἐκκλη-

1068 815 1128 847 σίας
1148 815 1261 852 ἐξεχύθη
1275 824 1281 830 “
1299 816 1339 842 διὸ
1363 816 1409 842 καὶ
1430 816 1465 842 τὰ
1488 817 1588 851 σημεῖα
1610 815 1656 842 τοῦ
1672 815 1850 850 Πνεύματος,

1068 861 1154 894 ἰάσεις
1179 862 1225 888 καὶ
1246 864 1424 898 προφητεῖαι,
1446 861 1488 888 διὰ
1512 862 1562 896 τῆς
1582 861 1747 897 Ἐκκλησίας
1764 861 1852 886 ἐπιτε-

230 914 293 936 rant
307 913 397 936 autem
412 910 484 944 quod
500 909 667 942 Paracletns,
683 911 729 946 qui
744 911 770 937 in
789 911 909 939 Ecclesia
922 912 1016 938 imme-

1074 907 1183 934 λοῦνται.
1203 907 1340 941 Ἀγνοοῦσι
1355 908 1399 939 δὲ,
1418 908 1459 934 ὅτι
1480 909 1494 934 6
1511 907 1689 943 Παράκλητος
1710 906 1853 942 προσεχεῖς

231 955 305 983 diate
328 960 457 989 operatur
468 976 475 987 ,
492 955 613 990 ejusdem
633 957 793 984 substantiae
813 961 840 984 et
855 957 964 984 virtutis
981 957 1017 984 sit

232 1008 295 1028 cum
309 1001 354 1028 illo
366 1001 412 1037 qui
429 1001 480 1029 sub
497 1001 586 1028 Veteri
605 1000 779 1030 Testamento
791 1003 967 1038 operabatur.

267 1084 350 1111 XXV.
367 1086 499 1121 Angelum
515 1087 678 1115 deﬁnierunt
690 1087 872 1115 Valentiniani
885 1098 891 1115 :
904 1088 1017 1116 verbum

234 1131 390 1160 exsistcntis
402 1133 636 1160 annuntiationem
651 1133 764 1161 habens.
777 1133 876 1160 Dicunt
889 1138 977 1161 autem
992 1138 1018 1161 et

235 1176 339 1204 [Εοηαε
348 1178 442 1205 eodem
456 1187 510 1213 quo
530 1179 648 1206 Verbum
662 1179 749 1207 Verba
765 1180 1018 1215 censeri.Apostoli,

233 1222 341 1257 inquit,
367 1224 392 1250 in
406 1225 483 1258 signa
499 1225 641 1252 duodecim
657 1226 782 1253 translati
799 1230 872 1254 sunt.
887 1226 928 1253 Ad
942 1234 1019 1253 eum-

233 1270 294 1297 dem
309 1270 382 1297 enim
397 1271 504 1298 modum
519 1279 573 1306 quo
590 1273 623 1298 ab
633 1272 695 1299 illis
708 1273 846 1307 perﬁcitur
866 1280 957 1300 rerum
973 1280 1018 1308 ge-

234 1317 350 1346 neratio.
366 1316 401 1342 ita
419 1317 452 1344 ab
468 1318 600 1352 apostolis
615 1319 795 1353 regeneratio.

269 1360 350 1396 353
371 1361 464 1390 XXVI.
487 1362 599 1390 Videtur
622 1364 648 1390 id
664 1364 727 1391 Jesu
746 1365 817 1399 quod
841 1369 884 1393 est
900 1365 1016 1393 visibile.

235 1406 374 1441 Sapientia
393 1413 420 1435 et
436 1409 556 1436 Ecclesia
575 1410 683 1438 fuerunt
699 1412 732 1438 ab
747 1412 890 1439 excellenti
903 1413 1017 1444 semine,

234 1460 315 1486 quam
333 1452 420 1479 induit
436 1461 482 1487 per
498 1461 598 1489 corpus
610 1475 616 1485 ,
635 1457 673 1482 uti
691 1457 773 1484 sentit
789 1456 955 1485 Theodotus.
974 1458 1019 1484 In-

234 1499 342 1526 visibile
368 1507 433 1526 vero
458 1507 556 1527 nomen
581 1503 652 1536 quod
671 1507 712 1529 est
738 1503 823 1531 Filius
851 1503 1017 1538 unigenitus.

237 1543 314 1572 Unde
338 1553 399 1572 cum
424 1546 496 1573 dicat
513 1557 519 1573 :
539 1547 594 1582 Ego
619 1556 676 1574 sum
695 1549 834 1580 οδιὶιιηισ,
857 1549 908 1576 hoc
929 1549 1016 1577 dicit:

1067 953 1185 988 ἐνεργῶν
1210 953 1258 980 νῦν
1273 954 1305 988 τῇ
1329 953 1491 988 Ἐκκλησία,
1510 953 1559 987 τῆς
1578 952 1660 980 αὐτοῦ
1675 952 1772 984 οὔσίας
1798 951 1852 987 (85)

1066 999 1125 1026 ἐστὶ
1141 999 1187 1025 καὶ
1203 999 1341 1034 δυνάμεως
1357 999 1395 1034 τῷ
1422 998 1563 1034 προσεχῶς
1586 999 1766 1034 ὲνεργήσαντι
1785 998 1852 1025 κατὰ

1066 1047 1114 1082 τὴν
1131 1046 1252 1073 Παλαιὰν
1267 1046 1413 1082 Διαθήκην.
1425 1048 1430 1053 “

1102 1092 1166 1118 KE'.
1180 1091 1231 1118 Τὸν
1248 1092 1360 1126 ἄγγελον
1383 1092 1516 1128 ὡρίσαντο
1538 1093 1564 1118 οἱ
1587 1091 1642 1118 ἀπὸ
1662 1090 1850 1117 Οὐαλεντίνου·

1067 1137 1145 1172 λόγον
1167 1139 1334 1172 ἀπαγγελίαν
1349 1138 1442 1173 ἔχοντα
1455 1138 1502 1165 τοῦ
1525 1139 1610 1170 ὄντος.
1629 1137 1748 1171 Λέγουσι
1763 1136 1792 1163 δὲ
1811 1134 1853 1162 και

1069 1185 1132 1215 τοὺς
1145 1184 1251 1216 Αῐῶνας
1267 1184 1420 1219 ὁμωνύμως
1445 1184 1483 1219 τῷ
1505 1184 1583 1218 Λόγῳ
1595 1183 1708 1216 Λόγους.
1738 1183 1770 1208 Οἱ
1790 1181 1854 1208 ἁπό-

1069 1230 1165 1262 στολοι,
1182 1230 1257 1266 φησὶ,
1277 1230 1458 1265 μετετέθησαν
1474 1231 1529 1260 τοῖς
1543 1229 1656 1256 δεκαδύο
1671 1228 1789 1260 ζωόίοις.
1813 1227 1853 1258 Ὠς

1068 1276 1122 1312 γὰρ
1135 1276 1180 1302 ὑπ’
1196 1275 1306 1302 ἐκείνων
1321 1276 1337 1311 ἡ
1353 1275 1460 1311 γένεσις
1471 1275 1619 1306 διοικεῖται,
1634 1273 1722 1305 οὕτως
1738 1272 1792 1299 ὑπὸ
1803 1271 1853 1298 τῶν

1068 1321 1224 1348 ἀποστόλων
1240 1322 1255 1356 ἡ
1272 1321 1458 1356 ἁναγέννησις.

1103 1369 1175 1402 Kq'.
1197 1369 1308 1404 Ὀρᾶται
1321 1367 1352 1393 τδ
1364 1365 1523 1403 ὁρατὸν”τοῦ
1544 1366 1642 1402 Ἰησοῦ.
1662 1365 1694 1391 Ἦ
1705 1364 1793 1399 Σοφία
1809 1363 1852 1390 καὶ

1048 1416 1083 1451 -ἡ
1108 1415 1254 1450 Ἐκκλησία
1273 1413 1307 1451 ἦν
1331 1414 1386 1441 τῶν
1411 1414 1575 1449 σπερμάτων
1589 1413 1644 1439 τῶν
1659 1411 1851 1447 διαφερόντων,

1068 1461 1102 1497 ἦν
1118 1461 1274 1488 ὲστολίσατο
1285 1461 1329 1487 διὰ
1342 1460 1388 1487 τοῦ
1406 1460 1528 1497 σαρκίου,
1541 1459 1579 1491 ῶς
1593 1466 1674 1494 φησιν
1688 1458 1703 1483 6
1717 1457 1852 1487 Θεόδοτος.

1068 1508 1105 1535 Τὸ
1116 1508 1144 1534 δὲ
1157 1508 1272 1543 ἀόρατον
1285 1507 1378 1542 ὗνομα,
1390 1506 1459 1542 ὅπερ
1473 1505 1546 1532 ἐστὶν
1560 1505 1574 1530 6
1592 1504 1655 1535 Υἱὸς
1668 1505 1682 1530 ὁ
1697 1502 1853 1538 μονογενής.

1072 1553 1151 1581 Ὅθεν
1167 1554 1230 1580 ὅταν
1246 1553 1312 1590 εἴπῃ
1323 1575 1331 1586 ,
1354 1553 1423 1588 Ἐγώ
1447 1553 1504 1586 εἰμι
1522 1553 1540 1585 ἡ
1561 1551 1648 1584 θύρα,
1662 1549 1744 1576 τοῦτο
1766 1548 1855 1582 λέγει,

235 1591 309 1625 quod
325 1591 358 1618 ad
371 1600 432 1619 eum
450 1601 536 1628 usque
551 1594 708 1626 terminum,
723 1596 768 1629 qui
783 1603 833 1630 ego
847 1604 918 1627 sum,
929 1597 1016 1624 venie-

1074 1600 1112 1626 ὅτι
1130 1600 1208 1636 μέχρι
1230 1599 1276 1626 τοῦ
1293 1600 1355 1635 ὅρου
1367 1620 1374 1632 ,
1391 1596 1421 1626 οὗ
1443 1599 1500 1634 εἰμι
1515 1597 1586 1631 ἐγὼ,
1610 1595 1754 1622 ἐλεύσεσθε
1771 1596 1795 1621 οξ
1810 1593 1855 1621 τοῦ

235 1638 282 1670 tis,
296 1641 429 1672 quotquot
445 1639 586 1666 excellenti
603 1640 706 1667 semine
719 1642 772 1667 nati
790 1641 859 1668 sitis.
877 1642 944 1668 Cum
957 1650 1020 1670 vero

237 1682 297 1717 ipse
312 1684 474 1718 ingreditur,
492 1693 583 1712 semen
601 1694 709 1720 quoque
724 1695 776 1713 una
794 1695 856 1714 cum
870 1688 916 1714 illo
931 1688 1019 1723 ingre-

240 1729 314 1756 ditur
331 1730 357 1756 in
383 1731 593 1764 Plenitudinem,
611 1740 658 1766 per
673 1733 772 1759 ostium
789 1734 892 1761 scilicet
907 1734 1014 1770 colliga-

237 1779 295 1801 tum
312 1779 337 1802 et
352 1775 504 1804 inductum.

277 1820 381 1849 XXVII.
404 1822 537 1850 Sacerdos
561 1823 716 1858 ingrediens
740 1824 812 1852 intra
833 1825 956 1852 velamen
978 1833 1021 1853 se-

239 1867 369 1899 cundum,
383 1875 443 1895 cum
460 1869 586 1895 laminam
598 1869 611 1889 ἀ
625 1869 702 1904 juxta
717 1870 802 1898 altare
819 1874 847 1902 »14
862 1872 964 1899 incensi
976 1871 1023 1899 de-

238 1914 329 1947 posuit
341 1933 348 1944 ,
367 1917 423 1940 tum
438 1918 465 1940 ct
479 1915 536 1948 ipse
550 1915 576 1942 in
590 1915 699 1942 silentio
723 1924 821 1944 nomen
839 1917 866 1943 in
882 1918 964 1944 corde
980 1918 1023 1944 iu-

238 1961 374 1995 sculptum
396 1961 499 1988 habens
520 1962 711 1996 ingrediebalur
723 1968 744 1989 ε.
768 1962 930 1998 Signiﬁcans
947 1964 1021 1998 posi-

238 2006 341 2034 tionem
362 2007 443 2034 veluti
469 2008 575 2034 lamina!
598 2016 685 2035 aurea:
707 2016 782 2042 pura:
797 2009 919 2043 levisque
945 2009 1022 2036 iactae

238 2060 287 2087 per
299 2054 487 2087 purgationem
501 2054 578 2088 quasi
595 2055 727 2088 corporis,
746 2055 843 2082 animae
860 2055 1020 2090 positionem

238 2105 300 2126 esse
319 2108 325 2125 :
344 2098 371 2125 in
390 2107 444 2133 quo
463 2099 590 2133 splendor
616 2104 643 2126 et
666 2107 764 2126 nomen
787 2101 876 2128 cultus
901 2101 1020 2136 religiosi

238 2149 297 2172 erat
311 2145 486 2179 insculptum,
502 2153 550 2179 per
562 2146 633 2179 quod
651 2146 849 2180 principatibus
864 2151 890 2173 et
904 2152 1022 2182 potesta~

237 2193 312 2220 tibus
323 2213 331 2225 ,
348 2192 395 2226 qui
413 2199 511 2219 nomen
528 2193 642 2219 sortitus
657 2196 714 2223 est,
734 2192 863 2220 innotuit.
881 2193 961 2221 Ponit
974 2201 1023 2220 au-

238 2244 291 2268 tem
304 2248 404 2275 corpus
416 2240 478 2271 hoc,
491 2239 617 2266 laminam
630 2239 725 2270 levent,
741 2247 802 2266 cum
815 2241 885 2266 intra
899 2241 1020 2267 velamen

239 2289 387 2314 secundum
405 2286 432 2312 in
448 2285 549 2312 mundo
560 2285 721 2319 intelligibili
737 2286 861 2316 exsistat,
874 2286 943 2320 quod
957 2286 1017 2320 qui-

1073 1645 1245 1682 διαφέροντος
1262 1645 1425 1680 σπέρματος.
1445 1645 1526 1671 Ὅταν
1542 1643 1569 1669 δὲ
1594 1642 1641 1669 καὶ
1664 1641 1747 1672 αὐτὸς
1771 1640 1855 1675 εἰσέρ-

1073 1701 1153 1727 χηται
1164 1713 1170 1724 ,
1188 1692 1235 1718 καὶ
1258 1692 1287 1718 τὸ
1305 1691 1414 1727 σπέρμα
1431 1690 1635 1725 συνεισέρχηται
1654 1688 1710 1723 (86)
1727 1687 1802 1722 αὑτῷ
1818 1687 1855 1716 είς

1073 1739 1103 1765 τὸ
1124 1738 1262 1774 Πλήρωμα
1276 1737 1320 1763 διὰ
1336 1737 1385 1771 τῆς
1402 1736 1486 1772 θύρας
1504 1734 1632 1770 συναχθὲν
1648 1734 1697 1760 καὶ
1721 1731 1854 1767 εἰσαχθέν.

1110 1828 1172 1854 KZ'.
1195 1827 1224 1853 Ὀ
1242 1826 1329 1861 ἱερεὺς
1350 1824 1439 1852 εἰσιὼν
1458 1825 1533 1856 ἐντὸς
1549 1823 1595 1850 τοῦ
1611 1822 1857 1856 καταπετάσματος

1074 1873 1120 1901 τοῦ
1133 1873 1272 1908 δευτέρουγ
1287 1872 1318 1898 τό
1333 1880 1362 1898 τε
1379 1871 1509 1898 πέταλον
1524 1870 1578 1905 (87)
1592 1868 1713 1895 ἀπετίθει
1728 1867 1806 1903 παρὰ
1821 1867 1856 1900 τῷ

1075 1919 1258 1955 Θυσιαστηρίῳ
1273 1919 1320 1945 τοῦ
1344 1918 1530 1954 θυμιάματος,
1556 1917 1635 1947 αὐτὸς
1652 1915 1680 1942 δὲ
1698 1917 1727 1941 ἐν
1745 1916 1807 1949 σιγῇ
1829 1913 1857 1938 τ’)

1074 1967 1102 1991 ὲν
1118 1967 1150 2001 τῇ
1168 1965 1265 2000 καρδίᾳ
1290 1964 1524 2000 ἐγκεχαραγμένον
1547 1963 1632 1997 ὄνομα
1656 1962 1725 1996 ἔχων
1747 1961 1857 1993 εἰσῄει⁸

1073 2013 1180 2044 δεικνὺς
1195 2012 1243 2048 τὴν
1263 2011 1391 2038 ἀπόθεσιν
1415 2010 1461 2037 τοῦ
1478 2010 1602 2044 καθάπερ
1618 2008 1734 2034 πετάλου
1757 2005 1857 2042 χρυσοῦ

1074 2056 1194 2093 καθαροῦ
1206 2056 1350 2091 γενομένου
1367 2056 1413 2082 καὶ
1428 2054 1528 2088 κούφου
1543 2053 1586 2080 διὰ
1600 2053 1647 2088 τὴν
1664 2052 1798 2087 κάθαρσιν
1813 2050 1858 2077 τοῦ

1075 2104 1168 2140 ὥσπερ
1185 2102 1322 2138 σώματος,
1339 2101 1388 2136 τῆς
1403 2101 1490 2136 ψυχῆς
1505 2100 1650 2127 ἀπόθεσιν⁸
1665 2100 1694 2124 ἐν
1707 2094 1729 2131 ᾧ
1745 2097 1858 2140 ἐγκεχίῗ

1075 2138 1158 2185 ρακτο
1172 2149 1201 2174 τὺ
1218 2147 1332 2182 γάνωμα
1343 2147 1389 2174 καὶ
1401 2147 1430 2173 τὸ
1440 2147 1524 2181 ὄνομα
1538 2146 1585 2180 τῆς
1600 2144 1765 2174 θεοσεϐείας,
1778 2143 1812 2168 δι’
1829 2138 1857 2169 οὗ

1074 2195 1133 2225 ταῖς
1141 2195 1236 2229 ἀρχαῖς
1244 2193 1290 2220 καὶ
1298 2193 1430 2225 ἐξουσίαις
1440 2191 1599 2226 ἐγινώσκετο
1608 2190 1637 2216 τὸ
1646 2191 1730 2224 ὄνομα
1739 2188 1858 2224 περικεί-

1076 2248 1163 2274 μενος.
1173 2239 1339 2266 ’Λποτίθεται
1350 2239 1377 2265 δὲ
1391 2238 1469 2264 τοῦτο
1482 2237 1511 2263 τὸ
1525 2237 1638 2264 πέταλον
1649 2236 1678 2262 τὸ
1690 2235 1801 2270 ἀϐαρὲς,
1816 2243 1859 2268 γε-

1037 2275 1057 2302 D
1072 2283 1182 2317 νόμενον
1196 2283 1270 2315 ἐντὸς
1281 2283 1326 2309 τοῦ
1339 2282 1580 2316 καταπετάσματος
1589 2280 1635 2307 τοῦ
1646 2280 1772 2314 δευτέρου
1784 2280 1814 2305 ὲν
1822 2278 1859 2313 τῷ

240 2331 300 2358 dem
318 2332 437 2358 velamen
454 2330 602 2366 perrectum
625 2331 787 2365 plenumque
801 2335 843 2358 est
857 2331 937 2358 rebus
958 2332 1016 2358 uni-

1074 2330 1155 2366 θοητῷ
1181 2330 1291 2365 κόσμῳ,
1318 2330 1332 2356 ὃ
1353 2331 1410 2356 ἐστι
1433 2328 1557 2363 δεύτερον
1578 2326 1721 2362 ὁλοσχερὲς
1736 2325 1859 2352 καταπέ-

239 2377 377 2404 versitatis
387 2397 394 2408 ,
411 2377 488 2411 juxta
504 2377 589 2403 altare
603 2376 724 2408 incensi,
738 2376 815 2410 juxta
828 2377 938 2412 angelos
954 2385 1014 2404 ora.

279 2455 308 2484 ἥ(
329 2452 359 2479 Ρ.
380 2452 432 2479 966
451 2452 505 2480 ED.
525 2452 672 2480 ΡΟΤΤΕΠ.

716 2459 727 2473 ι
742 2452 807 2480 lleb.
823 2461 841 2486 ι,
856 2454 899 2482 M.

245 2493 258 2507 θ
275 2487 361 2514 Levit.
376 2496 431 2519 xu,
449 2488 475 2515 5.

279 2563 335 2624 g8?)
363 2563 443 2590 Κατὰ
471 2561 523 2597 εἷς.
551 2564 729 2592 Scribcndum
756 2566 847 2599 potius
878 2565 1024 2598 conjuncte

297 2607 345 2624 ac.

243 2607 345 2629 καυεις.

281 2633 336 2667 (84)
357 2635 409 2665 Εἰς
424 2632 587 2660 διακονίαν.
610 2633 688 2660 Conl'.
711 2642 772 2668 quae
797 2634 878 2668 paulo
901 2634 1027 2668 superius

245 2668 314 2695 dixit
328 2673 433 2695 auctor.

283 2702 338 2738 (85)
359 2703 415 2735 Τῆς
433 2702 525 2729 αὐτοῦ
541 2703 656 2736 οὐσίας.
670 2704 871 2737 Congruentius
886 2704 934 2738 τῆς
946 2703 1028 2738 αὐτῆς

246 2737 356 2769 οὐσίας,
374 2737 490 2771 ejusdem
511 2737 674 2764 aubslanlim.
695 2738 825 2765 Suntne.

284 2772 340 2808 (86)
369 2772 610 2807 Συνεισέρχηται.
639 2772 719 2800 Forte
746 2773 966 2808 συνεισέρχεται,
997 2778 1027 2799 ut

249 2815 347 2835 sensus
361 2807 407 2839 sit,
426 2816 484 2834 cum
500 2816 557 2835 vero
573 2808 626 2841 ipse
641 2808 734 2840 intrat,
746 2817 833 2835 semen
849 2807 949 2842 quoque
966 2817 1023 2835 run:

249 2850 279 2868 ρο
302 2843 393 2870 intrat.
419 2843 455 2869 De
477 2843 590 2878 mystico
606 2849 694 2870 autem
718 2843 815 2871 summi
833 2843 981 2870 sacerdotis
998 2844 1024 2870 in

251 2878 436 2905 sanctuarium
454 2878 564 2906 introitu
584 2882 609 2906 et
623 2878 716 2906 habitu
732 2878 864 2914 ejusdem,
883 2879 963 2907 latius
975 2886 1023 2906 su-

968 2455 982 2474 b
1003 2455 1096 2481 Matth.
1115 2463 1192 2486 xvut,
1208 2455 1249 2482 lO.

1068 2386 1160 2413 τασμα
1176 2377 1222 2404 τοῦ
1245 2377 1361 2410 παντὸς,
1380 2376 1455 2411 παρὰ
1478 2375 1508 2401 τό
1525 2374 1716 2409 θυσιαστήριον
1745 2371 1792 2399 τοῦ
1813 2372 1858 2398 Θυ-

1318 2460 1328 2473 ο
1349 2453 1427 2480 Joan.
1447 2461 1473 2484 x,
1491 2452 1516 2479 ’1.
1562 2451 1574 2471 ἀ
1596 2450 1682 2477 Exod.
1699 2457 1796 2480 xxrttt,
1815 2449 1856 2476 56.

1075 2571 1122 2598 pra
1139 2571 1199 2597 pag.
1213 2563 1276 2594 240,
1291 2563 1354 2590 2H.
1372 2563 1491 2589 Summo

1111 2599 1167 2633 (87)
1183 2599 1217 2625 Τό
1232 2607 1263 2630 τε
1276 2599 1414 2625 πέταλον.
1431 2598 1487 2624 Non
1504 2598 1590 2624 solum
1607 2597 1738 2633 laminam
1749 2603 1857 2623 auream

1076 2631 1186 2660 nomine
1203 2633 1255 2659 DEI
1271 2634 1427 2667 inscriptam
1444 2634 1560 2667 ponebat
1582 2631 1711 2659 sacerdos
1729 2632 1798 2657 intra
1815 2638 1857 2657 se-

1076 2669 1196 2705 cundum
1213 2670 1301 2705 velum
1324 2669 1499 2702 ingressurus
1513 2668 1538 2694 in
1554 2668 1597 2694 die
1619 2667 1795 2705 expiatioriis,
1814 2673 1857 2705 ve:

1078 2712 1138 2730 rum
1153 2703 1234 2740 etiam
1245 2704 1377 2740 reliquum
1391 2711 1497 2740 omnem
1506 2705 1636 2740 ornatum
1647 2703 1856 2740 ex_ritu‘suu_i_mi

1081 2738 1244 2767 sacerdotii.
1260 2735 1331 2773 quod
1347 2738 1435 2764 luctus
1451 2738 1542 2764 habitu
1566 2742 1592 2764 et
1614 2735 1856 2773 ptenitentisgilluc

1081 2771 1284 2811 ingrederetur,
1301 2782 1332 2800 ac
1344 2773 1428 2811 quasi.
1438 2773 1550 2808 simplex
1567 2772 1714 2811 sacerdos,
1731 2771 1857 2811 nullaque

1080 2806 1176 2842 majori
1192 2816 1288 2843 pompa
1306 2816 1321 2835 a
1334 2806 1445 2842 reliquis
1459 2816 1464 2832 :
1482 2806 1542 2842 qum
1556 2814 1625 2843 vera
1635 2814 1666 2843 ac
1681 2806 1806 2843 litteralis
1818 2812 1858 2830 ra-

1079 2841 1132 2875 tio,
1147 2841 1411 2884 non_quam.auctoi:
1424 2851 1456 2884 ex
1471 2841 1519 2869 sua
1543 2846 1589 2869 aut
1605 2841 1855 2869 Valentinianorum

1077 2886 1194 2913 persona
1208 2877 1252 2906 hic
1268 2879 1418 2914 ἀλληγορεῖ.
1437 2877 1552 2906 Corum.
