1934 3075
72 155 123 181 αττ,

439 152 553 180 DUBIA.
575 167 609 173 -
626 150 811 179 EXCERP'I‘A
830 150 876 177 EX
897 148 1055 177 SCRIPTIS
1074 147 1260 183 'I‘HEODO'II,
1281 147 1357 176 ETC.

1650 149 1703 176 67c

73 214 221 249 μιάματος,
233 212 311 248 παρὰ
321 212 384 244 τοὺς
394 210 566 247 λειτουργοὺς
582 208 636 236 τῶν
651 209 860 245 ἀναφερομένων

924 208 1018 235 ionum
1039 209 1100 242 qua:
1119 207 1217 235 oblata
1240 206 1341 234 fuerint
1363 205 1516 234 ministros.
1538 205 1617 234 Nuda
1637 214 1702 235 vero

69 258 156 294 εὐχῶν
173 257 319 292 ἀγγέλους.
340 256 432 292 Γυμνὴ
446 256 473 282 δὲ
488 257 504 292 ἡ
521 255 608 291 ψυχὴ,
633 257 662 282 ὲν
678 255 790 290 δυνάμει
811 254 858 281 τοῦ

70 305 220 337 συνειδότος
235 302 290 331 οἷον
304 303 382 340 σῶμα
396 304 445 338 τῆς
460 303 601 338 δυνάμεως
614 302 757 337 γενομένη,
777 309 859 336 μετα-

70 352 157 379 ϐαίνει
180 351 234 387 (88)
258 352 298 382 εἰς
318 350 352 377 τὰ
369 349 539 384 πνευματικὰ
551 369 557 380 ,
579 348 674 383 λογικὴ
688 347 726 383 τῷ
742 348 798 374 ὄντι
813 347 860 374 καὶ

71 398 252 436 ἀρχιερατικὴ
267 397 412 433 γενομένη,
428 396 465 428 ὡς
481 396 513 423 ἂν
530 396 650 431 ἔμψυχον
668 396 737 431 μένῃ
747 415 754 426 ,
771 395 809 426 ὡς
823 396 861 421 εἰ-

71 447 152 477 πεῖν,
170 445 223 471 ὑπὸ
244 443 291 470 τοῦ
307 443 394 477 Λόγου
417 442 556 478 προσεχῶς
583 442 634 478 ἤδη
649 462 655 471 ,
684 441 810 477 καθάπερ
836 442 860 467 οἱ

70 490 236 527 ἀρχάγγελοι
262 489 317 516 τῶν
332 489 454 524 ἀγγέλων
474 490 611 524 ἀρχιερεῖς
632 489 789 523 γενόμενοι,
815 487 862 514 καὶ

69 537 173 564 τούτων
195 536 276 563 πάλιν
299 537 323 562 οἱ
346 535 552 571 πρωτόκτιστοι.
571 534 627 561 Ποῦ
642 534 671 561 δὲ
693 534 732 561 ἔτι
750 534 861 570 Γραφῆς

71 584 117 610 καὶ
136 583 281 618 μαθήσεως
293 583 458 618 κατόρθωμα
468 583 501 617 τῇ
513 581 584 617 ψυχῇ
601 581 691 616 ἐκείνῃ
706 582 739 616 τῇ
755 581 863 616 καθαρᾷ

70 629 208 665 γενομένῃ
219 649 227 660 ,
244 630 309 656 ὅπου
326 629 373 655 καὶ
395 628 517 661 ἀξιοῦται
535 628 680 663 πρόσωπον
697 627 764 663 πρὸς
780 627 864 663 πρόσ-

69 685 146 703 ωπον
161 675 229 702 Θεὸν
253 675 335 711 όρᾷν;
355 675 411 710 Τὴν
433 674 498 709 γοῦν
520 674 668 710 ἀγγελικὴν
689 674 863 700 διδασκαλίαν

70 722 216 756 ὑπερῦᾶσα
229 721 279 749 καὶ
297 721 327 748 τδ
341 721 426 756 δνομα
439 721 470 747 ab
488 720 680 755 διδασκόμενον
696 720 842 757 ἐγγράφως
854 740 861 751 ,

70 768 118 795 ἐπὶ
133 768 184 804 τὴν
198 767 299 802 γνῶσιν
315 767 361 794 καὶ
374 766 525 801 κατάληψιν
540 766 594 792 τῶν
607 765 777 802 πραγμάτων
791 765 864 800 ἔρχε-

72 825 139 849 ται,
157 817 208 843 οὐκ
224 815 264 842 ἔτι
282 814 375 850 νύμφη
387 835 394 846 ,
421 814 478 841 ἀλλ’
492 813 541 849 ἤδη
556 813 641 848 Λόγος
661 812 793 848 γενομένη
817 812 864 839 καὶ

73 863 152 900 παρὰ
165 862 205 898 τῷ
222 862 330 897 νυμφίῳ
350 860 491 887 καταλύων
507 860 575 896 μετὰ
590 860 644 887 τῶν
665 860 863 896 πρωτοκλήτων

70 889 123 936 κα).ι
138 889 364 944 πρωτοκτίότων,
380 907 464 941 φίλων
482 889 530 942 μέν
546 907 579 933 δι’
601 889 728 942 ἀγάπην,
746 889 811 932 υἱῶν
834 905 862 932 δὲ
880 889 900 918 Β

70 957 115 983 διὰ
132 957 183 991 τὴν
199 954 373 982 διδασκαλίαν
387 955 434 980 καὶ
451 953 583 989 ὑπακοὴν,
599 953 720 986 ἀδελφῶν
733 952 761 979 δὲ
776 952 820 978 διὰ
835 953 864 979 τὸ

71 1002 122 1037 τῆς
136 1002 270 1036 γενέσεως
285 1000 383 1027 κοινόν.
394 1000 473 1026 Ὥστε
487 1000 517 1026 τὸ
533 999 580 1035 μὲν
593 999 642 1035 τῆς
653 998 806 1034 οἰκονομίας
819 996 863 1033 ἦν,

70 1048 101 1074 τὸ
117 1047 234 1074 πέταλον
256 1046 438 1082 παρακεῖσθαι
461 1046 507 1072 xui.
525 1045 669 1081 μανθάνειν
689 1045 729 1076 εἰς
745 1043 862 1078 γνῶσιν

70 1093 102 1120 τὸ
118 1093 148 1120 δὲ
162 1093 305 1128 δυνάμεως
317 1112 324 1124 ,
339 1092 369 1118 τὺ
385 1091 514 1127 Θεοφόρον
527 1092 647 1126 γίνεσθαι
661 1093 706 1118 τὸν
721 1092 865 1128 ἄνθρωπον

72 1139 217 1174 προσεχιῖκ
229 1138 422 1174 ὲνεργούμενον
433 1137 486 1164 ὑπὸ
497 1137 543 1164 τοῦ
557 1138 669 1173 Κυρίου,
681 1137 729 1164 καὶ
739 1137 865 1174 καθάπερ

73 1185 154 1219 σῶμα
169 1184 253 1212 αὐτοῦ
270 1185 422 1220 γινόμενον.

110 1230 178 1257 KH'.
195 1231 242 1263 Τὸ,
261 1230 334 1264 Θεὸς
349 1229 511 1262 ἀποδιδοὺς
524 1229 572 1256 ἐπὶ
586 1229 690 1263 τρίτην
703 1227 752 1255 καὶ
765 1227 866 1263 τετάρ-

72 1286 130 1311 την
145 1277 253 1312 γει-εὰν
264 1277 327 1310 τοῖς
347 1276 520 1308 ἀπειθοῦσι,
539 1275 620 1310 φασιν
636 1276 660 1301 οἱ
676 1274 729 1301 ἀπὸ
745 1274 866 1301 Βασιλεί-

70 1324 120 1350 δου
134 1324 207 1350 κατὰ
217 1323 265 1355 τὰς
280 1323 487 1358 ὲνσωματώσεις
499 1331 506 1337 ·
520 1323 544 1349 οἱ
560 1321 588 1348 δὲ
605 1321 658 1347 ἀπὸ
673 1320 864 1354 Οὐαλεντίνου,

71 1370 139 1401 τοὺς
158 1371 232 1405 τρεῖς
254 1369 369 1400 τόπους,
386 1367 531 1404 δηλοῦσθαι
549 1369 613 1399 τοὺς
629 1365 791 1402 ἀριστερούς
802 1374 809 1381 ·
823 1374 867 1392 τε-

70 1415 178 1451 τάρτην
199 1415 228 1442 δὲ
244 1414 356 1449 γενεὰν,
379 1414 413 1441 τὰ
429 1414 572 1450 σπέρματα
588 1412 686 1440 αὐτῶν.
706 1413 812 1440 Ἔλεον
833 1411 867 1438 δὲ

70 1460 170 1487 ποιῶν
183 1462 227 1493 εἰς
241 1460 379 1495 χιλιάδας
389 1481 396 1492 ,
412 1461 457 1487 ἐπὶ
471 1460 506 1486 τὰ
519 1459 603 1492 δεξιά.

108 1506 175 1533 ΚΘ.
197 1507 229 1533 Ἦ
243 1507 320 1542 Σιγὴ,
332 1507 407 1541 φασὶ,
423 1507 513 1542 μήτηρ
527 1504 594 1533 οὖσα
609 1506 717 1533 πάντων
730 1505 785 1532 τῶν
802 1513 868 1541 προ-

70 1551 230 1587 ϐληθέντων
248 1552 300 1578 ὑπὸ
314 1551 362 1578 τοῦ
378 1552 489 1584 Βάθους,
506 1552 520 1578 ὃ
539 1552 587 1587 μὲν
606 1552 655 1578 οὐκ
673 1552 751 1587 ἔσχεν
766 1552 864 1583 εἰπεῖν,
880 1562 901 1591 c

70 1597 139 1632 περὶ
155 1595 202 1622 τοῦ
223 1596 356 1631 Ἀῤῥήτου
372 1596 515 1632 σεσίγηκεν
525 1605 533 1612 ’
549 1596 562 1622 ὃ
575 1597 603 1623 δὲ
620 1596 751 1623 κατέλαὸε
761 1617 768 1629 ,
786 1596 866 1623 τοῦτο

69 1641 268 1678 ἀκατάληπτον
283 1642 513 1678 προσηγόρευσεν.

109 1727 151 1753 Λ’.
169 1724 236 1753 Εἶτα
251 1726 426 1762 ἐκλαθόμενοι
442 1728 491 1763 τῆς
507 1727 586 1763 δόξης
602 1727 648 1754 τοῦ
670 1727 736 1754 Θεοῦ
747 1748 754 1760 ,
771 1727 867 1754 παθεῖν

71 1772 159 1799 αὑτὸν
181 1771 305 1806 λέγουσιν
328 1773 425 1804 ἀθέως.
444 1773 477 1799 Ὀ
497 1773 551 1809 γὰρ
574 1773 758 1809 συνεπάθησεν
782 1773 836 1809 (89)
854 1774 868 1800 ό

72 1818 184 1854 Πατὴρ,
203 1818 313 1854 στερεὸς
328 1817 365 1844 ὣν
379 1820 412 1854 τῇ
426 1819 515 1853 φύσει,
534 1819 614 1854 φησιν
630 1820 644 1845 ὁ
660 1819 785 1851 Θεόδοτος
801 1818 867 1854 (90),

72 1865 123 1890 καὶ
149 1863 304 1896 ἀνένδοτος,
329 1864 468 1900 ἐνδόσιμον
485 1865 580 1891 ἑαυτὸν
599 1865 764 1901 παρασχὼν,
787 1865 829 1892 ἵνα
851 1866 868 1901 ἡ

74 1910 147 1946 Σιγὴ
173 1909 255 1936 τοῦτο
277 1910 333 1945 (91)
360 1910 522 1947 καταλάϐῃ,
546 1911 632 1942 πάθος
657 1911 745 1938 ἐστίν·
774 1912 790 1946 ὴ
813 1911 869 1947 γὰρ

76 1956 237 1992 συμπάθεια
256 1956 341 1988 τιάοος
367 1956 438 1988 τινὸς
458 1956 502 1983 διὰ
518 1956 604 1988 πάθος
625 1957 734 1993 ἐτέρου·
757 1957 801 1983 ναὶ
818 1957 870 1993 μὴν

76 2005 125 2030 καὶ
139 2004 188 2030 τοῦ
206 2003 310 2035 πάθους
323 2003 469 2039 γενομένου
482 2023 489 2035 ,
502 2004 532 2030 τὸ
548 2003 607 2031 ὅλον
624 2004 805 2039 συνεπάθησε,
824 2004 871 2030 κα)¹

76 2051 178 2081 αὐτοὺς
190 2050 231 2080 εις
244 2049 386 2085 διόρθωσιν
399 2048 445 2075 τοῦ
463 2049 594 2081 παθόντος
610 2049 726 2084 ἤγαγεν.

113 2138 177 2163 AA’.
205 2136 284 2163 Ἀλλὰ
305 2137 353 2163 καὶ
369 2137 392 2162 ει
409 2136 423 2162 ό
440 2135 578 2163 κατελθὼν
601 2136 715 2163 Εὺδοκία
741 2137 787 2164 τοῦ
811 2136 872 2163 ὅλου

75 2182 124 2219 ἦν·
143 2184 183 2219 (ὲν
198 2182 272 2218 αὐτῷ
288 2184 342 2218 γὰρ
356 2184 410 2210 πᾶν
431 2183 460 2209 τὸ
473 2183 613 2219 Πλήρωμα
626 2181 659 2219 ἦν
671 2183 842 2218 σωματικῶς

912 253 1001 279 anima
1012 252 1039 279 in
1051 251 1173 287 potentia
1182 251 1359 279 conscientia:
1374 251 1446 278 sicut
1460 258 1561 285 corpus
1574 253 1703 285 potentia:

911 299 1015 331 elI‘ecta,
1026 299 1058 326 ad
1070 299 1206 334 spiritalia
1223 298 1334 328 transit,
1345 297 1490 324 rationalis
1503 297 1585 324 verbo
1597 301 1624 324 et
1634 306 1702 332 pon-

911 345 995 372 tiﬁcia
1018 345 1151 377 evadens,
1167 349 1198 372 ut
1213 344 1268 379 jam
1283 352 1297 370 a
1315 343 1406 371 Verbo
1430 343 1603 375 immediate,
1621 349 1650 371 ιιι
1666 344 1702 370 ita

913 391 1018 425 loquar,
1028 390 1147 416 animata
1159 393 1276 421 maneat,
1288 389 1359 417 sicut
1372 389 1529 423 archangeli
1543 390 1702 423 angelorum

913 435 1056 471 pontiﬁces
1068 435 1130 462 facti
1141 441 1167 462 ct
1180 436 1276 462 horum
1291 435 1416 462 similiter
1430 435 1475 469 qni
1490 436 1605 469 primum
1617 434 1703 462 creati

914 481 1046 509 sunt.Ubi
1064 489 1128 509 vero
1146 482 1235 508 adhuc
1252 481 1402 515 Scriptura:
1418 488 1450 507 ac
1472 480 1626 514 disciplinae
1642 480 1702 507 oili-

913 529 984 556 cium
1004 529 1100 555 animae
1116 528 1155 554 illi
1173 535 1233 563 qua:
1246 536 1314 562 pura
1331 529 1366 555 sit
1379 548 1385 558 ,
1403 528 1514 562 quando
1537 527 1619 554 etiam
1635 527 1703 553 facie

914 575 947 601 ad
959 574 1054 602 faciem
1069 574 1152 601 Deum
1165 575 1257 601 videre
1274 574 1412 601 tueretur?
1422 573 1540 601 Proinde
1552 573 1704 608 angelicam

914 621 1065 648 doctrinam
1085 628 1219 655 superans
1236 627 1390 655 nomenque
1413 619 1478 646 illud
1502 620 1575 655 quod
1601 620 1704 655 scripto

914 668 1047 699 docetur,
1078 667 1112 693 ad
1140 666 1324 701 cognitionem
1349 671 1375 693 et
1405 674 1495 694 rerum
1524 668 1704 702 comprehen-

915 715 1019 741 sionem
1036 713 1127 745 renit,
1151 721 1205 740 non
1227 713 1346 748 amplius
1371 720 1472 748 sponsa
1495 713 1542 741 sed
1559 714 1616 748 jam
1636 713 1705 741 Ver-

915 760 978 787 hum
999 759 1082 791 facta,
1102 764 1128 787 et
1152 759 1222 794 apud
1247 767 1378 794 sponsum
1398 767 1522 792 manens,
1536 767 1598 787 cum
1617 761 1705 795 primo

914 806 1019 834 vocatis
1032 807 1196 841 creatisque,
1211 806 1307 833 amicis
1323 806 1433 841 quidem
1449 807 1484 833 oh
1499 814 1629 838 amorem,
1642 806 1705 834 ﬁliis

914 860 981 880 vero
993 853 1027 880 ob
1038 852 1192 880 doctrinam
1206 856 1232 879 et
1249 852 1445 883 obedientiam,
1466 852 1598 880 fratribus
1614 855 1705 880 autem

915 904 1025 934 propter
1038 903 1116 927 ortus
1133 900 1364 926 connnunionem.
1387 898 1480 932 Quare
1502 898 1567 926 illud
1595 899 1705 934 quidem

916 945 1131 980 dispensationis
1146 950 1220 977 erat,
1236 946 1364 972 laminam
1379 946 1484 973 scilicet
1501 950 1607 981 gestan-
1624 952 1656 972 ac
1672 945 1707 972 ad

915 992 1057 1018 scientiam
1071 991 1196 1019 discere:
1210 991 1275 1018 illud
1292 995 1382 1018 autem
1398 993 1525 1026 potentia:
1536 992 1608 1026 quod
1625 992 1707 1020 homo

915 1037 1000 1065 Deum
1019 1042 1131 1073 portans
1148 1038 1303 1066 immediate
1318 1038 1352 1066 ab
1368 1038 1458 1066 atllatu
1474 1038 1582 1066 Domini
1598 1040 1659 1072 liat,
1675 1046 1707 1066 ac

915 1083 995 1119 quasi
1010 1085 1072 1119 ejus
1088 1091 1191 1118 corpus
1205 1083 1299 1111 fuerit.

951 1216 1071 1245 XXVIII.
1088 1216 1190 1251 Nempe
1207 1216 1272 1243 illud
1288 1224 1294 1242 :
1310 1215 1380 1243 Deus
1393 1215 1503 1244 reddens
1518 1217 1545 1243 in
1564 1217 1670 1244 tertiam
1683 1222 1708 1246 et

916 1266 1040 1298 quartam
1051 1262 1245 1297 generationem
1260 1261 1404 1288 incredulis
1412 1268 1437 1293 ε,
1449 1261 1607 1289 Basilidiani
1623 1264 1709 1290 inter-

917 1313 1060 1344 pretantur
1075 1307 1109 1335 de
1124 1315 1269 1343 corporum
1287 1315 1413 1341 carcere;
1432 1306 1614 1335 Valentiniani
1644 1317 1709 1337 vero

917 1355 977 1382 loca
994 1355 1045 1382 tria
1059 1355 1172 1382 sinistra
1198 1354 1348 1389 signiﬁcari
1371 1355 1557 1387 contendunt,
1581 1361 1708 1390 quartam

918 1406 1007 1429 autem
1024 1401 1242 1436 generationem,
1259 1407 1354 1426 eorum
1380 1401 1495 1428 semina.
1520 1400 1633 1428 Faciem
1649 1410 1709 1429 vero

917 1446 1128 1474 misericordiam
1142 1447 1169 1473 in
1185 1447 1257 1473 mille
1267 1466 1274 1478 ,
1289 1446 1323 1473 de
1340 1446 1373 1473 iis
1387 1447 1432 1481 qui
1448 1447 1482 1474 ad
1496 1446 1620 1475 dextram
1633 1453 1707 1477 sunt.

952 1491 1049 1520 XXIX.
1072 1492 1149 1528 Sige.
1167 1493 1276 1524 dicunt.
1297 1500 1347 1519 seu
1364 1491 1527 1526 Silentium,
1545 1502 1605 1529 quae
1621 1499 1709 1523 mater

918 1539 954 1566 sit
968 1539 1090 1566 omnium
1106 1546 1166 1574 quae
1177 1546 1191 1565 a
1208 1538 1309 1574 Bytho,
1324 1546 1374 1566 seu
1387 1539 1533 1574 profundo,
1548 1539 1619 1567 facta
1633 1546 1709 1575 sunt,

919 1585 992 1620 quod
1011 1585 1045 1612 de
1059 1585 1195 1616 Arrheto,
1219 1592 1266 1611 seu
1283 1584 1427 1616 ineﬂ‘abili,
1446 1585 1520 1620 loqui
1538 1594 1591 1613 non
1609 1588 1709 1621 potuit,

919 1632 1022 1665 tacuit;
1035 1631 1108 1667 quod
1124 1639 1188 1659 vero
1204 1631 1421 1667 comprehcndit,
1436 1631 1487 1658 hoc
1501 1631 1711 1668 incomprehen-

919 1687 979 1706 snm
996 1678 1113 1706 vocavit.

954 1723 1038 1752 XXX.
1061 1723 1176 1759 Insuper
1191 1724 1285 1759 gloria
1300 1723 1400 1751 divina:
1411 1723 1584 1752 immemores
1597 1745 1604 1758 ,
1624 1724 1711 1752 Deum

919 1771 975 1807 pati
989 1771 1071 1806 impie
1085 1770 1267 1798 contendunt.
1280 1769 1358 1803 Quod
1371 1770 1443 1797 etiim
1460 1769 1540 1797 Pater
1550 1778 1713 1806 compassus

919 1823 972 1850 est,
986 1818 1074 1852 inquit
1090 1817 1258 1848 Theodotus,
1271 1817 1317 1852 qui
1334 1821 1432 1843 natura
1448 1825 1498 1844 sua
1515 1817 1610 1845 llrmus
1626 1818 1673 1850 sit,
1685 1821 1713 1845 et

920 1864 948 1891 in
964 1872 1019 1899 quo
1034 1867 1062 1896 ᾗ
1077 1864 1153 1891 nulla
1168 1864 1203 1891 sit
1219 1863 1346 1891 remissio
1357 1883 1365 1894 ,
1382 1864 1531 1898 gratuitum
1550 1864 1713 1899 facilemque

920 1909 1098 1944 semetipsum
1111 1909 1248 1944 praebens,
1262 1909 1300 1935 uti
1312 1908 1364 1935 hoc
1376 1908 1439 1944 Sige
1454 1910 1712 1944 comprehenderet,

921 1953 1015 1988 passio
1029 1957 1080 1980 est.
1095 1953 1256 1989 Compassio
1268 1953 1340 1981 enim
1354 1954 1497 1988 cujusdam
1516 1955 1608 1989 passio
1623 1959 1666 1982 est
1677 1957 1713 1983 ob

922 2000 1035 2027 alterius
1052 2000 1208 2034 passionem
1223 2000 1304 2035 :qnin
1321 2004 1346 2027 et
1359 2008 1421 2027 cum
1439 2001 1530 2035 passio
1545 2000 1638 2033 fuerit,
1651 2002 1714 2028 uni-

921 2053 1032 2073 versum
1048 2054 1157 2081 quoque
1180 2046 1308 2080 passione
1323 2046 1449 2074 allectum
1467 2051 1525 2078 est,
1540 2051 1578 2074 -et
1601 2048 1654 2082 ipsi
1679 2048 1714 2075 ad

922 2092 1139 2120 emendationem
1155 2092 1229 2120 illius
1241 2092 1287 2127 qni
1299 2099 1398 2126 passus
1413 2096 1466 2124 est,
1479 2092 1587 2119 adducti
1601 2097 1676 2120 sunt.

957 2137 1053 2165 XXXI.
1073 2137 1126 2165 Sed
1139 2139 1265 2173 quamvis
1286 2139 1331 2165 ille
1353 2139 1399 2173 qui
1418 2139 1570 2171 descendit,
1589 2138 1712 2166 Eudocia

923 2192 970 2212 seu
986 2185 1117 2212 Voluntas
1133 2185 1252 2213 universi
1264 2185 1315 2212 fuit
1331 2185 1368 2218 (in
1386 2185 1446 2220 ipso
1463 2186 1536 2212 enim
1555 2186 1645 2213 onmis
1655 2185 1715 2212 Ple-

77 2230 166 2257 Επαθε
180 2230 210 2256 δὲ
223 2227 311 2261 οὗτος,
327 2229 446 2264 δηλονότι
471 2230 518 2256 καὶ
539 2230 573 2256 τὰ
588 2231 616 2256 ἐν
631 2230 705 2265 αὐτῷ
727 2231 866 2266 σπέρματα

925 2231 1021 2258 nitudo
1048 2231 1223 2266 corporaliter
1243 2231 1350 2259 exstitit
1367 2231 1411 2267 b);
1429 2231 1474 2258 hic
1491 2239 1601 2266 quoque
1616 2240 1714 2267 passus

79 2276 228 2308 συνέπαθε,
243 2276 277 2302 δι’
294 2273 332 2303 ὧν
346 2276 375 2302 τὺ
390 2276 448 2303 ὅλον
466 2276 512 2303 καὶ
527 2277 558 2303 τὸ
580 2277 633 2303 πᾶν
649 2277 804 2312 εὑρίσκεται
820 2279 866 2305 πά-

925 2281 977 2310 est,
1005 2277 1086 2305 sicuti
1102 2281 1129 2305 et
1146 2277 1205 2312 ipsa
1229 2278 1345 2310 semina,
1361 2286 1422 2312 qua:
1438 2278 1466 2304 in
1484 2277 1530 2304 illo
1545 2281 1619 2310 sunt,
1647 2286 1714 2312 pas-

79 2331 156 2358 οχον.
166 2322 246 2349 Ἀλλὰ
258 2323 305 2349 καὶ
316 2322 359 2349 διὰ
369 2323 418 2357 τῆς
431 2322 478 2350 τοῦ
487 2322 637 2350 δωδεκάτου
647 2323 747 2354 Λῐῶνος
756 2324 873 2355 πείσεως

77 2369 116 2397 τὰ
128 2369 177 2396 ὅλα
193 2369 382 2400 παιδευθέντα,
398 2369 436 2400 ὥς
452 2378 528 2404 φασι,
546 2369 724 2405 συνεπάθησε.
740 2370 807 2396 Τότε
820 2370 874 2406 γὰρ

927 2323 1004 2351 sione
1021 2328 1084 2351 sunt
1095 2324 1202 2357 affecta,
1220 2331 1336 2359 quorum
1352 2324 1439 2359 gratia
1460 2327 1547 2352 totum
1564 2332 1672 2359 quoque
1687 2328 1715 2352 et

929 2371 1086 2398 universum
1105 2372 1161 2406 pati
1178 2371 1327 2399 invenitur.
1347 2370 1401 2399 Sed
1418 2375 1446 2400 et
1460 2371 1591 2407 passione
1616 2371 1715 2400 Eonis

120 2450 150 2479 ὦ
172 2446 203 2476 Ρ.
223 2447 276 2474 967
296 2446 350 2474 ΕΟ.
370 2446 518 2475 POTTER.
540 2453 552 2467 λ
574 2446 652 2474 Deut.
666 2456 692 2481 ν,
708 2447 740 2481 9;
755 2447 835 2475 Num.
855 2456 866 2475 ι

933 2448 976 2475 I8.
1017 2448 1031 2468 ιν
1051 2447 1112 2476 Col.
1130 2456 1168 2481 II,
1182 2448 1211 2476 9.

119 2528 177 2562 (88)
198 2527 383 2555 Μεταϐαίνει.
411 2527 570 2554 Lactantius
593 2527 640 2554 lib.
664 2534 721 2558 vn,
746 2533 807 2560 cap.
832 2526 871 2553 8:

83 2561 200 2591 Necesse
215 2571 271 2591 esse
294 2563 322 2589 in
340 2567 436 2589 terram
452 2562 545 2589 resolui
557 2583 564 2594 ,
589 2561 658 2597 quod
672 2566 710 2589 est
725 2562 753 2588 in
770 2561 872 2588 homine

82 2599 273 2634 ponderosum,
291 2603 315 2625 et
328 2597 483 2625 dissolubile
494 2606 505 2634 :_
513 2597 581 2632 quod
597 2602 684 2634 autem
705 2601 780 2634 tenue
795 2601 872 2631 atque

84 2632 183 2661 subtile
193 2655 200 2666 ,
216 2635 244 2660 id
259 2642 319 2661 vero
335 2642 390 2660 esse
407 2632 581 2663 individuum,
595 2641 626 2659 ac
639 2632 772 2659 domicilio
783 2639 873 2663 corpo-

85 2672 123 2696 ris
139 2669 207 2696 velut
219 2677 324 2696 carcere
336 2668 487 2700 liberatum,
503 2668 537 2694 ad
553 2668 645 2695 caelum
657 2672 682 2695 et
699 2667 733 2694 ad
749 2672 873 2694 naturam

85 2713 163 2731 suam
175 2705 322 2739 pervolare.
347 2704 410 2731 Ha’c
425 2704 478 2737 fere
495 2703 616 2730 Platonis
630 2703 740 2739 collecta
753 2702 873 2739 breviter,

85 2749 144 2774 qua:
163 2737 233 2774 apud
248 2741 334 2774 ipsum
349 2739 401 2766 late
419 2739 569 2774 copioseque
585 2738 759 2773 explicantur.
778 2737 811 2774 In
828 2746 873 2764 ea-

85 2773 144 2802 dem
161 2773 293 2802 sententia
315 2775 366 2808 fuit
390 2775 471 2802 etiam
492 2773 658 2809 Pythagoras
674 2778 752 2806 ante,
768 2773 874 2808 ejusque

84 2816 232 2844 pra'rcptor
251 2809 423 2844 Pherecydes.

121 2843 179 2880 (89)
203 2847 235 2872 '0
252 2846 308 2880 γὰρ
324 2843 432 2872 curm.
460 2844 617 2880 Legendum
640 2844 748 2880 videtur
767 2844 797 2870 οὐ
822 2843 877 2880 γὰρ

88 2878 295 2941 ganeones»:
309 2884 354 2907 aut
370 2880 384 2907 ὃ
398 2878 591 2916 interrogative
601 2879 762 2915 capiendum
775 2886 824 2914 pro
839 2878 875 2905 τι.

108 2924 222 2941 ηδιιιο.

108 2924 211 2944 ηιιυιο
216 2937 222 2943 .

964 2526 1019 2565 (90)
1040 2527 1138 2565 Φησιν
1169 2529 1185 2555 o'
1200 2527 1375 2565 -ροόδοτος,
1401 2534 1454 2556 etc.
1471 2549 1479 2560 ,
1506 2529 1535 2557 in
1564 2537 1622 2565 seq.
1648 2529 1716 2558 Esse

924 2561 1095 2599 Theodotum
1111 2563 1182 2590 inter
1200 2562 1338 2590 Valentini
1357 2571 1502 2599 sequaces,
1515 2561 1619 2592 clarth
1628 2586 1639 2598 .,
1656 2566 1714 2599 qui,

925 2598 999 2635 velut
1018 2598 1075 2635 alii,
1088 2603 1191 2635 sectam
1206 2599 1312 2635 auxerit
1330 2598 1496 2634 acceptaque
1510 2600 1636 2635 dogmata
1652 2598 1714 2626 cum

924 2633 1012 2660 aetatis
1027 2633 1113 2667 plena:
1128 2634 1222 2667 majori
1246 2633 1384 2668 impietate
1403 2633 1592 2662 cumulaverit.
1611 2636 1716 2662 Absur-

925 2669 977 2704 dus
992 2668 1075 2702 igitur
1089 2668 1262 2702 epitomatori
1278 2669 1363 2700 visus,
1382 2671 1427 2704 qui
1442 2671 1477 2697 ab
1493 2671 1539 2697 illo
1555 2675 1666 2697 notatur
1686 2673 1717 2696 ut

925 2703 1026 2738 impius
1045 2711 1052 2729 :
1070 2707 1096 2730 et
1114 2707 1187 2731 certe
1204 2704 1315 2736 impium
1332 2703 1404 2738 quod
1425 2705 1480 2733 Deo
1504 2705 1590 2737 πάθος
1607 2704 1714 2736 tribuit,

924 2739 999 2775 velut
1014 2746 1090 2775 more
1104 2743 1199 2766 nostro
1216 2739 1371 2767 miserando
1386 2741 1560 2775 perturbetur
1573 2741 1717 2774 labemque

928 2773 1010 2811 ullam
1032 2774 1154 2811 incurrat
1176 2779 1224 2811 aut
1249 2775 1360 2808 vilium,
1385 2773 1458 2811 quod
1476 2776 1610 2803 utrumvis
1625 2773 1715 2811 (solet)

928 2809 1044 2844 prodere
1061 2808 1156 2840 πάθος.
1173 2809 1291 2837 Couner.

964 2843 1020 2880 (9i)
1043 2844 1141 2880 Τοῦτο.
1162 2844 1258 2880 Aptius
1282 2845 1329 2872 καὶ
1352 2845 1426 2879 αὑτό,
1444 2852 1469 2873 et
1491 2853 1577 2880 apsum
1594 2853 1604 2872 :
1620 2852 1717 2880 nempe

928 2879 958 2906 τδ
972 2879 1042 2906 ὅλον.
1062 2879 1139 2907 San.
