1934 3075
239 164 292 192 675

826 152 986 181 CLEMENS
1005 149 1280 179 ALEXANDRINUS.

1818 141 1867 167 676

239 221 394 250 'luodecimi
410 220 537 247 universa
550 217 693 252 castigata,
711 219 740 242 ut
752 214 912 249 loquuntur,
923 218 951 240 et
962 220 1025 248 pas-

1092 210 1244 244 πὲγνωσαν,
1259 209 1300 235 ὃτι
1318 208 1385 234 εἰσὶν
1399 206 1489 242 χάριτι
1503 204 1549 231 τοῦ
1564 203 1682 239 Πατρδς,
1699 201 1767 227 εἰσὶν
1782 200 1868 233 δνομα

241 269 318 297 sione
335 267 437 302 pariter
454 265 549 292 all‘ecta
564 266 639 290 sunt.
658 261 736 287 Tunc
762 259 835 286 enim
853 261 1023 294 agnoverunt

241 321 303 342 esse
316 321 345 340 se
363 312 450 346 gratia
466 309 565 340 Patris,
579 314 641 334 esse
656 313 764 340 quoque
780 311 878 331 nomen
890 303 961 338 quod
972 310 1024 329 no-

243 357 341 385 minari
358 364 411 383 non
426 358 524 390 potest,
537 360 598 380 esse
612 351 731 385 denique
745 350 861 377 formam
883 352 910 375 et
935 348 1026 375 scien-

244 405 320 431 tiam.
339 402 389 436 Qui
408 409 471 428 vero
484 399 566 426 voluit
578 398 661 428 :Eon,
672 395 739 424 illud
754 395 826 430 quod
842 394 956 421 scientia
978 401 1025 421 su-

245 450 338 483 perius
357 451 398 474 est
410 453 515 480 rapere,
530 443 689 479 ignorantiae
708 449 740 468 ac
755 439 922 467 deformitati
937 438 1026 466 factus

245 499 288 522 est
306 493 453 525 obnoxius;
471 490 543 518 unde
564 498 591 516 et
606 489 732 516 vacuitas
761 486 884 514 scientiae
910 485 1025 518 exstitit,

1075 256 1275 291 ἀνωνόμαστον,
1301 253 1392 289 μορφὴ
1417 253 1464 279 καὶ
1488 250 1597 286 γνῶσις.
1614 249 1643 275 '0
1668 248 1698 274 δὲ
1727 244 1869 282 βουληθεὶς

1075 302 1147 329 Λίὼν
1162 302 1216 336 (92)
1234 300 1265 327 τὸ
1281 300 1351 335 ὑπὲρ
1373 298 1422 334 τὴν
1443 297 1543 332 γνῶσιν
1562 296 1666 326 λαϐεῖν,
1691 294 1721 319 ἐν
1744 291 1868 326 ἀγνωσία

1076 349 1122 375 καὶ
1136 348 1260 384 ἀμορφία
1274 347 1381 381 ἐγένετο
1391 354 1397 360 '
1412 345 1471 372 ὅθεν
1488 344 1535 371 καὶ
1550 343 1659 377 κένωμα
1675 339 1808 374 γνώσεως
1820 337 1870 370 εἰρ-

1076 395 1192 428 γάσατο·
1220 394 1288 428 ὅπερ
1310 393 1368 418 ἐστὶ
1391 390 1454 417 σκιὰ
1476 389 1522 416 τοῦ
1544 389 1685 423 ὀνόματος,
1701 387 1771 420 ὅπερ
1799 384 1869 409 ἐστὶν

1078 440 1151 471 Υἱὸς,
1167 439 1257 475 μορφὴ
1272 438 1323 464 τῶν
1334 437 1453 464 Διώνων.
1465 432 1548 466 Οὗτος
1560 435 1590 460 τὸ
1603 433 1674 460 κατὰ
1687 432 1771 467 μέρος
1786 430 1870 463 (nepa

1077 486 1129 512 τῶν
1146 485 1255 512 Αἱὼνων
1271 485 1367 520 ἀμέλει
1383 484 1441 510 ἐστὶ
1457 482 1502 509 τοῦ
1517 482 1659 517 ὀνόματος.

246 541 317 576 quod
333 545 374 568 est
391 540 487 566 iimhra
502 537 632 566 nominis.
645 535 717 568 quod
732 539 775 562 est
791 533 888 566 Filius,
905 533 951 568 qui
968 533 1055 561 forma
1074 533 1193 562 [Eonum
1211 538 1263 562 est.
1278 533 1327 560 Hic
1345 530 1610 568 sigillatinqunum
1639 527 1763 555 nominis
1777 524 1870 558 utique

246 591 288 615 est
305 593 414 613 nomen.

281 631 388 659 XXXII.
415 631 484 658 Cum
510 630 593 665 igitur
624 629 652 655 in
679 625 853 654 Plenitudine
877 624 913 652 sit
927 624 1030 655 unitas,

247 680 366 708 Ailonum
380 677 480 712 singuli
494 676 632 712 propriam
647 671 850 701 Plenitudinem
870 670 1031 705 conjugium

248 726 360 753 habent.
388 723 566 757 Quaacunque
592 721 677 755 igitur
701 727 734 746 ex
764 717 902 752 conjugio,
943 715 1029 748 aiunt,

248 771 423 807 proveniunt,
440 768 624 805 plenitudines
641 771 715 796 sunt,
727 771 898 800 quacunque
914 770 979 789 vero
998 769 1031 789 ex

248 826 314 850 uno,
335 817 478 851 imagines.
498 814 576 841 Unde
596 811 752 839 Theodotus
773 810 913 837 Christum
929 808 976 843 qui
999 815 1033 835 ex

250 863 480 898 contemplatione
507 859 654 896 Sapientia:
678 858 854 894 processerit,
887 856 1032 890 imaginem

252 909 434 937 Plenitudinis
446 907 564 934 vocavit.
580 906 631 932 Hic
648 910 737 932 autem
750 909 863 930 matrem
875 902 1034 936 relinquens

251 961 279 984 et
295 956 328 983 ad
344 954 544 982 Plenitudinem
572 951 721 980 ascendens
742 950 820 985 quasi
847 949 880 976 ab
898 947 1034 975 universis

253 1003 378 1030 detentus
395 1005 448 1032 est,
463 1000 613 1034 quinetiam
629 1002 656 1024 et
669 1006 684 1024 a
700 997 851 1024 Paracleto.

288 1047 369 1083 354
385 1045 505 1073 XXXIII.
534 1045 686 1079 Adoptatus
703 1046 822 1069 attamen
838 1045 880 1068 cst
895 1039 1034 1070 Christus,

254 1098 284 1122 ut
301 1095 372 1120 inter
392 1091 575 1127 plenitudines
594 1090 709 1121 electus,
728 1092 756 1116 et
771 1094 862 1115 rerum
878 1085 971 1113 mundi
984 1085 1036 1111 hu-

253 1139 331 1174 jusce
344 1137 551 1173 primOgenitus.
569 1135 616 1162 Est
632 1135 724 1169 itaque
749 1133 862 1160 verbum
883 1131 935 1158 hoc
953 1137 1036 1166 prava

254 1183 342 1211 nostri
365 1182 490 1210 doctrina
509 1189 543 1208 ex
565 1182 680 1207 materia
700 1179 834 1212 subjecta,
866 1175 1036 1203 Salvatorem

254 1228 463 1264 primogenitum
485 1234 597 1257 vocans,
615 1233 676 1253 cum
700 1225 745 1252 ille
758 1223 837 1259 quasi
849 1222 934 1254 radix,
944 1226 971 1248 et
990 1228 1037 1248 ca-

254 1279 303 1311 put
320 1279 446 1302 nostrum
462 1274 508 1301 sit.
525 1272 647 1300 Ecclesia
668 1278 733 1298 vero
757 1270 844 1305 ipsius
857 1268 972 1300 Christi,
993 1267 1037 1294 di-

254 1324 330 1354 cunt,
346 1320 463 1351 fructus,
484 1324 610 1346 caventes
626 1316 700 1352 quod
711 1316 907 1343 inconveniens
923 1318 976 1346 est,
991 1321 1037 1341 re-

254 1371 332 1403 cepto
343 1367 371 1394 in
383 1365 582 1394 Plenitudinem
608 1365 654 1399 qui
669 1372 703 1391 ex
724 1361 955 1397 contemplatione
978 1368 1038 1387 ma-

255 1418 332 1441 terna
342 1417 419 1441 ortus
433 1416 477 1440 est
489 1421 496 1438 :
512 1415 598 1439 mater
613 1418 709 1438 rursus
723 1407 936 1444 dispensationis
961 1406 1038 1442 prin-

255 1460 344 1495 clpem
364 1459 501 1494 produxit,
519 1458 548 1484 in
563 1457 680 1491 imagine
695 1455 769 1482 illitis
789 1454 836 1489 qui
854 1454 887 1481 ab
912 1461 944 1480 ea
961 1452 1038 1487 fuge—

255 1510 309 1537 rat.
328 1509 439 1541 propter
453 1504 620 1532 desiderium
633 1502 707 1529 illius
722 1501 768 1536 qui
783 1501 864 1528 fuerit
874 1500 980 1532 melior,
991 1498 1038 1534 qui

257 1539 400 1580 character
415 1551 503 1578 Patris
517 1550 706 1576 universorum
730 1547 781 1574 fuit
797 1555 803 1573 ε
817 1550 982 1581 quapropter
1011 1548 1038 1571 et
1051 1539 1072 1567 (ἶ

259 1599 347 1626 minor
359 1598 403 1624 ille
416 1601 467 1628 est,
485 1595 564 1631 quasi
580 1602 614 1622 ex
625 1593 753 1629 passione
765 1591 923 1627 cupiditatis
938 1591 1041 1618 forma-

257 1645 336 1671 verit.
351 1644 514 1670 Abominata
529 1647 617 1669 tamen
633 1644 685 1673 est,
705 1639 835 1674 inquiunt
857 1638 908 1671 illi,
925 1645 987 1664 cum
1009 1637 1042 1664 il-

258 1691 312 1717 lius
334 1690 508 1717 severitatem
522 1687 637 1715 videret.

293 1735 411 1762 XXXIV.
436 1734 488 1762 Sed
501 1737 528 1761 et
545 1733 671 1768 potentia
694 1731 824 1763 sinistrae,
840 1731 874 1758 ab
889 1730 936 1756 illa
956 1729 1038 1764 prius

261 1789 342 1817 quam
363 1781 465 1808 dextra
482 1779 630 1814 productae,
658 1785 673 1804 a
690 1777 760 1804 lucis
783 1776 899 1803 adventu
921 1782 1043 1810 praesen-

261 1829 355 1862 tiaque
373 1834 428 1854 non
451 1826 615 1854 formantur.
643 1823 767 1851 Sinistra
781 1829 845 1849 vero
860 1821 961 1848 relicta:
979 1825 1042 1848 sunt

261 1882 277 1901 a
291 1874 350 1901 loco
366 1874 425 1908 ipso
439 1871 597 1899 formandae.
613 1869 699 1897 Matre
716 1869 808 1903 itaque
823 1875 877 1895 una
893 1875 954 1894 cum
972 1866 1042 1894 Filio

260 1925 286 1948 et
302 1919 451 1948 seminibus
464 1919 491 1945 in
505 1920 534 1950 »14
546 1916 746 1944 Plenitudinem
763 1916 898 1950 ingressa,
921 1919 986 1940 tunc
1001 1913 1042 1939 Io-

260 1975 310 1994 cus
335 1967 430 1993 malris
452 1967 613 2000 potestatem
629 1962 809 1997 ordinemque
823 1960 947 1995 accipiet,
961 1967 1042 1994 quem

260 2017 333 2037 nunc
353 2009 433 2036 habet
454 2012 551 2036 mater.

295 2055 402 2083 XXXV.
426 2055 506 2083 Jesus
526 2055 572 2081 tua:
585 2058 689 2085 nostra,
717 2057 746 2080 ut
771 2052 838 2080 dicit
858 2051 1000 2087 apostolus
1015 2056 1040 2082 ⁸,

260 2103 379 2137 seipsum
394 2102 545 2129 exinaniens
567 2102 591 2132 ι’,
609 2101 661 2128 hoc
672 2104 724 2132 est,
751 2103 781 2126 ut
795 2099 854 2126 vult
873 2098 1041 2128 Theodotus,

259 2153 336 2176 extra
363 2148 509 2175 terminum
529 2148 633 2178 exiens,
659 2146 789 2181 quoniam
802 2145 916 2180 angelus
929 2147 999 2176 erat,
1027 2151 1042 2170 e

1118 623 1179 649 AB'.
1205 623 1248 648 ’Ev
1270 620 1434 656 Πληρὼματι
1449 617 1495 646 οὖν
1510 619 1632 653 ἑνότητος
1645 616 1740 651 οὔσης,
1756 616 1872 646 ἕκαστος

1083 668 1136 696 τῶν
1149 668 1257 695 Ald)va
1276 667 1339 693 ἴδιον
1355 666 1410 701 ἔχει
1424 666 1573 701 Πλήρωμα,
1589 664 1637 699 τὴν
1653 662 1872 696 συζυγίαν.“0;α

1083 712 1130 741 οὖν
1157 715 1189 740 ὲκ
1217 712 1356 747 συζυγίας,
1387 711 1470 745 φασὶ,
1499 709 1672 745 προέρχεται,
1700 706 1873 742 πληρώματὰ

1082 761 1170 787 ἐστιν·
1188 760 1238 785 ὅσα
1251 759 1278 784 δὲ
1295 758 1348 784 ἀπὸ
1364 758 1432 789 ἐνὸς,
1443 753 1642 786 είκόνες.ὐθεν
1658 754 1672 779 ό
1689 752 1823 782 Θεόδοτος
1833 751 1873 777 τὶν

1084 805 1200 842 Χριστὸν
1224 804 1253 836 ἐξ
1278 804 1381 834 ἐννοίας
1403 801 1565 838 προελθόντα
1582 799 1630 834 τῆς
1654 798 1768 832 Σοφίας,
1785 797 1873 823 εἰκόνα

1048 868 1070 897 Β
1086 851 1131 877 τοῦ
1149 850 1333 886 Πληρὼματος
1347 848 1483 875 ἐκάλεσεν.
1495 845 1578 878 Οὗτος
1588 846 1628 877 δὲ,
1644 844 1815 879 καταλείψας
1830 843 1874 877 τὴν

1085 897 1199 932 μητέρα,
1213 895 1330 923 ἀνελθὼν
1348 896 1386 926 εἰς
1403 894 1434 920 τὸ
1448 893 1595 928 Ηλήρωμα,
1612 890 1765 926 ἐκρατήθη,
1781 889 1874 922 ὥσπερ

1083 944 1140 974 τοῖς
1152 943 1233 974 ὅλοις,
1247 942 1317 968 οὕτω
1331 941 1360 967 δὲ
1378 941 1425 966 καὶ¹
1440 938 1478 973 τῷ
1494 937 1674 973 Παρακλὴτῳ.

1120 1043 1179 1069 ΛΓ¹.
1201 1042 1325 1073 Υἰόθετος
1354 1041 1442 1076 μέντοι
1458 1039 1568 1074 γέγονεν
1580 1039 1594 1065 ὁ
1609 1038 1739 1074 Χριστος,
1750 1037 1790 1068 ὡς
1810 1036 1875 1072 πρὸς

1085 1087 1119 1114 τὰ
1134 1087 1304 1124 πληρώματα
1320 1087 1444 1118 ἐκλεκτὸς
1468 1086 1620 1122 γενόμενος,
1639 1085 1686 1111 καὶ
1703 1084 1875 1119 πρωτότοκος

1085 1134 1139 1160 τῶν
1154 1133 1247 1161 ἐνθάδε
1258 1132 1531 1168 πραγμάτων.¹Εστιν
1542 1129 1588 1158 οὖν
1600 1131 1614 1156 ὁ
1627 1131 1705 1164 λόγος
1719 1127 1798 1161 οὗτος
1813 1137 1877 1164 παρ-

1087 1180 1212 1215 άκουσμα
1234 1180 1280 1206 τοῦ
1303 1179 1437 1215 ἡμετέρου
1454 1179 1486 1205 ὲκ
1502 1177 1547 1205 τοῦ
1562 1177 1754 1212 ὑποκειμένου,
1770 1175 1872 1211 πρωτόα

1086 1235 1164 1254 τοκον
1176 1226 1261 1260 λέγων
1272 1226 1317 1253 τὸν
1332 1225 1458 1261 Σωτῆρα·
1472 1225 1518 1251 καὶ
1532 1224 1605 1250 ἐστιν
1619 1223 1742 1258 ὡσπερεὶ
1753 1222 1816 1257 ῥίζα
1831 1222 1876 1247 καὶ

1087 1272 1191 1308 κεφαλὴ
1216 1272 1343 1308 ἡμῶνῧῆ
1365 1271 1393 1298 δὲ
1415 1270 1571 1305 Ἐκκλησία,
1586 1269 1689 1305 καρποὶ
1709 1268 1793 1294 αὐτοῦ
1810 1268 1875 1303 Χρι-

1089 1319 1162 1350 στοῦ,
1175 1319 1251 1353 φασὶ,
1271 1318 1301 1344 τὺ
1319 1317 1451 1344 ἀνοίκειον
1468 1316 1596 1350 φυγόντες
1615 1315 1681 1350 (95),
1698 1313 1875 1343 συσταλέντος

1088 1366 1127 1396 είς
1144 1365 1174 1391 τὺ
1191 1364 1332 1399 Πλήρωμα
1346 1364 1378 1390 ἑκ
1391 1363 1439 1398 τῆς
1454 1361 1581 1398 μητρῴας
1597 1361 1745 1396 γενομένου
1762 1360 1873 1390 ὲννοίας·

1089 1412 1105 1446 ἡ
1128 1415 1217 1447 μήτ-ηρ
1236 1409 1313 1442 αὖθις
1334 1410 1379 1437 τὸν
1396 1410 1445 1444 τῆς
1465 1408 1618 1444 οἰκονομίας
1638 1407 1815 1443 προηγάγετο
1831 1407 1876 1442 ἆρ-

1088 1466 1181 1492 χοντα,
1195 1458 1235 1488 εἰς
1244 1457 1328 1483 τύπον
1340 1455 1386 1482 τοῦ
1400 1455 1530 1490 φυγόντος
1545 1454 1628 1490 αὐτὴν
1643 1454 1704 1480 κατ’
1716 1453 1875 1487 ἐπιπόθησιν

1090 1503 1172 1530 αὑτοῦ
1185 1503 1337 1539 κρείττονος
1347 1502 1522 1538 ὑπάρχοντος,
1534 1502 1562 1533 ὃς
1572 1499 1605 1536 ἦν
1617 1500 1702 1532 τύπος
1714 1499 1762 1526 τοῦ
1775 1499 1876 1534 Πατρὶς

1089 1549 1143 1577 τῶν
1157 1549 1225 1576 ὅλων
1235 1557 1242 1564 ε
1260 1549 1300 1575 διὸ
1322 1549 1369 1575 καὶ
1385 1549 1473 1583 ἥττων
1490 1547 1603 1581 γίνεται⁷
1619 1547 1657 1578 ὡς
1670 1547 1704 1574 ἂν
1727 1547 1760 1572 ἐκ
1780 1546 1877 1575 πάθους

1090 1596 1140 1631 τῆς
1155 1596 1300 1631 ἐπιθυμίας
1308 1594 1473 1622 συνεστῶσα.
1483 1593 1638 1629 Ἐμυσάχθη
1651 1593 1745 1628 μέντοι
1757 1591 1877 1619 ἐνιδοῦσα

1090 1642 1138 1678 τὴν
1154 1642 1304 1677 ἀποτομίαν
1318 1641 1410 1673 αὑτοῦ,
1426 1641 1464 1672 ὥς
1483 1649 1564 1674 φασιν
1582 1639 1668 1666 αὐτοί.

1126 1732 1185 1758 AA’.
1212 1731 1290 1757 Ἀλλὰ
1311 1731 1357 1756 καὶ
1379 1729 1511 1765 εὐώνυμοι
1534 1729 1673 1764 δυνάμεις,
1688 1729 1800 1764 πρῶται
1820 1737 1879 1764 προ-

1092 1778 1230 1813 ϐληθεῐσαι
1243 1777 1297 1803 τῶν
1311 1776 1403 1808 δεξιῶν
1419 1776 1463 1802 ὑπ’
1484 1775 1578 1810 αὐτῆς,
1593 1775 1645 1801 ὑπὸ
1665 1775 1716 1810 τῆς
1731 1775 1779 1801 τοῦ
1795 1775 1878 1809 φωτὸς

1092 1824 1241 1860 παρουσίας
1255 1823 1284 1848 οὐ
1301 1822 1481 1858 μορφοῦνται·
1498 1821 1712 1856 κατελείφθησαν
1727 1822 1756 1847 δὲ
1778 1822 1806 1848 αἱ
1827 1822 1880 1856 ἀρι-

1093 1869 1186 1905 στεραὶ
1203 1868 1254 1895 ὑπὸ
1270 1868 1317 1894 τοῦ
1339 1868 1421 1894 τόπου
1439 1866 1624 1902 μορφωθῆναι.
1642 1867 1700 1901 Τῆς
1717 1867 1823 1903 μητρὸς
1836 1865 1878 1893 οὖν

1094 1914 1162 1949 μετὰ
1183 1912 1230 1939 τοῦ
1248 1912 1312 1939 Υίοῦ
1329 1912 1376 1939 καὶ
1396 1911 1450 1938 τῶν
1472 1912 1636 1948 σπερμάτων
1651 1910 1829 1946 εἰσελθούσης
1843 1912 1878 1941 εἰς

1092 1960 1122 1986 τὸ
1140 1959 1288 1995 Πλήρωμα,
1303 1959 1362 1985 τότε
1376 1959 1390 1984 ὁ
1404 1958 1484 1990 τόπος
1501 1958 1549 1993 τὴν
1569 1957 1693 1989 ἐξουσίαν
1710 1957 1761 1992 τῆς
1780 1957 1879 1992 gul-.952;

1093 2006 1139 2032 καὶ
1155 2005 1202 2041 τὴν
1215 2005 1290 2037 τάξιν
1305 2004 1482 2039 ἀπολήψεται,
1498 2004 1531 2039 ἣν
1545 2003 1591 2030 νῦν
1607 2003 1662 2037 ἔχει
1679 2004 1695 2037 ἡ
1710 2004 1813 2039 μήτηρ.

1127 2052 1188 2078 ΛΕ’.
1214 2051 1243 2077 '0
1272 2049 1374 2086 Ἰησοῦς
1399 2050 1431 2076 τὸ
1456 2049 1519 2084 φῶς
1545 2049 1634 2084 ἡμῶν,
1649 2049 1687 2080 ὡς
1700 2049 1774 2082 λέγει
1791 2048 1881 2075 ὁάκό-

1095 2097 1195 2129 στολος,
1214 2097 1307 2123 ἑαυτὸν
1332 2094 1476 2128 κενώσας,
1489 2094 1625 2121 τουτέστιν
1647 2094 1727 2125 ἐκτὸς
1747 2094 1796 2120 τοῦ
1823 2094 1880 2129 ape;

1093 2143 1246 2178 γενόμενος,
1260 2143 1330 2168 κατά
1343 2141 1480 2171 Θεόδοτον,
1497 2141 1558 2166 ἐπεὶ
1572 2139 1687 2174 ἄγγελος
1699 2137 1746 2174 ἦν,
1755 2139 1805 2166 τοῦ
1818 2140 1881 2174 Πλη-

259 2194 430 2223 Plenitudine
467 2193 577 2229 angelos
610 2193 722 2220 seminis
754 2191 911 2219 excellentis
949 2197 1037 2217 secum

1097 2190 1220 2226 ρώματος
1233 2189 1296 2219 τους
1311 2188 1442 2222 ἀγγέλους
1461 2187 1508 2213 τοῦ
1527 2187 1701 2222 διαφέροντος
1725 2186 1880 2221 σπέρματος

260 2242 364 2269 eduxit.
392 2240 426 2267 Et
451 2240 508 2275 ipse
534 2239 644 2274 quidem
673 2237 898 2273 redemptionem,
927 2236 1005 2271 quasi
1028 2244 1043 2263 e

261 2287 433 2314 Plenitudine
457 2294 627 2322 progressus,
650 2285 756 2317 habuit,
777 2284 888 2319 angelos
903 2287 992 2311 autem
1008 2283 1041 2309 ad

263 2334 375 2361 seminis
391 2333 589 2360 correctionem
605 2332 701 2360 duxit:
716 2331 795 2366 quasi
814 2331 886 2358 enim
902 2338 951 2364 pro
966 2334 1042 2364 parte

263 2383 360 2414 rogant
387 2379 586 2413 obsecrantque
608 2379 708 2414 angeli,
731 2377 874 2412 nostrique
888 2377 974 2412 gratia
995 2377 1043 2404 de-

264 2425 341 2455 tenti,
354 2423 460 2458 ingredi
476 2423 648 2455 festinantes,
665 2423 773 2451 veniam
785 2422 865 2449 nobis
885 2427 1042 2456 precantur,

265 2471 295 2495 ut
303 2476 355 2494 una
368 2476 430 2494 cum
439 2468 493 2495 illis
505 2475 554 2495 nos
566 2468 648 2495 etiam
661 2467 858 2502 ingrediamur.
870 2465 973 2500 Quippe
982 2473 1044 2492 cum

266 2514 353 2541 nostri
369 2513 424 2541 fere
438 2521 507 2548 opus
529 2513 629 2540 habent
652 2518 681 2540 ut
696 2512 884 2548 ingrediantur
905 2512 1043 2546 (quoniam

266 2559 326 2586 sine
337 2558 416 2585 nobis
432 2557 535 2593 ingredi
550 2565 603 2584 non
620 2557 673 2584 illis
688 2564 850 2584 concessum
866 2556 912 2587 sit,
928 2555 999 2582 hanc
1010 2555 1045 2582 ob

1096 2235 1276 2271 συνεξήγαγεν
1292 2234 1393 2270 ἑαυτῷ·
1410 2234 1456 2260 καὶ
1470 2233 1550 2264 αὐτὸς
1566 2233 1615 2268 μὲν
1635 2233 1684 2267 τὴν
1697 2232 1837 2268 λύτρωσιν
1848 2233 1881 2263 ὡς

1094 2282 1148 2308 ἀπὸ
1166 2280 1349 2316 Πληρώματος
1368 2278 1503 2315 προελθὼν
1524 2276 1605 2312 εἶχεν,
1620 2278 1683 2308 τοὺς
1700 2277 1730 2303 δὲ
1752 2277 1881 2310 ἀγγέλους

1096 2329 1134 2359 εἰς
1147 2327 1288 2362 διόρθωσιν
1309 2325 1355 2352 τοῦ
1380 2325 1534 2360 σπέρματος
1548 2323 1666 2358 ἢγαγεν·
1683 2322 1721 2353 ὡς
1741 2322 1800 2357 γὰρ
1817 2322 1881 2355 ὑπὲρ

1098 2373 1194 2408 μέρους
1212 2371 1315 2398 δέονται
1332 2371 1379 2397 καὶ
1394 2368 1590 2405 παρακαλοῦσι,
1606 2367 1654 2394 καὶ
1673 2367 1707 2393 δι’
1718 2368 1796 2402 ἡμᾶς

1096 2419 1215 2453 χόμενοι,
1224 2416 1383 2447 σπεύδοντες
1397 2415 1534 2444 εἰσελθεῖν,
1543 2414 1639 2447 ἄφεσιν
1653 2414 1719 2447 ἡμῖν
1734 2413 1880 2439 αἰτοῦνται.

1096 2465 1139 2490 ἵνα
1160 2462 1373 2497 συνεισέλθωμεν
1386 2462 1492 2492 αὐτοῖς·
1512 2459 1604 2494 σχεδὸν
1618 2459 1673 2494 γὰρ
1692 2458 1772 2494 ἡμῶν
1791 2458 1882 2494 χρείαν

1096 2508 1202 2543 ἔχοντες
1220 2508 1261 2534 ἴνα
1274 2507 1441 2533 εἰσέλθωσιν*
1461 2506 1531 2540 (ἐπεὶ
1546 2506 1609 2532 ἄνευ
1626 2504 1705 2539 ἡμῶν
1719 2504 1770 2530 οὐκ
1780 2503 1883 2538 ἐπιτρέ-

1097 2562 1175 2580 πεται
1189 2553 1295 2584 αὐτοῖς·
1311 2552 1354 2579 διὰ
1375 2551 1453 2578 τοῦτο
1474 2550 1528 2586 γὰρ
1548 2550 1608 2577 οὐδὲ
1628 2551 1646 2585 ἡ
1667 2551 1761 2585 μήτηρ
1778 2550 1882 2583 συνελή-

303 2640 333 2669 ai
354 2637 384 2664 ι).
405 2636 458 2664 968
477 2635 531 2663 E0.
550 2634 696 2664 porum.
719 2641 732 2655 ι
751 2634 830 2662 Jonn.
853 2641 922 2665 vtlr,
941 2632 984 2660 η.
1017 2622 1035 2651 ἰ

1092 2632 1124 2659 il.
1147 2639 1176 2663 ιι,
1194 2631 1218 2658 7.

286 2731 292 2736 ἱ
303 2694 365 2756 (9η.
385 2694 412 2721 '0
423 2694 456 2721 δὲ
467 2695 629 2735 ,ϐουᾼηθεὶς
641 2693 727 2721 Αὶών.
747 2694 827 2721 Clare
838 2694 890 2720 huc
902 2695 1043 2731 peccatiim

287 2732 366 2756 labor
383 2738 416 2756 ex
433 2730 558 2756 superbia
575 2737 634 2756 eius
652 2736 731 2756 omna
746 2729 932 2756 scelerumque
946 2735 981 2754 ex
999 2726 1043 2752 illa

266 2726 366 2757 diaboli
383 2738 416 2756 ex
433 2726 565 2764 superbia
575 2726 634 2762 ejus
652 2736 731 2764 paena
746 2726 932 2763 scelerumque
946 2735 981 2754 ex
999 2726 1044 2764 illa

268 2765 454 2804 castigatione,
467 2761 504 2804 ἰιι
519 2771 547 2791 se
564 2761 694 2804 adversus
711 2763 793 2804 Deo-ni
806 2761 910 2803 erigant
924 2767 951 2790 et
966 2761 1044 2796 quasi

267 2808 329 2840 ause
339 2798 392 2840 sibi
405 2803 590 2840 esseetquas
604 2799 743 2840 possident
757 2799 832 2825 dotes
844 2798 964 2840 tribuant
976 2806 982 2840 ξ
995 2804 1046 2837 nec

268 2835 319 2873 alia
337 2836 364 2873 _in
383 2834 446 2873 istis
459 2832 633 2873 desint_ver:e
649 2833 718 2873 lidci_
731 2841 862 2873 consona,
880 2832 1046 2873 sedfahulis

269 2870 386 2897 immista
411 2870 517 2905 illisque
537 2869 646 2903 obruta,
662 2869 762 2905 quibus
777 2869 817 2897 sic
834 2868 944 2904 superbi
959 2867 1046 2896 homi-

1095 2700 1144 2718 nes
1160 2694 1188 2717 et
1202 2690 1248 2724 qui
1264 2689 1384 2717 scientiae
1402 2695 1492 2715 arcem
1507 2687 1833 2724 tenereinChristianis
1849 2686 1881 2711 τί·

1095 2727 1160 2753 dere
1174 2722 1283 2756 vellent,
1299 2726 1326 2751 in
1341 2723 1501 2751 confusione
1519 2731 1569 2750 sua
1587 2722 1703 2757 gloriam
1719 2725 1878 2757 quaererent,

1096 2769 1210 2795 eamque
1229 2761 1300 2787 inter
1321 2760 1428 2786 Satana:
1448 2755 1654 2795 priiliogenitos,
1671 2755 1753 2791 quasi
1767 2755 1880 2792 apostoli

1096 2793 1208 2823 Joannis
1220 2796 1331 2823 oraculo
1347 2795 1487 2821 haberent.
1504 2793 1634 2820 Count-mu

1133 2831 1360 2866 (95)(1ουγόντες.
1383 2828 1538 2866 Haud_scio
1561 2837 1596 2856 au
1623 2828 1718 2856 verius
1742 2828 1878 2863 φυγόντος,

1098 2862 1216 2902 genitivo
1233 2862 1309 2900 casu,
1326 2870 1355 2893 ut
1371 2872 1442 2893 mox.
1458 2862 1536 2891 Sua.
