1934 3075
65 162 117 189 (ἶῗ7

423 161 536 188 DUBIA.
559 176 590 181 —-
611 161 794 188 EXCERPTA
815 161 860 188 EX
878 160 1033 188 SCRIPTIS
1053 159 1236 193 THEODOTI,
1257 159 1334 189 ETC.

1642 166 1692 193 67S

63 219 143 246 λυοεν
163 219 233 246 ἄνευ
254 219 340 255 ήμῶν,
358 219 469 255 φασξν·)
490 219 602 250 εἰκότως
623 219 778 255 ὑπὲρὴμῶν
792 219 845 246 δέοι

912 226 1024 246 causam
1034 218 1105 246 enim
1122 226 1156 245 ne
1167 217 1276 253 quidem
1289 222 1375 245 mater
1383 219 1486 254 absque
1498 220 1589 254 nobis,
1606 222 1692 250 aiunt‘

63 274 117 292 ται.

98 312 169 344 AG’.
199 311 247 338 Ἐν
267 311 370 346 ὲνότητι
396 311 520 346 μέντοιγε
555 310 760 346 προεῦλήθησαν
773 311 796 337 οἱ
811 311 858 345 ἀγ-

63 357 135 391 γελοι
155 357 249 392 ἡμῶν,
264 358 353 391 φασὶν,
369 357 508 388 εἰσιόντες,
523 356 560 388 ὡς
575 357 628 383 ἀπὸ
643 356 700 387 ἐνὸς
717 356 858 392 προελθόν-

64 412 117 434 τες.
127 403 205 429 Ἑπεί
220 403 252 430 δὲ
267 404 345 438 ἡμεῖς
358 401 439 438 ἦμεν,
455 403 479 428 οἰ
497 402 703 437 μεμερισμένοι,
720 402 764 428 διὰ
778 402 856 429 τοῦτο

64 449 232 475 Martium
247 451 262 476 6
281 448 392 484 Ἰησοῦς,
406 450 436 475 τὸ
455 449 601 484 ἀμέριστον
621 447 792 484 μερισθῆναι,
810 448 856 483 μέ-

66 504 123 531 χρις
143 496 220 530 ἡμᾶς
244 495 330 530 ἐνώσῃ
352 495 442 526 αὐτοῖς
456 496 494 526 εἰς
507 495 536 521 τὸ
549 495 698 530 Πλήρωμα,
717 495 760 521 ἵνα
775 495 855 529 ἡμεῖς

65 540 87 565 οἱ
103 539 196 565 πολλοὶ
213 539 244 565 ἒν
261 540 410 574 γενόμενοι,
427 540 451 565 οἰ
466 540 564 570 πάντες
577 539 616 575 τῷ
631 540 670 566 ἐνὶ
683 539 722 575 τῷ
736 539 768 566 δι’
781 540 854 575 ἡμᾶς

67 585 220 621 μερισθέντι
242 585 451 620 ἁνακραθῶμεν.

96 684 156 710 ΛΖ’.
178 683 211 709 Οἱ
227 683 283 709 ἀπὸ
303 682 387 718 Ἀδὰμ
403 682 563 714 ἐξελθόντες,
576 684 601 709 οἰ
619 683 667 718 μὲν
690 683 797 715 δίκαιοι,
809 683 853 711 διὰ

63 727 113 753 τῶν
129 727 301 762 έκτισμένων
317 728 365 763 τὴν
381 728 438 754 ὁδὸν
454 727 617 762 ποιούμενοι,
636 727 710 763 παρὰ
723 728 761 763 τῷ
777 728 852 763 τόπῳ

65 773 228 808 κατείχοντο,
243 773 315 800 κατὰ
329 775 391 805 τοὺς
406 773 657 805 Οὑαλεντινιανοὺς·
670 775 694 800 οἰ
709 774 736 801 δὲ
751 775 850 810 ἕτεροι,

64 820 90 845 ὲν
105 819 142 854 τῷ
155 819 202 846 τοῦ
217 820 315 846 σκότου
328 819 478 855 ὲκτισμένῳ
493 820 521 846 ἐν
535 821 591 851 τοῖς
609 820 761 856 ἀριστεροῖς
775 820 849 855 ἕχον-

65 873 105 896 τες
119 864 298 900 συναίσθησιν
310 865 357 891 τοῦ
371 865 465 900 πυρός.

908 264 1030 299 ingressa
1050 264 1113 298 est),
1127 264 1276 291 verisimile
1293 267 1335 290 est
1355 265 1427 299 quod
1444 273 1494 300 pro
1509 267 1588 295 nobis
1604 273 1692 295 orent.

942 309 1060 337 XXXVI.
1082 310 1110 336 In
1127 310 1259 336 unitatem
1281 313 1383 340 tamen,
1414 311 1500 343 aiunt,
1527 314 1615 347 angeli
1645 322 1690 341 no-

907 355 956 381 stri
974 355 1090 390 ingressi
1104 355 1229 390 producti
1256 360 1330 387 sunt,
1348 360 1376 382 ut
1394 357 1440 390 qui
1458 357 1492 384 ab
1517 367 1569 384 uno
1585 367 1693 393 proces-

906 405 1009 428 serunt.
1031 400 1165 433 Quoniam
1188 409 1253 429 vero
1264 410 1314 429 nos
1331 410 1442 429 eramus
1460 403 1506 438 qui
1530 404 1612 431 divisi
1635 405 1691 432 fue-

905 454 1009 479 ramus,
1036 455 1095 473 eam
1113 447 1148 474 ob
1167 455 1277 475 causam
1294 447 1374 475 Jesus
1401 449 1553 482 baptizatus
1576 454 1628 483 est,
1653 452 1690 479 uti

905 490 976 524 quod
994 490 1044 516 fuit
1058 490 1202 518 indivisum
1215 491 1391 524 divideretur,
1409 493 1495 520 donec
1511 494 1565 521 illis
1586 495 1612 522 in
1630 495 1686 523 Ple~

904 536 1029 563 nitudine
1046 541 1072 563 et
1096 545 1145 564 nos
1163 538 1263 569 uniret,
1286 542 1314 564 ut
1342 546 1391 565 nos
1416 540 1491 566 Inulti
1510 541 1688 573 unutnfacti,

902 590 999 610 omnes
1015 583 1071 615 uni,
1084 583 1130 617 qui
1147 591 1195 618 pro
1206 584 1284 611 nobis
1298 584 1402 612 divisus
1417 589 1485 617 erat,
1507 587 1688 614 commiscea‘

904 636 976 654 IIIIII‘.

938 673 1069 701 XXXVII.
1090 674 1140 707 Qui
1155 675 1264 709 quidem
1279 676 1375 703 Adami
1391 681 1454 704 sunt
1471 679 1585 712 posteri,
1597 688 1630 706 ex
1645 680 1688 707 his

901 720 1103 754 nonnullijusti
1115 724 1191 752 sunt,
1211 721 1339 747 nimirum
1358 722 1403 755 qui
1422 730 1468 756 per
1482 728 1571 750 creata
1584 724 1635 750 iter
1647 724 1688 750 fa-

901 766 1003 793 cientes
1019 774 1034 792 a
1051 766 1110 793 loco
1140 766 1247 793 fuerant
1268 767 1380 798 delenti,
1407 769 1554 795 secundum
1587 769 1686 797 Valen-

901 811 951 837 tini
963 818 1093 845 sequaces
1116 820 1121 837 :
1137 811 1182 837 alii
1199 817 1289 838 autem
1307 813 1333 838 in
1350 813 1524 840 tenebrarum
1551 819 1642 842 creato
1658 815 1686 842 in

900 856 1031 886 sinistris,
1052 857 1097 891 qui
1114 857 1183 891 ignis
1196 865 1278 885 sensu
1294 863 1358 884 sunt
1372 858 1470 886 allecti.

95 911 156 937 ΑΠ’.
183 911 311 946 Ποταμὺς
333 911 507 945 ἐκπορεύεται
532 912 617 947 πυρὸς
642 912 770 938 ὑποκάτω
801 912 845 939 τοῦ

934 901 1077 929 XXXVIII.
1098 901 1210 930 Fluvins
1222 903 1316 938 igneus
1331 903 1383 930 sub
1404 904 1503 931 throno
1519 905 1571 931 loci
1592 906 1685 940 ingre-

66 955 153 991 θρόνου
173 956 221 982 τοῦ
236 957 333 988 τόπου,
353 958 400 983 καὶ
417 958 459 992 ῥεῖ
472 958 511 989 εἰς
526 958 556 983 τὸ
572 958 648 984 κενὸν
663 958 709 984 τοῦ
725 959 850 994 ἐκτισμέ-

65 1009 121 1027 νου·
137 1003 150 1028 ὅ
164 1003 239 1028 ἔστιν
254 1003 271 1038 ὴ
290 1002 385 1036 γέεννα
407 1002 460 1028 ἀπὺ
477 1003 591 1034 κτίσεως
612 1002 659 1029 τοῦ
676 1004 760 1039 πυρὸς
777 1003 850 1039 ῥέον-

67 1057 114 1079 τος,
129 1048 165 1084 μὴ
182 1049 378 1084 πληρουμένης
396 1049 459 1085 (94).
472 1049 526 1076 Καὶ
542 1050 622 1081 αὐτὸς
637 1050 665 1076 δὲ
679 1051 694 1076 6
707 1051 787 1082 τόπος
797 1051 849 1077 πύ-

69 1093 132 1127 ρινός
147 1094 215 1120 ἐστι.
238 1095 292 1121 Διὰ
313 1094 400 1126 τοῦτο,
419 1096 494 1130 φησί,
511 1095 709 1130 καταπέτασμα
724 1096 791 1131 ἔχει,
807 1096 849 1122 ἵνα

69 1138 101 1174 μὴ
114 1140 144 1165 ὲκ
157 1139 207 1175 τῆς
222 1140 384 1176 προσόψεως
400 1140 523 1176 ἀναλωθῇ
539 1141 572 1167 τὰ
588 1142 746 1177 πράγματα.
761 1142 849 1174 Μόνος

67 1185 91 1210 δὲ
109 1186 122 1211 6
140 1186 312 1220 ἀρχάγγελος
335 1186 485 1222 εἰσέρχεται
505 1187 573 1222 πρὸς
586 1187 676 1218 αὑτὸν,
692 1185 722 1214 οὗ
736 1189 794 1214 κατ’
810 1189 848 1214 εἰ-

67 1229 124 1256 κόνα
141 1230 187 1256 καὶ
200 1231 214 1256 6
227 1231 374 1266 ἀρχιερεὺς
396 1229 469 1262 ἅπαξ
483 1230 529 1256 τοῦ
546 1231 669 1257 ἐνιαυτοῦ
684 1232 723 1262 εἰς
734 1230 769 1257 τὰ
783 1232 848 1265 ἅγια

68 1275 115 1301 τῶν
135 1276 215 1310 ἁγίων
238 1276 437 1311 εἰσῄει.Ἔνθεν
451 1278 498 1304 καὶ
513 1277 527 1303 ὁ
545 1276 648 1311 Ἰησοῦς
663 1277 848 1312 παρακληθεὶς

69 1321 238 1358 συνεκαθέσθη
253 1322 296 1358 τῷ
310 1322 393 1357 τόπῳ,
410 1323 453 1350 ἵνα
468 1323 535 1358 μένῃ
547 1322 581 1348 τὰ
591 1323 740 1358 πράγματα
751 1325 798 1350 καὶ
810 1323 846 1359 μὴ

67 1371 211 1405 προαναπῇ
232 1369 329 1400 αὑτοῦ,
343 1369 389 1395 κα¹ι
409 1369 452 1395 ἵνα
474 1369 519 1395 τὸν
542 1369 623 1395 τόπον
637 1369 779 1405 ἡμερώσῃ,
800 1370 847 1396 καὶ

66 1414 100 1449 τῷ
115 1415 246 1450 σπέρματι
262 1415 349 1441 δίοδον
364 1416 403 1445 εἰς
415 1414 554 1450 Πλήρωμα
569 1414 705 1451 παράσχῃ.

96 1460 152 1487 ΛΘ.
177 1461 209 1486 Ἦ
233 1461 328 1496 μήτηρ
352 1460 524 1496 προῦαλοῦσα
546 1461 590 1487 τὸν
604 1461 720 1496 Χριστὸν
733 1461 844 1496 ὁλόκλη-

68 1514 117 1540 ιον,
130 1507 175 1532 καὶ
184 1507 230 1532 ὑπ’
242 1506 329 1533 αὑτοῦ
346 1506 565 1541 καταλειφθεῖσα,
577 1506 623 1533 τοῦ
638 1506 731 1533 λοιποῦ
744 1507 794 1534 οὐκ
805 1507 844 1534 ἔτι

66 1552 132 1578 οὐδὲν
146 1552 295 1587 προέϐαλεν
308 1552 460 1587 ὁλόκληρον,
475 1551 541 1578 ἀλλὰ
556 1552 589 1578 τὰ
605 1551 704 1578 δυνατά
716 1553 780 1588 παρ’
794 1552 844 1579 αὒ-
859 1566 881 1597 c

66 1598 95 1632 τῇ
104 1597 244 1633 παρέσχεν·
256 1597 331 1624 ὥστε
343 1598 389 1624 καὶ,
401 1597 447 1624 τοῦ
462 1598 544 1624 τόπου
552 1598 598 1624 καί
610 1597 664 1624 τῶν
677 1597 785 1634 κλήρων
798 1596 845 1625 οὖν

67 1643 96 1669 τὰ
115 1643 242 1677 ἀγγελικὰ
267 1643 338 1678 αὐτὴ
362 1643 560 1678 προϐάλλουσα,
576 1644 640 1679 παρ’
652 1645 719 1679 αὐτῇ
737 1644 845 1680 κατέχει

66 1687 113 1714 τῶν
134 1687 265 1715 ἐκλεκτῶν
292 1688 347 1714 τῶν
366 1688 516 1722 ἀγγελικῶν
538 1689 590 1715 ὑπὸ
611 1688 656 1715 τοῦ
675 1688 789 1724 ἄρρενος
805 1689 845 1716 ἔτι

68 1735 186 1770 πρότερον
200 1734 339 1771 προϐεϐλη
344 1735 440 1769 μένων.

95 1781 135 1807 Μ’.
154 1781 192 1808 Τὰ
208 1781 257 1816 μὲν
269 1780 326 1816 γὰρ
337 1780 411 1813 δεξιὰ
422 1780 474 1816 πρὸ
487 1780 536 1815 τῆς
549 1779 595 1806 τοῦ
610 1781 697 1815 φωτὸς
711 1782 843 1817 αἰτήσεως

69 1826 207 1862 προηνέχθη
218 1827 273 1853 ὑπὸ
284 1826 333 1861 τῆς
347 1826 457 1861 μητρὸς,
468 1825 503 1852 τὰ
516 1825 544 1852 δὲ
560 1826 704 1861 σπέρματα
718 1827 768 1862 τῆς
781 1827 843 1853 Ἐκ-

68 1870 177 1905 κλησίας,
195 1872 263 1906 μετὰ
290 1871 338 1906 τὴν
359 1871 406 1897 τοῦ
428 1871 515 1905 φωτὸς
530 1870 647 1906 αἴτησιν,
662 1871 705 1898 ὅτε
727 1872 779 1898 ὑπὸ
795 1872 842 1899 τοῦ

70 1916 168 1952 ᾱρρενος
192 1917 226 1944 τὰ
246 1917 382 1951 ἁγγελικὰ
403 1917 456 1944 τῶν
483 1917 645 1952 σπερμάτων
667 1918 840 1953 προεϐάλετο.

98 1962 157 1988 MA’.
171 1963 209 1989 Τὰ
236 1962 402 1998 διαφέροντα
429 1963 583 1999 σπέρματα,
605 1963 681 1997 φησὶ,
708 1964 776 1998 μήτε
805 1963 842 1994 ὡς

70 2005 142 2041 πάθη,
153 2003 187 2033 ὧν
208 2007 360 2043 λυομένων,
376 2007 505 2043 συνελύθη
523 2007 556 2034 ἂν
569 2008 662 2035 καὶτὰ
681 2009 839 2044 σπέρματαο

71 2052 129 2086 μήτε
139 2053 173 2084 ὼς
181 2053 268 2080 κτίσιν
281 2052 502 2088 προεληλυθέναι,
513 2053 568 2080 ἁλλ’
579 2054 616 2085 ὼς
630 2053 723 2080 τέκνα.
743 2054 840 2088 Ἀπαρ-

69 2095 197 2133 τιζομένης
213 2098 268 2134 γὰρ
283 2098 333 2132 τῆς
345 2097 469 2129 κτίσεως,
487 2097 688 2132 συναπηρτὶσθη
700 2097 732 2123 ἂν
745 2097 791 2123 καὶ
807 2097 840 2124 τὰ

71 2141 214 2176 σπέρματα·
232 2142 274 2169 διὸ
293 2142 338 2168 καὶ
352 2141 399 2177 τὴν
410 2142 563 2176 οἰκειότητα
576 2141 631 2176 ἔχει
646 2141 713 2176 πρὸς
729 2141 760 2167 τὸ
772 2141 838 2175 φῶς,

71 2185 191 2221 ὂπρῶτον
207 2189 358 2224 προήγαγε,
375 2187 495 2214 τουτέστι
508 2188 553 2213 τὸν
574 2187 684 2222 Ἰησοῦν,
701 2188 715 2213 ὁ
730 2187 841 2222 αἰτησά-

900 946 1036 979 diehatur,
1056 951 1083 974 et
1106 947 1165 974 fluit
1181 948 1207 974 in
1224 948 1369 975 cavitatem
1385 949 1481 980 creati,
1496 957 1556 984 quae
1578 956 1620 978 est
1635 959 1685 985 ge-

901 992 1000 1024 henna,
1022 1000 1135 1027 quaeque
1149 1000 1163 1019 a
1180 998 1309 1028 perpetuo
1323 994 1392 1028 ignis
1408 995 1482 1021 fluxu
1499 996 1569 1022 haud
1590 997 1685 1030 imple-

900 1041 954 1066 tur.
969 1038 1083 1073 Insuper
1097 1039 1172 1066 locus
1191 1039 1248 1073 ipse
1264 1039 1360 1072 igneus
1374 1045 1425 1067 est.
1445 1039 1683 1075 Proptere:.,dicit,

900 1083 1021 1110 velamen
1050 1083 1130 1110 habet
1147 1087 1176 1109 ut
1197 1091 1229 1109 ex
1252 1088 1401 1118 conspectu
1426 1092 1470 1112 res
1491 1093 1546 1111 non
1585 1086 1685 1112 dissol-

899 1131 1007 1154 vantur.
1024 1127 1104 1154 Solus
1123 1135 1187 1154 vero
1203 1128 1383 1163 arcliangelus
1407 1129 1440 1155 ad
1465 1129 1540 1156 illum
1563 1130 1684 1165 ingredi—

899 1178 952 1205 tur,
974 1173 1025 1200 sub
1043 1173 1122 1207 cujus
1142 1173 1259 1208 imagine
1281 1174 1402 1208 pontifex
1422 1175 1505 1201 semel
1524 1175 1550 1201 in
1568 1183 1638 1202 anno
1656 1176 1684 1203 in

900 1217 999 1245 Sancta
1022 1222 1178 1245 sanctorum
1201 1218 1412 1252 ingredieliatur.
1430 1218 1494 1246 Inde
1506 1220 1586 1246 etiam
1600 1219 1681 1249 Jesus

898 1268 1027 1291 evocatus
1042 1264 1101 1291 loco
1119 1263 1252 1296 consedit,
1270 1269 1300 1290 ut
1316 1272 1358 1291 res
1369 1269 1496 1291 maneant
1511 1269 1537 1292 et
1549 1274 1604 1292 non
1620 1271 1683 1294 ante

898 1310 986 1344 ipsum
1003 1314 1125 1344 surgant,
1141 1313 1224 1343 utque
1248 1309 1337 1336 locum
1362 1309 1570 1342 mansuefaciat,
1586 1314 1616 1337 nt
1632 1312 1681 1338 de-

897 1355 980 1390 nique
1003 1356 1101 1383 semini
1126 1357 1270 1383 transitum
1300 1357 1329 1383 in
1351 1354 1550 1383 Plenitudinem
1575 1357 1681 1391 praebe-

897 1405 949 1429 ret.

931 1447 1140 1475 XXXIX.Mater
1152 1452 1294 1483 postquam
1309 1447 1448 1474 Christum
1458 1447 1592 1482 integrum
1613 1455 1680 1482 pro-

896 1494 1021 1526 duxerat,
1031 1497 1101 1521 etab
1111 1494 1205 1522 eodem
1217 1494 1268 1520 fuit
1281 1494 1420 1525 derelicta,
1433 1497 1526 1528 postea
1541 1494 1608 1520 nihil
1622 1501 1681 1520 ani-

895 1540 967 1574 plius
978 1540 1113 1575 integrum
1125 1540 1246 1575 protulit,
1256 1539 1302 1566 sed
1310 1539 1365 1570 illa,
1376 1547 1490 1574 quorum
1500 1547 1630 1566 concessa
1637 1543 1680 1567 est

898 1586 938 1612 illi
968 1585 1095 1617 facultas,
1110 1586 1233 1621 praebuit.
1246 1585 1338 1620 Itaque
1353 1585 1456 1619 absque
1471 1585 1531 1611 loco
1542 1585 1679 1619 clerisque

896 1639 958 1659 cum
984 1633 1042 1667 ipsa
1063 1632 1173 1667 angelos
1194 1632 1372 1667 produxerat,
1402 1630 1473 1665 apud
1494 1638 1523 1657 se
1544 1631 1675 1663 continet,

896 1678 990 1705 electis
1006 1679 1163 1713 angelorum
1179 1686 1195 1705 a
1210 1677 1332 1705 masculo
1346 1677 1423 1712 prius
1437 1677 1590 1712 productis.

928 1768 984 1795 XL.
1005 1768 1107 1795 Dextra
1126 1767 1235 1802 quidem
1252 1771 1315 1793 ante
1330 1766 1399 1793 lucis
1412 1765 1571 1800 petitionem
1586 1773 1601 1792 a
1616 1773 1676 1792 ma-

893 1819 935 1842 tre
961 1814 1072 1842 luerunt
1090 1813 1234 1849 producta,
1263 1812 1367 1839 semina
1384 1819 1448 1839 vero
1468 1811 1598 1839 Ecclesiae
1616 1815 1679 1846 post

894 1862 963 1888 lucis
978 1861 1147 1896 petitionem,
1163 1867 1226 1886 cum
1249 1866 1265 1885 a
1286 1858 1410 1885 masculo
1433 1858 1537 1885 semina
1556 1857 1678 1892 angelica

893 1906 1025 1942 producta
1041 1909 1114 1933 sunt.

930 1955 958 1984 ᾗ
975 1951 1042 1979 XLl.
1063 1950 1230 1978 Exoellentia
1246 1949 1360 1980 semina,
1377 1948 1424 1980 ait,
1440 1955 1491 1975 nec
1507 1951 1536 1974 ut
1550 1946 1675 1978 affectus,

892 1999 992 2033 quibus
1017 1997 1116 2025 solutis
1138 2001 1165 2023 et
1188 1995 1293 2022 semina
1317 2001 1370 2020 una
1386 1993 1571 2026 solverentur;
1587 2000 1677 2027 neque

892 2050 920 2071 ut
936 2048 1061 2071 creatura
1075 2042 1198 2077 qumdam
1211 2040 1382 2075 prodierunt,
1394 2038 1442 2066 sed
1456 2042 1485 2065 nt
1497 2038 1554 2066 ﬁlii.
1568 2038 1676 2074 Quippe

891 2090 1028 2117 creatione
1045 2089 1143 2118 soluta,
1157 2087 1261 2114 semina
1276 2092 1384 2120 quoque
1399 2084 1480 2111 simul
1497 2086 1561 2110 sunt
1574 2084 1673 2110 soluta:

891 2138 1057 2170 quapropter
1071 2133 1153 2160 etiam
1168 2139 1230 2158 cum
1246 2133 1306 2157 luce
1320 2129 1551 2157 necessitudinem
1562 2129 1673 2161 habent,

890 2189 971 2216 quam
992 2180 1080 2215 primo
1097 2177 1235 2214 produxit,
1253 2184 1350 2211 nempe
1368 2176 1472 2207 Jesum,
1485 2174 1612 2202 Christus
1627 2175 1674 2209 qui

73 2220 141 2265 μενος
155 2234 214 2266 τοὺς
352 2234 477 2270 Χριστὸς,
495 2234 523 2259 ὲν
539 2230 561 2266 ᾧ
577 2220 745 2268 συνδιυλίσθη
770 2220 839 2259 κατὰ

900 2227 993 2254 Εοιιςιδ
1006 2225 1092 2261 petiit,
1103 2225 1131 2252 in
1150 2231 1203 2258 quo
1217 2227 1244 2250 et
1266 2222 1441 2256 semina_cum
1456 2228 1489 2248 eo
1503 2220 1531 2247 in
1552 2220 1674 2247 Plenitu-

73 2276 170 2313 δύναμιν
192 2281 238 2307 καὶ
256 2279 293 2306 τὰ
318 2279 462 2315 σπέρματα
484 2278 643 2306 συνελθόντα
660 2278 733 2314 αὐτῴ
760 2280 798 2310 εἰς
810 2278 841 2304 τὸ

900 2273 982 2299 linem
999 2272 1131 2306 ingressa.
1151 2269 1278 2297 similiter
1300 2275 1349 2303 pro
1363 2267 1433 2294 virili
1454 2266 1582 2293 defzecata
1599 2269 1673 2297 sunt,

73 2323 210 2360 Πλήρωμ-α·
228 2326 296 2352 διότι
315 2325 368 2361 πρὸ
389 2325 541 2359 καταϐολῆς
556 2325 659 2360 κόσμου
673 2324 785 2355 εἰκότως
801 2324 840 2350 λέ-

73 2372 163 2406 γεταιὴ
184 2372 331 2407 ’Ἐκκλησία
344 2371 510 2407 ἐκλελέχθαι.
520 2371 563 2398 Ἑν
578 2372 648 2407 ἀρχῇ
660 2371 749 2398 τοίνυν
765 2380 841 2397 συνε-

73 2415 229 2453 λογίσθημεν,
249 2419 326 2452 φασὶ,
344 2418 391 2444 καὶ
413 2416 635 2452 έφανερώθημεν.
662 2416 711 2442 Διὰ
736 2415 840 2442 τοῦτοὸ

73 2461 154 2498 Σωτὴρ
168 2463 246 2498 λέγει·
265 2463 414 2498 Ααμψάτω
426 2462 458 2489 τὸ
473 2461 535 2496 φῶς
545 2461 638 2496 ὑμῶν,
653 2461 760 2497 μηνύων
775 2461 839 2496 περὶ

73 2507 112 2533 τηῦ
127 2509 207 2541 φωτὸς
220 2509 267 2535 τοῦ
285 2508 413 2543 φανέντος
429 2508 475 2534 καί
496 2505 703 2542 μορφώσειντοςι
727 2506 791 2541 περὶ
807 2503 837 2532 οὗ

79 2549 220 2586 ’.λτιόστολος
242 2554 326 2588 λέγει,
341 2555 375 2580 Ὃ
389 2551 501 2588 φωτίζει
516 2552 613 2578 πάντα
626 2551 781 2585 ἄνθρωπον
792 2551 838 2584 ἐρ-

73 2606 185 2632 χομενογ
198 2602 240 2633 εἰς
252 2600 305 2627 τὸν
318 2601 441 2634 κόσμον,
456 2599 501 2625 τὴν
515 2597 562 2624 τοῦ
573 2597 698 2633 διαφόρου
712 2597 837 2632 σπέρμα-

73 2651 120 2676 τος.
133 2645 191 2672 Ὀτε
204 2647 258 2681 γὰρ
272 2644 407 2680 ἐφωτίσθη
432 2645 446 2671 6
473 2644 624 2679 ἄνθρωπος,
642 2643 703 2669 τότε
730 2643 770 2674 εἰς
793 2641 838 2669 τὸν

74 2689 161 2725 κόσμον
176 2690 249 2727 ἦλθε,
276 2692 411 2719 τουτέστιν
433 2691 527 2718 ἑαυτὸν
544 2691 692 2726 ἐκόσμησε,
717 2689 837 2724 χωρίσας

76 2735 144 2763 αὑτοῦ
164 2738 198 2764 τὰ
218 2737 410 2765 ἐπισκοτοῦντα
428 2737 476 2764 καὶ
491 2735 749 2771 συναναμεμιγμένα
762 2733 836 2769 αὺτῷ

891 2319 1019 2354 quoniam
1036 2322 1099 2344 ante
1111 2317 1182 2351 jacta
1198 2315 1291 2342 mundi
1308 2313 1484 2340 fundamenta
1499 2312 1595 2339 merito
1606 2311 1675 2338 dici-

888 2367 934 2392 tur
948 2364 1072 2391 Ecclesia
1083 2362 1168 2389 fuisse
1183 2361 1280 2388 electa.
1292 2360 1386 2394 Itaque
1396 2359 1422 2385 in
1432 2358 1575 2393 principio,
1586 2357 1672 2389 aiunt,

890 2415 916 2438 et
939 2418 990 2437 nos
1016 2409 1094 2436 electi
1124 2406 1343 2440 manifestatique
1370 2412 1477 2432 sumus.
1496 2402 1566 2429 Dicit
1592 2403 1674 2438 igitur

891 2453 1187 2488 Salvator:Splendeat
1211 2452 1257 2479 lux
1282 2455 1398 2482 vestrm,
1417 2449 1540 2476 indicans
1566 2455 1615 2475 seu
1633 2448 1674 2475 lo-

894 2510 980 2537 quens
995 2501 1029 2528 de
1048 2501 1108 2527 lucc
1128 2499 1202 2525 illius
1217 2497 1263 2532 qui
1280 2495 1407 2532 apparuit
1420 2499 1447 2522 et
1456 2493 1671 2525 transformavit,

890 2549 923 2575 de
950 2554 1004 2582 quo
1028 2545 1168 2581 apostolus
1189 2544 1276 2579 inquit
1297 2551 1302 2568 :
1336 2541 1388 2575 Qui
1417 2541 1549 2568 illuminat
1572 2548 1672 2566 omnem

889 2595 1019 2621 hominem
1036 2593 1175 2620 venientem
1189 2592 1216 2617 in
1230 2589 1355 2616 mundum
1364 2588 1387 2618 δ.
1407 2587 1459 2614 hoc
1474 2590 1516 2614 est
1540 2585 1671 2612 mundum

890 2639 1001 2667 seminis
1015 2637 1184 2666 excellentis.
1199 2636 1267 2664 Cum
1282 2635 1355 2663 enim
1380 2633 1549 2661 illnminatus
1560 2634 1603 2658 est
1621 2629 1671 2657 ho-

890 2694 945 2717 mo,
962 2690 1028 2713 tunc
1050 2685 1077 2711 in
1099 2683 1229 2711 mundum
1254 2682 1338 2713 venit,
1353 2680 1405 2707 hoc
1421 2682 1473 2711 est,
1491 2677 1610 2712 seipsum
1625 2683 1671 2702 or-

890 2732 963 2760 navit
976 2730 1110 2767 separatis
1124 2737 1140 2757 a
1154 2737 1184 2758 se
1198 2729 1318 2756 tenebris
1330 2730 1357 2755 et
1373 2724 1547 2762 passionibus
1563 2722 1601 2750 illi
1620 2721 1670 2749 ad-

103 2815 129 2843 )?
147 2812 176 2839 P.
195 2814 244 2842 969
263 2814 316 2843 ΕΙ),
335 2813 484 2842 POTTER.
506 2819 518 2834 ι
539 2812 633 2840 Matth.
646 2820 663 2840 v
677 2832 685 2845 ,
699 2811 741 2838 16.
780 2811 794 2830 II
814 2810 892 2837 Joan.
914 2817 942 2843 t,
955 2809 982 2836 9.

104 2889 152 2925 (94)
170 2892 386 2928 Πληρουμένης.
407 2892 589 2921 Scribendum
610 2893 700 2928 potius
717 2891 842 2927 πληρουμ

905 2893 933 2917 ut
946 2888 1082 2917 referatur
1097 2887 1130 2916 ad
1145 2887 1259 2922 γέεννσ.]
