1934 3075
101 138 150 165 εει

481 135 594 165 DUBIA.
616 153 650 157 —
670 137 853 165 EXCEBPTA
874 137 919 165 EX
941 137 1096 165 SCRII’TIS
1116 137 1300 171 THEODO’I‘I,
1322 137 1398 165 E'I'C.

1685 138 1739 166 (ΞΒὲ

101 195 203 230 τλησεν
216 194 264 220 καὶ
278 193 435 229 μτέὸαλεν,
452 192 500 220 εἷθ’
515 193 600 225 οὓτως
608 195 647 226 εἰς
660 195 834 231 συγκρίματα
843 196 897 230 (98)

954 195 1050 222 infudit
1065 203 1096 223 ac
1112 195 1265 227 transtulit,
1283 195 1346 224 dein
1368 195 1497 222 similiter
1526 195 1553 222 in
1579 196 1660 223 mista
1675 197 1738 223 ani-

102 240 153 266 καὶ
173 239 306 275 σώματα·
320 239 426 275 ἀθρόως
442 239 497 275 γὰρ
518 240 613 267 οὐσίαν
636 241 748 276 ποιῆσαι
769 242 803 268 τὰ
826 242 897 277 πάθη

103 286 156 312 οὐκ
171 286 234 321 ἐνῆν
244 294 250 301 ·
270 286 317 312 κα)⁵
330 287 386 317 τοῖς
402 285 509 321 σώμασι
525 286 594 313 κατὰ
606 287 684 321 φύσιν
695 288 899 324 ἐπιτηδειότητα

103 332 275 368 ἐνεποίησεν.

142 377 209 404 MZ'.
225 378 336 414 Πρῶτος
350 379 398 414 μὲν
415 376 462 405 οὖν
480 379 651 415 Δημιουργὸς
661 380 674 406 ὁ
685 379 780 416 Σωτὴρ
793 380 898 414 γίνεται

104 424 266 456 καθολικός·
285 426 304 460 ἡ
321 425 356 451 δὲ
381 425 476 460 Σοφία
501 425 615 462 δευτέρα
643 426 794 462 οἰκοδομεῖ
816 425 900 454 οἶκον

103 471 211 505 ἑαυτῇ,
234 472 282 498 καὶ
306 472 437 508 ὐπήρεισε
472 472 583 505 στύλους
608 473 693 500 ἑπτά·
722 474 768 500 καὶ
792 474 898 510 πρῶτον

103 517 217 544 πάντων
232 518 413 554 προϐάλλεται
427 520 518 547 εἰκόνα
532 520 579 547 τοῦ
600 521 708 557 nam;
733 522 808 553 Θεὸν,
821 522 854 549 δι’
868 519 898 549 οὗ

103 563 220 599 ἐποίησε
234 564 280 590 τὸν
297 565 411 600 οὐρανὸν
427 566 473 592 καὶ
486 566 536 601 τὴν
549 567 611 602 γῆν,
632 567 755 594 τουτέστι
771 568 805 594 τὰ
818 568 899 604 οὐρά-

104 619 152 637 νια
164 611 211 638 καὶ
226 610 259 638 τὰ
274 611 393 645 ἐπίγεια.
409 613 443 640 τὰ
455 613 529 646 δεξιά
545 615 591 641 καὶ
605 615 640 642 τὰ
653 615 793 652 ἀριστερά.
805 613 897 648 οὗτος,

103 657 145 690 ὡς
168 657 250 684 εἰκὼν
274 658 392 693 Πατρὺς.
419 660 513 695 Πατὴρ
533 661 650 694 γίνεται,
678 661 725 688 καὶ
751 661 898 696 προϐάλλει

104 703 216 737 πρῶτον
230 704 276 730 τὸν
295 704 409 740 ψυχικὸν
423 706 540 740 Χριστὸν
572 705 637 732 Υἱοῦ
668 706 776 732 εἰκόνα·
803 706 899 734 ἔπειτα

102 749 170 780 τοὺς
182 749 380 786 ἀρχαγγέλους,
403 750 509 778 αἰώνων
531 751 656 784 εἰκόνας·
672 750 732 779 εἶτα
752 753 896 788 ἀγγέλους,

102 793 242 828 ἀγγέλων,
257 795 289 821 ὲκ
304 795 354 830 τῆς
369 795 489 831 ψυχικῆς
512 796 559 822 καὶ
585 795 719 831 φωτεινῆς
746 797 849 830 οὐσίας,
865 798 898 832 ἣν

103 848 191 875 φησιν
205 841 218 866 ὁ
235 841 401 877 προφητικὸς
425 841 513 876 λόγος,
532 842 587 869 Καὶ
606 841 725 876 πνεῦμα
743 843 815 870 Θεοῦ
829 844 897 870 ἐπε-

950 243 1083 270 mantium
1098 249 1226 277 corpora,
1239 241 1297 269 ﬁeri
1314 243 1386 268 enim
1404 249 1458 268 non
1473 241 1563 276 potuit
1588 247 1618 268 ut
1633 242 1739 277 passio-

950 296 999 316 nes
1016 288 1090 315 illico
1109 287 1293 316 substantiam
1313 286 1447 318 facerent,
1467 290 1495 314 et
1509 287 1674 323 corporibus
1689 287 1740 314 lia--

949 335 1006 362 bita
1026 339 1130 362 natura:
1145 332 1304 362 eorumdem
1323 332 1429 360 ratione
1450 332 1595 360 utilitatem
1611 331 1719 360 indidit.

985 379 1090 408 XLVII.
1107 379 1215 407 Primus
1241 380 1333 414 itaque
1361 378 1537 414 Demiurgus,
1568 386 1619 406 ceu
1647 378 1739 414 opifex

950 425 1114 454 universalis
1139 425 1265 453 Salvator
1281 425 1371 453 factus
1390 429 1444 457 est,
1464 425 1526 452 dein
1545 424 1681 460 Sapientia
1696 431 1740 452 sco

949 472 1039 499 cunda
1065 471 1116 499 sibi
1143 471 1250 498 domum
1276 471 1428 506 wdiﬁcatl,
1450 471 1568 498 collocat
1595 470 1740 497 columnas

950 521 1066 553 septem,
1094 517 1267 553 primumque
1293 517 1415 544 omnium
1433 516 1518 545 Deum
1535 516 1626 544 Patris
1646 516 1740 551 imagi-

950 572 1012 591 nem
1032 562 1169 598 producit.
1185 571 1233 598 per
1247 571 1328 598 quem
1344 563 1409 591 fecit
1436 562 1536 591 coelum
1566 566 1594 590 et
1624 567 1737 593 terram,

950 611 1002 638 hoc
1020 616 1073 641 est.
1090 611 1212 638 cmlestia
1232 614 1314 645 atque
1327 610 1481 643 terrestria,
1498 610 1594 637 dextra
1618 616 1650 636 ac
1671 609 1740 636 sini-

950 662 1018 684 stra.
1035 657 1085 684 Hic
1100 662 1129 683 ut
1144 656 1234 684 Putris
1250 657 1342 692 imago
1354 656 1435 683 Pater
1448 655 1538 683 factus
1554 659 1608 687 est,
1628 660 1654 683 et
1672 664 1737 691 pro-

949 703 1025 730 ducit
1037 703 1156 739 primum
1177 703 1323 730 animalem
1336 702 1476 730 Christum
1492 701 1552 729 Filii
1567 702 1712 737 imaginem
1730 711 1737 729 :

949 750 1012 778 dein
1027 749 1206 784 arcliangelos
1222 748 1342 776 Eonum
1354 749 1497 784 imagines.
1513 748 1643 783 deinceps
1656 756 1740 784 ange-

950 797 991 824 los
1006 796 1166 831 angelorum
1182 802 1214 822 ex
1229 794 1340 822 animali
1357 794 1502 828 lucidaque
1519 794 1686 827 substantia,
1705 794 1739 822 de

949 849 1002 877 qua
1022 849 1112 869 sermo
1127 840 1306 876 propheticus
1324 849 1330 866 :
1345 839 1379 866 Et
1401 839 1519 874 Spiritus
1532 839 1579 867 Dei
1604 840 1740 875 ferebatur

103 886 213 920 φέρε-το
233 886 334 914 ἐπάνω
355 888 414 915 τῶν
436 888 564 920 ὑδάτων,
580 889 651 916 κατὰ
671 890 719 925 τὴν
739 890 898 926 συμπλοκὴν

954 896 1027 922 super
1049 896 1133 922 aquas
1143 887 1169 919 δ,
1194 886 1311 913 duarum
1350 885 1568 913 subslantiarum
1596 887 1739 922 complexu

102 932 160 959 τῶν
174 932 222 959 δύο
235 933 336 960 οὐσιῶν
358 934 411 961 τῶν
428 935 518 961 αὐτῶν
533 935 732 971 πεπεισμένων,
747 936 778 963 τὺ
789 935 898 971 εἰλικρι-

102 978 150 1010 νὲς
171 979 352 1015 ἐπιφέρεσθαι
365 981 465 1008 εἰπών·
484 981 514 1008 τὸ
533 981 561 1008 δὲ
582 981 712 1017 ἐμϐριθὲς
731 983 777 1009 καὶ
805 982 898 1009 ὑλικὸν

103 1023 301 1058 ὑποφέρεσθαι,
322 1025 353 1052 τὸ
379 1025 487 1061 θολερὸν
505 1027 552 1053 καὶ
581 1027 750 1062 παχυμερὲς.
778 1026 899 1062 Ἀσώμα-

102 1077 151 1096 τον
169 1070 198 1096 δὲ
217 1070 264 1096 καὶ
282 1071 385 1107 ταύτην
411 1073 440 1098 ἐν
464 1073 535 1108 ἀρχῇ
554 1073 716 1105 αἰνίσσεται,
736 1073 766 1100 τὸ
784 1073 898 1107 φάσκειν

103 1115 238 1151 ἀόρατον·
256 1117 318 1144 οὔτε
333 1118 386 1154 γὰρ
403 1118 538 1154 ἀνθρώπῳ
555 1118 593 1154 τῷ
611 1118 724 1154 μηδέπω
746 1118 804 1145 ὄντι
816 1118 899 1154 ἀόρα-

102 1168 151 1192 τος
164 1159 210 1197 ἦν,
227 1161 290 1189 οὔτε
304 1163 343 1198 τῷ
361 1164 426 1198 (99).
446 1185 452 1191 .
470 1184 476 1190 .
492 1164 668 1200 ἐδημιούργει
693 1165 761 1199 γάρ’
782 1164 850 1192 ἀλλὰ
868 1165 899 1190 τὸ

104 1207 230 1244 ἄμορφον
252 1210 300 1236 καὶ
318 1210 436 1236 ἀνείδεον
453 1211 500 1237 καὶ
514 1211 719 1246 ἀσχημάτιστον
733 1210 828 1246 αὐτῆς,
848 1207 899 1237 ὧδὲ

103 1261 164 1286 πως
175 1254 356 1291 ἐξεφώνησεν.

141 1350 213 1376 MH’.
233 1350 378 1385 Διακρίνας
394 1351 423 1377 δὲ
435 1351 449 1377 ὁ
462 1352 632 1387 Δημιουργὸς
656 1352 690 1379 τὰ
716 1351 824 1387 καθαρά
845 1352 900 1378 ἀπὸ

104 1395 154 1422 τοῦ
181 1395 339 1431 ἐμϐριθοῦς,
356 1396 394 1428 ὡς
418 1396 450 1423 ἂν
467 1397 560 1424 ἐνιδὼν
579 1397 628 1434 τὴν
645 1398 778 1434 ἐκατέρου
805 1397 901 1433 φύσιν,

105 1440 165 1474 φῶς
173 1440 446 1476 ἐποίησε,τουτέστιν
462 1442 646 1478 ἐφανέρωσεν,
658 1443 705 1470 καὶ
720 1444 760 1475 εἰς
777 1443 835 1478 φῶς
851 1444 900 1472 καὶ

105 1486 179 1513 ἰδέαν
204 1488 395 1523 προσήγαγεν
411 1488 471 1514 ἐπεὶ
497 1488 558 1523 τόγε
574 1488 685 1524 ἡλιακὸν
709 1491 757 1516 καὶ
775 1491 899 1526 οὐράνιον

104 1532 164 1567 φῶς
187 1533 276 1568 πολλῷ
296 1533 408 1569 ὕστερον
437 1534 597 1570 ἐργάζεται·
619 1535 667 1562 καὶ
690 1537 762 1562 ποιεῖ
787 1537 819 1563 ἐκ
844 1536 898 1562 τῶν

950 942 1010 970 qua:
1025 934 1127 961 cedunt
1145 933 1211 968 ipsae
1225 936 1252 960 et
1267 932 1470 968 obsequuntur,
1485 932 1558 968 quod
1574 941 1674 967 purum
1695 940 1740 961 su-

949 988 999 1016 pra
1020 985 1120 1008 terram
1150 979 1215 1006 ferri
1233 979 1340 1012 dicens,
1366 978 1440 1014 quod
1470 987 1536 1005 vero
1553 987 1634 1014 grave
1657 983 1740 1014 atque

950 1026 1105 1058 materiale,
1128 1026 1270 1053 turbidum
1286 1033 1467 1060 crassumque
1482 1025 1636 1053 subsidere.
1649 1024 1741 1053 Incor-

950 1079 1060 1107 poream
1071 1079 1136 1098 vero
1148 1074 1175 1098 et
1188 1071 1259 1098 hanc
1271 1078 1332 1097 esse
1348 1071 1374 1097 in
1391 1071 1537 1105 principio,
1550 1070 1630 1099 nobis
1641 1071 1739 1103 innuit,

950 1126 1012 1145 cum
1027 1122 1054 1146 et
1071 1117 1235 1145 invisibilcm
1263 1117 1394 1143 nominat.
1415 1116 1509 1151 Neque
1536 1117 1609 1144 enim
1626 1116 1740 1146 homini.

950 1165 996 1200 qui
1012 1165 1132 1192 nondum
1149 1168 1232 1196 esset,
1246 1163 1393 1191 invisibilis
1409 1167 1479 1197 erat,
1495 1171 1585 1198 neque
1595 1162 1740 1198 Demiurgo

950 1219 1001 1240 ceu
1027 1211 1130 1246 opitici,
1151 1211 1209 1246 ipse
1238 1210 1310 1237 enim
1330 1208 1454 1236 condidit
1471 1218 1478 1236 :
1494 1209 1541 1236 sed
1567 1209 1640 1244 quod
1667 1209 1740 1237 illius

951 1257 1077 1291 informe,
1092 1257 1165 1292 quod
1189 1255 1300 1291 speciei,
1317 1254 1391 1290 quod
1416 1254 1510 1290 figura:
1535 1253 1619 1282 fuerit
1642 1262 1741 1290 expers

952 1303 1004 1330 hoc
1017 1303 1099 1330 modo
1110 1302 1275 1330 enuntiavit.

986 1349 1100 1377 XLVIII.
1116 1349 1281 1377 Discernens
1305 1355 1371 1375 vero
1391 1346 1555 1382 Demiurgus
1581 1354 1642 1382 qua:
1671 1354 1740 1382 pura

951 1398 986 1425 ab
1010 1406 1043 1426 eo
1069 1396 1141 1432 quod
1167 1403 1303 1426 crassum,
1320 1398 1350 1422 ut
1366 1395 1413 1429 qui
1440 1393 1585 1421 amborum
1613 1398 1739 1420 naturam

951 1444 1053 1480 optime
1066 1442 1203 1478 cognm'it,
1222 1442 1308 1468 lucem
1322 1441 1436 1469 creavit.
1449 1440 1501 1466 hoc
1515 1443 1568 1471 est,
1580 1439 1739 1467 manifesta-

950 1492 1001 1523 vit,
1018 1494 1100 1524 atque
1119 1489 1152 1516 ad
1176 1489 1264 1518 lucem
1279 1487 1451 1522 speciemque
1477 1486 1616 1521 produxit.
1634 1485 1741 1522 Quippe

952 1537 998 1564 diu
1027 1539 1090 1572 post
1118 1535 1254 1562 formatur
1270 1533 1337 1561 solis
1354 1533 1470 1567 caelique
1486 1532 1587 1563 lumen,
1606 1531 1687 1567 idque
1707 1539 1739 1559 cx

103 1577 216 1609 ὖλικῶν,
234 1578 265 1604 τὸ
278 1578 327 1613 μὲν
342 1580 373 1605 ἐκ
386 1579 434 1614 τῆς
449 1579 537 1615 λύπης
552 1580 691 1613 οὐσιῶδες,
711 1581 802 1613 κτίζον
814 1590 895 1608 πνευ-

954 1581 1101 1610 materiatis
1119 1591 1126 1608 ε
1142 1587 1240 1615 nempe
1251 1578 1326 1614 quod
1338 1577 1520 1606 substantiale
1535 1577 1587 1604 fuit
1601 1585 1633 1605 ex
1650 1577 1740 1605 trisii-

105 1623 210 1660 ματικὰ
233 1624 283 1659 τῆς
305 1625 434 1661 πονηρίας
449 1625 498 1661 (Ι),
514 1625 583 1662 πρὸς
598 1626 616 1653 ἃ
636 1627 652 1662 ἡ
671 1626 743 1663 πάλη
768 1628 846 1663 ἡμῖν,
858 1627 899 1654 διὸ

103 1673 153 1699 καὶ
165 1672 240 1707 λέγει
253 1673 267 1700 ὁ
292 1671 462 1704 Ἀπόπολος·
472 1673 526 1700 Καὶ
537 1672 580 1707 μὴ
593 1673 717 1700 λυπεῖτε
729 1673 763 1701 τὸ
777 1674 899 1709 Πνεῦμα

102 1718 138 1745 τὸ
155 1718 242 1754 ἅγιον
257 1719 310 1746 τοῦ
333 1718 418 1750 θεοῦ,
435 1718 470 1745 ἐν
485 1715 509 1752 ᾧ
524 1719 761 1754 ἐσφραγίσθητε·
777 1720 807 1747 τὸ
821 1721 850 1748 δὲ
867 1722 899 1748 ἐκ

103 1763 152 1790 τοῦ
182 1764 278 1799 φόϐου,
303 1764 337 1790 τὰ
361 1763 460 1799 θηρία-
477 1764 508 1791 τὸ
533 1764 562 1791 δὲ
585 1765 617 1791 ἐκ
645 1765 695 1800 τῆς
711 1765 835 1802 πλήξεως
852 1767 899 1794 καὶ

102 1810 235 1846 ἀπορίας,
253 1810 289 1836 τὰ
305 1811 424 1846 στοιχεῖα
438 1809 484 1837 τοῦ
503 1810 616 1846 κόσμου.
641 1811 685 1838 ‘Ev
705 1811 733 1838 δὲ
756 1813 812 1844 τοῖς
826 1813 900 1849 τρισὶ

104 1855 250 1890 στοιχείοις
273 1855 304 1882 τὸ
324 1855 380 1890 πῦρ
405 1855 577 1892 ἐναιωρεῖται
603 1857 650 1883 καὶ
668 1857 833 1892 ἐνέσπαρται
852 1858 899 1885 καὶ

103 1900 272 1935 ἐμφωλεὺει,
297 1901 343 1927 καὶ
360 1901 412 1928 ὑπὸ
436 1901 537 1928 τούτων
553 1902 708 1934 ἐξάπτεται,
724 1903 771 1930 καὶ
795 1904 899 1935 τούτοις

103 1944 322 1980 ἐπαποθνήσκει,
340 1946 376 1981 μὴ
402 1946 463 1981 ἕχον
487 1947 571 1974 τύπον
585 1948 738 1975 ἀποτακτὺν
750 1947 787 1984 (9.)
801 1949 898 1976 ἑαυτοῦ

103 1989 142 2021 ὡς
159 1990 207 2017 καί
231 1990 266 2017 τὰ
292 1990 359 2018 ἄλλα
374 1993 502 2027 στοιχεῖα,
514 1992 544 2025 ἐξ
558 1989 595 2020 ὧν
608 1993 642 2020 τὰ
658 1994 834 2030 συγκρίματα
849 1995 897 2031 δη-

105 2037 278 2072 μιουργεῖται
283 2057 289 2062 .

139 2082 207 2108 Me’.
227 2082 304 2109 Ἐπεὶ
332 2082 360 2108 δὲ
383 2083 432 2109 οὐκ
455 2083 587 2118 ἐγίνωσκε
612 2085 661 2120 τὴν
676 2085 710 2112 δι’
723 2085 805 2112 αὐτοῦ
824 2088 899 2122 ἐνερ-

102 2127 217 2161 γοῦσαν,
235 2128 357 2163 οἰόμενος
376 2129 427 2164 ἰδίᾳ
438 2129 550 2165 δυνάμει
566 2131 752 2167 δημιουργεῖν,
771 2133 899 2169 φιλεργὸς

104 2172 142 2200 ὢν
159 2173 251 2208 φύσει.
267 2173 312 2200 διὰ
327 2174 406 2200 τοῦτο
421 2173 497 2202 εἶπεν
514 2177 528 2202 ὁ
561 2177 737 2209 Ἀπόστολος·
757 2178 898 2214 Ὑπετάγνη

103 2218 143 2253 τῇ
165 2220 340 2254 ματαιότητι
369 2220 422 2247 τοῦ
439 2222 555 2254 κόσμου
574 2223 630 2258 οὐχ
646 2223 732 2257 ἑκὼν,
747 2225 827 2251 ἀλλὰ
848 2225 897 2252 διὰ

104 2266 159 2293 τὸν
174 2266 377 2298 ὑποτάξαντα,
393 2267 440 2293 ἐπ’
451 2267 561 2301 ἐλπίδι,
579 2256 683 2296 κα)⁵
699 2271 780 2303 αὐτὸς
790 2271 896 2298 ἐλευθε-
913 2256 935 2282 D

105 2311 269 2348 ρωθήσεται,
295 2313 360 2339 ὅταν
392 2313 507 2349 συλλεγῇ
530 2315 565 2341 τὰ
591 2315 734 2351 σπέρματα
750 2316 797 2343 τοῦ
818 2317 894 2345 Θεοῦ.

103 2358 262 2393 Τεκμήριον
277 2358 305 2385 δὲ
324 2359 440 2394 μάλιστα
456 2359 501 2386 τοῦ
514 2360 642 2387 ἀκουσίου
655 2362 686 2388 τὸ
701 2363 839 2397 εὐλογεῖν
863 2363 897 2390 τὸ

103 2403 258 2432 Σάϐϐατον
271 2406 318 2432 καὶ
340 2406 390 2442 τὴν
404 2407 458 2434 ἀπὸ
473 2407 526 2433 τῶν
540 2408 629 2434 πόνων
644 2409 797 2438 ἀνάπαυσιν
814 2412 898 2448 ὑπερ-

105 2450 272 2482 ασπίζεσοαι
290 2451 338 2487 (ὃ).

142 2495 183 2522 N'.
208 2497 308 2524 Λαϐὼν
321 2498 384 2533 χοῦν
397 2499 451 2526 ἀπὸ
466 2499 517 2535 τῆς
533 2501 594 2536 γῆς,
611 2502 641 2528 οὐ
658 2503 708 2537 τῆς
723 2501 818 2539 ξηρᾶς,
831 2503 900 2531 ἀλλὰ

104 2542 155 2577 τῆς
182 2544 354 2580 πολυμεροῦς
381 2546 429 2572 καὶ
449 2547 574 2582 ποικίλης
601 2547 667 2583 ὕλης
691 2549 782 2584 μέρος,
809 2550 898 2586 ψυχὴν

145 2601 175 2640 ᾗ(
199 2598 230 2626 P.
255 2601 305 2640 9'21
327 2600 383 2629 ΕΙ).
403 2601 556 2631 POTTER.
604 2611 617 2625 II
635 2604 717 2632 Prov.
736 2614 772 2638 Ix,
789 2606 831 2633 Η.

110 2638 124 2652 ο
143 2633 213 2661 Gen.
231 2643 262 2668 ιι,
280 2636 307 2663 5.

143 2693 201 2732 ςθβ)
226 2696 427 2732 ευρ-κρίματα.
451 2696 580 2724 Eamdcm
597 2704 692 2724 vocem
718 2696 801 2732 paulo
826 2697 898 2724 infra

105 2727 279 2769 adbibelzfi:
287 2727 324 2757 ὦν
337 2727 565 2769 ἦτα-συγκρίματα
578 2727 794 2769 δημιουργεῖται.

144 2763 201 2804 (99)
211 2764 298 2797 Τῷ.Α.
307 2767 416 2800 supplet
427 2763 539 2804 ξιῷόντι.
548 2767 586 2795 De
600 2763 711 2804 informi
720 2771 809 2794 autem
819 2767 898 2804 cujus

104 2801 212 2862 gremio
238 2808 302 2827 mox
326 2803 458 2834 occurrit,
472 2803 534 2830 vide
561 2807 588 2830 et
612 2802 755 2834 Basilium,
773 2809 801 2836 p.
818 2801 845 2829 6.
863 2802 896 2830 H.

128 2842 244 2862 unum.

128 2842 244 2862 YLBURG.

141 2870 182 2906 (Ι)
199 2871 388 2904 Πνευμιιτικὰ
409 2871 464 2905 τῆς
482 2881 513 2899 π.
531 2872 611 2900 Forte
625 2872 769 2908 πνεύματα
785 2871 832 2907 τῆς
847 2881 894 2899 πο-

267 2917 398 2947 Ριτιιομ
428 2918 486 2949 Gn.
510 2919 565 2949 IX.

881 2607 894 2626 δ
913 2606 980 2634 Gen.
998 2615 1017 2639 ι,
1029 2607 1057 2636 2.

951 1629 998 1661 tia,
1017 1626 1141 1655 condidit
1161 1626 1296 1662 spiritalia
1316 1625 1456 1659 nequitim,
1485 1624 1618 1651 adversus
1635 1626 1664 1656 Et
1680 1631 1740 1659 quae

951 1674 1031 1701 nobis
1046 1677 1088 1701 est
1104 1673 1188 1705 lucta,
1206 1672 1279 1699 unde
1303 1671 1370 1698 dicit
1385 1670 1553 1706 Apostolus:
1571 1669 1605 1696 Et
1621 1678 1652 1697 ne
1678 1678 1740 1697 ron-

950 1721 1054 1747 tristate
1069 1719 1198 1754 Spiritum
1212 1723 1332 1746 sanctum
1345 1717 1405 1748 Dei.
1424 1717 1451 1744 in
1466 1726 1516 1752 quo
1527 1717 1626 1752 signati
1641 1717 1740 1744 estin:

950 1774 983 1793 cx
999 1765 1098 1793 timore
1121 1773 1197 1796 vero.
1215 1764 1328 1795 bestias,
1354 1772 1387 1791 ex
1415 1769 1528 1799 stupore
1558 1771 1624 1791 vero
1652 1772 1740 1799 angu-

950 1813 1067 1847 stiaque,
1084 1812 1219 1839 elementa
1238 1811 1345 1838 mundi.
1361 1811 1390 1838 In
1405 1811 1494 1838 tribus
1514 1814 1605 1838 autem
1620 1811 1742 1839 elemen-

950 1859 986 1886 tis
1003 1858 1075 1893 ignis
1096 1858 1224 1885 sublimis
1240 1862 1340 1889 exstat,
1357 1862 1383 1884 et
1398 1857 1453 1884 illis
1481 1857 1626 1892 inspersus
1643 1861 1696 1888 est,
1714 1861 1739 1884 ct

951 1905 978 1930 in
994 1904 1048 1931 illis
1065 1904 1141 1934 latet,
1159 1908 1185 1931 et
1208 1903 1260 1931 sub
1277 1903 1374 1930 iisdem
1392 1903 1564 1936 accenditur,
1587 1904 1671 1939 inque
1685 1903 1740 1930 illis

949 1950 1080 1981 moritur,
1106 1948 1221 1975 fortnam
1251 1948 1294 1975 sui
1324 1947 1531 1974 determinatam
1560 1955 1615 1975 non
1636 1948 1742 1976 habens

950 1995 1030 2022 sicuti
1057 1994 1161 2030 reliqua
1188 1994 1334 2026 elementa,
1348 2001 1379 2021 ex
1404 1994 1504 2029 quibus
1527 1995 1609 2021 mista
1645 1994 1741 2022 viven~

949 2042 1072 2076 tiumque
1083 2048 1200 2076 corpora
1216 2040 1381 2068 formantur.

985 2087 1068 2114 XLIX
1097 2086 1232 2120 Quoniam
1247 2095 1312 2114 vero
1328 2086 1478 2118 nesciebat,
1502 2094 1562 2121 quae
1581 2093 1630 2120 per
1650 2086 1740 2121 ipsum

949 2133 1124 2169 operabatur,
1148 2133 1249 2161 virtute
1273 2133 1384 2168 propria
1413 2141 1442 2160 se
1465 2141 1510 2161 res
1526 2140 1621 2160 creare
1641 2133 1739 2161 existi—

949 2186 1038 2210 mans,
1054 2186 1115 2206 cum
1130 2182 1228 2206 natura
1245 2178 1342 2206 lubens
1356 2183 1493 2214 operetur,
1509 2181 1619 2213 propter
1636 2177 1687 2205 hoc
1697 2177 1739 2204 di-

950 2224 989 2251 xit
1014 2223 1176 2259 Apostolus:
1198 2225 1351 2260 Subjectum
1374 2234 1430 2253 esse
1449 2225 1561 2252 vanitati
1580 2223 1672 2251 mundi
1688 2232 1739 2250 non

949 2279 999 2297 sua
1011 2275 1111 2305 sponte,
1137 2271 1182 2298 sed
1199 2277 1304 2306 propter
1320 2280 1379 2298 eum
1405 2271 1450 2306 qui
1476 2270 1586 2305 subjecit
1609 2270 1637 2297 in
1652 2277 1696 2304 spe
1714 2270 1738 2302 ά,

950 2317 1024 2352 quod
1039 2318 1098 2353 ipse
1110 2318 1192 2345 etiam
1207 2318 1377 2349 liberabitur,
1393 2325 1456 2344 cum
1468 2316 1515 2344 Dei
1530 2316 1635 2344 semina
1654 2316 1741 2343 colle-

951 2368 995 2390 cta
1017 2363 1127 2391 fuerint.
1151 2363 1290 2399 Praacipue
1303 2371 1367 2392 vero
1382 2363 1417 2391 sit
1431 2363 1532 2390 indicio
1549 2362 1622 2398 quod
1638 2363 1741 2390 invitus

950 2415 1080 2445 operatus
1099 2414 1151 2442 est,
1169 2411 1299 2446 quoniam
1322 2410 1438 2437 Sabbato
1456 2409 1589 2436 benedixit
1608 2414 1631 2440 ε,
1656 2413 1683 2436 et
1697 2416 1742 2436 re-

951 2458 1041 2492 quiem
1053 2465 1068 2483 a
1088 2457 1228 2485 laboribus
1243 2461 1345 2484 tuetur.

983 2503 1014 2530 L.
1032 2503 1147 2531 Pulvere
1161 2512 1176 2531 e
1197 2507 1269 2530 terra
1285 2507 1394 2538 sumpto
1411 2511 1464 2530 non
1487 2510 1521 2530 ex
1537 2502 1624 2534 arida,
1645 2501 1692 2528 sed
1707 2509 1742 2528 ex

949 2550 1065 2578 diversis
1087 2550 1212 2585 partibus
1237 2549 1347 2577 dividua
1363 2549 1494 2583 variaque
1518 2549 1633 2576 materia
1656 2553 1742 2575 terre-

1105 2613 1115 2627 ε
1138 2607 1206 2643 Eph.
1220 2615 1257 2639 Vl,
1273 2607 1325 2638 22;
1340 2615 1377 2640 Iv,
1390 2606 1434 2634 50.
1489 2605 1502 2625 ἀ
1523 2605 1604 2633 Itom.
1618 2612 1679 2636 vm,
1693 2604 1739 2632 20.

951 2699 1056 2734 νηρίας.
1073 2698 1204 2727 Sanuao.

986 2733 1024 2774 (τῇ)
1040 2735 1137 2761 Tortor
1148 2735 1234 2762 ἀποτ.
1252 2737 1333 2763 ιίότῑο
1354 2736 1437 2763 τόπον
1462 2734 1626 2766 ἀποτακτόν,
1655 2734 1741 2761 locum

951 2774 1127 2803 assignatum.

986 2804 1025 2839 (ὅ)
1065 2805 1336 2839 Ὑπερασπίζεσθαι.
1379 2806 1593 2834 Convenicutius
1632 2804 1742 2831 videtur

951 2838 1201 2874 ὑπερασπάςεσθαι,
1215 2842 1337 2876 amplecti
1347 2846 1369 2868 et
1383 2841 1505 2876 pra’ferri
1517 2839 1662 2867 laboribus.
1675 2839 1739 2866 SIL—

950 2881 1028 2902 BURG.
1686 2892 1692 2897 -

1547 2923 1585 2944 ἵν)

1547 2943 1564 2950 α.
1573 2942 1585 2950 -ο
