  <div class='ocr_page' id='page_1' title='image "/cluster/home/n/w/nwhite01/storage/ocr_20150623/9/njp.32101077772398/393.png"; bbox 0 0 1934 3075; ppageno 0'>
   <div class='ocr_carea' id='block_1_1' title="bbox 224 115 1847 157">
    <p class='ocr_par' dir='ltr' id='par_1_1' title="bbox 224 115 1847 157">
     <span class='ocr_line' id='line_1_1' title="bbox 224 115 1847 157; baseline 0.002 -9"><span class='ocrx_word' id='word_1_1' title='bbox 224 115 277 148; x_wconf 74' lang='grc'><strong>683</strong></span> <span class='ocrx_word' id='word_1_2' title='bbox 807 119 967 148; x_wconf 79' lang='lat' dir='ltr'><strong>CLEMENS</strong></span> <span class='ocrx_word' id='word_1_3' title='bbox 987 118 1209 149; x_wconf 77' lang='lat' dir='ltr'><strong>ALEXANDRIN</strong></span> <span class='ocrx_word' id='word_1_4' title='bbox 1213 123 1266 150; x_wconf 84' lang='lat' dir='ltr'><strong>US.</strong></span> <span class='ocrx_word' id='word_1_5' title='bbox 1797 127 1847 157; x_wconf 67' lang='lat'><strong>684</strong></span> 
     </span>
    </p>
   </div>
   <div class='ocr_carea' id='block_1_2' title="bbox 222 173 992 220">
    <p class='ocr_par' dir='ltr' id='par_1_2' title="bbox 222 173 992 208">
     <span class='ocr_line' id='line_1_2' title="bbox 222 173 992 208; baseline 0.004 -8"><span class='ocrx_word' id='word_1_6' title='bbox 222 182 285 201; x_wconf 83' lang='lat' dir='ltr'><strong>nam</strong></span> <span class='ocrx_word' id='word_1_7' title='bbox 303 174 421 201; x_wconf 89' lang='lat' dir='ltr'><strong>animam</strong></span> <span class='ocrx_word' id='word_1_8' title='bbox 441 174 468 200; x_wconf 83' lang='lat' dir='ltr'><strong>et</strong></span> <span class='ocrx_word' id='word_1_9' title='bbox 483 173 651 202; x_wconf 86' lang='lat' dir='ltr'><strong>materialem</strong></span> <span class='ocrx_word' id='word_1_10' title='bbox 664 174 814 203; x_wconf 79' lang='lat' dir='ltr'><strong>fabricatus</strong></span> <span class='ocrx_word' id='word_1_11' title='bbox 829 181 880 208; x_wconf 81' lang='lat' dir='ltr'><strong>est,</strong></span> <span class='ocrx_word' id='word_1_12' title='bbox 897 176 992 203; x_wconf 85' lang='lat' dir='ltr'><strong>rationi</strong></span> 
     </span>
    </p>
   </div>
   <div class='ocr_carea' id='block_1_3' title="bbox 1046 173 1849 220">
    <p class='ocr_par' dir='ltr' id='par_1_3' title="bbox 1046 177 1849 220">
     <span class='ocr_line' id='line_1_3' title="bbox 1046 177 1849 220; baseline 0.009 -16"><span class='ocrx_word' id='word_1_13' title='bbox 1046 177 1151 214; x_wconf 47' lang='lat' dir='ltr'><strong>,ysdﬁﬁ</strong></span> <span class='ocrx_word' id='word_1_14' title='bbox 1173 179 1219 205; x_wconf 71' lang='grc' dir='ltr'>καὶ</span> <span class='ocrx_word' id='word_1_15' title='bbox 1236 179 1330 215; x_wconf 84' lang='grc' dir='ltr'>ὺλικὴν</span> <span class='ocrx_word' id='word_1_16' title='bbox 1352 180 1513 216; x_wconf 70' lang='grc' dir='ltr'>ἑτεκτῄνατο</span> <span class='ocrx_word' id='word_1_17' title='bbox 1527 181 1633 216; x_wconf 76' lang='grc' dir='ltr'>ἄλογον,</span> <span class='ocrx_word' id='word_1_18' title='bbox 1661 183 1709 209; x_wconf 79' lang='grc' dir='ltr'>καὶ</span> <span class='ocrx_word' id='word_1_19' title='bbox 1734 183 1783 220; x_wconf 82' lang='grc' dir='ltr'>τῆς</span> <span class='ocrx_word' id='word_1_20' title='bbox 1798 185 1849 212; x_wconf 79' lang='grc' dir='ltr'>τῶν</span> 
     </span>
    </p>
   </div>
   <div class='ocr_carea' id='block_1_4' title="bbox 219 220 1008 255">
    <p class='ocr_par' dir='ltr' id='par_1_4' title="bbox 219 220 1008 255">
     <span class='ocr_line' id='line_1_4' title="bbox 219 220 1008 255; baseline 0.004 -8"><span class='ocrx_word' id='word_1_21' title='bbox 219 224 369 255; x_wconf 79' lang='lat' dir='ltr'><strong>expertem.</strong></span> <span class='ocrx_word' id='word_1_22' title='bbox 392 220 568 255; x_wconf 81' lang='lat' dir='ltr'><strong>ejusdemque</strong></span> <span class='ocrx_word' id='word_1_23' title='bbox 595 228 658 248; x_wconf 88' lang='lat' dir='ltr'><strong>cum</strong></span> <span class='ocrx_word' id='word_1_24' title='bbox 688 221 836 248; x_wconf 76' lang='lat' dir='ltr'><strong>bestiarum</strong></span> <span class='ocrx_word' id='word_1_25' title='bbox 865 223 1008 251; x_wconf 79' lang='lat' dir='ltr'><strong>animabus</strong></span> 
     </span>
    </p>
   </div>
   <div class='ocr_carea' id='block_1_5' title="bbox 221 265 1007 304">
    <p class='ocr_par' dir='ltr' id='par_1_5' title="bbox 221 265 1007 304">
     <span class='ocr_line' id='line_1_5' title="bbox 221 265 1007 304; baseline 0.003 -11"><span class='ocrx_word' id='word_1_26' title='bbox 221 266 390 294; x_wconf 70' lang='lat' dir='ltr'><strong>substantiae.</strong></span> <span class='ocrx_word' id='word_1_27' title='bbox 413 265 462 293; x_wconf 81' lang='lat' dir='ltr'><strong>Hic</strong></span> <span class='ocrx_word' id='word_1_28' title='bbox 483 271 524 294; x_wconf 88' lang='lat' dir='ltr'><strong>est</strong></span> <span class='ocrx_word' id='word_1_29' title='bbox 546 266 637 298; x_wconf 86' lang='lat' dir='ltr'><strong>homo,</strong></span> <span class='ocrx_word' id='word_1_30' title='bbox 653 266 700 301; x_wconf 89' lang='lat' dir='ltr'><strong>qui</strong></span> <span class='ocrx_word' id='word_1_31' title='bbox 723 267 756 293; x_wconf 83' lang='lat' dir='ltr'><strong>ad</strong></span> <span class='ocrx_word' id='word_1_32' title='bbox 772 267 935 302; x_wconf 80' lang='lat' dir='ltr'><strong>imaginem:</strong></span> <span class='ocrx_word' id='word_1_33' title='bbox 961 269 1007 304; x_wconf 90' lang='lat' dir='ltr'><strong>qui</strong></span> 
     </span>
    </p>
   </div>
   <div class='ocr_carea' id='block_1_6' title="bbox 219 311 1007 347">
    <p class='ocr_par' dir='ltr' id='par_1_6' title="bbox 219 311 1007 347">
     <span class='ocr_line' id='line_1_6' title="bbox 219 311 1007 347; baseline 0.001 -7"><span class='ocrx_word' id='word_1_34' title='bbox 219 321 285 340; x_wconf 88' lang='lat' dir='ltr'><strong>vero</strong></span> <span class='ocrx_word' id='word_1_35' title='bbox 304 313 338 340; x_wconf 89' lang='lat' dir='ltr'><strong>ad</strong></span> <span class='ocrx_word' id='word_1_36' title='bbox 353 313 438 347; x_wconf 92' lang='lat' dir='ltr'><strong>ipsius</strong></span> <span class='ocrx_word' id='word_1_37' title='bbox 454 311 590 347; x_wconf 80' lang='lat' dir='ltr'><strong>Demiurgi</strong></span> <span class='ocrx_word' id='word_1_38' title='bbox 608 312 825 344; x_wconf 89' lang='lat' dir='ltr'><strong>similitudinem,</strong></span> <span class='ocrx_word' id='word_1_39' title='bbox 850 313 895 341; x_wconf 85' lang='lat' dir='ltr'><strong>ille</strong></span> <span class='ocrx_word' id='word_1_40' title='bbox 911 319 962 345; x_wconf 87' lang='lat' dir='ltr'><strong>est,</strong></span> <span class='ocrx_word' id='word_1_41' title='bbox 980 315 1007 341; x_wconf 94' lang='lat' dir='ltr'><strong>in</strong></span> 
     </span>
    </p>
   </div>
   <div class='ocr_carea' id='block_1_7' title="bbox 219 359 1008 394">
    <p class='ocr_par' dir='ltr' id='par_1_7' title="bbox 219 359 1008 394">
     <span class='ocr_line' id='line_1_7' title="bbox 219 359 1008 394; baseline 0.003 -8"><span class='ocrx_word' id='word_1_42' title='bbox 219 367 299 394; x_wconf 85' lang='lat' dir='ltr'><strong>quem</strong></span> <span class='ocrx_word' id='word_1_43' title='bbox 326 359 472 386; x_wconf 83' lang='lat' dir='ltr'><strong>iusull&#39;lavit</strong></span> <span class='ocrx_word' id='word_1_44' title='bbox 487 359 684 394; x_wconf 86' lang='lat' dir='ltr'><strong>iuspiravitque</strong></span> <span class='ocrx_word' id='word_1_45' title='bbox 707 359 829 394; x_wconf 84' lang='lat' dir='ltr'><strong>ejusdem</strong></span> <span class='ocrx_word' id='word_1_46' title='bbox 847 360 1008 388; x_wconf 77' lang='lat' dir='ltr'><strong>substantiae</strong></span> 
     </span>
    </p>
   </div>
   <div class='ocr_carea' id='block_1_8' title="bbox 219 405 1006 441">
    <p class='ocr_par' dir='ltr' id='par_1_8' title="bbox 219 405 1006 441">
     <span class='ocr_line' id='line_1_8' title="bbox 219 405 1006 441; baseline 0.003 -10"><span class='ocrx_word' id='word_1_47' title='bbox 219 405 331 439; x_wconf 88' lang='lat' dir='ltr'><strong>aliquid,</strong></span> <span class='ocrx_word' id='word_1_48' title='bbox 343 405 381 432; x_wconf 87' lang='lat' dir='ltr'><strong>illi</strong></span> <span class='ocrx_word' id='word_1_49' title='bbox 392 405 548 439; x_wconf 80' lang='lat' dir='ltr'><strong>angelorum</strong></span> <span class='ocrx_word' id='word_1_50' title='bbox 564 412 646 440; x_wconf 89' lang='lat' dir='ltr'><strong>opera</strong></span> <span class='ocrx_word' id='word_1_51' title='bbox 654 405 788 433; x_wconf 86' lang='lat' dir='ltr'><strong>inserens.</strong></span> <span class='ocrx_word' id='word_1_52' title='bbox 806 405 838 432; x_wconf 87' lang='lat' dir='ltr'><strong>Et</strong></span> <span class='ocrx_word' id='word_1_53' title='bbox 853 413 887 433; x_wconf 92' lang='lat' dir='ltr'><strong>co</strong></span> <span class='ocrx_word' id='word_1_54' title='bbox 896 406 1006 441; x_wconf 87' lang='lat' dir='ltr'><strong>quidem</strong></span> 
     </span>
    </p>
   </div>
   <div class='ocr_carea' id='block_1_9' title="bbox 218 450 1007 486">
    <p class='ocr_par' dir='ltr' id='par_1_9' title="bbox 218 450 1007 486">
     <span class='ocr_line' id='line_1_9' title="bbox 218 450 1007 486; baseline 0.001 -8"><span class='ocrx_word' id='word_1_55' title='bbox 218 456 339 486; x_wconf 74' lang='lat' dir='ltr'><strong>respectu</strong></span> <span class='ocrx_word' id='word_1_56' title='bbox 355 459 409 486; x_wconf 90' lang='lat' dir='ltr'><strong>quo</strong></span> <span class='ocrx_word' id='word_1_57' title='bbox 420 450 566 478; x_wconf 82' lang='lat' dir='ltr'><strong>invisibilis</strong></span> <span class='ocrx_word' id='word_1_58' title='bbox 580 456 621 478; x_wconf 86' lang='lat' dir='ltr'><strong>est</strong></span> <span class='ocrx_word' id='word_1_59' title='bbox 640 456 666 478; x_wconf 88' lang='lat' dir='ltr'><strong>et</strong></span> <span class='ocrx_word' id='word_1_60' title='bbox 679 451 865 486; x_wconf 86' lang='lat' dir='ltr'><strong>incorporeus,</strong></span> <span class='ocrx_word' id='word_1_61' title='bbox 882 452 1007 480; x_wconf 80' lang='lat' dir='ltr'><strong>substan-</strong></span> 
     </span>
    </p>
   </div>
   <div class='ocr_carea' id='block_1_10' title="bbox 217 497 1006 533">
    <p class='ocr_par' dir='ltr' id='par_1_10' title="bbox 217 497 1006 533">
     <span class='ocr_line' id='line_1_10' title="bbox 217 497 1006 533; baseline 0.004 -10"><span class='ocrx_word' id='word_1_62' title='bbox 217 498 281 524; x_wconf 89' lang='lat' dir='ltr'><strong>tiam</strong></span> <span class='ocrx_word' id='word_1_63' title='bbox 298 498 357 532; x_wconf 84' lang='lat' dir='ltr'><strong>ejus</strong></span> <span class='ocrx_word' id='word_1_64' title='bbox 373 498 433 525; x_wconf 65' lang='lat' dir='ltr'><strong>vitae</strong></span> <span class='ocrx_word' id='word_1_65' title='bbox 452 497 545 525; x_wconf 84' lang='lat' dir='ltr'><strong>ﬂatum</strong></span> <span class='ocrx_word' id='word_1_66' title='bbox 563 497 720 533; x_wconf 80' lang='lat' dir='ltr'><strong>appellavit,</strong></span> <span class='ocrx_word' id='word_1_67' title='bbox 734 505 797 526; x_wconf 91' lang='lat' dir='ltr'><strong>cum</strong></span> <span class='ocrx_word' id='word_1_68' title='bbox 813 503 904 526; x_wconf 86' lang='lat' dir='ltr'><strong>autem</strong></span> <span class='ocrx_word' id='word_1_69' title='bbox 918 499 1006 526; x_wconf 75' lang='lat' dir='ltr'><strong>induit</strong></span> 
     </span>
    </p>
   </div>
   <div class='ocr_carea' id='block_1_11' title="bbox 217 544 1007 580">
    <p class='ocr_par' dir='ltr' id='par_1_11' title="bbox 217 544 1007 580">
     <span class='ocr_line' id='line_1_11' title="bbox 217 544 1007 580; baseline 0.001 -9"><span class='ocrx_word' id='word_1_70' title='bbox 217 545 342 576; x_wconf 87' lang='lat' dir='ltr'><strong>formam,</strong></span> <span class='ocrx_word' id='word_1_71' title='bbox 363 544 453 571; x_wconf 73' lang='lat' dir='ltr'><strong>(mima</strong></span> <span class='ocrx_word' id='word_1_72' title='bbox 464 545 550 572; x_wconf 81' lang='lat' dir='ltr'><strong>vivens</strong></span> <span class='ocrx_word' id='word_1_73' title='bbox 566 550 579 564; x_wconf 79' lang='grc' dir='ltr'>ι</span> <span class='ocrx_word' id='word_1_74' title='bbox 596 544 684 572; x_wconf 79' lang='lat' dir='ltr'><strong>factus</strong></span> <span class='ocrx_word' id='word_1_75' title='bbox 703 548 755 576; x_wconf 85' lang='lat' dir='ltr'><strong>est,</strong></span> <span class='ocrx_word' id='word_1_76' title='bbox 767 545 895 580; x_wconf 87' lang='lat' dir='ltr'><strong>quodque</strong></span> <span class='ocrx_word' id='word_1_77' title='bbox 909 546 949 573; x_wconf 84' lang='lat' dir='ltr'><strong>ita</strong></span> <span class='ocrx_word' id='word_1_78' title='bbox 964 546 1007 572; x_wconf 87' lang='lat' dir='ltr'><strong>fu-</strong></span> 
     </span>
    </p>
   </div>
   <div class='ocr_carea' id='block_1_12' title="bbox 213 590 882 625">
    <p class='ocr_par' dir='ltr' id='par_1_12' title="bbox 213 590 882 625">
     <span class='ocr_line' id='line_1_12' title="bbox 213 590 882 625; baseline 0 -9"><span class='ocrx_word' id='word_1_79' title='bbox 213 593 305 617; x_wconf 87' lang='lat' dir='ltr'><strong>turum</strong></span> <span class='ocrx_word' id='word_1_80' title='bbox 316 591 373 625; x_wconf 85' lang='lat' dir='ltr'><strong>ipse</strong></span> <span class='ocrx_word' id='word_1_81' title='bbox 391 590 419 617; x_wconf 92' lang='lat' dir='ltr'><strong>in</strong></span> <span class='ocrx_word' id='word_1_82' title='bbox 436 590 548 625; x_wconf 84' lang='lat' dir='ltr'><strong>scriptis</strong></span> <span class='ocrx_word' id='word_1_83' title='bbox 567 590 760 625; x_wconf 88' lang='lat' dir='ltr'><strong>prophetarum</strong></span> <span class='ocrx_word' id='word_1_84' title='bbox 772 590 882 618; x_wconf 81' lang='lat' dir='ltr'><strong>fatetur.</strong></span> 
     </span>
    </p>
   </div>
   <div class='ocr_carea' id='block_1_13' title="bbox 247 643 1004 682">
    <p class='ocr_par' dir='ltr' id='par_1_13' title="bbox 247 643 1004 682">
     <span class='ocr_line' id='line_1_13' title="bbox 247 643 1004 682; baseline 0 -9"><span class='ocrx_word' id='word_1_85' title='bbox 247 646 328 682; x_wconf 77' lang='lat'><strong>356</strong></span> <span class='ocrx_word' id='word_1_86' title='bbox 349 643 389 674; x_wconf 76' lang='lat' dir='ltr'><strong>LI.</strong></span> <span class='ocrx_word' id='word_1_87' title='bbox 406 645 493 674; x_wconf 83' lang='lat' dir='ltr'><strong>Homo</strong></span> <span class='ocrx_word' id='word_1_88' title='bbox 519 647 612 681; x_wconf 86' lang='lat' dir='ltr'><strong>itaque</strong></span> <span class='ocrx_word' id='word_1_89' title='bbox 627 650 670 674; x_wconf 89' lang='lat' dir='ltr'><strong>est</strong></span> <span class='ocrx_word' id='word_1_90' title='bbox 691 647 719 674; x_wconf 89' lang='lat' dir='ltr'><strong>in</strong></span> <span class='ocrx_word' id='word_1_91' title='bbox 739 646 860 678; x_wconf 87' lang='lat' dir='ltr'><strong>homine,</strong></span> <span class='ocrx_word' id='word_1_92' title='bbox 879 647 1004 674; x_wconf 87' lang='lat' dir='ltr'><strong>animalis</strong></span> 
     </span>
    </p>
   </div>
   <div class='ocr_carea' id='block_1_14' title="bbox 212 693 1005 728">
    <p class='ocr_par' dir='ltr' id='par_1_14' title="bbox 212 693 1005 728">
     <span class='ocr_line' id='line_1_14' title="bbox 212 693 1005 728; baseline 0 -8"><span class='ocrx_word' id='word_1_93' title='bbox 212 693 239 719; x_wconf 70' lang='lat' dir='ltr'><strong>in</strong></span> <span class='ocrx_word' id='word_1_94' title='bbox 256 694 390 725; x_wconf 83' lang='lat' dir='ltr'><strong>terrestri,</strong></span> <span class='ocrx_word' id='word_1_95' title='bbox 408 701 462 720; x_wconf 90' lang='lat' dir='ltr'><strong>non</strong></span> <span class='ocrx_word' id='word_1_96' title='bbox 479 693 506 720; x_wconf 88' lang='lat' dir='ltr'><strong>in</strong></span> <span class='ocrx_word' id='word_1_97' title='bbox 533 697 609 728; x_wconf 88' lang='lat' dir='ltr'><strong>parte</strong></span> <span class='ocrx_word' id='word_1_98' title='bbox 636 701 710 728; x_wconf 88' lang='lat' dir='ltr'><strong>pars,</strong></span> <span class='ocrx_word' id='word_1_99' title='bbox 738 693 786 720; x_wconf 89' lang='lat' dir='ltr'><strong>sed</strong></span> <span class='ocrx_word' id='word_1_100' title='bbox 809 693 837 720; x_wconf 93' lang='lat' dir='ltr'><strong>in</strong></span> <span class='ocrx_word' id='word_1_101' title='bbox 854 697 911 721; x_wconf 86' lang='lat' dir='ltr'><strong>tolo</strong></span> <span class='ocrx_word' id='word_1_102' title='bbox 931 697 1005 721; x_wconf 79' lang='lat' dir='ltr'><strong>totus</strong></span> 
     </span>
    </p>
   </div>
   <div class='ocr_carea' id='block_1_15' title="bbox 214 736 1004 774">
    <p class='ocr_par' dir='ltr' id='par_1_15' title="bbox 214 736 1004 774">
     <span class='ocr_line' id='line_1_15' title="bbox 214 736 1004 774; baseline 0 -8"><span class='ocrx_word' id='word_1_103' title='bbox 214 739 358 771; x_wconf 80' lang='lat' dir='ltr'><strong>exsistens,</strong></span> <span class='ocrx_word' id='word_1_104' title='bbox 375 740 403 766; x_wconf 86' lang='lat' dir='ltr'><strong>in</strong></span> <span class='ocrx_word' id='word_1_105' title='bbox 410 736 540 774; x_wconf 66' lang='lat' dir='ltr'><strong>ineffabili</strong></span> <span class='ocrx_word' id='word_1_106' title='bbox 554 739 602 766; x_wconf 92' lang='lat' dir='ltr'><strong>Dei</strong></span> <span class='ocrx_word' id='word_1_107' title='bbox 619 740 737 773; x_wconf 82' lang='lat' dir='ltr'><strong>potentia</strong></span> <span class='ocrx_word' id='word_1_108' title='bbox 748 739 779 766; x_wconf 73' lang='lat' dir='ltr'><strong>l&gt;2</strong></span> <span class='ocrx_word' id='word_1_109' title='bbox 796 739 869 767; x_wconf 88' lang='lat' dir='ltr'><strong>unde</strong></span> <span class='ocrx_word' id='word_1_110' title='bbox 883 739 911 766; x_wconf 90' lang='lat' dir='ltr'><strong>in</strong></span> <span class='ocrx_word' id='word_1_111' title='bbox 925 747 1004 774; x_wconf 88' lang='lat' dir='ltr'><strong>para-</strong></span> 
     </span>
    </p>
   </div>
   <div class='ocr_carea' id='block_1_16' title="bbox 210 785 1003 820">
    <p class='ocr_par' dir='ltr' id='par_1_16' title="bbox 210 785 1003 820">
     <span class='ocr_line' id='line_1_16' title="bbox 210 785 1003 820; baseline 0.003 -9"><span class='ocrx_word' id='word_1_112' title='bbox 210 785 280 817; x_wconf 90' lang='lat' dir='ltr'><strong>diso,</strong></span> <span class='ocrx_word' id='word_1_113' title='bbox 299 786 326 812; x_wconf 92' lang='lat' dir='ltr'><strong>in</strong></span> <span class='ocrx_word' id='word_1_114' title='bbox 335 785 407 812; x_wconf 78' lang='lat' dir='ltr'><strong>coelo</strong></span> <span class='ocrx_word' id='word_1_115' title='bbox 421 789 519 820; x_wconf 90' lang='lat' dir='ltr'><strong>quarto</strong></span> <span class='ocrx_word' id='word_1_116' title='bbox 532 789 658 813; x_wconf 87' lang='lat' dir='ltr'><strong>creatur:</strong></span> <span class='ocrx_word' id='word_1_117' title='bbox 676 785 775 820; x_wconf 83' lang='lat' dir='ltr'><strong>quippe</strong></span> <span class='ocrx_word' id='word_1_118' title='bbox 790 785 856 812; x_wconf 82' lang='lat' dir='ltr'><strong>illuc</strong></span> <span class='ocrx_word' id='word_1_119' title='bbox 870 792 935 813; x_wconf 88' lang='lat' dir='ltr'><strong>caro</strong></span> <span class='ocrx_word' id='word_1_120' title='bbox 950 789 1003 813; x_wconf 86' lang='lat' dir='ltr'><strong>ter-</strong></span> 
     </span>
    </p>
   </div>
   <div class='ocr_carea' id='block_1_17' title="bbox 209 831 1001 866">
    <p class='ocr_par' dir='ltr' id='par_1_17' title="bbox 209 831 1001 866">
     <span class='ocr_line' id='line_1_17' title="bbox 209 831 1001 866; baseline 0 -8"><span class='ocrx_word' id='word_1_121' title='bbox 209 839 275 858; x_wconf 92' lang='lat' dir='ltr'><strong>rena</strong></span> <span class='ocrx_word' id='word_1_122' title='bbox 287 839 342 859; x_wconf 90' lang='lat' dir='ltr'><strong>non</strong></span> <span class='ocrx_word' id='word_1_123' title='bbox 351 831 485 863; x_wconf 80' lang='lat' dir='ltr'><strong>ascendit,</strong></span> <span class='ocrx_word' id='word_1_124' title='bbox 496 831 544 859; x_wconf 90' lang='lat' dir='ltr'><strong>sed</strong></span> <span class='ocrx_word' id='word_1_125' title='bbox 560 835 619 858; x_wconf 88' lang='lat' dir='ltr'><strong>erat</strong></span> <span class='ocrx_word' id='word_1_126' title='bbox 632 831 729 859; x_wconf 70' lang='lat' dir='ltr'><strong>animae</strong></span> <span class='ocrx_word' id='word_1_127' title='bbox 745 831 843 858; x_wconf 69' lang='lat' dir='ltr'><strong>divinae</strong></span> <span class='ocrx_word' id='word_1_128' title='bbox 851 839 901 866; x_wconf 92' lang='lat' dir='ltr'><strong>pro</strong></span> <span class='ocrx_word' id='word_1_129' title='bbox 909 839 1001 863; x_wconf 86' lang='lat' dir='ltr'><strong>carne,</strong></span> 
     </span>
    </p>
   </div>
   <div class='ocr_carea' id='block_1_18' title="bbox 208 876 1002 912">
    <p class='ocr_par' dir='ltr' id='par_1_18' title="bbox 208 876 1002 912">
     <span class='ocr_line' id='line_1_18' title="bbox 208 876 1002 912; baseline 0 -8"><span class='ocrx_word' id='word_1_130' title='bbox 208 877 282 912; x_wconf 89' lang='lat' dir='ltr'><strong>quod</strong></span> <span class='ocrx_word' id='word_1_131' title='bbox 297 878 437 904; x_wconf 88' lang='lat' dir='ltr'><strong>materiale</strong></span> <span class='ocrx_word' id='word_1_132' title='bbox 454 877 514 904; x_wconf 89' lang='lat' dir='ltr'><strong>l‘uit.</strong></span> <span class='ocrx_word' id='word_1_133' title='bbox 531 876 594 904; x_wconf 61' lang='lat' dir='ltr'><strong>Haec</strong></span> <span class='ocrx_word' id='word_1_134' title='bbox 606 876 709 904; x_wconf 82' lang='lat' dir='ltr'><strong>indicat</strong></span> <span class='ocrx_word' id='word_1_135' title='bbox 724 877 827 904; x_wconf 89' lang='lat' dir='ltr'><strong>dictum</strong></span> <span class='ocrx_word' id='word_1_136' title='bbox 839 877 904 904; x_wconf 89' lang='lat' dir='ltr'><strong>illud</strong></span> <span class='ocrx_word' id='word_1_137' title='bbox 920 886 926 904; x_wconf 93' lang='lat'>:</span> <span class='ocrx_word' id='word_1_138' title='bbox 946 877 1002 905; x_wconf 78' lang='lat' dir='ltr'><strong>Hoc</strong></span> 
     </span>
    </p>
   </div>
   <div class='ocr_carea' id='block_1_19' title="bbox 208 922 1000 958">
    <p class='ocr_par' dir='ltr' id='par_1_19' title="bbox 208 922 1000 958">
     <span class='ocr_line' id='line_1_19' title="bbox 208 922 1000 958; baseline -0.001 -8"><span class='ocrx_word' id='word_1_139' title='bbox 208 932 278 950; x_wconf 83' lang='lat' dir='ltr'><strong>nunc</strong></span> <span class='ocrx_word' id='word_1_140' title='bbox 300 932 329 950; x_wconf 72' lang='lat' dir='ltr'><strong>os</strong></span> <span class='ocrx_word' id='word_1_141' title='bbox 344 931 377 950; x_wconf 78' lang='lat' dir='ltr'><strong>ea:</strong></span> <span class='ocrx_word' id='word_1_142' title='bbox 405 923 508 950; x_wconf 73' lang='lat' dir='ltr'><strong>ossibus</strong></span> <span class='ocrx_word' id='word_1_143' title='bbox 527 923 592 950; x_wconf 75' lang='lat' dir='ltr'><strong>meis</strong></span> <span class='ocrx_word' id='word_1_144' title='bbox 615 928 637 950; x_wconf 73' lang='grc' dir='ltr'>ε.</span> <span class='ocrx_word' id='word_1_145' title='bbox 659 923 757 950; x_wconf 82' lang='lat' dir='ltr'><strong>Anima</strong></span> <span class='ocrx_word' id='word_1_146' title='bbox 782 922 874 950; x_wconf 86' lang='lat' dir='ltr'><strong>divina</strong></span> <span class='ocrx_word' id='word_1_147' title='bbox 893 923 952 958; x_wconf 87' lang='lat' dir='ltr'><strong>ipsa</strong></span> <span class='ocrx_word' id='word_1_148' title='bbox 974 924 1000 950; x_wconf 93' lang='lat' dir='ltr'><strong>in</strong></span> 
     </span>
    </p>
   </div>
   <div class='ocr_carea' id='block_1_20' title="bbox 207 968 1000 1004">
    <p class='ocr_par' dir='ltr' id='par_1_20' title="bbox 207 968 1000 1004">
     <span class='ocr_line' id='line_1_20' title="bbox 207 968 1000 1004; baseline 0 -8"><span class='ocrx_word' id='word_1_149' title='bbox 207 977 292 997; x_wconf 78' lang='lat' dir='ltr'><strong>carne</strong></span> <span class='ocrx_word' id='word_1_150' title='bbox 306 970 394 998; x_wconf 86' lang='lat' dir='ltr'><strong>latens</strong></span> <span class='ocrx_word' id='word_1_151' title='bbox 410 974 437 998; x_wconf 90' lang='lat' dir='ltr'><strong>et</strong></span> <span class='ocrx_word' id='word_1_152' title='bbox 453 969 540 998; x_wconf 89' lang='lat' dir='ltr'><strong>solida</strong></span> <span class='ocrx_word' id='word_1_153' title='bbox 557 977 672 1004; x_wconf 79' lang='lat' dir='ltr'><strong>quaeque</strong></span> <span class='ocrx_word' id='word_1_154' title='bbox 689 969 760 996; x_wconf 89' lang='lat' dir='ltr'><strong>male</strong></span> <span class='ocrx_word' id='word_1_155' title='bbox 779 968 874 996; x_wconf 82' lang='lat' dir='ltr'><strong>affecta</strong></span> <span class='ocrx_word' id='word_1_156' title='bbox 897 976 929 996; x_wconf 92' lang='lat' dir='ltr'><strong>ac</strong></span> <span class='ocrx_word' id='word_1_157' title='bbox 950 976 1000 1004; x_wconf 93' lang='lat' dir='ltr'><strong>po-</strong></span> 
     </span>
    </p>
   </div>
   <div class='ocr_carea' id='block_1_21' title="bbox 207 1014 1000 1051">
    <p class='ocr_par' dir='ltr' id='par_1_21' title="bbox 207 1014 1000 1051">
     <span class='ocr_line' id='line_1_21' title="bbox 207 1014 1000 1051; baseline 0 -9"><span class='ocrx_word' id='word_1_158' title='bbox 207 1016 309 1043; x_wconf 87' lang='lat' dir='ltr'><strong>tentior</strong></span> <span class='ocrx_word' id='word_1_159' title='bbox 317 1021 368 1049; x_wconf 89' lang='lat' dir='ltr'><strong>est,</strong></span> <span class='ocrx_word' id='word_1_160' title='bbox 383 1016 435 1043; x_wconf 92' lang='lat' dir='ltr'><strong>hoc</strong></span> <span class='ocrx_word' id='word_1_161' title='bbox 449 1015 477 1042; x_wconf 92' lang='lat' dir='ltr'><strong>in</strong></span> <span class='ocrx_word' id='word_1_162' title='bbox 494 1016 553 1042; x_wconf 92' lang='lat' dir='ltr'><strong>loco</strong></span> <span class='ocrx_word' id='word_1_163' title='bbox 563 1015 742 1051; x_wconf 81' lang='lat' dir='ltr'><strong>signiﬁcatur.</strong></span> <span class='ocrx_word' id='word_1_164' title='bbox 759 1015 794 1042; x_wconf 86' lang='lat' dir='ltr'><strong>Et</strong></span> <span class='ocrx_word' id='word_1_165' title='bbox 804 1023 866 1043; x_wconf 82' lang='lat' dir='ltr'><strong>cara</strong></span> <span class='ocrx_word' id='word_1_166' title='bbox 879 1014 911 1042; x_wconf 79' lang='lat' dir='ltr'><strong>de</strong></span> <span class='ocrx_word' id='word_1_167' title='bbox 922 1024 1000 1042; x_wconf 80' lang='lat' dir='ltr'><strong>carne</strong></span> 
     </span>
    </p>
   </div>
   <div class='ocr_carea' id='block_1_22' title="bbox 207 1061 1000 1097">
    <p class='ocr_par' dir='ltr' id='par_1_22' title="bbox 207 1061 1000 1097">
     <span class='ocr_line' id='line_1_22' title="bbox 207 1061 1000 1097; baseline 0 -9"><span class='ocrx_word' id='word_1_168' title='bbox 207 1070 276 1093; x_wconf 83' lang='lat' dir='ltr'><strong>mea,</strong></span> <span class='ocrx_word' id='word_1_169' title='bbox 307 1062 426 1089; x_wconf 88' lang='lat' dir='ltr'><strong>animam</strong></span> <span class='ocrx_word' id='word_1_170' title='bbox 454 1062 621 1089; x_wconf 88' lang='lat' dir='ltr'><strong>materialem</strong></span> <span class='ocrx_word' id='word_1_171' title='bbox 645 1061 797 1097; x_wconf 80' lang='lat' dir='ltr'><strong>signiilcat;</strong></span> <span class='ocrx_word' id='word_1_172' title='bbox 821 1069 882 1097; x_wconf 73' lang='lat' dir='ltr'><strong>quae</strong></span> <span class='ocrx_word' id='word_1_173' title='bbox 901 1061 1000 1088; x_wconf 63' lang='lat' dir='ltr'><strong>divinae</strong></span> 
     </span>
    </p>
   </div>
   <div class='ocr_carea' id='block_1_23' title="bbox 207 1106 999 1143">
    <p class='ocr_par' dir='ltr' id='par_1_23' title="bbox 207 1106 999 1143">
     <span class='ocr_line' id='line_1_23' title="bbox 207 1106 999 1143; baseline 0 -9"><span class='ocrx_word' id='word_1_174' title='bbox 207 1107 412 1143; x_wconf 77' lang='lat' dir='ltr'><strong>animzecorpus</strong></span> <span class='ocrx_word' id='word_1_175' title='bbox 427 1111 478 1135; x_wconf 88' lang='lat' dir='ltr'><strong>est.</strong></span> <span class='ocrx_word' id='word_1_176' title='bbox 495 1107 532 1135; x_wconf 88' lang='lat' dir='ltr'><strong>De</strong></span> <span class='ocrx_word' id='word_1_177' title='bbox 545 1111 661 1142; x_wconf 88' lang='lat' dir='ltr'><strong>utraque</strong></span> <span class='ocrx_word' id='word_1_178' title='bbox 669 1107 759 1134; x_wconf 91' lang='lat' dir='ltr'><strong>anima</strong></span> <span class='ocrx_word' id='word_1_179' title='bbox 773 1106 898 1134; x_wconf 88' lang='lat' dir='ltr'><strong>Salvator</strong></span> <span class='ocrx_word' id='word_1_180' title='bbox 910 1108 999 1143; x_wconf 89' lang='lat' dir='ltr'><strong>loqui-</strong></span> 
     </span>
    </p>
   </div>
   <div class='ocr_carea' id='block_1_24' title="bbox 206 1153 997 1188">
    <p class='ocr_par' dir='ltr' id='par_1_24' title="bbox 206 1153 997 1188">
     <span class='ocr_line' id='line_1_24' title="bbox 206 1153 997 1188; baseline 0 -7"><span class='ocrx_word' id='word_1_181' title='bbox 206 1158 263 1186; x_wconf 85' lang='lat' dir='ltr'><strong>tur,</strong></span> <span class='ocrx_word' id='word_1_182' title='bbox 284 1161 346 1181; x_wconf 92' lang='lat' dir='ltr'><strong>cum</strong></span> <span class='ocrx_word' id='word_1_183' title='bbox 359 1153 436 1188; x_wconf 89' lang='lat' dir='ltr'><strong>dicit,</strong></span> <span class='ocrx_word' id='word_1_184' title='bbox 459 1153 604 1180; x_wconf 81' lang='lat' dir='ltr'><strong>timendum</strong></span> <span class='ocrx_word' id='word_1_185' title='bbox 617 1161 673 1180; x_wconf 72' lang='lat' dir='ltr'><strong>esse</strong></span> <span class='ocrx_word' id='word_1_186' title='bbox 684 1161 755 1185; x_wconf 86' lang='lat' dir='ltr'><strong>eum,</strong></span> <span class='ocrx_word' id='word_1_187' title='bbox 770 1153 816 1188; x_wconf 85' lang='lat' dir='ltr'><strong>qui</strong></span> <span class='ocrx_word' id='word_1_188' title='bbox 831 1158 917 1188; x_wconf 79' lang='lat' dir='ltr'><strong>potest</strong></span> <span class='ocrx_word' id='word_1_189' title='bbox 937 1154 997 1181; x_wconf 82' lang='lat' dir='ltr'><strong>ani-</strong></span> 
     </span>
    </p>
   </div>
   <div class='ocr_carea' id='block_1_25' title="bbox 206 1200 998 1236">
    <p class='ocr_par' dir='ltr' id='par_1_25' title="bbox 206 1200 998 1236">
     <span class='ocr_line' id='line_1_25' title="bbox 206 1200 998 1236; baseline 0 -9"><span class='ocrx_word' id='word_1_190' title='bbox 206 1209 277 1227; x_wconf 86' lang='lat' dir='ltr'><strong>mam</strong></span> <span class='ocrx_word' id='word_1_191' title='bbox 287 1200 355 1227; x_wconf 82' lang='lat' dir='ltr'><strong>hanc</strong></span> <span class='ocrx_word' id='word_1_192' title='bbox 369 1205 448 1236; x_wconf 83' lang='lat' dir='ltr'><strong>atque</strong></span> <span class='ocrx_word' id='word_1_193' title='bbox 459 1201 506 1227; x_wconf 84' lang='lat' dir='ltr'><strong>hoc</strong></span> <span class='ocrx_word' id='word_1_194' title='bbox 514 1200 594 1227; x_wconf 80' lang='lat' dir='ltr'><strong>etiam</strong></span> <span class='ocrx_word' id='word_1_195' title='bbox 613 1207 707 1234; x_wconf 74' lang='lat' dir='ltr'><strong>corpus</strong></span> <span class='ocrx_word' id='word_1_196' title='bbox 718 1200 834 1227; x_wconf 81' lang='lat' dir='ltr'><strong>animale</strong></span> <span class='ocrx_word' id='word_1_197' title='bbox 845 1201 872 1227; x_wconf 82' lang='lat' dir='ltr'><strong>in</strong></span> <span class='ocrx_word' id='word_1_198' title='bbox 882 1200 998 1236; x_wconf 82' lang='lat' dir='ltr'><strong>gehenna</strong></span> 
     </span>
    </p>
   </div>
   <div class='ocr_carea' id='block_1_26' title="bbox 206 1244 352 1279">
    <p class='ocr_par' dir='ltr' id='par_1_26' title="bbox 206 1244 352 1279">
     <span class='ocr_line' id='line_1_26' title="bbox 206 1244 352 1279; baseline 0.007 -8"><span class='ocrx_word' id='word_1_199' title='bbox 206 1244 315 1279; x_wconf 80' lang='lat' dir='ltr'><strong>perdere</strong></span> <span class='ocrx_word' id='word_1_200' title='bbox 327 1244 352 1272; x_wconf 72' lang='grc' dir='ltr'><strong>ἀ.</strong></span> 
     </span>
    </p>
   </div>
   <div class='ocr_carea' id='block_1_27' title="bbox 239 1298 992 1331">
    <p class='ocr_par' dir='ltr' id='par_1_27' title="bbox 239 1298 992 1331">
     <span class='ocr_line' id='line_1_27' title="bbox 239 1298 992 1331; baseline -0.001 -4"><span class='ocrx_word' id='word_1_201' title='bbox 239 1299 292 1327; x_wconf 91' lang='lat' dir='ltr'><strong>Lll.</strong></span> <span class='ocrx_word' id='word_1_202' title='bbox 309 1300 424 1328; x_wconf 87' lang='lat' dir='ltr'><strong>Carnem</strong></span> <span class='ocrx_word' id='word_1_203' title='bbox 436 1299 508 1327; x_wconf 88' lang='lat' dir='ltr'><strong>hanc</strong></span> <span class='ocrx_word' id='word_1_204' title='bbox 519 1299 701 1328; x_wconf 76' lang='lat' dir='ltr'><strong>adversarium</strong></span> <span class='ocrx_word' id='word_1_205' title='bbox 710 1304 722 1319; x_wconf 74' lang='grc' dir='ltr'><strong>ο</strong></span> <span class='ocrx_word' id='word_1_206' title='bbox 736 1299 844 1327; x_wconf 80' lang='lat' dir='ltr'><strong>vocavit</strong></span> <span class='ocrx_word' id='word_1_207' title='bbox 855 1298 992 1331; x_wconf 81' lang='lat' dir='ltr'><strong>Salvator,</strong></span> 
     </span>
    </p>
   </div>
   <div class='ocr_carea' id='block_1_28' title="bbox 203 1346 994 1382">
    <p class='ocr_par' dir='ltr' id='par_1_28' title="bbox 203 1346 994 1382">
     <span class='ocr_line' id='line_1_28' title="bbox 203 1346 994 1382; baseline 0 -9"><span class='ocrx_word' id='word_1_208' title='bbox 203 1346 303 1375; x_wconf 86' lang='lat' dir='ltr'><strong>Paulus</strong></span> <span class='ocrx_word' id='word_1_209' title='bbox 319 1347 400 1374; x_wconf 76' lang='lat' dir='ltr'><strong>etiam</strong></span> <span class='ocrx_word' id='word_1_210' title='bbox 417 1346 497 1381; x_wconf 80' lang='lat' dir='ltr'><strong>legem</strong></span> <span class='ocrx_word' id='word_1_211' title='bbox 515 1346 564 1382; x_wconf 78' lang='lat' dir='ltr'><strong>legi</strong></span> <span class='ocrx_word' id='word_1_212' title='bbox 585 1347 679 1374; x_wconf 76' lang='lat' dir='ltr'><strong>mentis</strong></span> <span class='ocrx_word' id='word_1_213' title='bbox 698 1354 762 1374; x_wconf 75' lang='lat' dir='ltr'><strong>mete</strong></span> <span class='ocrx_word' id='word_1_214' title='bbox 772 1346 994 1381; x_wconf 68' lang='lat' dir='ltr'><strong>repugnantem&#39;;</strong></span> 
     </span>
    </p>
   </div>
   <div class='ocr_carea' id='block_1_29' title="bbox 203 1391 995 1428">
    <p class='ocr_par' dir='ltr' id='par_1_29' title="bbox 203 1391 995 1428">
     <span class='ocr_line' id='line_1_29' title="bbox 203 1391 995 1428; baseline -0.001 -8"><span class='ocrx_word' id='word_1_215' title='bbox 203 1397 294 1421; x_wconf 85' lang='lat' dir='ltr'><strong>mouet</strong></span> <span class='ocrx_word' id='word_1_216' title='bbox 307 1400 416 1428; x_wconf 86' lang='lat' dir='ltr'><strong>quoque</strong></span> <span class='ocrx_word' id='word_1_217' title='bbox 431 1391 556 1419; x_wconf 88' lang='lat' dir='ltr'><strong>Salvator</strong></span> <span class='ocrx_word' id='word_1_218' title='bbox 576 1393 658 1428; x_wconf 81' lang='lat' dir='ltr'><strong>ligare</strong></span> <span class='ocrx_word' id='word_1_219' title='bbox 669 1394 680 1413; x_wconf 71' lang='grc'><strong><em>⁸</em></strong></span> <span class='ocrx_word' id='word_1_220' title='bbox 696 1400 728 1420; x_wconf 90' lang='lat' dir='ltr'><strong>ac</strong></span> <span class='ocrx_word' id='word_1_221' title='bbox 741 1392 861 1427; x_wconf 88' lang='lat' dir='ltr'><strong>diripere</strong></span> <span class='ocrx_word' id='word_1_222' title='bbox 872 1391 995 1427; x_wconf 83' lang='lat' dir='ltr'><strong>ejusdem</strong></span> 
     </span>
    </p>
   </div>
   <div class='ocr_carea' id='block_1_30' title="bbox 201 1439 994 1474">
    <p class='ocr_par' dir='ltr' id='par_1_30' title="bbox 201 1439 994 1474">
     <span class='ocr_line' id='line_1_30' title="bbox 201 1439 994 1474; baseline -0.003 -7"><span class='ocrx_word' id='word_1_223' title='bbox 201 1447 267 1467; x_wconf 87' lang='lat' dir='ltr'><strong>vasa</strong></span> <span class='ocrx_word' id='word_1_224' title='bbox 294 1440 373 1474; x_wconf 89' lang='lat' dir='ltr'><strong>quasi</strong></span> <span class='ocrx_word' id='word_1_225' title='bbox 400 1439 518 1474; x_wconf 88' lang='lat' dir='ltr'><strong>potentis</strong></span> <span class='ocrx_word' id='word_1_226' title='bbox 546 1439 679 1467; x_wconf 87' lang='lat' dir='ltr'><strong>adversus</strong></span> <span class='ocrx_word' id='word_1_227' title='bbox 707 1439 825 1466; x_wconf 88' lang='lat' dir='ltr'><strong>animam</strong></span> <span class='ocrx_word' id='word_1_228' title='bbox 855 1439 994 1466; x_wconf 75' lang='lat' dir='ltr'><strong>ctelestem</strong></span> 
     </span>
    </p>
   </div>
   <div class='ocr_carea' id='block_1_31' title="bbox 201 1484 994 1521">
    <p class='ocr_par' dir='ltr' id='par_1_31' title="bbox 201 1484 994 1521">
     <span class='ocr_line' id='line_1_31' title="bbox 201 1484 994 1521; baseline -0.001 -9"><span class='ocrx_word' id='word_1_229' title='bbox 201 1486 302 1513; x_wconf 87' lang='lat' dir='ltr'><strong>bellum</strong></span> <span class='ocrx_word' id='word_1_230' title='bbox 317 1485 447 1521; x_wconf 74' lang='lat' dir='ltr'><strong>gerentis,</strong></span> <span class='ocrx_word' id='word_1_231' title='bbox 472 1489 619 1520; x_wconf 84' lang='lat' dir='ltr'><strong>monetque</strong></span> <span class='ocrx_word' id='word_1_232' title='bbox 637 1485 701 1512; x_wconf 84' lang='lat' dir='ltr'><strong>dum</strong></span> <span class='ocrx_word' id='word_1_233' title='bbox 717 1485 744 1512; x_wconf 79' lang='lat' dir='ltr'><strong>in</strong></span> <span class='ocrx_word' id='word_1_234' title='bbox 761 1484 804 1512; x_wconf 76' lang='lat' dir='ltr'><strong>via</strong></span> <span class='ocrx_word' id='word_1_235' title='bbox 818 1493 908 1511; x_wconf 71' lang='lat' dir='ltr'><strong>sumus</strong></span> <span class='ocrx_word' id='word_1_236' title='bbox 928 1485 941 1504; x_wconf 71' lang='grc' dir='ltr'>δ</span> <span class='ocrx_word' id='word_1_237' title='bbox 960 1484 994 1511; x_wconf 90' lang='lat' dir='ltr'><strong>ab</strong></span> 
     </span>
    </p>
   </div>
   <div class='ocr_carea' id='block_1_32' title="bbox 1060 224 1849 265">
    <p class='ocr_par' dir='ltr' id='par_1_32' title="bbox 1060 224 1849 265">
     <span class='ocr_line' id='line_1_32' title="bbox 1060 224 1849 265; baseline 0.01 -15"><span class='ocrx_word' id='word_1_238' title='bbox 1060 224 1162 260; x_wconf 83' lang='grc' dir='ltr'>Θηρίων</span> <span class='ocrx_word' id='word_1_239' title='bbox 1187 226 1338 260; x_wconf 77' lang='grc' dir='ltr'>ὁμοούσιον.</span> <span class='ocrx_word' id='word_1_240' title='bbox 1357 224 1441 259; x_wconf 75' lang='grc' dir='ltr'>Οὗτος</span> <span class='ocrx_word' id='word_1_241' title='bbox 1462 229 1522 254; x_wconf 85' lang='grc' dir='ltr'>κατ’</span> <span class='ocrx_word' id='word_1_242' title='bbox 1541 229 1633 256; x_wconf 77' lang='grc' dir='ltr'>εἰκόνα</span> <span class='ocrx_word' id='word_1_243' title='bbox 1655 229 1814 265; x_wconf 74' lang='grc' dir='ltr'>ἄνθρωπος·</span> <span class='ocrx_word' id='word_1_244' title='bbox 1835 232 1849 258; x_wconf 73' lang='grc' dir='ltr'>ὁ</span> 
     </span>
    </p>
   </div>
   <div class='ocr_carea' id='block_1_33' title="bbox 1059 271 1850 310">
    <p class='ocr_par' dir='ltr' id='par_1_33' title="bbox 1059 271 1850 310">
     <span class='ocr_line' id='line_1_33' title="bbox 1059 271 1850 310; baseline 0.006 -13"><span class='ocrx_word' id='word_1_245' title='bbox 1059 271 1086 298; x_wconf 79' lang='grc' dir='ltr'>δὲ</span> <span class='ocrx_word' id='word_1_246' title='bbox 1108 271 1169 298; x_wconf 75' lang='grc' dir='ltr'>καθ’</span> <span class='ocrx_word' id='word_1_247' title='bbox 1192 271 1320 307; x_wconf 77' lang='grc' dir='ltr'>ὁμοίωσιν</span> <span class='ocrx_word' id='word_1_248' title='bbox 1343 272 1392 308; x_wconf 82' lang='grc' dir='ltr'>τὴν</span> <span class='ocrx_word' id='word_1_249' title='bbox 1414 273 1496 300; x_wconf 81' lang='grc' dir='ltr'>αὑτοῦ</span> <span class='ocrx_word' id='word_1_250' title='bbox 1518 274 1565 300; x_wconf 75' lang='grc' dir='ltr'><strong>τοῦ</strong></span> <span class='ocrx_word' id='word_1_251' title='bbox 1583 275 1757 310; x_wconf 81' lang='grc' dir='ltr'>Δημιουργοῦ</span> <span class='ocrx_word' id='word_1_252' title='bbox 1782 277 1850 302; x_wconf 78' lang='grc' dir='ltr'>ἐκεῖ-</span> 
     </span>
    </p>
   </div>
   <div class='ocr_carea' id='block_1_34' title="bbox 1059 318 1848 355">
    <p class='ocr_par' dir='ltr' id='par_1_34' title="bbox 1059 318 1848 355">
     <span class='ocr_line' id='line_1_34' title="bbox 1059 318 1848 355; baseline 0.005 -12"><span class='ocrx_word' id='word_1_253' title='bbox 1059 318 1102 349; x_wconf 82' lang='grc' dir='ltr'>νός</span> <span class='ocrx_word' id='word_1_254' title='bbox 1115 318 1198 350; x_wconf 83' lang='grc' dir='ltr'>ἐστιν,</span> <span class='ocrx_word' id='word_1_255' title='bbox 1218 318 1247 344; x_wconf 83' lang='grc' dir='ltr'>ὃν</span> <span class='ocrx_word' id='word_1_256' title='bbox 1258 319 1299 350; x_wconf 86' lang='grc' dir='ltr'><strong>είς</strong></span> <span class='ocrx_word' id='word_1_257' title='bbox 1318 318 1411 345; x_wconf 83' lang='grc' dir='ltr'>τοῦτον</span> <span class='ocrx_word' id='word_1_258' title='bbox 1434 319 1601 355; x_wconf 67' lang='grc' dir='ltr'>ἐνεφύσησεν</span> <span class='ocrx_word' id='word_1_259' title='bbox 1617 329 1647 346; x_wconf 87' lang='grc' dir='ltr'><strong>τε</strong></span> <span class='ocrx_word' id='word_1_260' title='bbox 1665 321 1713 347; x_wconf 79' lang='grc' dir='ltr'><strong>καὶ</strong></span> <span class='ocrx_word' id='word_1_261' title='bbox 1728 320 1848 347; x_wconf 81' lang='grc' dir='ltr'>ὲνέσπει-</span> 
     </span>
    </p>
   </div>
   <div class='ocr_carea' id='block_1_35' title="bbox 1059 364 1847 401">
    <p class='ocr_par' dir='ltr' id='par_1_35' title="bbox 1059 364 1847 401">
     <span class='ocr_line' id='line_1_35' title="bbox 1059 364 1847 401; baseline 0.001 -11"><span class='ocrx_word' id='word_1_262' title='bbox 1059 372 1113 399; x_wconf 85' lang='grc' dir='ltr'>ρεν,</span> <span class='ocrx_word' id='word_1_263' title='bbox 1131 364 1271 400; x_wconf 81' lang='grc' dir='ltr'>ὀμοούσιόν</span> <span class='ocrx_word' id='word_1_264' title='bbox 1287 373 1313 391; x_wconf 86' lang='grc' dir='ltr'><strong>τι</strong></span> <span class='ocrx_word' id='word_1_265' title='bbox 1324 364 1398 400; x_wconf 79' lang='grc' dir='ltr'>αὐτῷ</span> <span class='ocrx_word' id='word_1_266' title='bbox 1413 365 1447 392; x_wconf 86' lang='grc' dir='ltr'>δι’</span> <span class='ocrx_word' id='word_1_267' title='bbox 1463 366 1588 400; x_wconf 84' lang='grc' dir='ltr'><strong>ἀγγέλων</strong></span> <span class='ocrx_word' id='word_1_268' title='bbox 1605 366 1702 397; x_wconf 84' lang='grc' dir='ltr'>ὲνθείς-</span> <span class='ocrx_word' id='word_1_269' title='bbox 1716 365 1785 392; x_wconf 82' lang='grc' dir='ltr'>καθὸ</span> <span class='ocrx_word' id='word_1_270' title='bbox 1802 366 1847 401; x_wconf 81' lang='grc' dir='ltr'>μὲν</span> 
     </span>
    </p>
   </div>
   <div class='ocr_carea' id='block_1_36' title="bbox 1058 410 1847 447">
    <p class='ocr_par' dir='ltr' id='par_1_36' title="bbox 1058 410 1847 447">
     <span class='ocr_line' id='line_1_36' title="bbox 1058 410 1847 447; baseline 0.003 -11"><span class='ocrx_word' id='word_1_271' title='bbox 1058 411 1171 446; x_wconf 80' lang='grc' dir='ltr'>ἀόρατός</span> <span class='ocrx_word' id='word_1_272' title='bbox 1187 411 1245 437; x_wconf 72' lang='grc' dir='ltr'>ἐστι</span> <span class='ocrx_word' id='word_1_273' title='bbox 1257 411 1305 438; x_wconf 77' lang='grc' dir='ltr'>καὶ</span> <span class='ocrx_word' id='word_1_274' title='bbox 1317 410 1470 446; x_wconf 78' lang='grc' dir='ltr'><strong>ἀσώματος,</strong></span> <span class='ocrx_word' id='word_1_275' title='bbox 1487 412 1537 447; x_wconf 81' lang='grc' dir='ltr'>τὴν</span> <span class='ocrx_word' id='word_1_276' title='bbox 1548 411 1642 438; x_wconf 81' lang='grc' dir='ltr'>οὐσίαν</span> <span class='ocrx_word' id='word_1_277' title='bbox 1665 411 1749 438; x_wconf 79' lang='grc' dir='ltr'>αὑτοῦ</span> <span class='ocrx_word' id='word_1_278' title='bbox 1767 412 1847 446; x_wconf 74' lang='grc' dir='ltr'>πνοὴν</span> 
     </span>
    </p>
   </div>
   <div class='ocr_carea' id='block_1_37' title="bbox 1057 455 1845 493">
    <p class='ocr_par' dir='ltr' id='par_1_37' title="bbox 1057 455 1845 493">
     <span class='ocr_line' id='line_1_37' title="bbox 1057 455 1845 493; baseline 0.001 -11"><span class='ocrx_word' id='word_1_279' title='bbox 1057 455 1130 491; x_wconf 77' lang='grc' dir='ltr'><strong>ζωῆς</strong></span> <span class='ocrx_word' id='word_1_280' title='bbox 1147 458 1287 492; x_wconf 82' lang='grc' dir='ltr'>προσεῖπε·</span> <span class='ocrx_word' id='word_1_281' title='bbox 1301 457 1442 493; x_wconf 84' lang='grc' dir='ltr'><strong>μορφωθὲν</strong></span> <span class='ocrx_word' id='word_1_282' title='bbox 1467 457 1506 490; x_wconf 80' lang='grc' dir='ltr'>δὲ,</span> <span class='ocrx_word' id='word_1_283' title='bbox 1526 456 1613 492; x_wconf 72' lang='grc' dir='ltr'><strong>ψυχὴ</strong></span> <span class='ocrx_word' id='word_1_284' title='bbox 1630 456 1710 487; x_wconf 78' lang='grc' dir='ltr'>ζῶσα</span> <span class='ocrx_word' id='word_1_285' title='bbox 1726 457 1845 491; x_wconf 70' lang='grc' dir='ltr'>ἐγένετο*</span> 
     </span>
    </p>
   </div>
   <div class='ocr_carea' id='block_1_38' title="bbox 1056 498 1847 538">
    <p class='ocr_par' dir='ltr' id='par_1_38' title="bbox 1056 498 1847 538">
     <span class='ocr_line' id='line_1_38' title="bbox 1056 498 1847 538; baseline 0.003 -12"><span class='ocrx_word' id='word_1_286' title='bbox 1056 501 1124 536; x_wconf 82' lang='grc' dir='ltr'>ὅπερ</span> <span class='ocrx_word' id='word_1_287' title='bbox 1141 498 1208 528; x_wconf 80' lang='grc' dir='ltr'>εἶναι</span> <span class='ocrx_word' id='word_1_288' title='bbox 1226 501 1272 528; x_wconf 74' lang='grc' dir='ltr'>καὶ</span> <span class='ocrx_word' id='word_1_289' title='bbox 1294 502 1374 533; x_wconf 84' lang='grc' dir='ltr'>αὐτὸς</span> <span class='ocrx_word' id='word_1_290' title='bbox 1389 503 1419 528; x_wconf 80' lang='grc' dir='ltr'>ἐν</span> <span class='ocrx_word' id='word_1_291' title='bbox 1437 503 1498 534; x_wconf 82' lang='grc' dir='ltr'>ταῖς</span> <span class='ocrx_word' id='word_1_292' title='bbox 1521 503 1705 537; x_wconf 79' lang='grc' dir='ltr'>προφητικαῖς</span> <span class='ocrx_word' id='word_1_293' title='bbox 1728 503 1847 538; x_wconf 79' lang='grc' dir='ltr'><strong>γραφαῖς</strong></span> 
     </span>
    </p>
   </div>
   <div class='ocr_carea' id='block_1_39' title="bbox 1052 548 1190 583">
    <p class='ocr_par' dir='ltr' id='par_1_39' title="bbox 1052 548 1190 583">
     <span class='ocr_line' id='line_1_39' title="bbox 1052 548 1190 583; baseline 0 -9"><span class='ocrx_word' id='word_1_294' title='bbox 1052 548 1181 583; x_wconf 75' lang='grc' dir='ltr'><strong>⁴ὁμολογεῖ</strong></span> <span class='ocrx_word' id='word_1_295' title='bbox 1184 568 1190 574; x_wconf 93' lang='grc'><strong>.</strong></span> 
     </span>
    </p>
   </div>
   <div class='ocr_carea' id='block_1_40' title="bbox 1091 652 1845 689">
    <p class='ocr_par' dir='ltr' id='par_1_40' title="bbox 1091 652 1845 689">
     <span class='ocr_line' id='line_1_40' title="bbox 1091 652 1845 689; baseline -0.001 -9"><span class='ocrx_word' id='word_1_296' title='bbox 1091 654 1154 680; x_wconf 82' lang='grc' dir='ltr'><strong>ΝΑ¹.</strong></span> <span class='ocrx_word' id='word_1_297' title='bbox 1175 654 1333 689; x_wconf 75' lang='grc' dir='ltr'><strong>Ἀνθρωπος</strong></span> <span class='ocrx_word' id='word_1_298' title='bbox 1347 653 1412 688; x_wconf 83' lang='grc' dir='ltr'>γοῦν</span> <span class='ocrx_word' id='word_1_299' title='bbox 1427 654 1500 680; x_wconf 73' lang='grc' dir='ltr'>ἐστιν</span> <span class='ocrx_word' id='word_1_300' title='bbox 1522 654 1551 680; x_wconf 83' lang='grc' dir='ltr'>ὲν</span> <span class='ocrx_word' id='word_1_301' title='bbox 1568 652 1715 689; x_wconf 78' lang='grc' dir='ltr'><strong>ἀνθρώπῳ,</strong></span> <span class='ocrx_word' id='word_1_302' title='bbox 1731 653 1845 688; x_wconf 72' lang='grc' dir='ltr'>ψυχικὸς</span> 
     </span>
    </p>
   </div>
   <div class='ocr_carea' id='block_1_41' title="bbox 1055 698 1846 735">
    <p class='ocr_par' dir='ltr' id='par_1_41' title="bbox 1055 698 1846 735">
     <span class='ocr_line' id='line_1_41' title="bbox 1055 698 1846 735; baseline -0.003 -9"><span class='ocrx_word' id='word_1_303' title='bbox 1055 699 1084 726; x_wconf 79' lang='grc' dir='ltr'><strong>ὲν</strong></span> <span class='ocrx_word' id='word_1_304' title='bbox 1094 699 1187 735; x_wconf 86' lang='grc' dir='ltr'>χοῖκῷ,</span> <span class='ocrx_word' id='word_1_305' title='bbox 1205 700 1234 725; x_wconf 87' lang='grc' dir='ltr'>οὐ</span> <span class='ocrx_word' id='word_1_306' title='bbox 1253 699 1330 735; x_wconf 81' lang='grc' dir='ltr'>μέρει</span> <span class='ocrx_word' id='word_1_307' title='bbox 1345 699 1437 735; x_wconf 85' lang='grc' dir='ltr'><strong>μέρος,</strong></span> <span class='ocrx_word' id='word_1_308' title='bbox 1453 699 1520 726; x_wconf 80' lang='grc' dir='ltr'>ἀλλὰ</span> <span class='ocrx_word' id='word_1_309' title='bbox 1535 698 1587 734; x_wconf 79' lang='grc' dir='ltr'>ὅλῳ</span> <span class='ocrx_word' id='word_1_310' title='bbox 1602 699 1662 730; x_wconf 75' lang='grc' dir='ltr'>ὅλος</span> <span class='ocrx_word' id='word_1_311' title='bbox 1682 698 1781 730; x_wconf 81' lang='grc' dir='ltr'>συνὼν,</span> <span class='ocrx_word' id='word_1_312' title='bbox 1795 700 1846 733; x_wconf 58' lang='lat' dir='ltr'><strong>dﬁ-</strong></span> 
     </span>
    </p>
   </div>
   <div class='ocr_carea' id='block_1_42' title="bbox 1051 744 1846 781">
    <p class='ocr_par' dir='ltr' id='par_1_42' title="bbox 1051 744 1846 781">
     <span class='ocr_line' id='line_1_42' title="bbox 1051 744 1846 781; baseline 0 -10"><span class='ocrx_word' id='word_1_313' title='bbox 1051 745 1132 779; x_wconf 77' lang='grc' dir='ltr'><strong>ρήτῳ</strong></span> <span class='ocrx_word' id='word_1_314' title='bbox 1152 744 1275 780; x_wconf 78' lang='grc' dir='ltr'><strong>δυνάμει</strong></span> <span class='ocrx_word' id='word_1_315' title='bbox 1292 744 1376 772; x_wconf 59' lang='grc' dir='ltr'><strong>Θεοῦ</strong></span> <span class='ocrx_word' id='word_1_316' title='bbox 1392 745 1453 772; x_wconf 81' lang='grc' dir='ltr'>ὅθεν</span> <span class='ocrx_word' id='word_1_317' title='bbox 1467 745 1496 771; x_wconf 84' lang='grc' dir='ltr'>ὲν</span> <span class='ocrx_word' id='word_1_318' title='bbox 1511 744 1551 780; x_wconf 84' lang='grc' dir='ltr'>τῷ</span> <span class='ocrx_word' id='word_1_319' title='bbox 1565 744 1723 781; x_wconf 77' lang='grc' dir='ltr'>παραδείσῳ</span> <span class='ocrx_word' id='word_1_320' title='bbox 1739 745 1780 780; x_wconf 84' lang='grc' dir='ltr'><strong>τῷ</strong></span> <span class='ocrx_word' id='word_1_321' title='bbox 1802 753 1846 771; x_wconf 76' lang='grc' dir='ltr'>τεο</span> 
     </span>
    </p>
   </div>
   <div class='ocr_carea' id='block_1_43' title="bbox 1054 790 1846 828">
    <p class='ocr_par' dir='ltr' id='par_1_43' title="bbox 1054 790 1846 828">
     <span class='ocr_line' id='line_1_43' title="bbox 1054 790 1846 828; baseline -0.004 -9"><span class='ocrx_word' id='word_1_322' title='bbox 1054 792 1144 828; x_wconf 82' lang='grc' dir='ltr'>τάρτῳ</span> <span class='ocrx_word' id='word_1_323' title='bbox 1160 791 1267 827; x_wconf 84' lang='grc' dir='ltr'>ουρανῷ</span> <span class='ocrx_word' id='word_1_324' title='bbox 1290 791 1511 828; x_wconf 80' lang='grc' dir='ltr'>δημιουργεῖται·</span> <span class='ocrx_word' id='word_1_325' title='bbox 1538 791 1597 817; x_wconf 76' lang='grc' dir='ltr'>ἐκεῖ</span> <span class='ocrx_word' id='word_1_326' title='bbox 1613 791 1667 826; x_wconf 79' lang='grc' dir='ltr'><strong>γὰρ</strong></span> <span class='ocrx_word' id='word_1_327' title='bbox 1681 791 1762 826; x_wconf 82' lang='grc' dir='ltr'>χοῒκὴ</span> <span class='ocrx_word' id='word_1_328' title='bbox 1778 790 1846 827; x_wconf 73' lang='grc' dir='ltr'>σὰρξ</span> 
     </span>
    </p>
   </div>
   <div class='ocr_carea' id='block_1_44' title="bbox 1053 829 1844 873">
    <p class='ocr_par' dir='ltr' id='par_1_44' title="bbox 1053 829 1844 873">
     <span class='ocr_line' id='line_1_44' title="bbox 1053 829 1844 873; baseline -0.003 -9"><span class='ocrx_word' id='word_1_329' title='bbox 1053 837 1103 864; x_wconf 71' lang='grc' dir='ltr'><strong>οὐκ</strong></span> <span class='ocrx_word' id='word_1_330' title='bbox 1119 837 1268 870; x_wconf 73' lang='grc' dir='ltr'>ἀναῦαίνει,</span> <span class='ocrx_word' id='word_1_331' title='bbox 1283 837 1340 864; x_wconf 84' lang='grc' dir='ltr'>ἀλλ’</span> <span class='ocrx_word' id='word_1_332' title='bbox 1352 835 1386 873; x_wconf 84' lang='grc' dir='ltr'>ἦν</span> <span class='ocrx_word' id='word_1_333' title='bbox 1406 839 1438 873; x_wconf 83' lang='grc' dir='ltr'>τῇ</span> <span class='ocrx_word' id='word_1_334' title='bbox 1453 837 1525 873; x_wconf 70' lang='grc' dir='ltr'>ψυχῇ</span> <span class='ocrx_word' id='word_1_335' title='bbox 1543 829 1653 873; x_wconf 34' lang='grc' dir='ltr'>θείᾳίμ)</span> <span class='ocrx_word' id='word_1_336' title='bbox 1670 834 1726 863; x_wconf 73' lang='grc' dir='ltr'>οἷον</span> <span class='ocrx_word' id='word_1_337' title='bbox 1747 836 1844 872; x_wconf 75' lang='grc' dir='ltr'>σὰρξή</span> 
     </span>
    </p>
   </div>
   <div class='ocr_carea' id='block_1_45' title="bbox 1019 866 1845 919">
    <p class='ocr_par' dir='ltr' id='par_1_45' title="bbox 1019 866 1845 919">
     <span class='ocr_line' id='line_1_45' title="bbox 1019 866 1845 919; baseline 0 -10"><span class='ocrx_word' id='word_1_338' title='bbox 1019 866 1039 893; x_wconf 73' lang='grc' dir='ltr'><strong><em>Β</em></strong></span> <span class='ocrx_word' id='word_1_339' title='bbox 1054 882 1144 918; x_wconf 84' lang='grc' dir='ltr'>ὑλική.</span> <span class='ocrx_word' id='word_1_340' title='bbox 1161 882 1254 910; x_wconf 79' lang='grc' dir='ltr'>Ταῦτα</span> <span class='ocrx_word' id='word_1_341' title='bbox 1271 883 1409 919; x_wconf 83' lang='grc' dir='ltr'><strong>σημαίνει,</strong></span> <span class='ocrx_word' id='word_1_342' title='bbox 1429 883 1520 910; x_wconf 82' lang='grc' dir='ltr'>Τοῦτο</span> <span class='ocrx_word' id='word_1_343' title='bbox 1537 883 1595 910; x_wconf 80' lang='grc' dir='ltr'>νῦν</span> <span class='ocrx_word' id='word_1_344' title='bbox 1611 882 1768 909; x_wconf 79' lang='grc' dir='ltr'>ὀστοῦνὲκ</span> <span class='ocrx_word' id='word_1_345' title='bbox 1786 882 1845 909; x_wconf 68' lang='grc' dir='ltr'>τῶν</span> 
     </span>
    </p>
   </div>
   <div class='ocr_carea' id='block_1_46' title="bbox 1052 928 1843 966">
    <p class='ocr_par' dir='ltr' id='par_1_46' title="bbox 1052 928 1843 966">
     <span class='ocr_line' id='line_1_46' title="bbox 1052 928 1843 966; baseline -0.001 -11"><span class='ocrx_word' id='word_1_346' title='bbox 1052 929 1150 956; x_wconf 80' lang='grc' dir='ltr'><em>ὀστῶν</em></span> <span class='ocrx_word' id='word_1_347' title='bbox 1171 939 1242 964; x_wconf 83' lang='grc' dir='ltr'>μου·</span> <span class='ocrx_word' id='word_1_348' title='bbox 1259 930 1307 966; x_wconf 77' lang='grc' dir='ltr'>τὴν</span> <span class='ocrx_word' id='word_1_349' title='bbox 1325 929 1399 956; x_wconf 86' lang='grc' dir='ltr'>θείαν</span> <span class='ocrx_word' id='word_1_350' title='bbox 1414 928 1502 964; x_wconf 74' lang='grc' dir='ltr'>ψυχὴν</span> <span class='ocrx_word' id='word_1_351' title='bbox 1527 929 1676 955; x_wconf 79' lang='grc' dir='ltr'>αἰνίσσεται</span> <span class='ocrx_word' id='word_1_352' title='bbox 1692 929 1743 963; x_wconf 81' lang='grc' dir='ltr'>τὴν</span> <span class='ocrx_word' id='word_1_353' title='bbox 1765 930 1843 962; x_wconf 86' lang='grc' dir='ltr'>ὲγκε-</span> 
     </span>
    </p>
   </div>
   <div class='ocr_carea' id='block_1_47' title="bbox 1051 973 1843 1012">
    <p class='ocr_par' dir='ltr' id='par_1_47' title="bbox 1051 973 1843 1012">
     <span class='ocr_line' id='line_1_47' title="bbox 1051 973 1843 1012; baseline -0.003 -10"><span class='ocrx_word' id='word_1_354' title='bbox 1051 976 1211 1012; x_wconf 85' lang='grc' dir='ltr'>κρυμμένην</span> <span class='ocrx_word' id='word_1_355' title='bbox 1231 978 1264 1012; x_wconf 83' lang='grc' dir='ltr'><strong>τῇ</strong></span> <span class='ocrx_word' id='word_1_356' title='bbox 1289 976 1370 1011; x_wconf 78' lang='grc' dir='ltr'>σαρκὶ</span> <span class='ocrx_word' id='word_1_357' title='bbox 1391 976 1437 1002; x_wconf 69' lang='grc' dir='ltr'>καὶ</span> <span class='ocrx_word' id='word_1_358' title='bbox 1456 974 1569 1010; x_wconf 80' lang='grc' dir='ltr'>στερεὰν</span> <span class='ocrx_word' id='word_1_359' title='bbox 1588 975 1636 1001; x_wconf 76' lang='grc' dir='ltr'>καὶ</span> <span class='ocrx_word' id='word_1_360' title='bbox 1651 974 1778 1009; x_wconf 86' lang='grc' dir='ltr'>δυσπαθῆ</span> <span class='ocrx_word' id='word_1_361' title='bbox 1796 973 1843 1000; x_wconf 78' lang='grc' dir='ltr'>καὶ</span> 
     </span>
    </p>
   </div>
   <div class='ocr_carea' id='block_1_48' title="bbox 1050 1019 1841 1058">
    <p class='ocr_par' dir='ltr' id='par_1_48' title="bbox 1050 1019 1841 1058">
     <span class='ocr_line' id='line_1_48' title="bbox 1050 1019 1841 1058; baseline -0.003 -10"><span class='ocrx_word' id='word_1_362' title='bbox 1050 1021 1254 1058; x_wconf 76' lang='grc' dir='ltr'>δυνατωτέραν·</span> <span class='ocrx_word' id='word_1_363' title='bbox 1283 1023 1337 1050; x_wconf 75' lang='grc' dir='ltr'><strong>Καὶ</strong></span> <span class='ocrx_word' id='word_1_364' title='bbox 1358 1020 1437 1056; x_wconf 80' lang='grc' dir='ltr'>σὰρξ</span> <span class='ocrx_word' id='word_1_365' title='bbox 1448 1022 1484 1048; x_wconf 69' lang='grc' dir='ltr'><strong>ἐκ</strong></span> <span class='ocrx_word' id='word_1_366' title='bbox 1503 1019 1559 1055; x_wconf 79' lang='grc' dir='ltr'><strong>τῆς</strong></span> <span class='ocrx_word' id='word_1_367' title='bbox 1572 1020 1686 1055; x_wconf 74' lang='grc' dir='ltr'>σαρκός</span> <span class='ocrx_word' id='word_1_368' title='bbox 1698 1029 1770 1055; x_wconf 80' lang='grc' dir='ltr'>μου·</span> <span class='ocrx_word' id='word_1_369' title='bbox 1792 1021 1841 1055; x_wconf 80' lang='grc' dir='ltr'>τὴν</span> 
     </span>
    </p>
   </div>
   <div class='ocr_carea' id='block_1_49' title="bbox 1050 1064 1840 1103">
    <p class='ocr_par' dir='ltr' id='par_1_49' title="bbox 1050 1064 1840 1103">
     <span class='ocr_line' id='line_1_49' title="bbox 1050 1064 1840 1103; baseline -0.001 -11"><span class='ocrx_word' id='word_1_370' title='bbox 1050 1065 1145 1102; x_wconf 83' lang='grc' dir='ltr'>ὑλικὴν</span> <span class='ocrx_word' id='word_1_371' title='bbox 1160 1067 1258 1103; x_wconf 78' lang='grc' dir='ltr'>ψυχὴν,</span> <span class='ocrx_word' id='word_1_372' title='bbox 1287 1067 1367 1102; x_wconf 84' lang='grc' dir='ltr'>σῶμα</span> <span class='ocrx_word' id='word_1_373' title='bbox 1389 1064 1471 1093; x_wconf 76' lang='grc' dir='ltr'>οὖσαν</span> <span class='ocrx_word' id='word_1_374' title='bbox 1489 1065 1540 1101; x_wconf 84' lang='grc' dir='ltr'>τῆς</span> <span class='ocrx_word' id='word_1_375' title='bbox 1558 1065 1633 1098; x_wconf 81' lang='grc' dir='ltr'>θείας</span> <span class='ocrx_word' id='word_1_376' title='bbox 1644 1065 1745 1100; x_wconf 77' lang='grc' dir='ltr'>ψυχῆς.</span> <span class='ocrx_word' id='word_1_377' title='bbox 1773 1065 1840 1101; x_wconf 82' lang='grc' dir='ltr'>Περὶ</span> 
     </span>
    </p>
   </div>
   <div class='ocr_carea' id='block_1_50' title="bbox 1049 1111 1841 1147">
    <p class='ocr_par' dir='ltr' id='par_1_50' title="bbox 1049 1111 1841 1147">
     <span class='ocr_line' id='line_1_50' title="bbox 1049 1111 1841 1147; baseline -0.001 -8"><span class='ocrx_word' id='word_1_378' title='bbox 1049 1113 1150 1140; x_wconf 80' lang='grc' dir='ltr'>τούτων</span> <span class='ocrx_word' id='word_1_379' title='bbox 1165 1113 1219 1140; x_wconf 87' lang='grc' dir='ltr'>τῶν</span> <span class='ocrx_word' id='word_1_380' title='bbox 1231 1112 1303 1139; x_wconf 86' lang='grc' dir='ltr'>δυεῖν</span> <span class='ocrx_word' id='word_1_381' title='bbox 1319 1113 1366 1139; x_wconf 59' lang='grc' dir='ltr'><strong>καλ⁸</strong></span> <span class='ocrx_word' id='word_1_382' title='bbox 1378 1114 1392 1139; x_wconf 85' lang='grc' dir='ltr'>ὁ</span> <span class='ocrx_word' id='word_1_383' title='bbox 1404 1112 1500 1147; x_wconf 82' lang='grc' dir='ltr'>Σωτὴρ</span> <span class='ocrx_word' id='word_1_384' title='bbox 1511 1112 1596 1146; x_wconf 82' lang='grc' dir='ltr'>λέγει,</span> <span class='ocrx_word' id='word_1_385' title='bbox 1607 1111 1767 1146; x_wconf 72' lang='grc' dir='ltr'>φοϐεῖσθαι</span> <span class='ocrx_word' id='word_1_386' title='bbox 1777 1111 1841 1138; x_wconf 73' lang='grc' dir='ltr'>δεῖν</span> 
     </span>
    </p>
   </div>
   <div class='ocr_carea' id='block_1_51' title="bbox 1048 1152 1840 1192">
    <p class='ocr_par' dir='ltr' id='par_1_51' title="bbox 1048 1152 1840 1192">
     <span class='ocr_line' id='line_1_51' title="bbox 1048 1152 1840 1192; baseline -0.001 -9"><span class='ocrx_word' id='word_1_387' title='bbox 1048 1156 1101 1183; x_wconf 83' lang='grc' dir='ltr'><strong>τὸν</strong></span> <span class='ocrx_word' id='word_1_388' title='bbox 1113 1152 1282 1192; x_wconf 74' lang='grc' dir='ltr'>δυνάμενον</span> <span class='ocrx_word' id='word_1_389' title='bbox 1303 1157 1417 1191; x_wconf 79' lang='grc' dir='ltr'><strong>ταύτην</strong></span> <span class='ocrx_word' id='word_1_390' title='bbox 1436 1156 1494 1190; x_wconf 82' lang='grc' dir='ltr'><strong>τὴν</strong></span> <span class='ocrx_word' id='word_1_391' title='bbox 1507 1155 1614 1191; x_wconf 68' lang='grc' dir='ltr'>ψυχὴν</span> <span class='ocrx_word' id='word_1_392' title='bbox 1630 1155 1681 1183; x_wconf 73' lang='grc' dir='ltr'>καὶ</span> <span class='ocrx_word' id='word_1_393' title='bbox 1701 1156 1791 1184; x_wconf 82' lang='grc' dir='ltr'>τοῦτο</span> <span class='ocrx_word' id='word_1_394' title='bbox 1805 1153 1840 1182; x_wconf 68' lang='grc' dir='ltr'><strong>εὖ</strong></span> 
     </span>
    </p>
   </div>
   <div class='ocr_carea' id='block_1_52' title="bbox 1047 1201 1667 1238">
    <p class='ocr_par' dir='ltr' id='par_1_52' title="bbox 1047 1201 1667 1238">
     <span class='ocr_line' id='line_1_52' title="bbox 1047 1201 1667 1238; baseline -0.003 -9"><span class='ocrx_word' id='word_1_395' title='bbox 1047 1201 1134 1237; x_wconf 79' lang='grc' dir='ltr'>σῶμα</span> <span class='ocrx_word' id='word_1_396' title='bbox 1145 1202 1179 1229; x_wconf 86' lang='grc' dir='ltr'>τὸ</span> <span class='ocrx_word' id='word_1_397' title='bbox 1192 1203 1326 1237; x_wconf 74' lang='grc' dir='ltr'>ψυχικὸν</span> <span class='ocrx_word' id='word_1_398' title='bbox 1338 1202 1373 1229; x_wconf 82' lang='grc' dir='ltr'>ἐν</span> <span class='ocrx_word' id='word_1_399' title='bbox 1387 1201 1493 1238; x_wconf 77' lang='grc' dir='ltr'><strong>γεέννῃ</strong></span> <span class='ocrx_word' id='word_1_400' title='bbox 1505 1201 1667 1228; x_wconf 76' lang='grc' dir='ltr'>ἀπολέσαι,</span> 
     </span>
    </p>
   </div>
   <div class='ocr_carea' id='block_1_53' title="bbox 1082 1301 1836 1340">
    <p class='ocr_par' dir='ltr' id='par_1_53' title="bbox 1082 1301 1836 1340">
     <span class='ocr_line' id='line_1_53' title="bbox 1082 1301 1836 1340; baseline -0.005 -8"><span class='ocrx_word' id='word_1_401' title='bbox 1082 1305 1143 1332; x_wconf 85' lang='lat' dir='ltr'><strong>NB’.</strong></span> <span class='ocrx_word' id='word_1_402' title='bbox 1166 1305 1252 1332; x_wconf 86' lang='grc' dir='ltr'>Τοῦτο</span> <span class='ocrx_word' id='word_1_403' title='bbox 1271 1304 1301 1331; x_wconf 82' lang='grc' dir='ltr'>τὸ</span> <span class='ocrx_word' id='word_1_404' title='bbox 1318 1304 1431 1340; x_wconf 83' lang='grc' dir='ltr'>σαρκίον</span> <span class='ocrx_word' id='word_1_405' title='bbox 1451 1304 1587 1332; x_wconf 81' lang='grc' dir='ltr'>ἀντίδικον</span> <span class='ocrx_word' id='word_1_406' title='bbox 1610 1305 1625 1331; x_wconf 81' lang='grc' dir='ltr'><strong>ὁ</strong></span> <span class='ocrx_word' id='word_1_407' title='bbox 1648 1302 1745 1339; x_wconf 83' lang='grc' dir='ltr'>Σωτὴρ</span> <span class='ocrx_word' id='word_1_408' title='bbox 1766 1301 1836 1332; x_wconf 75' lang='grc' dir='ltr'>εἶπε,</span> 
     </span>
    </p>
   </div>
   <div class='ocr_carea' id='block_1_54' title="bbox 1046 1348 1837 1385">
    <p class='ocr_par' dir='ltr' id='par_1_54' title="bbox 1046 1348 1837 1385">
     <span class='ocr_line' id='line_1_54' title="bbox 1046 1348 1837 1385; baseline -0.004 -8"><span class='ocrx_word' id='word_1_409' title='bbox 1046 1352 1092 1378; x_wconf 66' lang='grc' dir='ltr'>καὶ</span> <span class='ocrx_word' id='word_1_410' title='bbox 1108 1352 1122 1377; x_wconf 84' lang='grc' dir='ltr'>ὁ</span> <span class='ocrx_word' id='word_1_411' title='bbox 1139 1351 1243 1382; x_wconf 74' lang='grc' dir='ltr'>Παῦλος</span> <span class='ocrx_word' id='word_1_412' title='bbox 1265 1351 1358 1385; x_wconf 85' lang='grc' dir='ltr'>νόμον</span> <span class='ocrx_word' id='word_1_413' title='bbox 1374 1350 1681 1384; x_wconf 80' lang='grc' dir='ltr'>ἀντιστρατευόμενον</span> <span class='ocrx_word' id='word_1_414' title='bbox 1700 1348 1743 1382; x_wconf 83' lang='grc' dir='ltr'><strong><em>τῷ</em></strong></span> <span class='ocrx_word' id='word_1_415' title='bbox 1757 1348 1837 1383; x_wconf 77' lang='grc' dir='ltr'>νόμῳ</span> 
     </span>
    </p>
   </div>
   <div class='ocr_carea' id='block_1_55' title="bbox 1044 1393 1836 1431">
    <p class='ocr_par' dir='ltr' id='par_1_55' title="bbox 1044 1393 1836 1431">
     <span class='ocr_line' id='line_1_55' title="bbox 1044 1393 1836 1431; baseline -0.005 -8"><span class='ocrx_word' id='word_1_416' title='bbox 1044 1396 1098 1424; x_wconf 78' lang='grc' dir='ltr'>τοῦ</span> <span class='ocrx_word' id='word_1_417' title='bbox 1111 1396 1181 1429; x_wconf 77' lang='grc' dir='ltr'>νοός</span> <span class='ocrx_word' id='word_1_418' title='bbox 1194 1404 1264 1430; x_wconf 84' lang='grc' dir='ltr'>μου’</span> <span class='ocrx_word' id='word_1_419' title='bbox 1280 1395 1327 1422; x_wconf 68' lang='grc' dir='ltr'>καὶ</span> <span class='ocrx_word' id='word_1_420' title='bbox 1337 1394 1430 1429; x_wconf 82' lang='grc' dir='ltr'>δῆσαι</span> <span class='ocrx_word' id='word_1_421' title='bbox 1446 1395 1574 1431; x_wconf 82' lang='grc' dir='ltr'>παραινεῖ</span> <span class='ocrx_word' id='word_1_422' title='bbox 1590 1394 1637 1421; x_wconf 77' lang='grc' dir='ltr'>καὶ</span> <span class='ocrx_word' id='word_1_423' title='bbox 1655 1394 1779 1429; x_wconf 75' lang='grc' dir='ltr'>ἁρπάσαι</span> <span class='ocrx_word' id='word_1_424' title='bbox 1797 1393 1836 1424; x_wconf 71' lang='lat' dir='ltr'><strong>tbi;</strong></span> 
     </span>
    </p>
   </div>
   <div class='ocr_carea' id='block_1_56' title="bbox 1047 1439 1837 1478">
    <p class='ocr_par' dir='ltr' id='par_1_56' title="bbox 1047 1439 1837 1478">
     <span class='ocr_line' id='line_1_56' title="bbox 1047 1439 1837 1478; baseline -0.005 -9"><span class='ocrx_word' id='word_1_425' title='bbox 1047 1441 1155 1478; x_wconf 74' lang='grc' dir='ltr'>ἰσχυροῦ</span> <span class='ocrx_word' id='word_1_426' title='bbox 1171 1442 1204 1469; x_wconf 72' lang='grc' dir='ltr'><strong>τὰ</strong></span> <span class='ocrx_word' id='word_1_427' title='bbox 1221 1442 1316 1477; x_wconf 80' lang='grc' dir='ltr'>σκεύη,</span> <span class='ocrx_word' id='word_1_428' title='bbox 1339 1441 1386 1468; x_wconf 77' lang='grc' dir='ltr'>τοῦ</span> <span class='ocrx_word' id='word_1_429' title='bbox 1409 1440 1653 1476; x_wconf 73' lang='grc' dir='ltr'><strong>ἀντιπολεμοῦντος</strong></span> <span class='ocrx_word' id='word_1_430' title='bbox 1672 1441 1706 1475; x_wconf 77' lang='grc' dir='ltr'><strong>τῇ</strong></span> <span class='ocrx_word' id='word_1_431' title='bbox 1720 1439 1837 1475; x_wconf 72' lang='grc' dir='ltr'>οὐρανίῳ</span> 
     </span>
    </p>
   </div>
   <div class='ocr_carea' id='block_1_57' title="bbox 1043 1484 1836 1524">
    <p class='ocr_par' dir='ltr' id='par_1_57' title="bbox 1043 1484 1836 1524">
     <span class='ocr_line' id='line_1_57' title="bbox 1043 1484 1836 1524; baseline -0.004 -9"><span class='ocrx_word' id='word_1_432' title='bbox 1043 1488 1127 1524; x_wconf 72' lang='grc' dir='ltr'>ψυχῇ,</span> <span class='ocrx_word' id='word_1_433' title='bbox 1144 1489 1158 1514; x_wconf 81' lang='grc' dir='ltr'>ὁ</span> <span class='ocrx_word' id='word_1_434' title='bbox 1170 1488 1275 1523; x_wconf 65' lang='grc' dir='ltr'>Σωτῆρι</span> <span class='ocrx_word' id='word_1_435' title='bbox 1294 1487 1341 1514; x_wconf 76' lang='grc' dir='ltr'>καὶ</span> <span class='ocrx_word' id='word_1_436' title='bbox 1357 1486 1527 1522; x_wconf 81' lang='grc' dir='ltr'><strong>ἀπηλλάχθαι</strong></span> <span class='ocrx_word' id='word_1_437' title='bbox 1539 1484 1621 1512; x_wconf 80' lang='grc' dir='ltr'>αὑτοῦ</span> <span class='ocrx_word' id='word_1_438' title='bbox 1639 1485 1770 1521; x_wconf 80' lang='grc' dir='ltr'>παραινεί</span> <span class='ocrx_word' id='word_1_439' title='bbox 1783 1493 1836 1512; x_wconf 77' lang='grc' dir='ltr'>κα-</span> 
     </span>
    </p>
   </div>
   <div class='ocr_carea' id='block_1_58' title="bbox 201 1531 992 1569">
    <p class='ocr_par' dir='ltr' id='par_1_58' title="bbox 201 1531 988 1565">
     <span class='ocr_line' id='line_1_58' title="bbox 201 1531 988 1565; baseline 0 -8"><span class='ocrx_word' id='word_1_440' title='bbox 201 1533 254 1560; x_wconf 80' lang='lat' dir='ltr'><strong>illis</strong></span> <span class='ocrx_word' id='word_1_441' title='bbox 269 1532 390 1563; x_wconf 83' lang='lat' dir='ltr'><strong>liberari,</strong></span> <span class='ocrx_word' id='word_1_442' title='bbox 405 1540 439 1559; x_wconf 93' lang='lat' dir='ltr'><strong>ne</strong></span> <span class='ocrx_word' id='word_1_443' title='bbox 457 1531 485 1558; x_wconf 92' lang='lat' dir='ltr'><strong>in</strong></span> <span class='ocrx_word' id='word_1_444' title='bbox 499 1538 639 1559; x_wconf 81' lang='lat' dir='ltr'><strong>carcerem</strong></span> <span class='ocrx_word' id='word_1_445' title='bbox 655 1531 810 1558; x_wconf 85' lang='lat' dir='ltr'><strong>incidamus</strong></span> <span class='ocrx_word' id='word_1_446' title='bbox 822 1534 850 1558; x_wconf 90' lang='lat' dir='ltr'><strong>et</strong></span> <span class='ocrx_word' id='word_1_447' title='bbox 864 1538 988 1565; x_wconf 72' lang='lat' dir='ltr'><strong>pwnam:</strong></span> 
     </span>
    </p>
   </div>
   <div class='ocr_carea' id='block_1_59' title="bbox 1046 1531 1834 1569">
    <p class='ocr_par' dir='ltr' id='par_1_59' title="bbox 1046 1531 1834 1569">
     <span class='ocr_line' id='line_1_59' title="bbox 1046 1531 1834 1569; baseline -0.006 -7"><span class='ocrx_word' id='word_1_448' title='bbox 1046 1536 1078 1563; x_wconf 77' lang='grc' dir='ltr'><em>τὰ</em></span> <span class='ocrx_word' id='word_1_449' title='bbox 1100 1534 1156 1568; x_wconf 82' lang='grc' dir='ltr'><strong>τὴν</strong></span> <span class='ocrx_word' id='word_1_450' title='bbox 1181 1534 1264 1567; x_wconf 76' lang='grc' dir='ltr'>ὁδὸν,</span> <span class='ocrx_word' id='word_1_451' title='bbox 1282 1533 1320 1569; x_wconf 85' lang='grc' dir='ltr'><strong>μὴ</strong></span> <span class='ocrx_word' id='word_1_452' title='bbox 1343 1535 1377 1569; x_wconf 83' lang='grc' dir='ltr'>τῇ</span> <span class='ocrx_word' id='word_1_453' title='bbox 1394 1532 1500 1568; x_wconf 87' lang='grc' dir='ltr'>φυλακῇ</span> <span class='ocrx_word' id='word_1_454' title='bbox 1518 1532 1712 1567; x_wconf 77' lang='grc' dir='ltr'>περιπέσωμεν</span> <span class='ocrx_word' id='word_1_455' title='bbox 1725 1531 1774 1558; x_wconf 82' lang='grc' dir='ltr'>καὶ</span> <span class='ocrx_word' id='word_1_456' title='bbox 1798 1531 1834 1566; x_wconf 72' lang='grc' dir='ltr'>τῇ</span> 
     </span>
    </p>
   </div>
   <div class='ocr_carea' id='block_1_60' title="bbox 200 1577 992 1612">
    <p class='ocr_par' dir='ltr' id='par_1_60' title="bbox 200 1577 992 1612">
     <span class='ocr_line' id='line_1_60' title="bbox 200 1577 992 1612; baseline -0.001 -8"><span class='ocrx_word' id='word_1_457' title='bbox 200 1578 327 1605; x_wconf 68' lang='lat' dir='ltr'><strong>similiter</strong></span> <span class='ocrx_word' id='word_1_458' title='bbox 345 1580 374 1610; x_wconf 59' lang='grc' dir='ltr'>ἧς</span> <span class='ocrx_word' id='word_1_459' title='bbox 392 1582 419 1605; x_wconf 90' lang='lat' dir='ltr'><strong>et</strong></span> <span class='ocrx_word' id='word_1_460' title='bbox 427 1577 561 1605; x_wconf 80' lang='lat' dir='ltr'><strong>benevolo</strong></span> <span class='ocrx_word' id='word_1_461' title='bbox 576 1584 641 1612; x_wconf 75' lang='lat' dir='ltr'><strong>erga</strong></span> <span class='ocrx_word' id='word_1_462' title='bbox 657 1584 718 1604; x_wconf 91' lang='lat' dir='ltr'><strong>eam</strong></span> <span class='ocrx_word' id='word_1_463' title='bbox 731 1577 822 1604; x_wconf 87' lang='lat' dir='ltr'><strong>animo</strong></span> <span class='ocrx_word' id='word_1_464' title='bbox 834 1577 930 1609; x_wconf 83' lang='lat' dir='ltr'><strong>simus,</strong></span> <span class='ocrx_word' id='word_1_465' title='bbox 942 1584 992 1604; x_wconf 88' lang='lat' dir='ltr'><strong>nec</strong></span> 
     </span>
    </p>
   </div>
   <div class='ocr_carea' id='block_1_61' title="bbox 200 1622 990 1658">
    <p class='ocr_par' dir='ltr' id='par_1_61' title="bbox 200 1622 990 1658">
     <span class='ocr_line' id='line_1_61' title="bbox 200 1622 990 1658; baseline -0.004 -6"><span class='ocrx_word' id='word_1_466' title='bbox 200 1629 372 1658; x_wconf 87' lang='lat' dir='ltr'><strong>peccatorum</strong></span> <span class='ocrx_word' id='word_1_467' title='bbox 388 1623 498 1650; x_wconf 87' lang='lat' dir='ltr'><strong>licentia</strong></span> <span class='ocrx_word' id='word_1_468' title='bbox 515 1623 621 1651; x_wconf 82' lang='lat' dir='ltr'><strong>alamus</strong></span> <span class='ocrx_word' id='word_1_469' title='bbox 637 1627 686 1650; x_wconf 90' lang='lat' dir='ltr'><strong>aut</strong></span> <span class='ocrx_word' id='word_1_470' title='bbox 704 1623 789 1650; x_wconf 89' lang='lat' dir='ltr'><strong>robur</strong></span> <span class='ocrx_word' id='word_1_471' title='bbox 803 1622 990 1654; x_wconf 80' lang='lat' dir='ltr'><strong>conferamus,</strong></span> 
     </span>
    </p>
   </div>
   <div class='ocr_carea' id='block_1_62' title="bbox 199 1669 991 1705">
    <p class='ocr_par' dir='ltr' id='par_1_62' title="bbox 199 1669 991 1705">
     <span class='ocr_line' id='line_1_62' title="bbox 199 1669 991 1705; baseline -0.003 -7"><span class='ocrx_word' id='word_1_472' title='bbox 199 1670 248 1698; x_wconf 88' lang='lat' dir='ltr'><strong>sed</strong></span> <span class='ocrx_word' id='word_1_473' title='bbox 271 1670 334 1697; x_wconf 90' lang='lat' dir='ltr'><strong>inde</strong></span> <span class='ocrx_word' id='word_1_474' title='bbox 348 1669 405 1705; x_wconf 84' lang='lat' dir='ltr'><strong>jam</strong></span> <span class='ocrx_word' id='word_1_475' title='bbox 432 1669 627 1697; x_wconf 80' lang='lat' dir='ltr'><strong>mortiﬁcemus</strong></span> <span class='ocrx_word' id='word_1_476' title='bbox 652 1676 667 1696; x_wconf 88' lang='lat' dir='ltr'><strong>a</strong></span> <span class='ocrx_word' id='word_1_477' title='bbox 694 1669 800 1696; x_wconf 85' lang='lat' dir='ltr'><strong>malitia</strong></span> <span class='ocrx_word' id='word_1_478' title='bbox 828 1669 991 1697; x_wconf 85' lang='lat' dir='ltr'><strong>abstinendo</strong></span> 
     </span>
    </p>
   </div>
   <div class='ocr_carea' id='block_1_63' title="bbox 199 1715 990 1751">
    <p class='ocr_par' dir='ltr' id='par_1_63' title="bbox 199 1715 990 1751">
     <span class='ocr_line' id='line_1_63' title="bbox 199 1715 990 1751; baseline -0.004 -7"><span class='ocrx_word' id='word_1_479' title='bbox 199 1717 354 1751; x_wconf 68' lang='lat' dir='ltr'><strong>exilemque</strong></span> <span class='ocrx_word' id='word_1_480' title='bbox 370 1716 528 1748; x_wconf 88' lang='lat' dir='ltr'><strong>reddamus,</strong></span> <span class='ocrx_word' id='word_1_481' title='bbox 545 1719 572 1743; x_wconf 85' lang='lat' dir='ltr'><strong>ut</strong></span> <span class='ocrx_word' id='word_1_482' title='bbox 590 1716 618 1743; x_wconf 93' lang='lat' dir='ltr'><strong>in</strong></span> <span class='ocrx_word' id='word_1_483' title='bbox 631 1715 811 1744; x_wconf 79' lang='lat' dir='ltr'><strong>dissolutione</strong></span> <span class='ocrx_word' id='word_1_484' title='bbox 823 1723 872 1744; x_wconf 89' lang='lat' dir='ltr'><strong>sua</strong></span> <span class='ocrx_word' id='word_1_485' title='bbox 889 1716 990 1743; x_wconf 81' lang='lat' dir='ltr'><strong>exstir-</strong></span> 
     </span>
    </p>
   </div>
   <div class='ocr_carea' id='block_1_64' title="bbox 199 1761 988 1798">
    <p class='ocr_par' dir='ltr' id='par_1_64' title="bbox 199 1761 988 1798">
     <span class='ocr_line' id='line_1_64' title="bbox 199 1761 988 1798; baseline -0.003 -8"><span class='ocrx_word' id='word_1_486' title='bbox 199 1767 262 1798; x_wconf 88' lang='lat' dir='ltr'><strong>pata</strong></span> <span class='ocrx_word' id='word_1_487' title='bbox 279 1767 359 1798; x_wconf 90' lang='lat' dir='ltr'><strong>atque</strong></span> <span class='ocrx_word' id='word_1_488' title='bbox 385 1761 487 1789; x_wconf 82' lang='lat' dir='ltr'><strong>difﬂata</strong></span> <span class='ocrx_word' id='word_1_489' title='bbox 514 1764 669 1794; x_wconf 78' lang='lat' dir='ltr'><strong>evanescat,</strong></span> <span class='ocrx_word' id='word_1_490' title='bbox 688 1769 776 1797; x_wconf 88' lang='lat' dir='ltr'><strong>neque</strong></span> <span class='ocrx_word' id='word_1_491' title='bbox 802 1769 851 1796; x_wconf 90' lang='lat' dir='ltr'><strong>per</strong></span> <span class='ocrx_word' id='word_1_492' title='bbox 867 1769 897 1789; x_wconf 90' lang='lat' dir='ltr'><strong>se</strong></span> <span class='ocrx_word' id='word_1_493' title='bbox 922 1761 988 1789; x_wconf 86' lang='lat' dir='ltr'><strong>sub-</strong></span> 
     </span>
    </p>
   </div>
   <div class='ocr_carea' id='block_1_65' title="bbox 198 1807 988 1844">
    <p class='ocr_par' dir='ltr' id='par_1_65' title="bbox 198 1807 988 1844">
     <span class='ocr_line' id='line_1_65' title="bbox 198 1807 988 1844; baseline -0.004 -7"><span class='ocrx_word' id='word_1_494' title='bbox 198 1809 313 1837; x_wconf 84' lang='lat' dir='ltr'><strong>sistendi</strong></span> <span class='ocrx_word' id='word_1_495' title='bbox 328 1808 494 1841; x_wconf 80' lang='lat' dir='ltr'><strong>facultatem,</strong></span> <span class='ocrx_word' id='word_1_496' title='bbox 510 1813 556 1835; x_wconf 90' lang='lat' dir='ltr'><strong>aut</strong></span> <span class='ocrx_word' id='word_1_497' title='bbox 571 1808 656 1836; x_wconf 88' lang='lat' dir='ltr'><strong>robur</strong></span> <span class='ocrx_word' id='word_1_498' title='bbox 671 1807 780 1844; x_wconf 90' lang='lat' dir='ltr'><strong>aliquod</strong></span> <span class='ocrx_word' id='word_1_499' title='bbox 790 1807 857 1835; x_wconf 86' lang='lat' dir='ltr'><strong>utin</strong></span> <span class='ocrx_word' id='word_1_500' title='bbox 870 1809 988 1835; x_wconf 80' lang='lat' dir='ltr'><strong>transitu</strong></span> 
     </span>
    </p>
   </div>
   <div class='ocr_carea' id='block_1_66' title="bbox 194 1854 635 1890">
    <p class='ocr_par' dir='ltr' id='par_1_66' title="bbox 194 1854 635 1890">
     <span class='ocr_line' id='line_1_66' title="bbox 194 1854 635 1890; baseline -0.009 -7"><span class='ocrx_word' id='word_1_501' title='bbox 194 1863 247 1890; x_wconf 90' lang='lat' dir='ltr'><strong>.per</strong></span> <span class='ocrx_word' id='word_1_502' title='bbox 261 1856 352 1890; x_wconf 75' lang='lat' dir='ltr'><strong>ignem</strong></span> <span class='ocrx_word' id='word_1_503' title='bbox 365 1859 484 1885; x_wconf 89' lang='lat' dir='ltr'><strong>maneat.</strong></span> <span class='ocrx_word' id='word_1_504' title='bbox 503 1854 635 1882; x_wconf 87' lang='lat' dir='ltr'><strong>obtineat.</strong></span> 
     </span>
    </p>
   </div>
   <div class='ocr_carea' id='block_1_67' title="bbox 232 1907 986 1943">
    <p class='ocr_par' dir='ltr' id='par_1_67' title="bbox 232 1907 986 1943">
     <span class='ocr_line' id='line_1_67' title="bbox 232 1907 986 1943; baseline 0.001 -7"><span class='ocrx_word' id='word_1_505' title='bbox 232 1909 298 1937; x_wconf 87' lang='lat' dir='ltr'><strong>Llll.</strong></span> <span class='ocrx_word' id='word_1_506' title='bbox 316 1907 373 1937; x_wconf 82' lang='lat' dir='ltr'><strong>Hoc</strong></span> <span class='ocrx_word' id='word_1_507' title='bbox 389 1910 521 1936; x_wconf 71' lang='lat' dir='ltr'><strong>zizauium</strong></span> <span class='ocrx_word' id='word_1_508' title='bbox 551 1911 557 1929; x_wconf 83' lang='grc' dir='ltr'><strong>ί</strong></span> <span class='ocrx_word' id='word_1_509' title='bbox 577 1910 674 1937; x_wconf 63' lang='lat' dir='ltr'><strong>animae</strong></span> <span class='ocrx_word' id='word_1_510' title='bbox 688 1913 845 1936; x_wconf 90' lang='lat' dir='ltr'><strong>concretum</strong></span> <span class='ocrx_word' id='word_1_511' title='bbox 862 1915 986 1943; x_wconf 89' lang='lat' dir='ltr'><strong>vocatur,</strong></span> 
     </span>
    </p>
   </div>
   <div class='ocr_carea' id='block_1_68' title="bbox 196 1953 985 1991">
    <p class='ocr_par' dir='ltr' id='par_1_68' title="bbox 196 1953 985 1991">
     <span class='ocr_line' id='line_1_68' title="bbox 196 1953 985 1991; baseline -0.001 -7"><span class='ocrx_word' id='word_1_512' title='bbox 196 1957 267 1986; x_wconf 88' lang='lat' dir='ltr'><strong>bono</strong></span> <span class='ocrx_word' id='word_1_513' title='bbox 294 1956 424 1984; x_wconf 88' lang='lat' dir='ltr'><strong>nimirum</strong></span> <span class='ocrx_word' id='word_1_514' title='bbox 449 1956 556 1983; x_wconf 83' lang='lat' dir='ltr'><strong>semini.</strong></span> <span class='ocrx_word' id='word_1_515' title='bbox 581 1953 639 1982; x_wconf 86' lang='lat' dir='ltr'><strong>Hoc</strong></span> <span class='ocrx_word' id='word_1_516' title='bbox 658 1963 750 1983; x_wconf 88' lang='lat' dir='ltr'><strong>semen</strong></span> <span class='ocrx_word' id='word_1_517' title='bbox 766 1955 879 1988; x_wconf 87' lang='lat' dir='ltr'><strong>diaboli,</strong></span> <span class='ocrx_word' id='word_1_518' title='bbox 905 1957 985 1991; x_wconf 89' lang='lat' dir='ltr'><strong>quasi</strong></span> 
     </span>
    </p>
   </div>
   <div class='ocr_carea' id='block_1_69' title="bbox 194 2002 985 2038">
    <p class='ocr_par' dir='ltr' id='par_1_69' title="bbox 194 2002 985 2038">
     <span class='ocr_line' id='line_1_69' title="bbox 194 2002 985 2038; baseline -0.003 -7"><span class='ocrx_word' id='word_1_519' title='bbox 194 2003 317 2037; x_wconf 84' lang='lat' dir='ltr'><strong>ejusdem</strong></span> <span class='ocrx_word' id='word_1_520' title='bbox 328 2010 389 2030; x_wconf 90' lang='lat' dir='ltr'><strong>cum</strong></span> <span class='ocrx_word' id='word_1_521' title='bbox 405 2009 438 2029; x_wconf 90' lang='lat' dir='ltr'><strong>eo</strong></span> <span class='ocrx_word' id='word_1_522' title='bbox 454 2002 623 2033; x_wconf 69' lang='lat' dir='ltr'><strong>substantiae,</strong></span> <span class='ocrx_word' id='word_1_523' title='bbox 641 2005 669 2029; x_wconf 90' lang='lat' dir='ltr'><strong>et</strong></span> <span class='ocrx_word' id='word_1_524' title='bbox 691 2009 806 2037; x_wconf 82' lang='lat' dir='ltr'><strong>serpens</strong></span> <span class='ocrx_word' id='word_1_525' title='bbox 826 2003 985 2038; x_wconf 83' lang='lat' dir='ltr'><strong>supplanta-</strong></span> 
     </span>
    </p>
   </div>
   <div class='ocr_carea' id='block_1_70' title="bbox 195 2044 985 2084">
    <p class='ocr_par' dir='ltr' id='par_1_70' title="bbox 195 2044 985 2084">
     <span class='ocr_line' id='line_1_70' title="bbox 195 2044 985 2084; baseline 0 -8"><span class='ocrx_word' id='word_1_526' title='bbox 195 2055 300 2084; x_wconf 86' lang='lat' dir='ltr'><strong>torque,</strong></span> <span class='ocrx_word' id='word_1_527' title='bbox 315 2044 484 2083; x_wconf 41' lang='lat' dir='ltr'><strong>atquevlat’ro,</strong></span> <span class='ocrx_word' id='word_1_528' title='bbox 499 2051 581 2082; x_wconf 87' lang='lat' dir='ltr'><strong>caput</strong></span> <span class='ocrx_word' id='word_1_529' title='bbox 595 2047 668 2083; x_wconf 78' lang='lat' dir='ltr'><strong>regis</strong></span> <span class='ocrx_word' id='word_1_530' title='bbox 682 2048 846 2082; x_wconf 82' lang='lat' dir='ltr'><strong>percutiens.</strong></span> <span class='ocrx_word' id='word_1_531' title='bbox 865 2048 985 2076; x_wconf 83' lang='lat' dir='ltr'><strong>Adamus</strong></span> 
     </span>
    </p>
   </div>
   <div class='ocr_carea' id='block_1_71' title="bbox 194 2094 983 2129">
    <p class='ocr_par' dir='ltr' id='par_1_71' title="bbox 194 2094 983 2129">
     <span class='ocr_line' id='line_1_71' title="bbox 194 2094 983 2129; baseline -0.001 -7"><span class='ocrx_word' id='word_1_532' title='bbox 194 2100 284 2123; x_wconf 82' lang='lat' dir='ltr'><strong>autem</strong></span> <span class='ocrx_word' id='word_1_533' title='bbox 301 2095 396 2123; x_wconf 88' lang='lat' dir='ltr'><strong>habuit</strong></span> <span class='ocrx_word' id='word_1_534' title='bbox 410 2095 527 2122; x_wconf 91' lang='lat' dir='ltr'><strong>obscure</strong></span> <span class='ocrx_word' id='word_1_535' title='bbox 537 2095 563 2121; x_wconf 92' lang='lat' dir='ltr'><strong>in</strong></span> <span class='ocrx_word' id='word_1_536' title='bbox 572 2094 664 2129; x_wconf 88' lang='lat' dir='ltr'><strong>seipso</strong></span> <span class='ocrx_word' id='word_1_537' title='bbox 680 2094 762 2129; x_wconf 86' lang='lat' dir='ltr'><strong>inque</strong></span> <span class='ocrx_word' id='word_1_538' title='bbox 778 2094 896 2121; x_wconf 89' lang='lat' dir='ltr'><strong>animam</strong></span> <span class='ocrx_word' id='word_1_539' title='bbox 906 2102 983 2122; x_wconf 90' lang='lat' dir='ltr'><strong>suam</strong></span> 
     </span>
    </p>
   </div>
   <div class='ocr_carea' id='block_1_72' title="bbox 193 2139 981 2177">
    <p class='ocr_par' dir='ltr' id='par_1_72' title="bbox 193 2139 981 2177">
     <span class='ocr_line' id='line_1_72' title="bbox 193 2139 981 2177; baseline -0.003 -8"><span class='ocrx_word' id='word_1_540' title='bbox 193 2149 286 2170; x_wconf 85' lang='lat' dir='ltr'><strong>semen</strong></span> <span class='ocrx_word' id='word_1_541' title='bbox 302 2141 424 2177; x_wconf 87' lang='lat' dir='ltr'><strong>spiritale</strong></span> <span class='ocrx_word' id='word_1_542' title='bbox 439 2149 454 2167; x_wconf 91' lang='lat' dir='ltr'><strong>a</strong></span> <span class='ocrx_word' id='word_1_543' title='bbox 468 2139 607 2174; x_wconf 86' lang='lat' dir='ltr'><strong>Sapientia</strong></span> <span class='ocrx_word' id='word_1_544' title='bbox 623 2140 798 2171; x_wconf 91' lang='lat' dir='ltr'><strong>seminatum,</strong></span> <span class='ocrx_word' id='word_1_545' title='bbox 818 2140 981 2173; x_wconf 83' lang='lat' dir='ltr'><strong>ordinatum,</strong></span> 
     </span>
    </p>
   </div>
   <div class='ocr_carea' id='block_1_73' title="bbox 192 2185 980 2222">
    <p class='ocr_par' dir='ltr' id='par_1_73' title="bbox 192 2185 980 2222">
     <span class='ocr_line' id='line_1_73' title="bbox 192 2185 980 2222; baseline -0.004 -7"><span class='ocrx_word' id='word_1_546' title='bbox 192 2188 241 2219; x_wconf 87' lang='lat' dir='ltr'><strong>ait,</strong></span> <span class='ocrx_word' id='word_1_547' title='bbox 256 2195 301 2222; x_wconf 80' lang='lat' dir='ltr'><strong>per</strong></span> <span class='ocrx_word' id='word_1_548' title='bbox 324 2186 430 2222; x_wconf 74' lang='lat' dir='ltr'><strong>angelos</strong></span> <span class='ocrx_word' id='word_1_549' title='bbox 442 2186 468 2212; x_wconf 85' lang='lat' dir='ltr'><strong>in</strong></span> <span class='ocrx_word' id='word_1_550' title='bbox 487 2193 567 2212; x_wconf 86' lang='lat' dir='ltr'><strong>manu</strong></span> <span class='ocrx_word' id='word_1_551' title='bbox 587 2185 751 2212; x_wconf 77' lang='lat' dir='ltr'><strong>mediatoris.</strong></span> <span class='ocrx_word' id='word_1_552' title='bbox 775 2185 908 2212; x_wconf 82' lang='lat' dir='ltr'><strong>Mediator</strong></span> <span class='ocrx_word' id='word_1_553' title='bbox 923 2194 980 2213; x_wconf 78' lang='lat' dir='ltr'><strong>vero</strong></span> 
     </span>
    </p>
   </div>
   <div class='ocr_carea' id='block_1_74' title="bbox 193 2231 980 2267">
    <p class='ocr_par' dir='ltr' id='par_1_74' title="bbox 193 2231 980 2267">
     <span class='ocr_line' id='line_1_74' title="bbox 193 2231 980 2267; baseline 0 -7"><span class='ocrx_word' id='word_1_554' title='bbox 193 2235 269 2260; x_wconf 77' lang='lat' dir='ltr'><strong>unius</strong></span> <span class='ocrx_word' id='word_1_555' title='bbox 285 2242 335 2260; x_wconf 87' lang='lat' dir='ltr'><strong>non</strong></span> <span class='ocrx_word' id='word_1_556' title='bbox 345 2238 394 2264; x_wconf 82' lang='lat' dir='ltr'><strong>est,</strong></span> <span class='ocrx_word' id='word_1_557' title='bbox 410 2232 478 2259; x_wconf 74' lang='lat' dir='ltr'><strong>Deus</strong></span> <span class='ocrx_word' id='word_1_558' title='bbox 498 2236 585 2258; x_wconf 81' lang='lat' dir='ltr'><strong>autem</strong></span> <span class='ocrx_word' id='word_1_559' title='bbox 607 2240 675 2258; x_wconf 79' lang='lat' dir='ltr'><strong>unus</strong></span> <span class='ocrx_word' id='word_1_560' title='bbox 698 2236 737 2258; x_wconf 78' lang='lat' dir='ltr'><strong>est</strong></span> <span class='ocrx_word' id='word_1_561' title='bbox 755 2232 778 2260; x_wconf 71' lang='grc' dir='ltr'><strong>ι.</strong></span> <span class='ocrx_word' id='word_1_562' title='bbox 798 2231 850 2259; x_wconf 86' lang='lat' dir='ltr'><strong>Per</strong></span> <span class='ocrx_word' id='word_1_563' title='bbox 869 2233 980 2267; x_wconf 76' lang='lat' dir='ltr'><strong>angelos</strong></span> 
     </span>
    </p>
   </div>
   <div class='ocr_carea' id='block_1_75' title="bbox 191 2277 980 2314">
    <p class='ocr_par' dir='ltr' id='par_1_75' title="bbox 191 2277 980 2314">
     <span class='ocr_line' id='line_1_75' title="bbox 191 2277 980 2314; baseline -0.001 -8"><span class='ocrx_word' id='word_1_564' title='bbox 191 2280 284 2314; x_wconf 86' lang='lat' dir='ltr'><strong>itaque</strong></span> <span class='ocrx_word' id='word_1_565' title='bbox 296 2279 432 2307; x_wconf 85' lang='lat' dir='ltr'><strong>masculos</strong></span> <span class='ocrx_word' id='word_1_566' title='bbox 445 2278 549 2306; x_wconf 89' lang='lat' dir='ltr'><strong>semina</strong></span> <span class='ocrx_word' id='word_1_567' title='bbox 561 2277 752 2306; x_wconf 83' lang='lat' dir='ltr'><strong>ministrantur</strong></span> <span class='ocrx_word' id='word_1_568' title='bbox 766 2286 826 2313; x_wconf 80' lang='lat' dir='ltr'><strong>qua:</strong></span> <span class='ocrx_word' id='word_1_569' title='bbox 838 2285 853 2305; x_wconf 89' lang='lat' dir='ltr'><strong>a</strong></span> <span class='ocrx_word' id='word_1_570' title='bbox 871 2277 980 2313; x_wconf 85' lang='lat' dir='ltr'><strong>Sapien-</strong></span> 
     </span>
    </p>
   </div>
   <div class='ocr_carea' id='block_1_76' title="bbox 192 2324 979 2361">
    <p class='ocr_par' dir='ltr' id='par_1_76' title="bbox 192 2324 979 2361">
     <span class='ocr_line' id='line_1_76' title="bbox 192 2324 979 2361; baseline -0.003 -9"><span class='ocrx_word' id='word_1_571' title='bbox 192 2327 230 2352; x_wconf 78' lang='lat' dir='ltr'><strong>tia</strong></span> <span class='ocrx_word' id='word_1_572' title='bbox 250 2330 313 2353; x_wconf 88' lang='lat' dir='ltr'><strong>sunt</strong></span> <span class='ocrx_word' id='word_1_573' title='bbox 336 2325 479 2361; x_wconf 88' lang='lat' dir='ltr'><strong>producta,</strong></span> <span class='ocrx_word' id='word_1_574' title='bbox 506 2330 642 2360; x_wconf 88' lang='lat' dir='ltr'><strong>quatenus</strong></span> <span class='ocrx_word' id='word_1_575' title='bbox 659 2324 719 2352; x_wconf 88' lang='lat' dir='ltr'><strong>ﬁeri</strong></span> <span class='ocrx_word' id='word_1_576' title='bbox 746 2325 889 2360; x_wconf 75' lang='lat' dir='ltr'><strong>contingit.</strong></span> <span class='ocrx_word' id='word_1_577' title='bbox 919 2324 979 2357; x_wconf 84' lang='lat' dir='ltr'><strong>Quo</strong></span> 
     </span>
    </p>
   </div>
   <div class='ocr_carea' id='block_1_77' title="bbox 191 2369 979 2407">
    <p class='ocr_par' dir='ltr' id='par_1_77' title="bbox 191 2369 979 2407">
     <span class='ocr_line' id='line_1_77' title="bbox 191 2369 979 2407; baseline -0.001 -9"><span class='ocrx_word' id='word_1_578' title='bbox 191 2371 263 2398; x_wconf 83' lang='lat' dir='ltr'><strong>enim</strong></span> <span class='ocrx_word' id='word_1_579' title='bbox 277 2375 355 2406; x_wconf 81' lang='lat' dir='ltr'><strong>pacto</strong></span> <span class='ocrx_word' id='word_1_580' title='bbox 371 2371 533 2407; x_wconf 77' lang='lat' dir='ltr'><strong>Demiurgus</strong></span> <span class='ocrx_word' id='word_1_581' title='bbox 549 2371 595 2406; x_wconf 87' lang='lat' dir='ltr'><strong>qui</strong></span> <span class='ocrx_word' id='word_1_582' title='bbox 612 2371 728 2398; x_wconf 88' lang='lat' dir='ltr'><strong>obscure</strong></span> <span class='ocrx_word' id='word_1_583' title='bbox 742 2378 756 2398; x_wconf 92' lang='lat' dir='ltr'><strong>a</strong></span> <span class='ocrx_word' id='word_1_584' title='bbox 771 2369 908 2406; x_wconf 85' lang='lat' dir='ltr'><strong>Sapientia</strong></span> <span class='ocrx_word' id='word_1_585' title='bbox 924 2377 979 2397; x_wconf 90' lang='lat' dir='ltr'><strong>mo-</strong></span> 
     </span>
    </p>
   </div>
   <div class='ocr_carea' id='block_1_78' title="bbox 231 2442 992 2478">
    <p class='ocr_par' dir='ltr' id='par_1_78' title="bbox 231 2445 992 2478">
     <span class='ocr_line' id='line_1_78' title="bbox 231 2445 992 2478; baseline -0.001 -5"><span class='ocrx_word' id='word_1_586' title='bbox 231 2450 259 2478; x_wconf 64' lang='lat'><strong>»{4</strong></span> <span class='ocrx_word' id='word_1_587' title='bbox 280 2445 310 2474; x_wconf 88' lang='lat' dir='ltr'><strong>P.</strong></span> <span class='ocrx_word' id='word_1_588' title='bbox 330 2447 442 2474; x_wconf 66' lang='lat'><strong>972130.</strong></span> <span class='ocrx_word' id='word_1_589' title='bbox 451 2446 600 2474; x_wconf 81' lang='lat' dir='ltr'><strong>POTTER.</strong></span> <span class='ocrx_word' id='word_1_590' title='bbox 639 2454 651 2468; x_wconf 74' lang='grc' dir='ltr'><strong>α</strong></span> <span class='ocrx_word' id='word_1_591' title='bbox 672 2447 730 2475; x_wconf 88' lang='lat' dir='ltr'><strong>Gen</strong></span> <span class='ocrx_word' id='word_1_592' title='bbox 758 2455 789 2474; x_wconf 90' lang='lat' dir='ltr'><strong>tl.</strong></span> <span class='ocrx_word' id='word_1_593' title='bbox 805 2447 830 2474; x_wconf 85' lang='lat'><strong>7.</strong></span> <span class='ocrx_word' id='word_1_594' title='bbox 869 2447 883 2467; x_wconf 71' lang='grc' dir='ltr'><strong>ι’</strong></span> <span class='ocrx_word' id='word_1_595' title='bbox 904 2446 925 2473; x_wconf 91' lang='lat' dir='ltr'><strong>Il</strong></span> <span class='ocrx_word' id='word_1_596' title='bbox 940 2446 992 2474; x_wconf 86' lang='lat' dir='ltr'><strong>Cor</strong></span> 
     </span>
    </p>
   </div>
   <div class='ocr_carea' id='block_1_79' title="bbox 1046 2442 1622 2478">
    <p class='ocr_par' dir='ltr' id='par_1_79' title="bbox 1048 2442 1622 2478">
     <span class='ocr_line' id='line_1_79' title="bbox 1048 2442 1622 2478; baseline -0.003 -6"><span class='ocrx_word' id='word_1_597' title='bbox 1048 2454 1067 2478; x_wconf 89' lang='grc' dir='ltr'><strong>ι,</strong></span> <span class='ocrx_word' id='word_1_598' title='bbox 1081 2446 1108 2472; x_wconf 68' lang='grc'><strong>4.</strong></span> <span class='ocrx_word' id='word_1_599' title='bbox 1148 2451 1159 2465; x_wconf 67' lang='grc' dir='ltr'>ε</span> <span class='ocrx_word' id='word_1_600' title='bbox 1181 2444 1249 2472; x_wconf 87' lang='lat' dir='ltr'><strong>Gen.</strong></span> <span class='ocrx_word' id='word_1_601' title='bbox 1268 2452 1299 2476; x_wconf 89' lang='grc' dir='ltr'><strong>ιι,</strong></span> <span class='ocrx_word' id='word_1_602' title='bbox 1313 2443 1358 2471; x_wconf 79' lang='grc'><strong>25.</strong></span> <span class='ocrx_word' id='word_1_603' title='bbox 1396 2443 1408 2463; x_wconf 72' lang='grc' dir='ltr'><em>δ</em></span> <span class='ocrx_word' id='word_1_604' title='bbox 1427 2442 1523 2470; x_wconf 83' lang='lat' dir='ltr'><strong>Matth.</strong></span> <span class='ocrx_word' id='word_1_605' title='bbox 1539 2443 1622 2475; x_wconf 78' lang='lat' dir='ltr'><strong>x,28.</strong></span> 
     </span>
    </p>
   </div>
   <div class='ocr_carea' id='block_1_80' title="bbox 190 2478 992 2515">
    <p class='ocr_par' dir='ltr' id='par_1_80' title="bbox 190 2481 992 2515">
     <span class='ocr_line' id='line_1_80' title="bbox 190 2481 992 2515; baseline 0 -7"><span class='ocrx_word' id='word_1_606' title='bbox 190 2481 244 2514; x_wconf 74' lang='lat'><strong>25-,</strong></span> <span class='ocrx_word' id='word_1_607' title='bbox 267 2481 332 2508; x_wconf 87' lang='lat' dir='ltr'><strong>Luc.</strong></span> <span class='ocrx_word' id='word_1_608' title='bbox 351 2489 378 2511; x_wconf 74' lang='grc' dir='ltr'><strong>τι.</strong></span> <span class='ocrx_word' id='word_1_609' title='bbox 398 2482 424 2512; x_wconf 79' lang='lat'><strong>5,</strong></span> <span class='ocrx_word' id='word_1_610' title='bbox 438 2482 464 2508; x_wconf 87' lang='lat'><strong>8.</strong></span> <span class='ocrx_word' id='word_1_611' title='bbox 505 2481 515 2501; x_wconf 71' lang='grc' dir='ltr'><em>τ</em></span> <span class='ocrx_word' id='word_1_612' title='bbox 535 2482 616 2510; x_wconf 84' lang='lat' dir='ltr'><strong>Rom.</strong></span> <span class='ocrx_word' id='word_1_613' title='bbox 630 2482 737 2514; x_wconf 77' lang='lat' dir='ltr'><strong>vrt,‘25.</strong></span> <span class='ocrx_word' id='word_1_614' title='bbox 777 2484 790 2502; x_wconf 72' lang='grc' dir='ltr'><strong>κ</strong></span> <span class='ocrx_word' id='word_1_615' title='bbox 810 2481 905 2509; x_wconf 86' lang='lat' dir='ltr'><strong>Matth.</strong></span> <span class='ocrx_word' id='word_1_616' title='bbox 921 2481 992 2515; x_wconf 74' lang='lat' dir='ltr'><strong>xtt,i</strong></span> 
     </span>
    </p>
   </div>
   <div class='ocr_carea' id='block_1_81' title="bbox 1046 2478 1510 2515">
    <p class='ocr_par' dir='ltr' id='par_1_81' title="bbox 1068 2478 1510 2513">
     <span class='ocr_line' id='line_1_81' title="bbox 1068 2478 1510 2513; baseline -0.005 -5"><span class='ocrx_word' id='word_1_617' title='bbox 1068 2481 1082 2500; x_wconf 79' lang='lat' dir='ltr'><strong>h</strong></span> <span class='ocrx_word' id='word_1_618' title='bbox 1102 2480 1168 2508; x_wconf 88' lang='lat' dir='ltr'><strong>Luc.</strong></span> <span class='ocrx_word' id='word_1_619' title='bbox 1185 2488 1233 2513; x_wconf 76' lang='lat' dir='ltr'><strong>xu,</strong></span> <span class='ocrx_word' id='word_1_620' title='bbox 1247 2480 1298 2513; x_wconf 84' lang='lat'><strong>58;</strong></span> <span class='ocrx_word' id='word_1_621' title='bbox 1312 2479 1407 2506; x_wconf 81' lang='lat' dir='ltr'><strong>Matth.</strong></span> <span class='ocrx_word' id='word_1_622' title='bbox 1422 2487 1450 2511; x_wconf 82' lang='grc' dir='ltr'><strong>ν,</strong></span> <span class='ocrx_word' id='word_1_623' title='bbox 1464 2478 1510 2506; x_wconf 78' lang='grc'><strong>25.</strong></span> 
     </span>
    </p>
   </div>
   <div class='ocr_carea' id='block_1_82' title="bbox 193 2515 523 2551">
    <p class='ocr_par' dir='ltr' id='par_1_82' title="bbox 193 2515 523 2551">
     <span class='ocr_line' id='line_1_82' title="bbox 193 2515 523 2551; baseline 0 -7"><span class='ocrx_word' id='word_1_624' title='bbox 193 2524 270 2551; x_wconf 82' lang='lat' dir='ltr'><strong>seqq.</strong></span> <span class='ocrx_word' id='word_1_625' title='bbox 309 2516 320 2535; x_wconf 68' lang='grc' dir='ltr'>ι</span> <span class='ocrx_word' id='word_1_626' title='bbox 340 2515 399 2543; x_wconf 88' lang='lat' dir='ltr'><strong>Gal.</strong></span> <span class='ocrx_word' id='word_1_627' title='bbox 414 2524 463 2548; x_wconf 90' lang='grc' dir='ltr'>ιιι,</span> <span class='ocrx_word' id='word_1_628' title='bbox 480 2516 523 2544; x_wconf 84' lang='grc'><strong>19.</strong></span> 
     </span>
    </p>
   </div>
   <div class='ocr_carea' id='block_1_83' title="bbox 229 2591 976 2630">
    <p class='ocr_par' dir='ltr' id='par_1_83' title="bbox 229 2591 976 2630">
     <span class='ocr_line' id='line_1_83' title="bbox 229 2591 976 2630; baseline -0.004 -9"><span class='ocrx_word' id='word_1_629' title='bbox 229 2594 266 2630; x_wconf 53' lang='lat' dir='ltr'><strong>(4t)</strong></span> <span class='ocrx_word' id='word_1_630' title='bbox 279 2595 356 2627; x_wconf 79' lang='grc' dir='ltr'><strong>Θείᾳ.</strong></span> <span class='ocrx_word' id='word_1_631' title='bbox 369 2593 435 2630; x_wconf 73' lang='grc' dir='ltr'>Θεία</span> <span class='ocrx_word' id='word_1_632' title='bbox 451 2594 593 2630; x_wconf 73' lang='lat' dir='ltr'><strong>legendum</strong></span> <span class='ocrx_word' id='word_1_633' title='bbox 612 2601 673 2620; x_wconf 87' lang='lat' dir='ltr'><strong>esse</strong></span> <span class='ocrx_word' id='word_1_634' title='bbox 693 2592 784 2620; x_wconf 89' lang='lat' dir='ltr'><strong>dativo</strong></span> <span class='ocrx_word' id='word_1_635' title='bbox 807 2599 885 2624; x_wconf 86' lang='lat' dir='ltr'><strong>casu,</strong></span> <span class='ocrx_word' id='word_1_636' title='bbox 909 2591 976 2618; x_wconf 85' lang='lat' dir='ltr'><strong>satis</strong></span> 
     </span>
    </p>
   </div>
   <div class='ocr_carea' id='block_1_84' title="bbox 192 2628 643 2663">
    <p class='ocr_par' dir='ltr' id='par_1_84' title="bbox 192 2628 643 2663">
     <span class='ocr_line' id='line_1_84' title="bbox 192 2628 643 2663; baseline -0.004 -6"><span class='ocrx_word' id='word_1_637' title='bbox 192 2628 332 2657; x_wconf 82' lang='lat' dir='ltr'><strong>declarant</strong></span> <span class='ocrx_word' id='word_1_638' title='bbox 346 2628 496 2663; x_wconf 81' lang='lat' dir='ltr'><strong>sequentia.</strong></span> <span class='ocrx_word' id='word_1_639' title='bbox 513 2628 643 2656; x_wconf 78' lang='lat' dir='ltr'><strong>SYLBURG.</strong></span> 
     </span>
    </p>
   </div>
   <div class='ocr_carea' id='block_1_85' title="bbox 227 2661 976 2698">
    <p class='ocr_par' dir='ltr' id='par_1_85' title="bbox 227 2661 976 2698">
     <span class='ocr_line' id='line_1_85' title="bbox 227 2661 976 2698; baseline -0.005 -7"><span class='ocrx_word' id='word_1_640' title='bbox 227 2664 265 2698; x_wconf 80' lang='grc'><strong>(5)</strong></span> <span class='ocrx_word' id='word_1_641' title='bbox 282 2661 407 2691; x_wconf 82' lang='grc' dir='ltr'>Εὑνοεῗν</span> <span class='ocrx_word' id='word_1_642' title='bbox 418 2663 507 2695; x_wconf 81' lang='grc' dir='ltr'><strong>αὐτῷ.</strong></span> <span class='ocrx_word' id='word_1_643' title='bbox 534 2663 606 2691; x_wconf 86' lang='lat' dir='ltr'><strong>Idem</strong></span> <span class='ocrx_word' id='word_1_644' title='bbox 621 2663 654 2690; x_wconf 92' lang='lat' dir='ltr'><strong>ad</strong></span> <span class='ocrx_word' id='word_1_645' title='bbox 672 2661 737 2689; x_wconf 89' lang='lat' dir='ltr'><strong>Luc.</strong></span> <span class='ocrx_word' id='word_1_646' title='bbox 760 2669 810 2691; x_wconf 80' lang='lat' dir='ltr'><strong>xu.</strong></span> <span class='ocrx_word' id='word_1_647' title='bbox 824 2661 869 2694; x_wconf 83' lang='lat'><strong>58,</strong></span> <span class='ocrx_word' id='word_1_648' title='bbox 888 2661 976 2698; x_wconf 72' lang='grc' dir='ltr'>ἀπηλ-</span> 
     </span>
    </p>
   </div>
   <div class='ocr_carea' id='block_1_86' title="bbox 191 2697 975 2734">
    <p class='ocr_par' dir='ltr' id='par_1_86' title="bbox 191 2697 975 2734">
     <span class='ocr_line' id='line_1_86' title="bbox 191 2697 975 2734; baseline -0.003 -9"><span class='ocrx_word' id='word_1_649' title='bbox 191 2699 298 2734; x_wconf 81' lang='grc' dir='ltr'>λάχθαι,</span> <span class='ocrx_word' id='word_1_650' title='bbox 308 2707 371 2725; x_wconf 85' lang='lat' dir='ltr'><strong>cum</strong></span> <span class='ocrx_word' id='word_1_651' title='bbox 385 2698 598 2734; x_wconf 79' lang='lat' dir='ltr'><strong>illotransigere.</strong></span> <span class='ocrx_word' id='word_1_652' title='bbox 608 2706 653 2725; x_wconf 82' lang='lat' dir='ltr'><strong>res</strong></span> <span class='ocrx_word' id='word_1_653' title='bbox 667 2704 838 2734; x_wconf 57' lang='lat' dir='ltr'><strong>componere.</strong></span> <span class='ocrx_word' id='word_1_654' title='bbox 856 2705 887 2723; x_wconf 90' lang='lat' dir='ltr'><strong>ac</strong></span> <span class='ocrx_word' id='word_1_655' title='bbox 901 2697 975 2734; x_wconf 54' lang='lat' dir='ltr'><strong>litem</strong></span> 
     </span>
    </p>
   </div>
   <div class='ocr_carea' id='block_1_87' title="bbox 192 2730 975 2768">
    <p class='ocr_par' dir='ltr' id='par_1_87' title="bbox 192 2730 975 2768">
     <span class='ocr_line' id='line_1_87' title="bbox 192 2730 975 2768; baseline -0.004 -8"><span class='ocrx_word' id='word_1_656' title='bbox 192 2730 270 2761; x_wconf 63' lang='lat' dir='ltr'><strong>finire</strong></span> <span class='ocrx_word' id='word_1_657' title='bbox 295 2737 439 2768; x_wconf 87' lang='lat' dir='ltr'><strong>antequam</strong></span> <span class='ocrx_word' id='word_1_658' title='bbox 461 2730 565 2768; x_wconf 71' lang='lat' dir='ltr'><strong>judicio</strong></span> <span class='ocrx_word' id='word_1_659' title='bbox 583 2740 645 2759; x_wconf 88' lang='lat' dir='ltr'><strong>cum</strong></span> <span class='ocrx_word' id='word_1_660' title='bbox 672 2730 894 2768; x_wconf 22' lang='lat' dir='ltr'><strong>illoJexpcriare.</strong></span> <span class='ocrx_word' id='word_1_661' title='bbox 923 2730 975 2768; x_wconf 81' lang='lat' dir='ltr'><strong>sed</strong></span> 
     </span>
    </p>
   </div>
   <div class='ocr_carea' id='block_1_88' title="bbox 191 2766 975 2800">
    <p class='ocr_par' dir='ltr' id='par_1_88' title="bbox 191 2766 975 2800">
     <span class='ocr_line' id='line_1_88' title="bbox 191 2766 975 2800; baseline -0.004 -5"><span class='ocrx_word' id='word_1_662' title='bbox 191 2769 286 2795; x_wconf 87' lang='lat' dir='ltr'><strong>durior</strong></span> <span class='ocrx_word' id='word_1_663' title='bbox 316 2766 375 2796; x_wconf 68' lang='grc' dir='ltr'>ιιιεὸ</span> <span class='ocrx_word' id='word_1_664' title='bbox 410 2766 664 2796; x_wconf 81' lang='lat' dir='ltr'><strong>Valentinianorum</strong></span> <span class='ocrx_word' id='word_1_665' title='bbox 697 2766 844 2800; x_wconf 75' lang='lat' dir='ltr'><strong>allegoria,</strong></span> <span class='ocrx_word' id='word_1_666' title='bbox 874 2770 904 2793; x_wconf 93' lang='lat' dir='ltr'><strong>ut</strong></span> <span class='ocrx_word' id='word_1_667' title='bbox 932 2766 975 2792; x_wconf 76' lang='grc' dir='ltr'><strong>εὐ-</strong></span> 
     </span>
    </p>
   </div>
   <div class='ocr_carea' id='block_1_89' title="bbox 191 2801 973 2838">
    <p class='ocr_par' dir='ltr' id='par_1_89' title="bbox 191 2801 973 2838">
     <span class='ocr_line' id='line_1_89' title="bbox 191 2801 973 2838; baseline -0.004 -8"><span class='ocrx_word' id='word_1_668' title='bbox 191 2805 261 2830; x_wconf 78' lang='grc' dir='ltr'>νοεῖν</span> <span class='ocrx_word' id='word_1_669' title='bbox 276 2804 362 2832; x_wconf 87' lang='lat' dir='ltr'><strong>carui.</strong></span> <span class='ocrx_word' id='word_1_670' title='bbox 378 2803 546 2837; x_wconf 71' lang='lat' dir='ltr'><strong>intelligatur</strong></span> <span class='ocrx_word' id='word_1_671' title='bbox 556 2803 600 2838; x_wconf 93' lang='lat' dir='ltr'><strong>qui</strong></span> <span class='ocrx_word' id='word_1_672' title='bbox 612 2803 668 2837; x_wconf 90' lang='lat' dir='ltr'><strong>jam</strong></span> <span class='ocrx_word' id='word_1_673' title='bbox 682 2801 780 2829; x_wconf 87' lang='lat' dir='ltr'><strong>deterit</strong></span> <span class='ocrx_word' id='word_1_674' title='bbox 795 2807 822 2828; x_wconf 90' lang='lat' dir='ltr'><strong>et</strong></span> <span class='ocrx_word' id='word_1_675' title='bbox 835 2805 973 2838; x_wconf 18' lang='lat' dir='ltr'><strong>ettrtenuat,</strong></span> 
     </span>
    </p>
   </div>
   <div class='ocr_carea' id='block_1_90' title="bbox 193 2836 974 2875">
    <p class='ocr_par' dir='ltr' id='par_1_90' title="bbox 193 2836 974 2875">
     <span class='ocr_line' id='line_1_90' title="bbox 193 2836 974 2875; baseline -0.003 -10"><span class='ocrx_word' id='word_1_676' title='bbox 193 2843 220 2866; x_wconf 88' lang='lat' dir='ltr'><strong>ut</strong></span> <span class='ocrx_word' id='word_1_677' title='bbox 232 2839 288 2871; x_wconf 74' lang='lat' dir='ltr'><strong>ipsa</strong></span> <span class='ocrx_word' id='word_1_678' title='bbox 299 2839 406 2868; x_wconf 85' lang='lat' dir='ltr'><strong>tandem</strong></span> <span class='ocrx_word' id='word_1_679' title='bbox 421 2836 590 2875; x_wconf 82' lang='lat' dir='ltr'><strong>dillleturque</strong></span> <span class='ocrx_word' id='word_1_680' title='bbox 605 2843 631 2866; x_wconf 92' lang='lat' dir='ltr'><strong>et</strong></span> <span class='ocrx_word' id='word_1_681' title='bbox 647 2841 802 2871; x_wconf 84' lang='lat' dir='ltr'><strong>evanescat,</strong></span> <span class='ocrx_word' id='word_1_682' title='bbox 819 2836 974 2872; x_wconf 87' lang='lat' dir='ltr'><strong>nullamque</strong></span> 
     </span>
    </p>
   </div>
   <div class='ocr_carea' id='block_1_91' title="bbox 1043 1577 1833 1617">
    <p class='ocr_par' dir='ltr' id='par_1_91' title="bbox 1043 1577 1833 1617">
     <span class='ocr_line' id='line_1_91' title="bbox 1043 1577 1833 1617; baseline -0.009 -8"><span class='ocrx_word' id='word_1_683' title='bbox 1043 1582 1161 1609; x_wconf 82' lang='grc' dir='ltr'>κολάσει·</span> <span class='ocrx_word' id='word_1_684' title='bbox 1173 1581 1271 1617; x_wconf 84' lang='grc' dir='ltr'>ὁμοίως</span> <span class='ocrx_word' id='word_1_685' title='bbox 1283 1580 1311 1607; x_wconf 81' lang='grc' dir='ltr'>δὲ</span> <span class='ocrx_word' id='word_1_686' title='bbox 1327 1581 1374 1606; x_wconf 73' lang='grc' dir='ltr'>καὶ</span> <span class='ocrx_word' id='word_1_687' title='bbox 1387 1580 1487 1606; x_wconf 82' lang='grc' dir='ltr'>εὐνοεῖν</span> <span class='ocrx_word' id='word_1_688' title='bbox 1500 1578 1574 1614; x_wconf 81' lang='grc' dir='ltr'>αὐτῷ</span> <span class='ocrx_word' id='word_1_689' title='bbox 1585 1577 1634 1614; x_wconf 83' lang='grc'><strong>(5),</strong></span> <span class='ocrx_word' id='word_1_690' title='bbox 1659 1577 1697 1613; x_wconf 79' lang='grc' dir='ltr'>μὴ</span> <span class='ocrx_word' id='word_1_691' title='bbox 1718 1577 1833 1612; x_wconf 71' lang='grc' dir='ltr'>τρέφον-</span> 
     </span>
    </p>
   </div>
   <div class='ocr_carea' id='block_1_92' title="bbox 1040 1623 1832 1663">
    <p class='ocr_par' dir='ltr' id='par_1_92' title="bbox 1040 1623 1832 1663">
     <span class='ocr_line' id='line_1_92' title="bbox 1040 1623 1832 1663; baseline -0.008 -8"><span class='ocrx_word' id='word_1_692' title='bbox 1040 1637 1090 1661; x_wconf 86' lang='grc' dir='ltr'><strong>τας</strong></span> <span class='ocrx_word' id='word_1_693' title='bbox 1117 1629 1164 1655; x_wconf 73' lang='grc' dir='ltr'>καὶ</span> <span class='ocrx_word' id='word_1_694' title='bbox 1182 1627 1334 1663; x_wconf 73' lang='grc' dir='ltr'>ρωννύντας</span> <span class='ocrx_word' id='word_1_695' title='bbox 1356 1627 1389 1661; x_wconf 79' lang='grc' dir='ltr'>τῇ</span> <span class='ocrx_word' id='word_1_696' title='bbox 1406 1625 1459 1652; x_wconf 82' lang='grc' dir='ltr'><strong>τῶν</strong></span> <span class='ocrx_word' id='word_1_697' title='bbox 1487 1624 1694 1660; x_wconf 82' lang='grc' dir='ltr'>ἁμαρτημάτων</span> <span class='ocrx_word' id='word_1_698' title='bbox 1710 1623 1832 1658; x_wconf 73' lang='grc' dir='ltr'>ἐξουσίᾳ,</span> 
     </span>
    </p>
   </div>
   <div class='ocr_carea' id='block_1_93' title="bbox 1040 1669 1832 1710">
    <p class='ocr_par' dir='ltr' id='par_1_93' title="bbox 1040 1669 1832 1710">
     <span class='ocr_line' id='line_1_93' title="bbox 1040 1669 1832 1710; baseline -0.01 -8"><span class='ocrx_word' id='word_1_699' title='bbox 1040 1675 1097 1702; x_wconf 82' lang='grc' dir='ltr'>ἀλλ’</span> <span class='ocrx_word' id='word_1_700' title='bbox 1115 1674 1239 1702; x_wconf 69' lang='grc' dir='ltr'>ἐντεῦθεν</span> <span class='ocrx_word' id='word_1_701' title='bbox 1261 1673 1423 1710; x_wconf 81' lang='grc' dir='ltr'>νεκροῦντας</span> <span class='ocrx_word' id='word_1_702' title='bbox 1439 1672 1490 1708; x_wconf 68' lang='grc' dir='ltr'><strong>ἤδη</strong></span> <span class='ocrx_word' id='word_1_703' title='bbox 1506 1671 1554 1698; x_wconf 70' lang='grc' dir='ltr'>καὶ</span> <span class='ocrx_word' id='word_1_704' title='bbox 1567 1670 1687 1706; x_wconf 76' lang='grc' dir='ltr'>ἐξίτηλον</span> <span class='ocrx_word' id='word_1_705' title='bbox 1716 1669 1832 1703; x_wconf 62' lang='grc' dir='ltr'>ἀποφαί-</span> 
     </span>
    </p>
   </div>
   <div class='ocr_carea' id='block_1_94' title="bbox 1041 1715 1832 1755">
    <p class='ocr_par' dir='ltr' id='par_1_94' title="bbox 1041 1715 1832 1755">
     <span class='ocr_line' id='line_1_94' title="bbox 1041 1715 1832 1755; baseline -0.008 -8"><span class='ocrx_word' id='word_1_706' title='bbox 1041 1729 1145 1752; x_wconf 80' lang='grc' dir='ltr'>νοντας,</span> <span class='ocrx_word' id='word_1_707' title='bbox 1175 1720 1264 1755; x_wconf 80' lang='grc' dir='ltr'>ἀποχῇ</span> <span class='ocrx_word' id='word_1_708' title='bbox 1287 1719 1337 1754; x_wconf 77' lang='grc' dir='ltr'>τῆς</span> <span class='ocrx_word' id='word_1_709' title='bbox 1362 1718 1505 1754; x_wconf 79' lang='grc' dir='ltr'>πονηρίας,</span> <span class='ocrx_word' id='word_1_710' title='bbox 1531 1717 1574 1743; x_wconf 85' lang='grc' dir='ltr'>ἵνα</span> <span class='ocrx_word' id='word_1_711' title='bbox 1596 1717 1625 1742; x_wconf 84' lang='grc' dir='ltr'>ὲν</span> <span class='ocrx_word' id='word_1_712' title='bbox 1656 1716 1690 1751; x_wconf 81' lang='grc' dir='ltr'>τῇ</span> <span class='ocrx_word' id='word_1_713' title='bbox 1711 1715 1832 1742; x_wconf 78' lang='grc' dir='ltr'>διαλύσει</span> 
     </span>
    </p>
   </div>
   <div class='ocr_carea' id='block_1_95' title="bbox 1038 1761 1830 1802">
    <p class='ocr_par' dir='ltr' id='par_1_95' title="bbox 1038 1761 1830 1802">
     <span class='ocr_line' id='line_1_95' title="bbox 1038 1761 1830 1802; baseline -0.008 -9"><span class='ocrx_word' id='word_1_714' title='bbox 1038 1767 1124 1802; x_wconf 81' lang='grc' dir='ltr'>ταύτῃ</span> <span class='ocrx_word' id='word_1_715' title='bbox 1136 1765 1298 1802; x_wconf 78' lang='grc' dir='ltr'>διαφορηθὲν</span> <span class='ocrx_word' id='word_1_716' title='bbox 1315 1765 1362 1791; x_wconf 76' lang='grc' dir='ltr'>καὶ</span> <span class='ocrx_word' id='word_1_717' title='bbox 1375 1762 1540 1791; x_wconf 81' lang='grc' dir='ltr'>διαπνεῦσαν</span> <span class='ocrx_word' id='word_1_718' title='bbox 1555 1762 1594 1799; x_wconf 84' lang='grc' dir='ltr'><strong>(ϐ)</strong></span> <span class='ocrx_word' id='word_1_719' title='bbox 1608 1761 1688 1798; x_wconf 78' lang='grc' dir='ltr'>λάθῃ,</span> <span class='ocrx_word' id='word_1_720' title='bbox 1705 1761 1777 1788; x_wconf 79' lang='grc' dir='ltr'>ἀλλὰ</span> <span class='ocrx_word' id='word_1_721' title='bbox 1794 1762 1830 1796; x_wconf 78' lang='grc' dir='ltr'>μὴ</span> 
     </span>
    </p>
   </div>
   <div class='ocr_carea' id='block_1_96' title="bbox 1039 1806 1831 1843">
    <p class='ocr_par' dir='ltr' id='par_1_96' title="bbox 1039 1806 1831 1843">
     <span class='ocr_line' id='line_1_96' title="bbox 1039 1806 1831 1843; baseline -0.006 -6"><span class='ocrx_word' id='word_1_722' title='bbox 1039 1810 1099 1837; x_wconf 85' lang='grc' dir='ltr'>καθ’</span> <span class='ocrx_word' id='word_1_723' title='bbox 1127 1810 1191 1837; x_wconf 86' lang='grc' dir='ltr'>αὑτό</span> <span class='ocrx_word' id='word_1_724' title='bbox 1219 1818 1291 1841; x_wconf 84' lang='grc' dir='ltr'>τινος</span> <span class='ocrx_word' id='word_1_725' title='bbox 1310 1809 1483 1840; x_wconf 79' lang='grc' dir='ltr'>ὑποστάσεως</span> <span class='ocrx_word' id='word_1_726' title='bbox 1508 1807 1666 1843; x_wconf 76' lang='grc' dir='ltr'>λαϐόμενον,</span> <span class='ocrx_word' id='word_1_727' title='bbox 1682 1806 1734 1842; x_wconf 80' lang='grc' dir='ltr'>τὴν</span> <span class='ocrx_word' id='word_1_728' title='bbox 1755 1807 1831 1842; x_wconf 71' lang='grc' dir='ltr'>ἰσχὺν</span> 
     </span>
    </p>
   </div>
   <div class='ocr_carea' id='block_1_97' title="bbox 1038 1852 1650 1892">
    <p class='ocr_par' dir='ltr' id='par_1_97' title="bbox 1038 1852 1650 1892">
     <span class='ocr_line' id='line_1_97' title="bbox 1038 1852 1650 1892; baseline -0.007 -10"><span class='ocrx_word' id='word_1_729' title='bbox 1038 1856 1087 1892; x_wconf 80' lang='grc' dir='ltr'><strong>ἔχῃ</strong></span> <span class='ocrx_word' id='word_1_730' title='bbox 1107 1855 1264 1890; x_wconf 83' lang='grc' dir='ltr'>παράμονον</span> <span class='ocrx_word' id='word_1_731' title='bbox 1279 1855 1308 1880; x_wconf 78' lang='grc' dir='ltr'>ὲν</span> <span class='ocrx_word' id='word_1_732' title='bbox 1324 1855 1356 1889; x_wconf 81' lang='grc' dir='ltr'><strong>τῇ</strong></span> <span class='ocrx_word' id='word_1_733' title='bbox 1371 1853 1415 1880; x_wconf 88' lang='grc' dir='ltr'><strong>διὰ</strong></span> <span class='ocrx_word' id='word_1_734' title='bbox 1432 1852 1517 1889; x_wconf 72' lang='grc' dir='ltr'>πυρὸς</span> <span class='ocrx_word' id='word_1_735' title='bbox 1532 1852 1650 1887; x_wconf 80' lang='grc' dir='ltr'>διεξόδῳ.</span> 
     </span>
    </p>
   </div>
   <div class='ocr_carea' id='block_1_98' title="bbox 1072 1907 1829 1945">
    <p class='ocr_par' dir='ltr' id='par_1_98' title="bbox 1072 1907 1829 1945">
     <span class='ocr_line' id='line_1_98' title="bbox 1072 1907 1829 1945; baseline -0.007 -7"><span class='ocrx_word' id='word_1_736' title='bbox 1072 1912 1133 1938; x_wconf 75' lang='lat' dir='ltr'><strong>Nl“.</strong></span> <span class='ocrx_word' id='word_1_737' title='bbox 1151 1911 1236 1938; x_wconf 84' lang='grc' dir='ltr'>Τοῦτο</span> <span class='ocrx_word' id='word_1_738' title='bbox 1253 1910 1377 1941; x_wconf 59' lang='lat' dir='ltr'><strong>fifth-tor</strong></span> <span class='ocrx_word' id='word_1_739' title='bbox 1393 1909 1555 1945; x_wconf 70' lang='grc' dir='ltr'>ὀνομάζεται</span> <span class='ocrx_word' id='word_1_740' title='bbox 1573 1908 1696 1944; x_wconf 75' lang='grc' dir='ltr'>συμφυὲς</span> <span class='ocrx_word' id='word_1_741' title='bbox 1713 1909 1746 1943; x_wconf 79' lang='grc' dir='ltr'><strong>τῇ</strong></span> <span class='ocrx_word' id='word_1_742' title='bbox 1757 1907 1829 1942; x_wconf 72' lang='grc' dir='ltr'>ψυχῇ</span> 
     </span>
    </p>
   </div>
   <div class='ocr_carea' id='block_1_99' title="bbox 1035 1954 1829 1994">
    <p class='ocr_par' dir='ltr' id='par_1_99' title="bbox 1035 1954 1829 1994">
     <span class='ocr_line' id='line_1_99' title="bbox 1035 1954 1829 1994; baseline -0.005 -10"><span class='ocrx_word' id='word_1_743' title='bbox 1035 1958 1075 1994; x_wconf 82' lang='grc' dir='ltr'>τῷ</span> <span class='ocrx_word' id='word_1_744' title='bbox 1088 1957 1198 1993; x_wconf 83' lang='grc' dir='ltr'>χρηστῷ</span> <span class='ocrx_word' id='word_1_745' title='bbox 1214 1957 1361 1992; x_wconf 82' lang='grc' dir='ltr'>σπέρματι.</span> <span class='ocrx_word' id='word_1_746' title='bbox 1379 1955 1465 1982; x_wconf 82' lang='grc' dir='ltr'>Τοῦτο</span> <span class='ocrx_word' id='word_1_747' title='bbox 1481 1955 1527 1982; x_wconf 75' lang='grc' dir='ltr'>καὶ</span> <span class='ocrx_word' id='word_1_748' title='bbox 1547 1955 1658 1990; x_wconf 82' lang='grc' dir='ltr'>σπέρμα</span> <span class='ocrx_word' id='word_1_749' title='bbox 1673 1954 1721 1981; x_wconf 81' lang='grc' dir='ltr'>τοῦ</span> <span class='ocrx_word' id='word_1_750' title='bbox 1739 1954 1829 1981; x_wconf 76' lang='grc' dir='ltr'>διαϐό-</span> 
     </span>
    </p>
   </div>
   <div class='ocr_carea' id='block_1_100' title="bbox 1036 1998 1829 2037">
    <p class='ocr_par' dir='ltr' id='par_1_100' title="bbox 1036 1998 1829 2037">
     <span class='ocr_line' id='line_1_100' title="bbox 1036 1998 1829 2037; baseline -0.005 -9"><span class='ocrx_word' id='word_1_751' title='bbox 1036 2002 1081 2029; x_wconf 85' lang='grc' dir='ltr'><strong>λου</strong></span> <span class='ocrx_word' id='word_1_752' title='bbox 1103 2003 1140 2034; x_wconf 83' lang='grc' dir='ltr'>ώς</span> <span class='ocrx_word' id='word_1_753' title='bbox 1157 2001 1298 2037; x_wconf 81' lang='grc' dir='ltr'>ὁμοούσιον</span> <span class='ocrx_word' id='word_1_754' title='bbox 1323 2001 1429 2036; x_wconf 75' lang='grc' dir='ltr'>ἐκείνῳ,</span> <span class='ocrx_word' id='word_1_755' title='bbox 1450 2000 1496 2027; x_wconf 77' lang='grc' dir='ltr'>καὶ</span> <span class='ocrx_word' id='word_1_756' title='bbox 1510 2000 1571 2034; x_wconf 72' lang='grc' dir='ltr'>ὄφις</span> <span class='ocrx_word' id='word_1_757' title='bbox 1599 2000 1646 2026; x_wconf 74' lang='grc' dir='ltr'>καὶ</span> <span class='ocrx_word' id='word_1_758' title='bbox 1671 1998 1829 2034; x_wconf 83' lang='grc' dir='ltr'>διαπτερνι-</span> 
     </span>
    </p>
   </div>
   <div class='ocr_carea' id='block_1_101' title="bbox 1036 2045 1827 2084">
    <p class='ocr_par' dir='ltr' id='par_1_101' title="bbox 1036 2045 1827 2084">
     <span class='ocr_line' id='line_1_101' title="bbox 1036 2045 1827 2084; baseline -0.005 -9"><span class='ocrx_word' id='word_1_759' title='bbox 1036 2048 1111 2084; x_wconf 78' lang='grc' dir='ltr'>στὴς,</span> <span class='ocrx_word' id='word_1_760' title='bbox 1140 2049 1186 2074; x_wconf 76' lang='grc' dir='ltr'>καὶ</span> <span class='ocrx_word' id='word_1_761' title='bbox 1209 2047 1309 2084; x_wconf 79' lang='grc' dir='ltr'>λῃστὴς</span> <span class='ocrx_word' id='word_1_762' title='bbox 1341 2047 1527 2082; x_wconf 77' lang='grc' dir='ltr'>ἐπιτιθέμενος</span> <span class='ocrx_word' id='word_1_763' title='bbox 1554 2046 1658 2081; x_wconf 82' lang='grc' dir='ltr'>κεφαλῇ</span> <span class='ocrx_word' id='word_1_764' title='bbox 1685 2045 1827 2080; x_wconf 76' lang='grc' dir='ltr'>βασιλέως.</span> 
     </span>
    </p>
   </div>
   <div class='ocr_carea' id='block_1_102' title="bbox 1036 2091 1829 2130">
    <p class='ocr_par' dir='ltr' id='par_1_102' title="bbox 1036 2091 1829 2130">
     <span class='ocr_line' id='line_1_102' title="bbox 1036 2091 1829 2130; baseline -0.005 -9"><span class='ocrx_word' id='word_1_765' title='bbox 1036 2095 1118 2130; x_wconf 85' lang='grc' dir='ltr'>Ἔσχε</span> <span class='ocrx_word' id='word_1_766' title='bbox 1152 2094 1209 2120; x_wconf 81' lang='grc' dir='ltr'><strong>δ’ὲό</strong></span> <span class='ocrx_word' id='word_1_767' title='bbox 1242 2093 1327 2128; x_wconf 79' lang='grc' dir='ltr'>Ἀδὰμ</span> <span class='ocrx_word' id='word_1_768' title='bbox 1349 2092 1455 2128; x_wconf 86' lang='grc' dir='ltr'>ἀδήλως</span> <span class='ocrx_word' id='word_1_769' title='bbox 1480 2091 1554 2127; x_wconf 71' lang='grc' dir='ltr'>αὐτῷ</span> <span class='ocrx_word' id='word_1_770' title='bbox 1579 2092 1631 2118; x_wconf 70' lang='grc' dir='ltr'><strong>ὑπὸ</strong></span> <span class='ocrx_word' id='word_1_771' title='bbox 1646 2092 1697 2126; x_wconf 84' lang='grc' dir='ltr'>τῆς</span> <span class='ocrx_word' id='word_1_772' title='bbox 1729 2091 1829 2126; x_wconf 65' lang='lat' dir='ltr'><strong>Empta;</strong></span> 
     </span>
    </p>
   </div>
   <div class='ocr_carea' id='block_1_103' title="bbox 1033 2137 1827 2174">
    <p class='ocr_par' dir='ltr' id='par_1_103' title="bbox 1033 2137 1827 2174">
     <span class='ocr_line' id='line_1_103' title="bbox 1033 2137 1827 2174; baseline -0.005 -8"><span class='ocrx_word' id='word_1_773' title='bbox 1033 2139 1168 2174; x_wconf 79' lang='grc' dir='ltr'>ὲνσπαρὲν</span> <span class='ocrx_word' id='word_1_774' title='bbox 1187 2139 1216 2165; x_wconf 86' lang='grc' dir='ltr'>τὸ</span> <span class='ocrx_word' id='word_1_775' title='bbox 1239 2139 1348 2174; x_wconf 79' lang='grc' dir='ltr'>σπέρμα</span> <span class='ocrx_word' id='word_1_776' title='bbox 1363 2139 1394 2165; x_wconf 79' lang='grc' dir='ltr'>τὸ</span> <span class='ocrx_word' id='word_1_777' title='bbox 1407 2138 1591 2173; x_wconf 76' lang='grc' dir='ltr'>πνευματικὸν</span> <span class='ocrx_word' id='word_1_778' title='bbox 1605 2138 1645 2168; x_wconf 82' lang='grc' dir='ltr'>εἰς</span> <span class='ocrx_word' id='word_1_779' title='bbox 1660 2137 1710 2172; x_wconf 83' lang='grc' dir='ltr'>τὴν</span> <span class='ocrx_word' id='word_1_780' title='bbox 1726 2137 1827 2172; x_wconf 71' lang='grc' dir='ltr'>ψυχὴν,</span> 
     </span>
    </p>
   </div>
   <div class='ocr_carea' id='block_1_104' title="bbox 1033 2183 1829 2221">
    <p class='ocr_par' dir='ltr' id='par_1_104' title="bbox 1033 2183 1829 2221">
     <span class='ocr_line' id='line_1_104' title="bbox 1033 2183 1829 2221; baseline -0.004 -9"><span class='ocrx_word' id='word_1_781' title='bbox 1033 2185 1191 2221; x_wconf 75' lang='grc' dir='ltr'>διαταγεὶς,</span> <span class='ocrx_word' id='word_1_782' title='bbox 1207 2185 1283 2220; x_wconf 78' lang='grc' dir='ltr'>φησὶ,</span> <span class='ocrx_word' id='word_1_783' title='bbox 1301 2184 1338 2210; x_wconf 84' lang='grc' dir='ltr'><strong>δι’</strong></span> <span class='ocrx_word' id='word_1_784' title='bbox 1352 2184 1487 2219; x_wconf 59' lang='grc' dir='ltr'><strong>ἀγγέλων</strong></span> <span class='ocrx_word' id='word_1_785' title='bbox 1503 2184 1537 2210; x_wconf 77' lang='grc' dir='ltr'>ἐν</span> <span class='ocrx_word' id='word_1_786' title='bbox 1553 2184 1629 2218; x_wconf 80' lang='grc' dir='ltr'>χειρὶ</span> <span class='ocrx_word' id='word_1_787' title='bbox 1640 2183 1781 2218; x_wconf 77' lang='grc' dir='ltr'>μεσίτου.</span> <span class='ocrx_word' id='word_1_788' title='bbox 1800 2183 1829 2209; x_wconf 88' lang='lat'><strong>&#39;0</strong></span> 
     </span>
    </p>
   </div>
   <div class='ocr_carea' id='block_1_105' title="bbox 1033 2228 1829 2267">
    <p class='ocr_par' dir='ltr' id='par_1_105' title="bbox 1033 2228 1829 2267">
     <span class='ocr_line' id='line_1_105' title="bbox 1033 2228 1829 2267; baseline -0.004 -8"><span class='ocrx_word' id='word_1_789' title='bbox 1033 2233 1067 2259; x_wconf 83' lang='grc' dir='ltr'>δὲ</span> <span class='ocrx_word' id='word_1_790' title='bbox 1078 2232 1205 2267; x_wconf 81' lang='grc' dir='ltr'>μεσίτης</span> <span class='ocrx_word' id='word_1_791' title='bbox 1218 2231 1286 2264; x_wconf 81' lang='grc' dir='ltr'>ἑνὸς</span> <span class='ocrx_word' id='word_1_792' title='bbox 1301 2232 1357 2257; x_wconf 83' lang='grc' dir='ltr'>οὐκ</span> <span class='ocrx_word' id='word_1_793' title='bbox 1374 2231 1467 2258; x_wconf 72' lang='grc' dir='ltr'>ἐστιν·</span> <span class='ocrx_word' id='word_1_794' title='bbox 1485 2230 1541 2257; x_wconf 60' lang='grc' dir='ltr'><strong>ὁνδὲ</strong></span> <span class='ocrx_word' id='word_1_795' title='bbox 1557 2230 1623 2262; x_wconf 81' lang='grc' dir='ltr'>Θεὸς</span> <span class='ocrx_word' id='word_1_796' title='bbox 1633 2228 1674 2262; x_wconf 73' lang='grc' dir='ltr'>εἷς</span> <span class='ocrx_word' id='word_1_797' title='bbox 1685 2231 1770 2256; x_wconf 74' lang='grc' dir='ltr'>ἐστιν.</span> <span class='ocrx_word' id='word_1_798' title='bbox 1789 2231 1829 2256; x_wconf 76' lang='grc' dir='ltr'><strong>Δι’</strong></span> 
     </span>
    </p>
   </div>
   <div class='ocr_carea' id='block_1_106' title="bbox 1033 2274 1829 2312">
    <p class='ocr_par' dir='ltr' id='par_1_106' title="bbox 1033 2274 1829 2312">
     <span class='ocr_line' id='line_1_106' title="bbox 1033 2274 1829 2312; baseline -0.004 -8"><span class='ocrx_word' id='word_1_799' title='bbox 1033 2277 1156 2312; x_wconf 81' lang='grc' dir='ltr'>ἀγγέλων</span> <span class='ocrx_word' id='word_1_800' title='bbox 1182 2274 1228 2304; x_wconf 83' lang='grc' dir='ltr'>οὖν</span> <span class='ocrx_word' id='word_1_801' title='bbox 1249 2276 1303 2302; x_wconf 84' lang='grc' dir='ltr'><strong>τῶν</strong></span> <span class='ocrx_word' id='word_1_802' title='bbox 1321 2275 1442 2312; x_wconf 71' lang='grc' dir='ltr'>ἀρρένων</span> <span class='ocrx_word' id='word_1_803' title='bbox 1470 2275 1505 2302; x_wconf 79' lang='grc' dir='ltr'><strong>τὰ</strong></span> <span class='ocrx_word' id='word_1_804' title='bbox 1520 2275 1665 2311; x_wconf 77' lang='grc' dir='ltr'>σπέρματα</span> <span class='ocrx_word' id='word_1_805' title='bbox 1680 2276 1829 2311; x_wconf 74' lang='grc' dir='ltr'>ὑπηρετεῖ-</span> 
     </span>
    </p>
   </div>
   <div class='ocr_carea' id='block_1_107' title="bbox 1032 2321 1826 2358">
    <p class='ocr_par' dir='ltr' id='par_1_107' title="bbox 1032 2321 1826 2358">
     <span class='ocr_line' id='line_1_107' title="bbox 1032 2321 1826 2358; baseline -0.005 -8"><span class='ocrx_word' id='word_1_806' title='bbox 1032 2332 1077 2350; x_wconf 85' lang='grc' dir='ltr'><strong>ται</strong></span> <span class='ocrx_word' id='word_1_807' title='bbox 1102 2323 1137 2349; x_wconf 80' lang='grc' dir='ltr'>τὰ</span> <span class='ocrx_word' id='word_1_808' title='bbox 1165 2323 1205 2354; x_wconf 84' lang='grc' dir='ltr'>εῑς</span> <span class='ocrx_word' id='word_1_809' title='bbox 1227 2323 1333 2356; x_wconf 81' lang='grc' dir='ltr'>γένεσιν</span> <span class='ocrx_word' id='word_1_810' title='bbox 1349 2321 1534 2358; x_wconf 70' lang='grc' dir='ltr'>προϐληθέντα</span> <span class='ocrx_word' id='word_1_811' title='bbox 1562 2321 1614 2347; x_wconf 77' lang='grc' dir='ltr'><strong>ὑπὸ</strong></span> <span class='ocrx_word' id='word_1_812' title='bbox 1639 2321 1690 2356; x_wconf 85' lang='grc' dir='ltr'><strong>τῆς</strong></span> <span class='ocrx_word' id='word_1_813' title='bbox 1713 2321 1826 2355; x_wconf 79' lang='grc' dir='ltr'>Σοφίας,</span> 
     </span>
    </p>
   </div>
   <div class='ocr_carea' id='block_1_108' title="bbox 1033 2366 1826 2404">
    <p class='ocr_par' dir='ltr' id='par_1_108' title="bbox 1033 2366 1826 2404">
     <span class='ocr_line' id='line_1_108' title="bbox 1033 2366 1826 2404; baseline -0.006 -8"><span class='ocrx_word' id='word_1_814' title='bbox 1033 2369 1100 2396; x_wconf 82' lang='grc' dir='ltr'>καθὸ</span> <span class='ocrx_word' id='word_1_815' title='bbox 1114 2369 1231 2404; x_wconf 77' lang='grc' dir='ltr'>ἐγχωρεῖ</span> <span class='ocrx_word' id='word_1_816' title='bbox 1254 2367 1388 2402; x_wconf 80' lang='grc' dir='ltr'>γίνεσθαι.</span> <span class='ocrx_word' id='word_1_817' title='bbox 1406 2367 1471 2392; x_wconf 65' lang='lat' dir='ltr'><strong>&quot;At:</strong></span> <span class='ocrx_word' id='word_1_818' title='bbox 1486 2366 1540 2402; x_wconf 87' lang='grc' dir='ltr'><strong>γὰρ</strong></span> <span class='ocrx_word' id='word_1_819' title='bbox 1561 2366 1744 2402; x_wconf 82' lang='grc' dir='ltr'>Δημιουργὺς,</span> <span class='ocrx_word' id='word_1_820' title='bbox 1760 2366 1826 2401; x_wconf 80' lang='grc' dir='ltr'><strong>ἁδή-</strong></span> 
     </span>
    </p>
   </div>
   <div class='ocr_carea' id='block_1_109' title="bbox 1664 2443 1825 2474">
    <p class='ocr_par' dir='ltr' id='par_1_109' title="bbox 1664 2443 1825 2474">
     <span class='ocr_line' id='line_1_109' title="bbox 1664 2443 1825 2474; baseline -0.012 -3"><span class='ocrx_word' id='word_1_821' title='bbox 1664 2449 1677 2462; x_wconf 78' lang='grc' dir='ltr'><strong>ο</strong></span> <span class='ocrx_word' id='word_1_822' title='bbox 1695 2443 1825 2474; x_wconf 62' lang='grc' dir='ltr'>ιιθιιιω,</span> 
     </span>
    </p>
   </div>
   <div class='ocr_carea' id='block_1_110' title="bbox 1562 2478 1825 2511">
    <p class='ocr_par' dir='ltr' id='par_1_110' title="bbox 1562 2478 1825 2511">
     <span class='ocr_line' id='line_1_110' title="bbox 1562 2478 1825 2511; baseline 0 -6"><span class='ocrx_word' id='word_1_823' title='bbox 1562 2484 1570 2498; x_wconf 83' lang='grc' dir='ltr'><strong>ι</strong></span> <span class='ocrx_word' id='word_1_824' title='bbox 1591 2478 1688 2506; x_wconf 83' lang='lat' dir='ltr'><strong>Matth.</strong></span> <span class='ocrx_word' id='word_1_825' title='bbox 1705 2486 1767 2511; x_wconf 79' lang='lat' dir='ltr'><strong>xttt,</strong></span> <span class='ocrx_word' id='word_1_826' title='bbox 1788 2479 1825 2505; x_wconf 73' lang='lat'><strong>25</strong></span> 
     </span>
    </p>
   </div>
   <div class='ocr_carea' id='block_1_111' title="bbox 1031 2590 1823 2626">
    <p class='ocr_par' dir='ltr' id='par_1_111' title="bbox 1031 2590 1823 2626">
     <span class='ocr_line' id='line_1_111' title="bbox 1031 2590 1823 2626; baseline -0.001 -9"><span class='ocrx_word' id='word_1_827' title='bbox 1031 2598 1134 2617; x_wconf 90' lang='lat' dir='ltr'><strong>moram</strong></span> <span class='ocrx_word' id='word_1_828' title='bbox 1153 2590 1245 2621; x_wconf 88' lang='lat' dir='ltr'><strong>faciat,</strong></span> <span class='ocrx_word' id='word_1_829' title='bbox 1266 2591 1330 2618; x_wconf 89' lang='lat' dir='ltr'><strong>dum</strong></span> <span class='ocrx_word' id='word_1_830' title='bbox 1346 2591 1398 2619; x_wconf 89' lang='lat' dir='ltr'><strong>erit</strong></span> <span class='ocrx_word' id='word_1_831' title='bbox 1414 2591 1563 2618; x_wconf 85' lang='lat' dir='ltr'><strong>transitura</strong></span> <span class='ocrx_word' id='word_1_832' title='bbox 1584 2598 1633 2626; x_wconf 88' lang='lat' dir='ltr'><strong>per</strong></span> <span class='ocrx_word' id='word_1_833' title='bbox 1648 2591 1751 2626; x_wconf 79' lang='lat' dir='ltr'><strong>ignem.</strong></span> <span class='ocrx_word' id='word_1_834' title='bbox 1784 2590 1823 2616; x_wconf 82' lang='lat' dir='ltr'><strong>De</strong></span> 
     </span>
    </p>
   </div>
   <div class='ocr_carea' id='block_1_112' title="bbox 1031 2626 1821 2662">
    <p class='ocr_par' dir='ltr' id='par_1_112' title="bbox 1031 2626 1821 2662">
     <span class='ocr_line' id='line_1_112' title="bbox 1031 2626 1821 2662; baseline 0 -10"><span class='ocrx_word' id='word_1_835' title='bbox 1031 2633 1147 2662; x_wconf 81' lang='lat' dir='ltr'><strong>corpore</strong></span> <span class='ocrx_word' id='word_1_836' title='bbox 1166 2627 1258 2653; x_wconf 87' lang='lat' dir='ltr'><strong>carnis</strong></span> <span class='ocrx_word' id='word_1_837' title='bbox 1273 2626 1383 2662; x_wconf 83' lang='lat' dir='ltr'><strong>vitaque</strong></span> <span class='ocrx_word' id='word_1_838' title='bbox 1396 2626 1546 2662; x_wconf 19' lang='lat' dir='ltr'><strong>carnaliretr</strong></span> <span class='ocrx_word' id='word_1_839' title='bbox 1558 2626 1759 2662; x_wconf 20' lang='lat' dir='ltr'><strong>peccatornihil</strong></span> <span class='ocrx_word' id='word_1_840' title='bbox 1769 2626 1821 2652; x_wconf 84' lang='lat' dir='ltr'><strong>ab-</strong></span> 
     </span>
    </p>
   </div>
   <div class='ocr_carea' id='block_1_113' title="bbox 1029 2660 1821 2696">
    <p class='ocr_par' dir='ltr' id='par_1_113' title="bbox 1029 2660 1821 2696">
     <span class='ocr_line' id='line_1_113' title="bbox 1029 2660 1821 2696; baseline 0.001 -9"><span class='ocrx_word' id='word_1_841' title='bbox 1029 2660 1165 2696; x_wconf 83' lang='lat' dir='ltr'><strong>horreret,</strong></span> <span class='ocrx_word' id='word_1_842' title='bbox 1190 2660 1349 2696; x_wconf 85' lang='lat' dir='ltr'><strong>metaphora</strong></span> <span class='ocrx_word' id='word_1_843' title='bbox 1376 2661 1459 2689; x_wconf 87' lang='lat' dir='ltr'><strong>ducta</strong></span> <span class='ocrx_word' id='word_1_844' title='bbox 1484 2661 1519 2688; x_wconf 90' lang='lat' dir='ltr'><strong>ab</strong></span> <span class='ocrx_word' id='word_1_845' title='bbox 1540 2661 1574 2689; x_wconf 90' lang='lat' dir='ltr'><strong>iis</strong></span> <span class='ocrx_word' id='word_1_846' title='bbox 1600 2661 1649 2695; x_wconf 89' lang='lat' dir='ltr'><strong>qui</strong></span> <span class='ocrx_word' id='word_1_847' title='bbox 1674 2661 1727 2696; x_wconf 91' lang='lat' dir='ltr'><strong>ipsi</strong></span> <span class='ocrx_word' id='word_1_848' title='bbox 1743 2661 1821 2688; x_wconf 82' lang='lat' dir='ltr'><strong>litem</strong></span> 
     </span>
    </p>
   </div>
   <div class='ocr_carea' id='block_1_114' title="bbox 1028 2695 1820 2730">
    <p class='ocr_par' dir='ltr' id='par_1_114' title="bbox 1028 2695 1820 2730">
     <span class='ocr_line' id='line_1_114' title="bbox 1028 2695 1820 2730; baseline 0 -8"><span class='ocrx_word' id='word_1_849' title='bbox 1028 2695 1161 2723; x_wconf 89' lang='lat' dir='ltr'><strong>dirimunt</strong></span> <span class='ocrx_word' id='word_1_850' title='bbox 1175 2695 1282 2730; x_wconf 84' lang='lat' dir='ltr'><strong>sibique</strong></span> <span class='ocrx_word' id='word_1_851' title='bbox 1301 2697 1413 2729; x_wconf 87' lang='lat' dir='ltr'><strong>donant,</strong></span> <span class='ocrx_word' id='word_1_852' title='bbox 1430 2700 1477 2724; x_wconf 85' lang='lat' dir='ltr'><strong>aut</strong></span> <span class='ocrx_word' id='word_1_853' title='bbox 1487 2696 1581 2724; x_wconf 87' lang='lat' dir='ltr'><strong>mitius</strong></span> <span class='ocrx_word' id='word_1_854' title='bbox 1596 2695 1704 2730; x_wconf 83' lang='lat' dir='ltr'><strong>justum</strong></span> <span class='ocrx_word' id='word_1_855' title='bbox 1715 2695 1820 2722; x_wconf 77' lang='lat' dir='ltr'><strong>faciunt</strong></span> 
     </span>
    </p>
   </div>
   <div class='ocr_carea' id='block_1_115' title="bbox 1028 2731 1818 2793">
    <p class='ocr_par' dir='ltr' id='par_1_115' title="bbox 1028 2731 1818 2793">
     <span class='ocr_line' id='line_1_115' title="bbox 1028 2731 1818 2793; baseline 0.001 -36"><span class='ocrx_word' id='word_1_856' title='bbox 1028 2735 1174 2793; x_wconf 51' lang='lat' dir='ltr'><strong>antequam</strong></span> <span class='ocrx_word' id='word_1_857' title='bbox 1204 2731 1306 2766; x_wconf 86' lang='lat' dir='ltr'><strong>judicis</strong></span> <span class='ocrx_word' id='word_1_858' title='bbox 1337 2732 1471 2760; x_wconf 85' lang='lat' dir='ltr'><strong>sententia</strong></span> <span class='ocrx_word' id='word_1_859' title='bbox 1502 2731 1640 2760; x_wconf 84' lang='lat' dir='ltr'><strong>severiore</strong></span> <span class='ocrx_word' id='word_1_860' title='bbox 1672 2735 1818 2767; x_wconf 74' lang='lat' dir='ltr'><strong>cogantur.</strong></span> 
     </span>
     <span class='ocr_line' id='line_1_116' title="bbox 1051 2773 1146 2793; baseline 0 -1"><span class='ocrx_word' id='word_1_861' title='bbox 1051 2773 1146 2793; x_wconf 71' lang='lat' dir='ltr'><strong>ouser.</strong></span> 
     </span>
    </p>
   </div>
   <div class='ocr_carea' id='block_1_116' title="bbox 1051 2773 1146 2793">
    <p class='ocr_par' dir='ltr' id='par_1_116' title="bbox 1051 2773 1146 2793">
     <span class='ocr_line' id='line_1_117' title="bbox 1051 2773 1146 2793; baseline 0 -1"><span class='ocrx_word' id='word_1_862' title='bbox 1051 2773 1146 2793; x_wconf 74' lang='lat' dir='ltr'><strong>OIBEF.</strong></span> 
     </span>
    </p>
   </div>
   <div class='ocr_carea' id='block_1_117' title="bbox 1064 2799 1816 2863">
    <p class='ocr_par' dir='ltr' id='par_1_117' title="bbox 1064 2799 1816 2863">
     <span class='ocr_line' id='line_1_118' title="bbox 1064 2799 1816 2863; baseline 0.004 -36"><span class='ocrx_word' id='word_1_863' title='bbox 1064 2801 1102 2863; x_wconf 49' lang='grc' dir='ltr'><strong>(δῖ</strong></span> <span class='ocrx_word' id='word_1_864' title='bbox 1118 2801 1317 2843; x_wconf 53' lang='lat' dir='ltr'><strong>Amani-agr.</strong></span> <span class='ocrx_word' id='word_1_865' title='bbox 1328 2801 1385 2831; x_wconf 82' lang='lat' dir='ltr'><strong>Hac</strong></span> <span class='ocrx_word' id='word_1_866' title='bbox 1395 2809 1461 2830; x_wconf 88' lang='lat' dir='ltr'><strong>voce</strong></span> <span class='ocrx_word' id='word_1_867' title='bbox 1474 2801 1562 2830; x_wconf 86' lang='lat' dir='ltr'><strong>utitur</strong></span> <span class='ocrx_word' id='word_1_868' title='bbox 1572 2801 1702 2830; x_wconf 86' lang='lat' dir='ltr'><strong>Clemens</strong></span> <span class='ocrx_word' id='word_1_869' title='bbox 1716 2799 1816 2830; x_wconf 68' lang='lat' dir='ltr'><strong>Stravit.</strong></span> 
     </span>
     <span class='ocr_line' id='line_1_119' title="bbox 1072 2835 1305 2863; baseline 0 0"><span class='ocrx_word' id='word_1_870' title='bbox 1072 2836 1083 2863; x_wconf 81' lang='lat' dir='ltr'><strong>i</strong></span> <span class='ocrx_word' id='word_1_871' title='bbox 1108 2836 1122 2862; x_wconf 87' lang='lat'><strong>&#39;1</strong></span> <span class='ocrx_word' id='word_1_872' title='bbox 1135 2836 1201 2863; x_wconf 85' lang='lat' dir='ltr'><strong>edit.</strong></span> <span class='ocrx_word' id='word_1_873' title='bbox 1217 2835 1305 2863; x_wconf 79' lang='lat' dir='ltr'><strong>Paris.</strong></span> 
     </span>
    </p>
   </div>
   <div class='ocr_carea' id='block_1_118' title="bbox 1029 2835 1305 2871">
    <p class='ocr_par' dir='ltr' id='par_1_118' title="bbox 1029 2835 1305 2871">
     <span class='ocr_line' id='line_1_120' title="bbox 1029 2835 1305 2871; baseline 0.004 -7"><span class='ocrx_word' id='word_1_874' title='bbox 1029 2844 1055 2871; x_wconf 91' lang='lat' dir='ltr'><strong>p.</strong></span> <span class='ocrx_word' id='word_1_875' title='bbox 1072 2835 1122 2863; x_wconf 78' lang='lat' dir='ltr'><strong>H7</strong></span> <span class='ocrx_word' id='word_1_876' title='bbox 1135 2835 1201 2865; x_wconf 82' lang='lat' dir='ltr'><strong>edit.</strong></span> <span class='ocrx_word' id='word_1_877' title='bbox 1217 2835 1305 2865; x_wconf 79' lang='lat' dir='ltr'><strong>Paris.</strong></span> 
     </span>
    </p>
   </div>
  </div>
