1934 3075
99 132 156 161 685

465 136 579 164 DUBIA.
596 155 629 158 —
650 138 834 166 EXCERPTA
855 140 899 167 EX
918 141 1075 169 SCRIPTIS
1093 142 1279 178 THEODOTI,
1299 145 1376 174 ETC.

1680 151 1734 180 686

97 194 153 226 λως
172 195 330 231 κινούμενος
349 197 400 223 ὑπὸ
425 197 473 232 τῆς
486 197 595 232 Σοφίας,
611 198 696 225 οἴεται
713 200 880 236 αὺτοκίνητος

939 206 1026 234 vetur,
1044 210 1058 228 a
1077 210 1106 230 se
1119 204 1222 231 moveri
1241 205 1299 239 ipse
1314 209 1402 240 putat,
1420 206 1546 235 similiter
1560 212 1586 234 et
1595 207 1733 240 homines.

95 239 181 269 εἶναι·
197 242 298 277 ὁμοίως
320 243 368 270 καὶ
387 244 411 270 oi
426 244 572 280 ἄνθρωποι.
589 245 700 281 Πρῶτον
720 243 766 272 οὖν
781 247 890 282 σπέρμα

95 289 285 324 πνευματικὸν
299 289 330 315 τὺ
343 290 372 316 ὲν
385 289 425 325 τῷ
451 290 536 326 Ἀδὰμ
552 292 726 328 προέϐαλενή
743 294 836 328 Σοφία,
848 295 890 321 ἵνα

94 332 161 371 ᾗτδ
183 335 279 362 ὀστοῦν
303 336 319 372 ἠ
344 335 438 373 λογικὴ
461 338 507 364 καὶ
526 338 637 374 οὐρανία
657 339 729 375 ψυχὴ
753 340 789 376 μὴ
813 342 888 377 κενὴ,

93 382 166 409 ἀλλὰ
183 382 282 418 μυελοῦ
293 383 415 418 γέμουσα
426 385 621 420 πνευματικοῦ.

127 441 192 466 ΝΔ’.
216 440 282 467 Ἀπὸ
301 440 331 468 δὲ
349 440 396 467 τοῦ
419 442 504 478 Ἀδὰμ
519 443 594 479 τρεῖς
617 443 712 478 φύσεις
729 443 886 478 γεννῶντας

93 486 194 522 πρώτη
219 487 269 522 μὲν
287 487 304 522 ἡ
318 486 424 522 ἄλογος,
443 486 475 524 ἧς
490 487 524 525 ἦν
537 489 618 521 Κάῖν,
640 490 754 526 δευτέρα
769 490 797 517 δὲ
813 492 830 525 ἡ
846 491 888 517 λο-

91 533 173 568 γικὴ,
193 533 240 560 καὶ
264 534 280 569 ἡ
305 533 408 566 δικαία,
428 533 463 571 ἦς
476 533 510 571 ἦν
533 536 624 563 Ἀεελθ
640 537 719 572 τρίτη
735 537 791 572 δὲή
811 547 888 564 πνευ-

92 580 212 615 ματικὴ,
229 578 263 616 ἦς
277 578 312 616 ἦν
327 581 394 617 Σήθ.
410 581 464 608 Καὶ
479 583 494 608 6
517 582 567 618 μὲν
589 583 680 618 χοῖκὺς
699 585 757 611 ἐστὶ
775 586 836 611 κατ’
850 586 887 611 εί-

90 625 173 656 κόνα,
190 626 205 652 6
227 625 256 652 δὲ
271 625 386 661 ψυχικὸς
410 626 470 653 καθ’
485 628 614 663 ὁμοίωσιν
631 628 709 661 Θεοῦ,
729 631 743 656 6
764 630 792 657 δὲ
807 640 887 658 πνευ-

90 670 213 705 ματικὸς
227 672 287 698 κατ’
311 671 377 698 ἰδίαν
391 670 441 707 (7).
465 673 523 707 Ἐφ’
536 671 578 705 οἷς
588 674 676 710 τρισὶν
692 674 755 702 ἄνευ
775 675 829 703 τῶν
841 676 887 704 ἄλ-

87 715 147 742 λων
162 717 268 743 παίδων
282 716 329 743 τοῦ
352 717 438 754 Ἀδὰμ
452 718 570 754 εἴρηται·
586 720 667 754 Αὕτη
679 721 697 755 ἠ
712 721 822 755 ,βίϐλος
837 731 884 758 γε·

87 763 208 798 νέσεως
231 764 401 799 ἀνθρώπων.
429 766 489 793 Ὀτι
511 766 540 793 δε
568 768 751 803 πνευματικὸς
777 769 792 794 6
820 769 884 807 Σὴθ,

85 810 154 837 οὒτε
166 811 306 846 ποιμαίνει
319 811 380 838 οὔτε
390 814 517 848 γεωργεῖ,
532 813 600 840 ἀλλὰ
613 814 695 841 παῖδα
705 817 883 850 καρποφορεῖ,

84 857 127 890 ὡς
139 857 177 885 τὰ
191 858 375 894 πνευματικὰ,
387 859 434 885 καὶ
447 859 551 892 τοῦτον,
572 859 602 891 ὃς
612 859 724 896 ἤλπισεν
737 861 885 888 ἐπικαλεῖ-

83 906 162 931 σθαι
186 904 222 931 τὸ
256 904 349 939 ὄνομα
378 906 499 938 Κυρίου,
525 905 582 933 ἄνω
611 906 754 941 βλέποντα,
782 905 818 935 οὗ
850 907 883 934 τὸ

82 950 260 985 πολίτευμα
272 950 307 977 ἐν
329 950 444 984 οὐρανῷ
454 959 460 965 ·
478 950 572 978 τοῦτον
587 952 601 978 6
625 951 727 986 κόσμος
745 952 775 978 οὺ
788 954 881 988 χωρεῖ.

120 1052 179 1079 ΝΕ¹
212 1052 274 1084 Τοῖς
295 1052 383 1087 τρισὶν
409 1052 565 1087 ἀσωμάτοις
593 1052 639 1080 ἐπὶ
657 1052 705 1080 τοῦ
733 1052 818 1089 Ἀδὰμ
840 1054 884 1080 τέ-

80 1107 190 1134 ταρτον
213 1098 371 1126 ὲπενδύεται
385 1098 431 1125 τὸν
454 1098 555 1135 χοῖκὸν,
572 1099 635 1131 τοὺς
651 1099 828 1135 δερματίνους
843 1108 882 1137 χι-

81 1145 188 1177 τῶνας.
217 1143 279 1171 οΰτ¹
304 1142 350 1171 οὖν
365 1144 420 1171 ἀπὺ
437 1144 484 1171 τοῦ
508 1144 662 1180 πνεύματος
680 1144 736 1171 οὔτ’
759 1143 805 1172 οὖν
828 1146 882 1172 ἀπὸ

80 1191 289 1226 ὲμφυσήματος
306 1190 412 1225 σπείρει
425 1191 440 1217 6
460 1190 554 1226 Ἀδάμ·
571 1191 629 1217 θεῖα
644 1190 700 1226 γὰρ
717 1192 809 1226 ἄμφω·
835 1192 881 1218 καὶ

79 1239 118 1265 δι’
136 1238 225 1265 αὑτοῦ
241 1238 301 1273 μὲν,
317 1238 366 1273 οὐχ
381 1238 426 1265 ὑπ’
447 1237 530 1264 αὑτοῦ
547 1238 575 1264 δὲ
593 1237 773 1273 προϐάλλεται
786 1239 878 1273 ἄμφω.

79 1284 121 1311 T6
136 1284 169 1311 δὲ
190 1284 282 1311 ὑλικὸν
291 1283 385 1316 αὐτοῦ,
400 1284 510 1320 ἐνεργὸν
527 1285 566 1316 εἰς
581 1285 691 1320 σπέρμα
704 1285 751 1311 καὶ
764 1284 878 1319 γένεσιν,

78 1331 120 1363 ὡς
143 1331 178 1357 ἂν
198 1330 237 1366 τῷ
259 1331 396 1366 σπέρματι
411 1331 642 1366 συγκεκραμένον,
660 1331 707 1358 καὶ
722 1330 822 1367 ταύτης
851 1331 879 1357 ἐν

83 1378 142 1413 ζωῇ
160 1378 213 1413 τῆς
235 1377 369 1413 ἁρμονίας
394 1377 545 1413 ἀποστῆναι
567 1377 604 1414 μὴ
622 1377 782 1413 δυνάμενος.
801 1377 879 1406 Κατὰ

78 1424 165 1451 τοῦτο
183 1424 277 1459 πατὴρ
291 1423 370 1460 ἡμῶν
388 1424 402 1450 6
424 1423 520 1459 Ἀδάμ..

112 1526 193 1559 NG".
219 1525 245 1551 Ὁ
261 1524 375 1559 πρῶτος
394 1525 416 1552 δ’
432 1525 585 1560 ἅνθρωπος
600 1526 634 1552 ἐκ
646 1525 703 1560 γῆς·
717 1526 830 1560 χοϊκός.
847 1526 878 1554 El

77 1572 105 1598 ῖὲ
125 1572 178 1598 καὶ
194 1572 227 1598 ἐκ
248 1571 362 1606 ψυχικοῦ
378 1571 489 1607 ἔσπειρε
504 1571 551 1598 καὶ
565 1572 597 1598 ὲκ
618 1572 814 1607 πνευματικοῦ,
830 1581 878 1598 χα-

940 247 1061 275 Primum
1078 248 1170 283 itaque
1182 257 1274 278 semen
1287 251 1360 286 quod
1372 251 1400 279 in
1412 252 1518 280 Adamo
1530 253 1591 286 fuit,
1603 254 1735 289 produnt

942 293 1091 328 Sapientia,
1113 299 1142 322 ut
1157 302 1188 323 os
1216 297 1306 324 anima
1335 298 1478 326 rationalis
1507 304 1588 334 atque
1610 301 1734 329 ccelestis

941 344 1022 371 esset,
1040 347 1094 367 non
1112 348 1196 368 vacua
1217 342 1263 368 sed
1277 342 1393 370 medulla
1407 344 1485 378 plena
1500 345 1647 379 spirituali.

975 437 1042 465 LIV.
1060 439 1101 466 Ab
1122 439 1228 466 Adamo
1252 443 1343 469 autem
1360 446 1416 470 tres
1437 447 1543 472 naturae
1567 449 1731 480 nascuntur,

939 485 1027 519 prima
1042 485 1152 519 quidem
1168 493 1229 521 qua
1244 488 1358 516 rationis
1374 496 1471 525 expers
1489 491 1557 524 fuit,
1572 496 1599 519 et
1612 493 1646 520 ad
1661 494 1732 520 hanc

938 529 1005 557 Cain
1021 531 1190 565 pertinebat;
1206 533 1326 561 secunda
1348 542 1413 562 vero
1434 536 1539 565 ratione
1559 539 1672 573 praedita
1686 539 1731 574 ju-

938 580 1045 611 staque,
1070 577 1103 604 ad
1131 586 1212 613 quam
1238 578 1321 613 Abel;
1338 582 1418 608 tertia
1442 590 1508 610 vero
1529 583 1671 618 spiritalis,
1696 585 1730 612 ad

937 629 1018 657 quam
1032 621 1108 650 Seth.
1125 622 1158 650 Et
1175 625 1316 652 terrestris
1331 626 1440 660 quidem
1461 633 1504 655 est
1521 628 1555 655 ad
1571 629 1729 665 imaginem,

937 668 1064 695 animalis
1075 676 1139 696 vero
1153 669 1186 696 ad
1206 669 1253 697 Dei
1270 670 1490 706 similitudinem,
1505 675 1637 711 spiritalis
1652 676 1728 705 deni-

937 722 990 750 que
1001 716 1034 743 ad
1050 717 1198 753 propriam.
1211 717 1249 746 De
1260 718 1348 746 tribus
1359 719 1446 751 hisce,
1464 720 1524 747 sine
1538 722 1645 749 caeteris
1655 722 1730 750 Ada-

937 760 973 787 mi
994 760 1108 794 liberis,
1136 762 1239 789 dictum
1258 766 1315 790 est:
1336 762 1386 790 llic
1408 764 1473 792 liber
1496 770 1535 792 est
1553 768 1729 801 generationis

936 807 1073 834 hominum
1094 814 1120 835 ι.
1140 808 1218 841 Quod
1240 817 1305 837 vero
1333 809 1398 838 Seth
1416 811 1567 846 splritualis
1590 812 1651 845 fuit,
1678 822 1729 842 nec

935 857 1030 888 pastor
1043 858 1102 882 erat
1114 863 1201 890 neque
1209 859 1310 883 terram
1321 857 1417 889 coluit,
1428 858 1474 885 sed
1489 859 1635 893 spirituum
1652 868 1729 888 more

935 900 1037 934 prolem
1060 901 1164 936 genuit,
1184 909 1299 937 eamque
1318 910 1378 938 qua
1403 912 1496 931 nomen
1522 904 1631 932 Domini
1654 907 1728 934 inuo-

937 955 998 973 care
1019 947 1033 967 ιι
1047 948 1184 982 speravit;
1209 956 1269 983 qua:
1294 957 1404 977 sursum
1426 951 1521 978 oculos
1542 952 1629 984 tollat,
1652 952 1727 987 cujus

935 993 1099 1019 conversatio
1116 993 1144 1019 in
1159 993 1224 1020 caelo
1240 999 1265 1027 ε,
1280 1001 1361 1029 quam
1379 995 1499 1023 mundus
1519 1004 1574 1023 non
1591 997 1673 1031 capit.

969 1047 1025 1075 LV.
1043 1047 1143 1078 Tribus
1156 1049 1184 1077 in
1195 1049 1300 1078 Adamo
1314 1050 1493 1086 incorporeis,
1510 1056 1639 1087 quartum
1655 1060 1726 1088 quo-

933 1102 986 1131 que
1011 1099 1142 1123 terrestre
1167 1096 1266 1128 induit,
1292 1097 1421 1132 pelliceas
1445 1098 1576 1125 nimirum
1605 1100 1725 1128 tunicas.

932 1140 1050 1170 Proinde
1064 1149 1115 1171 nec
1129 1149 1161 1170 ex
1175 1142 1272 1177 spiritu
1296 1150 1384 1178 neque
1398 1151 1431 1171 ex
1450 1144 1588 1179 spiracqu
1603 1145 1726 1174 Adamus

932 1187 1057 1220 seminat,
1074 1187 1154 1215 ambo
1167 1188 1268 1224 quippe
1279 1189 1381 1216 divina.
1399 1189 1432 1216 Et
1446 1198 1495 1225 per
1509 1191 1585 1218 illum
1600 1192 1723 1227 quidem,
1746 1185 1750 1188 ”

931 1240 986 1260 non
1010 1237 1099 1261 autem
1124 1234 1159 1261 ab
1183 1234 1231 1262 illo
1244 1234 1435 1270 producuntur
1450 1236 1540 1264 ambo.
1558 1236 1636 1270 Quod
1658 1246 1724 1266 vero

931 1278 1005 1306 illius
1016 1283 1058 1307 est
1071 1283 1222 1314 terrenum,
1233 1281 1260 1308 id
1271 1281 1306 1308 ad
1321 1290 1414 1310 semen
1428 1287 1510 1318 atque
1518 1285 1723 1319 generationem

930 1324 1024 1354 ellicax
1044 1330 1098 1359 est,
1122 1327 1201 1362 quasi
1217 1328 1316 1355 semini
1331 1329 1507 1356 commistum
1524 1334 1722 1369 esset,>estque

929 1371 1076 1405 ejusmodi,
1086 1376 1115 1399 ut
1126 1373 1159 1400 ab
1168 1373 1213 1400 illa
1228 1382 1288 1408 qum
1301 1375 1330 1401 in
1342 1374 1397 1402 vita
1413 1379 1454 1402 est
1466 1375 1610 1403 harmonia
1625 1377 1720 1406 absce-

929 1415 994 1444 dere
1013 1425 1068 1444 non
1085 1418 1183 1452 possit.
1205 1418 1262 1446 IIoc
1291 1419 1383 1454 itaque
1411 1421 1493 1448 modo
1518 1420 1599 1450 Pater
1626 1427 1721 1451 noster

927 1462 1050 1491 Adamus
1062 1464 1177 1497 exstitit,
1193 1468 1219 1492 et
1233 1466 1337 1501 genuit.

963 1519 1031 1548 LVI.
1051 1521 1159 1549 Primus
1174 1521 1250 1549 homo
1265 1522 1297 1549 de
1325 1528 1395 1550 terra
1411 1529 1531 1552 terrenus
1544 1525 1568 1552 τι.
1596 1526 1674 1559 Quod
1696 1529 1718 1553 si

929 1573 961 1592 ex
973 1566 1084 1593 animali
1099 1568 1263 1595 seminasset
1280 1576 1312 1596 ac
1325 1569 1452 1604 spiritali,
1467 1571 1499 1596 ad
1519 1571 1644 1598 eumdem
1664 1579 1720 1598 mo-

78 1618 173 1653 οάπερ
188 1616 221 1649 ἐξ
230 1602 333 1648 sities,
347 1617 447 1649 πάντες
459 1602 496 1644 ¹ἂν
509 1618 560 1645 ἴσοι
577 1618 624 1645 καὶ
636 1602 734 1644 δίκαιοι
747 1618 878 1653 ἐγεγόνει-

934 1611 993 1639 εἰυη]
1009 1619 1063 1647 quo
1076 1620 1109 1640 ex
1129 1613 1274 1646 materiali,
1291 1622 1386 1642 omnes
1407 1623 1487 1651 pares
1509 1623 1541 1643 ac
1565 1617 1633 1650 justi
1659 1618 1717 1645 nati

74 1673 142 1697 σαν,
153 1663 205 1690 καὶ
222 1664 252 1689 ὲν
266 1665 349 1690 πᾶσιν
367 1664 400 1690 ἂν
422 1665 438 1699 ἡ
460 1663 554 1700 διδαχὴ
568 1662 612 1700 ἦν.
627 1664 677 1690 Διὰ
691 1664 770 1691 τοῦτο
785 1664 876 1691 πολλοὶ

74 1711 131 1746 μὲν
151 1710 179 1736 οἱ
207 1710 305 1741 ὑλικοὶ,
325 1710 356 1737 οὐ
385 1710 477 1736 πολλοὶ
493 1710 521 1737 δὲ
542 1711 567 1737 οἱ
587 1710 707 1745 ψυχικοί’
725 1711 832 1738 σπάνιοι
848 1711 876 1738 δὲ

72 1758 98 1784 οἱ
119 1756 315 1791 πνευματικοί.
339 1756 375 1782 Τὸ
395 1756 443 1790 μὲν
459 1753 506 1783 οὖν
521 1756 706 1792 πνευματικὸν
721 1757 800 1791 φύσει
825 1766 876 1784 σω-

73 1805 210 1839 ζόμενον·
224 1802 255 1829 τὸ
264 1803 292 1829 δὲ
301 1803 426 1838 ψυχικὸν,
439 1802 610 1835 αὐτεξούσιον
617 1803 657 1833 ὃν,
670 1803 875 1839 ἐπιτηδειότητα

71 1850 134 1885 ἔχει
153 1847 228 1883 πρὸς
240 1847 290 1883 τὴν
302 1847 392 1875 πίστιν
417 1848 463 1875 καὶ
479 1847 644 1883 ἀφθαρσίαν,
667 1847 714 1874 καὶ
730 1847 799 1883 πρὸς
813 1847 876 1873 ἀπι-

72 1896 159 1923 στίαν
186 1894 236 1921 καὶ
257 1893 370 1929 φθορὰν,
388 1893 458 1921 κατὰ
479 1893 528 1929 τὴν
544 1893 647 1920 οίκείαν
669 1893 783 1929 αἵρεσιν·
800 1893 831 1920 τὸ
847 1893 874 1922 δὲ

71 1942 173 1969 ὑλικὸν
187 1940 270 1975 φύσει
279 1940 436 1968 ἀπόλλυται.
457 1941 538 1967 Ὅταν
551 1938 597 1967 οὖν
610 1940 646 1967 τὰ
661 1940 764 1975 ψυχικὰ
778 1940 876 1975 ἐγκεν-

72 1986 190 2022 gata-017
206 1985 245 2021 τῇ
269 1987 450 2021 καλλιελιιίῳ
468 1987 508 2018 είς
530 1987 622 2014 πίστιν
637 1986 683 2014 καὶ
707 1986 873 2022 ἀφθαρσίαν,

72 2035 126 2061 καὶ
139 2032 286 2069 μετάσχῃ
301 2032 357 2067 τῆς
374 2033 511 2066 πιότητος
529 2032 584 2066 τῆς
595 2033 710 2066 ἐλαίας,
727 2033 776 2059 καὶ
803 2032 875 2059 ὅταν

71 2080 207 2114 εἰσέλθῃ
222 2079 259 2106 τὰ
269 2080 352 2113 ἔθνη,
368 2080 427 2106 τότε
445 2079 522 2106 οὕτω
538 2079 597 2112 πᾶς
620 2079 737 2113 Ἰσραήλ
754 2079 800 2115 (8).
825 2079 876 2105 Ἰσ-

75 2127 152 2164 ραὴλ
166 2127 197 2153 δὲ
212 2126 403 2161 ἀλληγορεὴαι
418 2127 432 2152 6
452 2125 645 2160 πνευματικὸς,
665 2126 679 2151 ὁ
690 2125 820 2161 ὀψόμενος
829 2125 874 2151 τὸν

72 2173 158 2205 θεὸν,
175 2174 190 2199 6
207 2172 254 2199 τοῦ
269 2171 366 2199 πιστοῦ
387 2171 512 2207 Ἀϐραὰμ
529 2171 586 2203 υίὸς
599 2172 719 2207 γνήσιος,
734 2173 749 2198 ὀ
760 2171 794 2197 ἐκ
819 2171 875 2204 τῆς

71 2217 254 2252 ἐλευθέρας,
279 2218 337 2252 οὐχ
357 2218 373 2244 ό
394 2217 469 2243 κατὰ
485 2217 594 2251 σάρκα,
613 2218 629 2243 ὁ
643 2217 678 2243 ἐκ
691 2215 747 2250 τῆς
761 2216 873 2248 δούλης

72 2265 133 2299 τῆς
144 2264 323 2298 Αἰγυπτίας.

109 2393 180 2419 NZ'.
198 2392 305 2419 Γίνεται
323 2390 370 2418 οὖν
397 2393 429 2419 ἐκ
452 2393 505 2420 τῶν
528 2393 615 2427 γενῶν
640 2392 694 2419 τῶν
715 2393 807 2428 τριῶν,
824 2393 870 2420 τοῦ

73 2440 129 2474 μὲν
146 2438 290 2474 μόρφωσις
318 2438 366 2464 τοῦ
389 2438 583 2474 πνευματικοῦ,
609 2438 656 2465 τοῦ
680 2439 709 2465 δὲ
727 2440 871 2474 μετάθεσις

68 2485 122 2512 τοῦ
136 2483 258 2519 ψυχικοῦ
273 2484 306 2510 ὲκ
321 2483 441 2516 δουλείας
456 2485 496 2515 εἰς
507 2484 672 2522 ἐλευθερίαν.

109 2531 186 2557 NH’.
204 2529 282 2557 Μετὰ
295 2529 344 2565 τὴν
361 2529 408 2556 τοῦ
424 2530 539 2557 θανάτου
555 2531 645 2558 τοίνυν
659 2530 807 2566 βασιλείαν,
823 2540 871 2567 με-

71 2577 169 2611 γάλην
186 2575 237 2610 μὲν
247 2575 295 2602 καὶ
314 2575 492 2610 εὐπρόσωπον
507 2576 556 2612 τὴν
580 2576 745 2610 ἐπαγγελίαν
757 2585 873 2612 πεποιη-

110 2656 147 2686 14
157 2652 189 2679 P.
198 2652 253 2680 975
273 2651 326 2679 ED.
335 2651 484 2680 POTTEB.

73 2690 81 2709 ί
108 2689 179 2716 Gul.
196 2695 235 2719 tv,
250 2687 296 2714 26.

106 2767 155 2804 (7)
181 2765 254 2804 ἕατ’
279 2765 369 2792 ἰδίαν.
395 2765 428 2794 II.
457 2765 564 2793 dubitat
587 2773 621 2793 an
644 2766 736 2794 verius
757 2766 792 2793 sit
809 2767 867 2792 κατ’

69 2800 164 2831 ιδέαν.
181 2800 316 2828 Sruuno.

107 2837 151 2873 (8)
164 2835 377 2873 Πᾶς-Ἰσραήλ.
397 2835 428 2873 A_.
454 2839 516 2871 post
543 2836 695 2873 haeciverba
717 2836 870 2873 addendum

68 2869 156 2910 putat
173 2869 339 2908 σωθήσεται,
356 2878 388 2898 ex
409 2869 489 2899 Rom.
520 2879 558 2905 xu,
576 2872 620 2899 26.
649 2871 701 2900 Sed
728 2871 869 2901 subaudiri

525 2659 537 2672 ι
555 2652 622 2681 Gen.
640 2654 704 2684 v.I.
744 2654 757 2673 δ
771 2653 839 2680 Gen.
858 2661 895 2686 Ir,
908 2653 953 2680 26.

927 1665 1063 1690 essemus,
1078 1662 1106 1686 et
1121 1659 1150 1686 in
1172 1660 1300 1687 omnibus
1315 1660 1440 1689 doctrina
1463 1665 1492 1693 ᾖ
1515 1667 1598 1690 esset.
1625 1663 1718 1698 Itaque

928 1704 1005 1731 multi
1022 1709 1086 1732 sunt
1102 1706 1215 1738 terreni,
1238 1715 1293 1734 non
1309 1715 1374 1734 vero
1399 1709 1478 1735 multi
1497 1709 1638 1742 animales,
1661 1711 1717 1737 rari

927 1758 991 1778 vero
1003 1751 1048 1786 qui
1072 1752 1229 1786 spirituales
1245 1759 1321 1782 sunt.
1336 1754 1430 1790 Itaque
1444 1755 1517 1790 quod
1535 1757 1645 1791 quidem
1661 1758 1718 1792 spi-

929 1796 1018 1827 ritale,
1037 1801 1136 1824 natura
1158 1805 1207 1825 sua
1221 1799 1360 1826 salvatur:
1377 1801 1450 1835 quod
1464 1809 1529 1830 vero
1545 1803 1662 1831 animale
1686 1804 1719 1831 Ii-

927 1842 1047 1878 beroque
1062 1843 1178 1871 arbitrio
1191 1845 1345 1879 praeditum,
1359 1847 1387 1874 id
1404 1847 1532 1875 idoneum
1544 1852 1588 1876 est
1604 1857 1667 1876 cum
1682 1850 1717 1877 ad

928 1887 1006 1916 ﬁdem
1019 1892 1078 1932 tum
1095 1889 1128 1916 ad
1143 1890 1390 1926 incorruptionem,
1408 1893 1464 1920 imo
1478 1897 1506 1921 et
1521 1895 1555 1921 ad
1567 1895 1717 1922 inﬁdelita-

926 1937 980 1962 tem
995 1942 1026 1962 ac
1041 1937 1255 1971 corruptionem,
1271 1938 1379 1973 hocque
1392 1947 1424 1966 ex
1435 1940 1569 1967 electione
1578 1948 1609 1968 ac
1619 1941 1718 1968 volun-

926 1983 982 2008 tate
998 1983 1129 2016 propria;
1144 1983 1217 2018 quod
1239 1984 1348 2012 demum
1370 1989 1522 2019 terrenum,
1547 1991 1645 2014 natura
1667 1995 1716 2015 sua

927 2026 979 2053 hoc
995 2027 1097 2055 interit.
1114 2027 1181 2055 Cum
1198 2029 1290 2065 itaque
1308 2038 1368 2065 quae
1386 2039 1419 2058 ex
1433 2032 1544 2059 animali
1563 2037 1627 2060 sunt
1650 2034 1718 2061 sub-

926 2073 1026 2098 stantia
1040 2073 1139 2100 inserta
1162 2074 1216 2101 sint
1229 2075 1255 2101 in
1269 2075 1363 2102 bonam
1374 2076 1480 2109 olivam,
1497 2077 1524 2104 in
1541 2077 1631 2111 ﬁdem,
1646 2083 1673 2106 et
1687 2079 1714 2106 in

925 2117 1171 2152 incorruptionem,
1186 2123 1264 2155 atque
1276 2120 1352 2148 oliva:
1364 2121 1548 2156 pinguedinem
1564 2124 1714 2159 participat,

925 2170 984 2188 cum
995 2161 1103 2198 denique
1118 2167 1205 2198 gentes
1216 2164 1314 2199 fuerint
1333 2166 1468 2201 ingressce,
1489 2171 1555 2194 tunc
1575 2168 1613 2194 ita
1630 2170 1715 2196 omnia

926 2208 1013 2236 Israel
1038 2210 1126 2237 salvus
1149 2211 1200 2238 erit
1219 2217 1240 2238 θ.
1258 2211 1340 2239 Israel
1356 2216 1445 2240 autem
1467 2213 1617 2247 spiritualis
1632 2221 1714 2241 sensu

926 2255 1073 2290 allegorico
1088 2257 1261 2292 intelligitur,
1274 2258 1320 2292 qui
1339 2258 1424 2286 Deum
1440 2259 1476 2287 sit
1492 2261 1611 2292 visurus,
1627 2260 1716 2288 Abra-

926 2302 999 2329 hami
1009 2302 1095 2331 ﬁdelis
1108 2303 1180 2332 IiIius
1192 2311 1283 2336 verus,
1296 2311 1380 2332 matre
1395 2305 1488 2335 libera,
1505 2314 1556 2332 non
1571 2307 1714 2334 secundum

925 2355 1031 2374 carnem
1046 2353 1124 2375 natus
1133 2353 1157 2375 et
1169 2356 1202 2375 ea:
1217 2349 1316 2376 ancilla
1325 2350 1486 2385 Egyptiaca
1503 2350 1526 2378 τ.

961 2393 1040 2421 LVII.
1058 2393 1101 2421 Fit
1117 2394 1200 2430 igitur
1212 2402 1244 2422 ex
1261 2395 1350 2423 tribus
1365 2396 1522 2430 generibus,
1539 2396 1608 2424 adeo
1621 2401 1650 2423 ut
1667 2398 1712 2424 uni

925 2439 1035 2473 quidem
1055 2439 1143 2467 forma
1161 2440 1197 2467 sit
1207 2440 1350 2475 spiritalis,
1366 2441 1446 2468 alteri
1460 2448 1526 2468 vero
1538 2441 1663 2468 animalis
1680 2449 1713 2468 ex

926 2485 1056 2512 servitute
1069 2485 1095 2512 in
1112 2485 1263 2513 libertatem
1278 2485 1433 2515 translatio.

961 2530 1052 2558 LVIII.
1067 2530 1133 2559 Post
1146 2531 1243 2559 mortis
1258 2531 1350 2567 itaque
1366 2532 1519 2566 imperium.
1533 2533 1714 2568 promissione

927 2585 1025 2613 magna
1040 2581 1067 2604 et
1082 2577 1206 2612 speciosa
1233 2578 1344 2613 quidem
1360 2578 1523 2614 perfectum,
1540 2587 1601 2614 quae
1614 2579 1714 2607 nihilo-

994 2659 1004 2672 π
1026 2653 1095 2680 Phil.
1115 2654 1209 2687 “1,20.
1249 2655 1261 2674 ά
1282 2654 1365 2682 ICor.
1387 2655 1486 2688 xv,47.
1511 2657 1609 2684 eﬂom.
1625 2665 1654 2688 ιι,
1667 2657 1713 2684 23.

922 2766 1003 2793 etiam
1017 2771 1106 2802 potest
1123 2776 1155 2795 ex
1176 2768 1348 2797 antecedenti
1369 2770 1492 2796 membro
1508 2770 1620 2797 verbum
1640 2779 1714 2795 ειοε-

921 2802 1057 2833 λεύσεται,
1078 2803 1105 2830 id
1121 2808 1163 2831 est
1179 2809 1238 2831 tunc
1263 2804 1368 2831 demum
1388 2809 1458 2831 totus
1486 2804 1573 2832 Israel
1588 2805 1710 2832 intrabit.

922 2836 960 2899 ξε
976 2837 1107 2866 insitione
1123 2844 1212 2868 autem
1233 2839 1316 2867 latius
1337 2843 1486 2867 tractatum
1502 2847 1586 2875 supra
1604 2848 1631 2877 p.
1647 2839 1711 2870 285.

945 2879 1055 2900 rtnunc.
