1934 3075
208 169 261 199 637

790 158 950 188 CLEMENS
962 153 1248 185 ALEXANDRINUS.

1787 146 1837 171 688

208 228 301 257 minus
311 227 408 255 mortis
423 225 549 254 ministra
577 223 647 250 facta
667 225 718 253 est,
744 221 818 247 omni
845 218 997 254 principatu

1066 215 1148 250 ιένην,
1161 213 1237 240 οὐδὲν
1253 212 1282 238 δὲ
1296 209 1376 247 ἦττον
1392 207 1529 236 διακονίαν
1546 206 1661 234 Θανάτου
1690 203 1839 238 γεγενημέ-

209 283 242 303 ac
254 275 356 303 deitate
367 273 510 301 deﬁciente
523 279 554 298 ac
569 269 726 299 fatiscente,
737 274 852 301 magnus
866 265 911 292 ille
920 263 995 299 pugil

209 320 290 348 Iesus
305 319 432 348 Christus
452 318 479 345 in
507 316 599 351 seipso
626 313 748 349 potentia
775 310 927 339 Ecclesiam
949 317 997 336 su-

210 373 299 398 mens,
315 371 412 399 nempe
423 364 525 391 electos
550 369 582 388 ac
596 364 707 388 vocatos
725 358 799 394 quod
814 356 924 392 quidem
941 355 997 390 spi-

211 412 290 439 ritale
312 418 327 437 a
354 414 476 445 parente,
504 407 576 443 quod
594 413 658 433 vero
673 404 791 432 animale
805 412 838 431 ex
854 403 996 438 dispensa-

211 458 296 489 tione,
315 456 389 484 salva
405 455 469 482 fecit
487 457 515 482 et
535 453 632 481 extulit
657 457 828 487 quaecunque
843 455 998 483 assumpse-

212 508 264 535 rat,
283 510 315 528 ac
326 509 375 537 per
391 501 436 528 illa
447 506 562 535 quaeque
590 498 633 525 bis
663 499 728 524 sunt
746 495 858 524 similia.
877 494 907 522 Si
930 493 997 520 enim

213 548 336 583 primitiw
358 551 469 578 σοντι-ιη’,
500 545 580 572 etiam
609 550 719 574 massa;
742 542 765 569 si
792 540 871 568 radix
894 543 997 569 sancta,

213 595 292 622 etiam
310 593 389 620 rami.

247 639 327 675 357
337 638 405 666 LIX.
415 638 536 665 Primum
546 637 638 671 itaque
653 642 743 662 semen
754 641 770 660 a
780 635 890 668 parente
901 630 998 662 induit,

215 694 268 714 non
286 685 333 720 qui
350 688 506 720 caperetur,
524 681 572 710 sed
599 681 648 716 qui
674 679 773 706 virtute
788 681 908 712 caperet,
929 675 1001 711 quod

216 731 345 768 paulatim
358 738 407 766 per
423 729 567 757 scientiam
579 727 723 754 formatur.
751 723 793 751 Ad
809 723 898 750 locum
911 727 1002 749 autem

215 766 277 805 eum
290 775 408 806 venerit,
421 773 525 801 invenit
536 771 630 800 Jesum
656 770 796 798 Christum
809 767 943 801 induisse,
956 766 1002 801 qui

215 827 278 850 ante
296 820 462 857 praedicatus
485 819 584 852 fuerat,
608 824 690 852 quem
710 815 849 851 prophetae
863 817 944 848 atque
961 813 1005 841 lex

217 867 446 904 praenuntiabant,
459 869 486 893 et
498 865 587 900 imago
598 862 750 890 Salvatoris
764 864 832 888 erat.
851 859 1005 893 Quinetiam

216 919 243 941 et
258 913 385 940 animalis
397 912 443 939 hic
460 910 599 942 Christus,
616 916 696 944 quem
714 906 850 938 induerat,
862 904 1007 933 invisibilis

217 965 287 988 erat.
303 958 453 995 Oportebat
479 961 569 984 autem
585 959 615 983 ut
630 955 677 982 ille
693 954 739 990 qui
752 954 780 980 in
795 952 927 980 mundum
941 959 1007 978 ven-

218 1009 300 1033 turus
323 1008 383 1032 erat
399 1003 463 1031 talis
484 1007 567 1034 esset,
586 1002 632 1036 qui
650 1000 748 1032 videri,
773 998 819 1034 qui
849 997 945 1028 teneri,
960 997 1007 1031 qui

219 1050 325 1078 sociam
339 1050 402 1076 vita:
421 1049 554 1076 rationem
569 1047 650 1079 inire,
666 1050 693 1073 et
707 1045 817 1072 demum
841 1043 889 1079 qui
906 1050 1008 1078 corpus

219 1095 353 1131 ejusmodi
369 1095 481 1123 haberet
504 1093 577 1130 quod
595 1101 677 1121 sensu
701 1092 802 1128 pcreipi
822 1094 924 1126 posset.
939 1089 1008 1116 Hinc

221 1142 306 1177 igitur
318 1141 357 1168 illi
373 1148 474 1175 corpus
491 1145 532 1168 est
546 1147 578 1167 ex
606 1138 735 1166 invisibili
755 1137 866 1164 animali
880 1136 1009 1164 substan-

220 1188 270 1220 tia,
286 1188 388 1214 virtute
401 1194 467 1213 vero
481 1193 513 1213 ex
532 1185 623 1212 divina
647 1184 750 1211 fabrica
762 1186 933 1213 contextum,
945 1188 1008 1208 eum

220 1233 248 1260 in
259 1232 390 1259 mundum
404 1231 559 1259 sensibilem
575 1230 690 1257 veniret.

249 1277 305 1305 LX.
320 1279 379 1305 Hoc
400 1278 515 1312 itaque:
547 1276 661 1311 Spiritus
691 1279 800 1302 sanctus
830 1275 858 1301 in
880 1279 903 1301 te
916 1282 1008 1308 super-

220 1324 313 1356 veniet,
331 1324 455 1358 corporis
469 1322 602 1351 Dominiei
620 1322 754 1349 fabricam
779 1320 898 1353 indicat;
926 1320 1009 1347 virtus

221 1378 288 1398 vero
299 1370 432 1397 Altissimi
462 1369 509 1396 tibi
533 1367 699 1395 obumbrabit
716 1373 741 1398 ι,
760 1366 950 1393 formationem
962 1364 1009 1392 Dei

221 1416 297 1450 dicit,
309 1424 370 1451 qum
383 1423 484 1450 corpus
501 1415 529 1442 in
544 1413 657 1449 Virgine
677 1412 816 1439 formavit.

256 1461 325 1489 LXI.
341 1461 419 1494 Quod
432 1465 522 1488 autem
550 1460 607 1494 ipse
627 1459 674 1494 qui
700 1457 859 1492 assumpsit.
885 1455 1011 1483 diversus

223 1508 316 1538 fuerit,
329 1514 362 1533 ex
379 1506 413 1533 iis
428 1504 604 1532 manifestum
628 1507 681 1535 est,
697 1502 799 1537 quibus
812 1501 930 1528 fatetur:
956 1499 1011 1535 Ego

1046 271 1107 297 νην,
1122 261 1213 296 πάσης
1225 258 1395 293 ἀπειπούσης
1417 256 1504 292 ἀρχῆς
1527 255 1574 281 καὶ
1601 253 1741 288 θεότητος,
1759 253 1772 278 ο
1793 251 1840 286 μέ-

1047 315 1098 341 γας
1113 305 1266 341 ἀγωνιστὴς
1296 303 1398 339 Ἰησοῦς
1425 300 1541 337 Χριστὸς
1554 300 1582 326 ἐν
1607 298 1700 333 ἑαυτῷ
1725 297 1839 332 δυνάμει

1047 354 1097 389 τὴν
1115 350 1277 386 Ἐκκλησίαν
1297 348 1450 379 ἁναλαὸὼν,
1465 346 1496 373 τὸ
1512 345 1639 372 ἐκλεκτὸν
1656 344 1706 370 καὶ
1728 343 1759 369 τὸ
1773 343 1840 377 κλη-

1047 399 1104 432 τδν,
1121 398 1152 424 τὸ
1169 397 1217 432 μὲν
1232 395 1306 431 παρὰ
1320 395 1369 430 τῆς
1383 392 1525 428 τεκούσης,
1549 391 1580 418 τὸ
1599 389 1797 425 πνευματικὸν,
1812 389 1841 415 τὸ

1048 446 1076 472 δὲ
1092 446 1123 472 ὲκ
1143 445 1192 480 τῆς
1215 441 1382 478 οἰκονομίας,
1408 439 1439 466 τὸ
1462 438 1587 474 ψυχικὸν,
1613 437 1628 463 ὂ
1653 436 1775 463 ἀνέσωσε
1797 434 1842 460 καὶ

1050 492 1197 527 ἀνήνεγκεν
1213 490 1285 524 ειπερ
1309 486 1434 518 ἀνέλαϐε,
1449 485 1495 511 καὶ
1513 483 1545 510 δι’
1560 483 1650 509 αὐτῶν
1672 481 1720 508 καὶ
1733 481 1767 507 τὰ
1782 479 1843 506 τού-

1049 526 1105 569 τοις
1120 535 1272 572 ὁμοιοῦντα.
1286 535 1319 560 El
1333 533 1388 566 γὰρ
1402 533 1421 566 ή
1435 528 1556 564 ἀπαρχὴ
1580 529 1660 564 ἁγία,
1673 527 1723 554 καί
1738 526 1771 553 τὸ
1787 527 1842 560 5:15-

1047 590 1138 617 ραμα·
1156 583 1182 608 εὶ
1196 581 1214 615 ἡ
1225 579 1292 614 ῥίζα
1305 579 1386 614 ἁγία,
1402 577 1451 604 καὶ
1465 577 1493 602 οὶ
1507 574 1623 602 κλάδοι.

1087 616 1149 653 NG’.
1172 625 1287 661 Σπέρμα
1304 623 1352 659 μὲν
1368 620 1414 649 οὖν
1429 621 1536 656 πρῶτον
1551 618 1627 655 παρὰ
1648 618 1698 653 τῆς
1711 616 1842 650 τεκούσης

1053 672 1206 702 ἐνεδύσατο,
1222 671 1253 697 οὺ
1265 669 1409 705 χωρισθεὶς
1431 666 1499 694 ἀλλὰ
1527 665 1655 701 χωρήσας
1677 663 1745 690 αὐτὸ
1765 662 1842 688 δυνα-

1055 728 1110 755 μει,
1128 718 1142 744 ὃ
1163 717 1234 745 κατὰ
1254 716 1350 752 μικρὸν
1364 713 1514 750 μορφοῦται
1543 711 1586 738 διὰ
1611 710 1750 744 γνώσεως·
1776 708 1844 734 κατά

1054 766 1082 792 δὲ
1093 764 1138 792 τὸν
1152 764 1234 791 τόπον
1259 763 1414 797 γενόμενος,
1431 756 1509 795 εὗρεν
1541 755 1644 793 Ἰησοῦν
1669 755 1788 791 Χριστὸν
1804 755 1844 780 ὲν-

1055 810 1186 838 δύσασθαι
1206 809 1251 836 τον
1278 805 1548 844 προκεκηρυγμένον,
1569 803 1598 829 ὃν
1622 800 1806 836 κατήγγελλον
1823 800 1844 825 οἱ

1057 856 1195 892 προφῆται
1219 854 1267 881 καλ¹
1291 855 1305 880 ὁ
1324 853 1416 888 νόμος,
1443 851 1507 877 ὄντα
1524 849 1616 875 εἰκόνα
1637 847 1684 874 τοῦ
1710 846 1844 881 Σωτῆρος.

1022 888 1043 914 Β
1063 888 1203 929 ’Ᾰλλά-καὶ
1216 897 1293 932 οὗτος
1316 901 1330 926 ὁ
1349 897 1464 934 ψυχικὸς
1491 895 1618 932 Χριστὸς,
1636 894 1666 920 ὃν
1693 892 1845 921 ἐνεδύσατο,

1057 948 1172 984 ἀόρατος
1186 946 1229 982 ἦν.
1245 946 1319 973 Ἔδει
1341 945 1369 971 δὲ
1382 943 1428 970 τὸν
1457 943 1497 974 είς
1511 941 1612 976 κόσμον
1639 938 1845 974 ἀφικνούμενον,

1057 982 1099 1029 écp;
1117 991 1139 1028 ᾧ
1156 1002 1186 1020 τε
1198 992 1325 1027 ὀφθῆναι,
1342 989 1520 1026 κρατηθῆναι,
1543 984 1772 1015 πολιτεύσασθαι,
1802 982 1846 1009 καὶ

1058 1039 1185 1075 αἰσθητοῦ
1212 1038 1338 1074 σώματος
1362 1034 1531 1070 ἀντέχεσθαν
1549 1033 1629 1068 σῶμα
1658 1032 1748 1058 τοίνυν
1775 1029 1846 1064 αὐτῷ

1059 1087 1158 1121 ὑφάναι
1171 1086 1221 1121 τῆς
1242 1086 1274 1111 ὲκ
1302 1084 1351 1119 τῆς
1376 1081 1495 1117 ἀφανοῦς
1514 1080 1632 1115 ψυχικῆς
1645 1078 1750 1108 οὐσίας,
1772 1076 1847 1102 δυνά-

1061 1141 1105 1168 μει
1125 1131 1154 1158 δὲ
1176 1130 1252 1162 θείας
1276 1131 1309 1156 ἐκ
1334 1127 1507 1162 κατασκευῆς
1528 1126 1569 1157 εἰς
1592 1124 1722 1160 αἰσθητὸν
1747 1122 1847 1156 κόσμον

1059 1177 1217 1213 ἀφιγμένον.

1094 1279 1130 1305 Ξ’.
1151 1277 1187 1303 Τὸ
1201 1274 1257 1307 οὖν,
1286 1274 1407 1308 Πνεῦμα
1422 1273 1507 1307 ἅγιον
1520 1270 1716 1298 ἐπελεύσεται
1728 1268 1778 1295 ἐπὶ
1801 1268 1844 1297 σέ.

1059 1325 1109 1361 τὴν
1119 1323 1166 1350 τοῦ
1183 1322 1307 1358 σώματος
1327 1319 1374 1346 τοῦ
1387 1318 1491 1354 Κυρίου
1506 1318 1581 1352 λέγει
1604 1317 1652 1350 (9;.
1673 1315 1803 1348 Δύναμις
1819 1313 1845 1339 δὲ

1060 1368 1192 1405 ὑψίστου
1215 1366 1385 1394 ἐπισκιάσει
1411 1373 1469 1396 σοι,
1486 1363 1534 1399 τὴν
1556 1362 1696 1398 μῆρφωσιν
1715 1359 1792 1395 δηλοί
1803 1358 1846 1385 τοῦ

1061 1415 1140 1447 Θεοῦ,
1154 1416 1170 1450 ἢ
1181 1413 1335 1441 ἐνετύπωσε
1348 1411 1379 1438 τὸ
1390 1411 1468 1446 σῶμα
1481 1411 1510 1436 ὲν
1520 1410 1553 1444 τῇ
1569 1407 1710 1442 Παρθένῳ.

1096 1461 1220 1487 ΞΛ’.“ὐτι
1234 1458 1282 1494 μὲν
1295 1456 1341 1485 οὖν
1350 1456 1432 1488 αὐτὸς
1443 1456 1536 1491 ἕτερος
1548 1452 1583 1489 ἦν
1596 1450 1618 1487 ᾧ
1628 1452 1775 1487 ἀνείληφεν
1786 1450 1847 1486 (10),

1061 1504 1140 1543 δῆλον
1157 1506 1186 1538 ἐξ
1212 1503 1249 1532 ὧν
1272 1503 1407 1540 ὁμολογεῖ,
1430 1503 1503 1536 Ἐγὼ
1527 1501 1546 1534 νὴ
1571 1499 1638 1533 ζωὴ,
1657 1498 1716 1533 ἐγὼ
1738 1498 1758 1531 ἡ
1780 1495 1848 1527 tibi.

223 1561 282 1581 sum
298 1553 426 1586 vita,,ego
440 1558 499 1578 sum
522 1549 620 1577 ueritas
636 1548 660 1581 b,
682 1551 712 1579 ᾖ(
735 1554 782 1583 ego
795 1552 820 1574 et
833 1547 915 1574 Pater
929 1554 1011 1573 unum

1066 1554 1135 1584 θεια,
1148 1551 1204 1586 ἐγὼ
1216 1550 1265 1577 καὶ
1280 1550 1296 1576 ό
1313 1547 1414 1581 Πατὴρ
1434 1547 1469 1573 ἓν
1493 1545 1597 1580 ἐσμεν.
1629 1543 1666 1570 Τὸ
1684 1543 1714 1570 δὲ
1731 1551 1849 1577 πνευμα-

223 1603 313 1622 sumus
337 1602 361 1624 ο.
387 1595 457 1622 lllud
478 1598 570 1622 autem
585 1592 722 1628 spiritale,
741 1591 823 1619 etiam
845 1596 872 1619 et
884 1590 1012 1622 animale,

226 1643 299 1678 quod
311 1642 471 1676 assumpsit,
487 1641 559 1668 hunc
573 1640 602 1666 in
617 1638 727 1666 modum
742 1641 836 1664 notum
848 1636 930 1664 facit:
945 1636 1015 1664 Puer

227 1697 286 1716 vero
300 1687 432 1715 crescebat
455 1691 480 1713 et
502 1685 655 1720 proﬁciebat
680 1683 756 1710 valde
780 1683 805 1710 ά.
826 1683 941 1718 Insuper
967 1682 1015 1710 Sa-

226 1734 336 1769 pientia:
349 1733 412 1763 fuit,
435 1735 464 1758 ut
478 1731 551 1767 quod
563 1730 706 1766 spirituale
727 1733 816 1759 esset.
838 1729 1014 1762 ostenderet;

228 1778 438 1814 magnitudinis,
465 1782 494 1804 ιιι
517 1777 545 1805 id
566 1776 639 1812 quod
662 1776 790 1804 animale.
808 1775 860 1803 Per
880 1775 927 1802 illa
952 1783 1017 1803 vero

228 1833 289 1861 qua:
315 1831 348 1852 ea:
369 1824 450 1852 latere
476 1824 610 1859 [luxerunt
634 1828 658 1855 ε,
685 1822 845 1850 elliuxiones
872 1821 1017 1850 affectuum

229 1869 434 1902 manifestabat,
458 1874 485 1898 et
500 1869 657 1897 affectiones
677 1876 708 1896 ex
736 1867 890 1895 libidinosis
911 1868 1017 1902 pravis-

229 1924 283 1952 que
300 1920 390 1944 rectas
416 1916 581 1951 sedatasque
595 1915 682 1943 factas
704 1915 884 1947 substantias.
902 1915 1017 1942 salutem

229 1962 316 1990 fuisse
331 1965 505 1990 consecutas.
522 1961 555 1989 Et
577 1969 640 1988 cum
664 1960 756 1988 dicat:
785 1960 893 1995 Oportet
918 1960 1019 1987 Filium

229 2009 343 2035 homini:
369 2007 517 2042 reprobari.
538 2007 705 2034 contumeliis
722 2007 801 2042 aﬁici,
816 2012 841 2034 et
856 2007 975 2042 cruciﬁgi
996 2007 1018 2038 ι,

230 2055 308 2090 quasi
323 2054 357 2082 de
372 2054 426 2081 alio
440 2054 547 2081 videtur
570 2053 656 2088 loqui,
684 2061 783 2088 nempe
797 2053 832 2080 de
851 2060 884 2081 eo
898 2053 945 2088 qui
957 2059 1021 2087 pas-

229 2100 357 2128 sionibus
371 2100 407 2128 sit
420 2100 567 2128 obnoxius.
584 2099 619 2126 Et
637 2099 784 2134 prwcedam
800 2107 843 2126 vos
854 2119 861 2130 ,
878 2099 927 2130 ait,
943 2099 1020 2125 tertia

229 2146 273 2173 die
287 2146 315 2173 in
329 2145 470 2173 Galitwam
498 2147 521 2178 ⁸,
554 2146 612 2180 ipse
628 2146 700 2173 enim
718 2146 809 2172 omnia
834 2145 976 2180 praecedit,
995 2149 1021 2171 et

229 2193 349 2220 animam
367 2192 448 2220 modo
471 2192 604 2219 invisibili
620 2192 753 2219 salvatam
770 2199 799 2219 se
822 2191 1019 2218 suscitaturum

230 2238 371 2271 indicavit,
385 2238 600 2273 restiturumque
616 2245 670 2272 qun
683 2245 756 2264 nunc
771 2237 900 2272 praecedit
914 2236 940 2263 ιι.
952 2235 1021 2263 Mor-

231 2287 296 2311 tuus
312 2287 403 2311 autem
420 2287 462 2311 est
471 2282 575 2318 Spiritu
599 2282 646 2317 qui
663 2289 746 2316 super
761 2289 823 2309 eum
845 2281 874 2308 in
900 2280 1020 2308 Jordano

232 2329 376 2357 descendit
389 2329 565 2358 abscedente.
586 2335 638 2355 nec
662 2328 764 2355 virtute
784 2327 892 2362 propria
910 2327 961 2354 hoc
981 2327 1021 2353 fa—

234 2379 310 2402 ctum
325 2379 378 2409 est,
395 2374 443 2402 sed
457 2374 532 2402 illius
545 2374 593 2410 qui
618 2373 748 2401 subduxit
764 2380 806 2404 se,
834 2377 864 2399 ut
877 2373 930 2399 vim
944 2380 1020 2400 suam

234 2428 309 2448 mors
321 2424 472 2452 exsereret,
499 2420 600 2455 quippe
621 2427 676 2454 quo
702 2423 781 2454 pacto
807 2419 863 2446 vita
889 2422 1021 2454 praesente

235 2465 304 2492 mori
325 2467 352 2493 in
368 2466 414 2493 illo
424 2466 512 2501 potuit
527 2465 647 2501 corpus?
660 2466 701 2493 sic
715 2465 788 2492 enim
805 2469 833 2493 et
847 2473 922 2493 mors
937 2465 1022 2499 potita

236 2509 387 2538 Salvator-is
402 2511 488 2546 ipsius
498 2516 582 2543 esset,
596 2510 671 2546 quod
691 2511 851 2538 absurdum.
862 2510 1022 2538 Doloautem

237 2563 312 2582 mors
337 2560 490 2591 expugnata
514 2561 556 2583 est
571 2565 578 2582 :
594 2563 709 2591 c0rp0re
732 2556 804 2583 enim
834 2554 966 2582 moriente
991 2561 1024 2580 ac

237 2602 326 2636 ipsum
340 2601 483 2637 subigente
509 2608 606 2634 morte,
623 2601 762 2631 Salvator,
774 2600 879 2628 radium
896 2600 1023 2635 polentia:

277 2693 306 2722 ᾖ
327 2689 357 2717 Ρ.
370 2689 423 2718 97L
441 2689 496 2717 ΕΙ).
514 2689 661 2717 POTTER.
684 2695 696 2708 ιι
711 2689 777 2715 Luc.
795 2696 814 2721 ι,
832 2689 876 2715 55.

239 2733 297 2756 xIx,
314 2726 358 2752 54.
412 2726 421 2744 ῐ
442 2725 508 2752 Luc.
524 2733 561 2758 Ix,
582 2724 627 2750 22.

276 2803 314 2854 φ)
333 2802 432 2844 Λέγει..
445 2802 510 2854 qut
526 2802 577 2854 noti
595 2803 707 2854 v‘erbnm
726 2801 821 2829 deesse
839 2800 946 2828 videtur
962 2800 1024 2827 σύλ-

486 2847 500 2854 η
629 2844 726 2854 ,ην-ιο

241 2836 332 2874 ληψίν,
348 2836 393 2865 aut
411 2838 500 2874 simile
514 2838 588 2874 quid,
607 2836 738 2874 Srpaunc.

280 2871 334 2909 (i0)
349 2874 470 2907 Ἕτερος
482 2871 621 2907 ἧιίῷ>ἀικ
637 2871 837 2908 Congruentius
852 2871 922 2900 forte
931 2871 1024 2908 ἔτερος

925 2688 940 2708 b
959 2688 1037 2714 Joan.
1055 2696 1110 2721 xw,
1124 2689 1150 2716 6.

687 2725 698 2743 ε
718 2723 813 2750 Matth.
831 2731 903 2756 xxvr,
919 2723 962 2750 52.
1001 2723 1014 2742 ιι
1035 2724 1094 2751 Aet.
1118 2732 1148 2756 ιι,
1169 2724 1214 2750 24.

1065 1598 1139 1625 τικὺν
1156 1597 1169 1623 ὃ
1184 1596 1326 1630 ἀνείληφεν
1341 1594 1388 1620 καὶ
1404 1593 1435 1619 τὸ
1463 1591 1579 1627 ψυχικὸν
1601 1590 1688 1621 οὕτως
1715 1588 1848 1624 ἐμφαίνει·

1070 1645 1104 1672 Τὸ
1118 1643 1153 1671 δὲ
1164 1643 1285 1670 παιδίον
1299 1641 1433 1675 ηὔξανεν
1456 1639 1504 1666 καὶ
1526 1638 1711 1672 προέκοπτεν
1727 1636 1849 1670 σφόδρα.

1067 1691 1166 1725 Σοφίας
1183 1690 1230 1725 μὲν
1247 1688 1301 1724 γὰρ
1312 1687 1343 1714 τὸ
1355 1685 1539 1721 πνευματικὸν
1562 1684 1659 1717 δεῖξαι,
1681 1682 1812 1718 μεγέθους
1826 1681 1849 1707 δὲ

1066 1737 1097 1764 τὸ
1109 1736 1230 1772 ψυχικόν.
1248 1734 1297 1760 Διά
1312 1733 1340 1760 δὲ
1359 1732 1413 1759 τῶν
1438 1731 1591 1766 ἐκρυέντων
1617 1730 1649 1755 ὲκ
1670 1729 1720 1764 τῆς
1736 1727 1850 1762 πλευρᾶς

1067 1783 1160 1818 ἐδήλου
1172 1781 1220 1812 τὰς
1234 1779 1359 1816 ὲκρὺσεις
1387 1777 1440 1804 τῶν
1467 1775 1572 1807 παθῶν,
1587 1774 1641 1801 ἀπὸ
1654 1774 1708 1800 τῶν
1725 1773 1850 1808 sy.szth

1068 1828 1183 1859 ἀπαθεῖς
1193 1826 1340 1861 γενομένας
1352 1824 1402 1856 τὰς
1419 1822 1512 1854 οὐσίας
1536 1820 1681 1847 σεσῶσθαι.
1710 1820 1767 1846 Καὶ
1794 1819 1851 1845 ὅταν

1068 1874 1145 1908 λέγῃ,
1173 1870 1222 1898 Δεῖ
1241 1870 1296 1896 τὸν
1320 1868 1389 1896 Υίὸν
1418 1867 1472 1894 τοῦ
1491 1865 1650 1900 ἀνθρώπου
1678 1864 1852 1898 ἀποδοκιμα-

1069 1917 1187 1951 σθῆναι,
1208 1913 1395 1950 ὑϐρισθῆναι,
1423 1911 1643 1946 σταυρωθῆναι,
1666 1911 1705 1942 ὼς
1721 1911 1788 1946 περὶ
1806 1910 1850 1936 ἀλ-

1069 1965 1115 1990 λου
1136 1963 1260 1998 φαίνεται
1282 1961 1379 1996 λέγων,
1405 1959 1525 1994 δηλονότι
1547 1957 1595 1984 τοῦ
1623 1956 1779 1992 ὲμπαθοῦς.
1803 1955 1851 1983 Καὶ

1071 2009 1190 2044 προάξω
1209 2007 1301 2043 ὑμᾶς,
1326 2007 1409 2042 λέγει,
1432 2005 1470 2040 τῇ
1493 2006 1575 2040 τρίτῃ
1599 2004 1658 2032 τῶν
1676 2003 1796 2038 ὴμείκὶιν
1815 2003 1853 2035 εἰς

1071 2056 1128 2090 τὴν·
1139 2054 1317 2082 Γαλιλαίαν·
1338 2052 1420 2085 αὐτὸς
1432 2051 1486 2087 γὰρ
1506 2051 1622 2087 προάγει
1636 2050 1738 2081 πάντα,
1755 2050 1801 2076 καὶ
1810 2049 1854 2083 τὴν

1072 2099 1183 2134 ἀφανῶς
1197 2098 1354 2134 σωζομένην
1369 2097 1457 2132 ψυχὴν
1484 2096 1646 2131 ἀναστήσειν
1661 2095 1787 2130 ᾐνίσσετο
1814 2094 1854 2121 καὶ

1073 2146 1306 2180 ἀποκαταστήσειν
1322 2139 1354 2170 οὗ
1367 2143 1414 2169 νῦν
1426 2142 1551 2178 προάγει.
1582 2140 1713 2168 Ἀπέθανε
1738 2141 1777 2171 δὲ,
1793 2141 1855 2166 ἁπο-

1074 2191 1185 2222 στᾱιντος
1195 2190 1241 2217 τοῦ
1258 2188 1424 2220 καταϐάντος
1451 2189 1494 2214 ἐπ’
1510 2187 1585 2222 αὐτῷ
1604 2187 1650 2213 ἐπὶ
1673 2186 1713 2222 τῷ
1742 2186 1856 2220 Ἰορδάνῃ

1074 2236 1240 2272 Πνεύματος,
1257 2236 1306 2262 οὐκ
1334 2234 1386 2270 ἰδίᾳ
1409 2233 1566 2268 γενομένου.
1587 2232 1656 2259 ἀλλὰ
1674 2231 1855 2262 συσταλέντος,

1074 2281 1116 2309 ῐνα
1132 2282 1178 2309 καὶ
1207 2279 1502 2316 ὲνεργήσῃὸθάνατος·
1527 2279 1587 2305 ἐπεὶ
1613 2278 1684 2310 πῶς,
1713 2277 1766 2312 τῆς
1790 2276 1856 2311 ζωῆς

1073 2327 1213 2363 παρούσης
1228 2328 1256 2353 ὲν
1269 2326 1353 2361 αὐτῷ,
1367 2325 1484 2353 ἀπέθανε
1501 2325 1532 2351 τὸ
1544 2325 1622 2360 σῶμα
1635 2333 1642 2356 ;
1659 2324 1732 2350 οὕτω
1759 2323 1815 2359 γὰρ
1829 2322 1857 2348 ἂν

1073 2373 1120 2400 καὶ
1142 2372 1224 2399 αὑτοῦ
1248 2371 1293 2398 τοῦ
1323 2371 1447 2406 Σωτῆρος
1474 2372 1488 2397 ὁ
1513 2370 1626 2401 θάνατος
1651 2369 1805 2405 ἐκράτησεν
1819 2368 1856 2395 ἄν·

1072 2419 1140 2454 ὅπερ
1152 2418 1259 2445 ἄτοπον.
1282 2417 1355 2452 Δόλῳ
1375 2417 1403 2443 δὲ
1426 2418 1441 2443 ὀ
1464 2415 1576 2447 θάνατος
1607 2412 1856 2449 κατεστρατηγήθη’

1075 2463 1255 2495 ἀποθανόντος
1271 2463 1325 2498 γὰρ
1337 2462 1384 2489 τοῦ
1408 2462 1532 2497 σώματος
1548 2464 1596 2487 καὶ
1612 2460 1802 2496 κρατήσαντος
1815 2459 1858 2485 αὐ-

1076 2510 1121 2536 τὸν
1132 2508 1179 2536 τοῦ
1195 2508 1321 2540 θανάτου,
1338 2507 1496 2538 ἀναστείλας
1521 2506 1571 2541 τὴν
1588 2504 1755 2532 ἐπελθοῦσαν
1768 2505 1859 2530 ἀκτῖνα

1081 2556 1130 2591 τῆς
1149 2555 1292 2590 δυνάμεως
1315 2555 1330 2581 ὁ
1355 2554 1462 2590 Σωτὴρ,
1488 2551 1616 2579 ἀπείλεσε
1641 2551 1691 2586 μὲν
1719 2550 1765 2577 τὸν
1781 2550 1859 2576 θάνα-

1075 2609 1120 2627 τον
1133 2600 1199 2635 (M),
1214 2601 1245 2626 τὸ
1268 2601 1295 2626 δὲ
1312 2600 1408 2635 θνητὸν
1434 2599 1512 2634 σῶμα
1539 2596 1683 2624 ἀποϐαλὼν
1707 2596 1781 2631 πάθη
1805 2595 1859 2622 ἀνέ-

1191 2695 1201 2707 ε
1222 2689 1301 2716 Joan.
1319 2697 1346 2721 κ,
1360 2689 1404 2715 50.
1444 2687 1456 2706 ⁸
1478 2687 1543 2713 Luc.
1562 2694 1590 2718 ιι,
1606 2686 1651 2719 40,
1666 2685 1702 2713 52
1753 2691 1765 2705 ε
1783 2684 1856 2711 Joan.

1075 2799 1109 2836 ἦν
1124 2799 1154 2828 οὗ
1184 2802 1338 2837 ἀνείληφεν,
1357 2801 1426 2828 alius
1451 2800 1509 2835 (seu
1528 2799 1659 2833 diuersus)
1677 2799 1710 2826 ab
1734 2806 1764 2825 eo
1787 2804 1857 2831 quem

1078 2835 1230 2870 assumpsit.
1245 2835 1376 2864 Simone.

1114 2866 1337 2908 (11)’·Ἀπείλεσε
1349 2875 1407 2906 μέν
1423 2873 1476 2898 τὸν
1495 2870 1635 2899 θάνατον.
1654 2869 1807 2906 Legendum
1822 2866 1846 2893 vi
