1934 3075
217 153 265 183 691

780 157 940 187 CLEMENS
959 156 1234 189 ALEXANDRINUS.

1794 161 1844 188 69$

216 215 290 251 quod
311 220 374 244 ante
390 217 426 245 sit
449 218 685 252 praedestinatum,
708 219 873 253 productum
895 220 977 248 fuerit

1054 221 1087 248 ἂν
1118 223 1147 249 τδ
1179 223 1290 258 σπέρμα
1316 222 1482 258 προσενεχθῇ
1505 222 1536 249 τὸ
1563 221 1810 258 προλελογισμένον
1834 230 1841 240 ·

215 262 265 290 sed
282 263 316 290 de
332 264 418 298 prima
433 265 545 292 muliere
561 265 678 292 obscure
692 265 837 300 signiﬁcat,
849 267 928 301 cujus
941 274 1003 301 pas-

215 308 310 336 siones
323 313 448 336 creatura
465 310 585 340 luerunt.
605 315 633 337 et
647 319 708 345 quae
722 311 894 339 substantias
917 312 1003 339 infor-

216 361 275 381 mes
288 355 429 389 producat,
449 364 496 390 per
508 364 589 390 quam
609 360 636 383 et
656 356 788 385 Dominus
809 358 868 392 ipse
890 358 1003 385 descen-

215 399 265 431 dit,
284 405 312 427 ut
326 408 341 427 a
358 401 485 434 passione
504 409 554 428 nos
570 401 710 434 liberaret,
725 408 751 430 et
771 404 949 438 semetipsum
963 404 1001 431 illi

215 445 348 474 insereret

249 491 331 526 358
344 482 459 519 ωἰνιιι.
479 492 605 525 Quandiu
622 495 734 530 quidem
757 496 867 523 l'emime
894 499 1000 523 tantum

215 538 260 565 ﬁlii
284 538 397 571 fuimus,
422 541 501 575 quasi
522 540 651 577 conjugio
672 543 759 578 turpi;
783 538 944 579 imperfecti,
959 545 1001 571 irr-

215 583 311 616 fantes,
331 585 406 612 stulti
419 590 446 612 et
467 586 579 619 inﬁrmi,
602 592 684 622 atque
704 588 847 620 informes,
862 590 1000 617 abortivo-

213 637 272 655 rum
285 630 317 657 ad
329 630 415 658 instar
430 631 554 660 mulieris
570 632 619 659 lilii
631 641 741 660 eramus
756 633 821 661 editi
832 643 841 667 ;ν
854 639 998 670 postquam

212 683 277 702 vero
292 683 307 702 a
317 675 458 704 Salvatore
476 678 590 705 formam
603 679 770 714 accepimus,
787 681 837 707 viri
851 682 997 716 nuptialis.

209 729 262 755 que
278 721 390 749 thalami
406 723 454 750 ﬁlii
466 724 616 756 evasimus,

243 776 336 804 LXIX.
355 777 452 805 Fatum
475 779 586 814 quidem
608 784 652 808 est
672 789 826 810 concursus
849 783 995 811 multarum

207 823 315 858 sibique
330 825 532 852 contrariarum
545 826 690 854 virtutum.
704 827 750 855 Hae
761 836 825 857 vero
840 834 904 857 sunt
927 831 996 858 invi-

207 870 302 898 sibiles
321 873 348 898 et
364 872 500 904 obscurae.
527 874 627 908 quibus
651 882 717 902 cura
742 881 833 905 motus
857 883 992 906 astrorum

207 917 355 944 commissa
370 922 423 948 est,
437 926 540 954 perque
565 921 611 947 illa
633 922 779 956 praesident
795 931 894 959 resque
908 925 995 952 admi-
1011 915 1031 941 Β

207 962 337 989 nistrant.
358 962 419 996 Quo
444 964 517 991 enim
542 969 622 1000 pacto
649 967 757 994 illorum
781 971 995 1005 unumquodque

207 1007 301 1034 mundi
325 1012 400 1035 motu
421 1009 564 1045 abreptum
588 1020 641 1038 una
658 1017 792 1046 movetur,
812 1015 919 1042 illorum
935 1024 995 1051 qua:

206 1053 356 1080 secundum
380 1054 452 1081 idem
477 1056 702 1085 inclinamentum
728 1059 797 1087 facta
818 1065 892 1092 sunt,
920 1062 995 1090 velut

206 1097 293 1132 ipsius
305 1098 422 1126 ﬁliorum
437 1100 606 1129 dominatum
625 1103 757 1132 obtinuit.

240 1153 321 1183 LXX.
338 1155 390 1184 Per
402 1156 491 1185 sidera
505 1159 597 1194 itaque
612 1168 667 1188 non
686 1163 803 1190 erratica
818 1165 993 1200 errantiaque

205 1205 352 1235 potestates
363 1202 512 1231 invisibiles
528 1213 589 1240 quae
603 1207 646 1234 his
662 1214 782 1243 przesunt
800 1210 923 1243 invectae,
947 1220 992 1239 re-

203 1253 263 1274 rum
285 1249 361 1276 ortus
383 1246 547 1284 dispensant
571 1258 654 1288 atque
685 1256 867 1290 prospiciunt.
896 1255 991 1284 Sidera

201 1297 268 1320 Vero
285 1292 344 1328 ipsa
358 1294 396 1320 nil
412 1293 522 1330 quidem
551 1297 667 1331 faciunt,
686 1300 740 1326 vim
761 1306 852 1328 autem
875 1305 993 1337 potesta-

201 1339 259 1365 tum
289 1338 489 1368 dominantium
512 1339 645 1376 indicant,
668 1344 701 1372 ad
720 1353 782 1373 cum
803 1347 913 1373 modum
936 1355 991 1382 quo

203 1383 307 1412 volatus
321 1386 411 1413 avium
427 1386 531 1423 aliquid
549 1388 696 1425 signiﬁcat,
712 1396 740 1418 at
752 1393 820 1419 nihil
832 1397 952 1428 praestat.

236 1438 329 1470 LXXI.
345 1440 495 1472 Duodecim
511 1445 593 1481 igitur
614 1447 692 1481 signa
713 1456 744 1475 ac
766 1454 870 1484 septem
892 1451 988 1483 stellm.

200 1492 261 1520 quas
283 1487 486 1523 ingrediuntur,
511 1490 623 1526 hmcque
643 1499 818 1527 percurrunt,
835 1503 907 1522 nunc
926 1497 989 1530 qui-

200 1529 261 1559 dem
276 1539 331 1560 una
342 1535 518 1568 comitantur,
537 1544 611 1564 nunc
626 1546 691 1565 vero
705 1546 866 1573 occurrunt,
889 1542 987 1570 horum

1055 268 1124 295 ἀλλὰ
1137 269 1201 304 περὶ
1224 269 1273 304 τῆς
1295 269 1358 296 ἀνω·
1368 269 1478 304 θηλείας
1490 268 1647 298 αἰνίττεται.
1660 265 1694 303 ἧς
1708 267 1743 294 τὰ
1771 267 1842 304 πάθη

1054 314 1141 346 κτίσις
1150 315 1271 348 γέγονεν,
1287 315 1335 349 τῆς
1343 315 1389 341 καὶ
1403 314 1451 346 τὰς
1464 314 1604 349 ἀμόρφους
1616 313 1711 345 οὐσίας
1727 313 1842 348 προὸαλ-

1053 359 1161 395 λούσης,
1176 360 1208 386 δι’
1223 361 1257 396 ἣν
1274 360 1320 387 καὶ
1333 361 1347 386 ὁ
1360 360 1461 395 Κύριος
1480 359 1623 394 κατῆλθεν,
1646 359 1701 386 ἀπὸ
1726 359 1777 393 μὲν
1795 357 1840 385 τοῦ

1053 404 1155 436 πάθους
1171 406 1244 440 ἡμᾶς
1259 405 1435 436 ἀποσπάσων,
1447 404 1542 431 ἑαυτὸν
1559 403 1588 430 δὲ
1601 404 1839 439 εἰσποιησάμενος.

1089 493 1150 521 ΞΙΡ.
1171 494 1251 530 Ἄχρι
1270 495 1320 530 μὲν
1336 495 1390 531 γὰρ
1407 493 1477 531 ἦμεν
1491 495 1542 530 τῆς
1562 494 1673 530 Θηλείας
1693 494 1784 530 μόνης
1796 494 1839 520 τέ-

1051 548 1113 572 κνα,
1129 540 1167 572 ὠς
1189 540 1222 567 ἂν
1242 542 1357 576 αἰσχρᾶς
1375 540 1513 575 συζυγίας,
1531 541 1613 575 ἀτελῆ
1631 541 1679 568 καὶ
1691 542 1779 576 νήπια
1794 541 1838 567 καὶ

1050 587 1157 622 ἄφρονα
1182 588 1228 613 καὶ
1250 587 1351 622 ἀσθενῆ
1379 588 1425 614 καὶ
1448 588 1569 623 ἄμορφα,
1591 586 1647 614 οἷον
1670 587 1838 623 ἐκτρώματι

1051 633 1275 668 προσενεχθέντα,
1303 634 1352 669 τῆς
1378 634 1506 668 γυναικος
1522 632 1594 669 ἦμεν
1613 634 1698 660 τέκνα
1714 643 1721 648 ·
1739 634 1792 660 ὑπὸ
1809 634 1836 660 δὲ

1048 679 1094 705 τοῦ
1109 679 1234 715 Σωτῆρος
1250 679 1448 715 μορφωθέντες,
1462 680 1558 716 ἀνδρδς
1570 681 1615 706 καὶ
1630 680 1779 715 νυμφῶνος
1791 688 1835 714 γε-

1048 725 1165 760 γόναμεν
1180 726 1270 753 τέκνα.

1082 782 1140 808 ΞΘ’.
1170 783 1200 808 Ἡ
1219 782 1370 818 εἱμαρμένη
1388 783 1445 809 ἐστὶ
1458 783 1565 815 σύνοδος
1576 783 1681 810 πολλῶν
1695 784 1745 810 καὶ
1758 784 1833 810 ἐναν-

1046 828 1110 854 τίων
1129 829 1279 864 δυνάμεων·
1293 827 1372 856 αὗται
1394 829 1423 856 δέ
1440 831 1508 856 εἰσιν
1522 830 1630 865 ἀόρατοι
1647 830 1694 856 καὶ
1711 831 1832 865 ἀφανεῖς

1046 875 1271 910 ὲπιτροπεύουσαι
1287 875 1336 912 τὴν
1349 876 1403 903 τῶν
1413 876 1521 912 ἄστρων
1532 877 1628 912 φορὰν,
1644 878 1692 904 καὶ
1713 877 1750 904 δι’
1765 878 1834 904 ἐκεῖ·

1046 929 1097 948 νων
1110 920 1324 956 πολιτευόμεναι.
1338 921 1413 948 Καθὸ
1423 921 1478 957 γὰρ
1489 922 1604 949 ἕκαστον
1612 922 1703 950 αὐτῶν
1716 923 1832 958 ἔφθακεν

1045 968 1079 1002 τῇ·
1098 966 1144 993 τοῦ
1166 967 1267 1002 κόσμου
1281 969 1386 1004 κινήσει
1402 970 1662 1004 συναναφερόμενον,
1683 970 1740 998 τῶν
1761 972 1831 997 κατῖ

1044 1013 1128 1048 αὐτὴν
1155 1013 1203 1049 τὴν
1228 1014 1314 1049 ῥοπὴν
1342 1015 1495 1050 γενομένων
1506 1016 1614 1052 εῐληχεν
1640 1017 1691 1052 τὴν
1715 1018 1829 1053 ἐπικρά-

1045 1065 1127 1090 τειαν,
1142 1059 1179 1091 ὡς
1193 1060 1273 1087 αὐτοῦ
1287 1061 1400 1088 τέκνων.

1078 1166 1114 1191 0'.
1132 1165 1180 1192 Διὰ
1198 1165 1252 1193 τῶν
1268 1165 1396 1194 ἀπλανῶν
1408 1167 1497 1195 τοίνυν
1520 1168 1566 1195 καὶ
1593 1169 1779 1204 πλανωμένων
1797 1172 1828 1198 ᾶ-

1044 1220 1131 1246 στρων
1149 1213 1177 1238 αἱ
1194 1213 1240 1238 ἐπὶ
1256 1214 1358 1240 τούτων
1371 1212 1482 1250 ἀόρατοι
1495 1215 1624 1251 δυνάμεις
1636 1217 1825 1252 ἐποχούμεναι,

1042 1257 1200 1292 ταμιεύουσι
1210 1258 1259 1290 τὰς
1272 1259 1392 1293 γενέσεις
1407 1261 1453 1287 καὶ
1465 1263 1650 1296 προσκοποῠσι
1663 1271 1669 1277 ·
1684 1263 1728 1290 τὰ-
1739 1263 1767 1289 δὲ
1779 1264 1825 1290 ἄσ-

1041 1313 1093 1340 τρα
1108 1304 1176 1340 (15).
1190 1306 1260 1334 αὐτὰ
1273 1307 1321 1341 μὲν
1330 1307 1406 1334 οὐδὲν
1419 1310 1500 1339 ποιεῖ,
1517 1309 1637 1336 δείκνυσι
1649 1311 1678 1337 δὲ
1694 1310 1744 1346 τὴν
1758 1311 1826 1346 ἐνέρ-

1041 1359 1117 1384 γειαν
1127 1352 1181 1377 τῶν
1195 1352 1297 1387 κυρίων
1309 1353 1462 1389 δυνάμεων,
1478 1354 1572 1391 ὥσπερ
1594 1357 1642 1382 καὶ
1659 1357 1675 1392 ἡ
1687 1357 1743 1383 τῶν
1758 1358 1826 1393 ὀρνί-

1040 1396 1094 1423 θων
1114 1398 1211 1433 πτῆσις
1226 1399 1352 1434 σημαίνει
1365 1408 1402 1430 τι,
1415 1400 1474 1435 οὐχ).
1491 1402 1571 1427 ποιεῖ.

1075 1457 1136 1481 UA’.
1151 1455 1192 1482 Τὰ
1201 1455 1290 1482 τοίνυν
1305 1455 1416 1483 δεκαδύο
1429 1456 1522 1489 ξώδια,
1537 1459 1584 1485 καὶ
1595 1459 1621 1485 οἱ
1636 1459 1724 1486 ταῦτα
1737 1459 1824 1486 ἐπιόν-

1039 1509 1083 1533 τες
1105 1501 1175 1528 ὲπτὰ
1196 1502 1320 1538 ἀστέρες,
1344 1503 1404 1530 τοτὲ
1424 1504 1474 1539 μὲν
1494 1504 1691 1538 συνοδεύοντες,
1711 1507 1772 1533 τοτὲ
1796 1506 1826 1533 δξ

1039 1547 1246 1581 ὑπαπατῶντες,
1264 1550 1454 1583 ἀνατέλλοντες
1477 1547 1559 1583 οὗτοι,
1585 1551 1654 1588 πρὸς
1674 1553 1728 1579 τῶν
1744 1553 1822 1580 δυνά-

200 1580 277 1606 ονιυε
287 1586 347 1614 quas
358 1587 373 1607 a
389 1582 571 1615 potestatibus
591 1585 620 1615 ᾗ
639 1590 795 1618 moventur,
811 1592 913 1615 motum
926 1590 987 1616 sub-

200 1621 304 1634 -s-_.L_
335 1624 358 1634 5.,
372 1623 389 1634 l-
415 1633 420 1634 γ
450 1631 455 1634 .
507 1630 513 1634 .
667 1632 671 1634 Α
778 1629 783 1634 .
834 1631 849 1634 ..

1045 1601 1112 1619 ,ιεων
1138 1594 1299 1629 κινούμενοι,
1317 1595 1422 1631 κίνησιν
1450 1593 1499 1631 τῆς
1522 1597 1616 1629 οὐσίας
1637 1598 1763 1634 δηλοῦσιν
1784 1600 1827 1631 εἰς·

200 1621 306 1651 υιωιιίῖε
335 1623 456 1652 indicant
486 1630 516 1653 ut
544 1632 708 1662 generentur
739 1629 879 1662 animalia,
905 1636 987 1667 atque

199 1666 251 1695 sibi
282 1669 484 1698 contrariorum
515 1673 733 1702 conversionem.
767 1675 886 1703 Diversae
922 1685 987 1706 vero

199 1717 262 1741 sunt
283 1720 346 1742 cum
369 1716 454 1744 stella:
471 1721 528 1744 tum
547 1723 706 1754 potestates,
733 1721 871 1754 beneﬁca,
899 1724 985 1752 male-

199 1756 266 1793 liae,
279 1758 391 1793 dextrae,
407 1762 527 1791 sinistrae
542 1772 549 1790 :
565 1764 609 1792 his
622 1773 770 1795 commune
789 1774 832 1796 est
851 1768 986 1804 quod-ge-

198 1802 297 1831 nitum.
315 1802 418 1832 Harum
439 1811 530 1835 autem
561 1809 701 1843 quodlibet
724 1812 836 1846 proprio
860 1802 985 1848 tempore

198 1848 336 1884 nascitur,
359 1850 405 1879 illo
426 1853 471 1888 qui
497 1852 654 1882 dominatur
676 1865 736 1891 qua:
753 1857 832 1892 juxta
856 1863 984 1886 naturam

197 1898 262 1924 sunt
288 1897 459 1933 perﬁciente,
481 1900 532 1928 hoc
554 1902 664 1935 quidem
687 1903 714 1930 iu
745 1903 892 1940 principio,
917 1906 983 1933 illud

195 1948 261 1970 vero
277 1942 304 1970 in
320 1943 382 1972 ﬁne.

232 1998 336 2028 LXXII.
352 2001 394 2029 Ab
404 2001 455 2030 hoc
470 2007 634 2038 potestatum
650 2004 809 2035 dissidio'ac
825 2014 914 2043 pugna
926 2008 980 2036 Do-

195 2043 346 2074 mluusuos
361 2046 469 2080 liberat,
485 2053 512 2076 ct
527 2057 620 2083 pacem
638 2053 742 2086 prabet,
756 2054 789 2081 ab
805 2054 864 2081 acie
877 2055 930 2082 hac
943 2055 982 2082 in-

195 2093 300 2118 structa
320 2097 488 2127 potestatum
503 2100 530 2123 ct
549 2098 720 2132 angelorum,
748 2107 801 2134 qua
824 2099 851 2126 hi
870 2101 981 2135 quidem

193 2141 243 2169 pro
259 2136 348 2170 nobis,
362 2137 399 2166 illi
413 2147 478 2167 vero
491 2145 587 2169 contra
597 2151 648 2170 nos
659 2145 840 2178 collocantur,
855 2146 901 2173 alii
917 2147 980 2182 qui-

193 2180 255 2208 dem
270 2181 402 2211 militibus
418 2189 483 2212 sunt
496 2185 599 2214 similes
615 2188 662 2222 qui
687 2189 766 2217 nobis
782 2191 886 2217 auxilio
903 2180 978 2223 sunt,

193 2228 223 2252 ut
237 2224 284 2253 Dei
297 2226 433 2262 ministri;
448 2229 494 2257 alii
510 2238 572 2258 vero
589 2231 751 2261 latronibus.
770 2234 821 2267 Qui
835 2236 907 2264 enim
925 2245 980 2265 ma-

192 2270 236 2299 lus
249 2274 302 2304 est,
318 2280 371 2301 non
388 2282 402 2301 a
414 2282 478 2311 rege
494 2278 653 2306 succinctus
668 2280 774 2315 accepit
786 2281 916 2316 gladium,
930 2284 978 2311 sed
996 2272 1017 2299 D

191 2314 244 2344 libi
255 2323 302 2351 per
312 2319 466 2346 vecordiam
483 2329 515 2347 ac
531 2323 688 2356 superbiam
701 2314 759 2358 ipse
770 2314 870 2359 rapuit.

227 2412 344 2443 LXXIII.
361 2415 475 2454 Propter
490 2419 665 2451 adversarios
680 2423 725 2451 alii
742 2431 789 2459 per
805 2434 905 2462 corpus
919 2435 978 2456 res-

191 2466 244 2494 que
267 2465 395 2490 extcrnas
411 2463 530 2492 animam
547 2466 679 2494 invadunt
701 2470 883 2505 scrvitutique
901 2473 978 2499 addi-

190 2508 257 2531 cunt
273 2512 279 2531 :
295 2506 341 2540 qui
359 2513 423 2535 vero
434 2508 523 2536 dextri
538 2516 612 2541 sunt.
631 2521 686 2540 non
701 2513 790 2542 idonei
805 2522 868 2543 sunt
883 2521 911 2543 ut
925 2526 974 2545 no-

191 2547 298 2576 biscum
328 2552 442 2579 comites
461 2554 575 2583 salutem
600 2558 738 2591 przebeaut
759 2568 863 2596 nosque
884 2568 976 2591 custo-

191 2593 279 2626 diant,
300 2602 355 2623 non
375 2597 448 2624 enim
464 2600 584 2632 perfecte
602 2603 784 2638 prospiciunt,
799 2593 871 2633 sicut
888 2608 975 2636 bonus

192 2636 303 2671 Pastor;
313 2641 361 2669 sed
377 2645 538 2674 mercenaria
545 2648 645 2675 similis
659 2636 786 2684 quisque,
799 2652 844 2686 qui
858 2660 919 2680 cum
936 2654 976 2680 ιιι-

230 2718 260 2749 ιζ(
281 2716 312 2747 Ρ.
332 2718 384 2746 976
404 2718 457 2748 ED.
477 2722 623 2751 POTTER.

229 2792 476 2841 (l§i":4ojr‘pa._‘l)e
492 2800 699 2841 astris‘quoque
712 2801 791 2841 Pliilo
809 2783 869 2841 pag.
887 2807 912 2834 6.
934 2806 974 2840 οἷς

191 2825 330 2891 similist;
345 2825 394 2865 μέν
419 2833 517 2860 ἔδωκεν

224 2882 229 2889 .
248 2880 253 2889 ι
268 2871 324 2891 mil
336 2874 378 2894 nc.

1039 1638 1143 1672 γένεσιν
1154 1639 1208 1666 τῶν
1224 1639 1312 1672 ζώων,
1325 1642 1371 1668 καὶ
1383 1642 1432 1677 τὴν
1443 1642 1497 1669 τῶν
1509 1642 1696 1679 περιστάσεων
1708 1647 1818 1681 τροπήν.

1038 1685 1165 1720 Διάφοροι
1181 1684 1259 1712 δἐίσὶ
1270 1687 1317 1714 καὶ
1332 1687 1358 1713 ot
1368 1688 1483 1723 ἀστέρες
1497 1690 1543 1716 καῐ
1556 1688 1726 1725 αι’δυνάμεις
1739 1699 1748 1706 ·
1760 1691 1821 1725 ἀγαι

1037 1727 1157 1761 θοποιοὶ,
1185 1730 1342 1762 κακοποιοὶ,
1377 1731 1474 1765 δεξιοὶ,
1496 1734 1635 1769 ἀριστεροί
1651 1743 1657 1750 ·
1675 1733 1713 1762 ὧν
1734 1736 1819 1762 κοινὸν

1035 1774 1066 1800 τὸ
1079 1775 1246 1810 τικτόμενον·
1265 1776 1379 1804 ἕκαστον
1394 1777 1450 1812 (16)
1468 1778 1501 1806 δὲ’
1514 1779 1604 1806 αὐτῶν
1626 1780 1732 1814 γίνεται
1750 1782 1816 1808 κατὰ

1037 1819 1132 1855 καιρὸν
1150 1820 1195 1847 τὸν
1213 1820 1288 1853 ἴδιον,
1305 1822 1362 1848 τοῦ
1373 1823 1580 1857 δυναστεύοντος
1598 1826 1633 1853 τὰ
1652 1827 1723 1853 κατὰ
1744 1827 1825 1863 φύσιν

1035 1865 1238 1898 ἀποτελοῦντος,
1252 1867 1282 1894 τὸ
1297 1868 1346 1903 μὲν
1358 1869 1387 1895 ὲν
1402 1870 1483 1906 ἀρχῇ,
1497 1871 1527 1897 το
1545 1871 1573 1898 δὲ
1586 1873 1632 1898 ἐπὶ
1642 1873 1724 1899 τέλει.

1069 2007 1127 2034 OB’.
1150 2008 1215 2035 Ἀπὸ
1227 2009 1329 2046 ταύτης
1341 2011 1390 2047 τῆς
1402 2013 1522 2045 στάσεως
1532 2014 1578 2040 καὶ
1593 2016 1683 2051 μάχης
1706 2017 1760 2044 τῶν
1776 2017 1804 2043 δυ

1033 2052 1140 2088 νάμεων
1156 2055 1170 2080 ὁ
1182 2055 1283 2090 Κύριος
1297 2056 1371 2091 ἡμᾶς
1391 2058 1494 2092 ῥύεται,
1512 2060 1558 2086 καὶ
1585 2061 1701 2096 παρέχει
1717 2062 1765 2097 τὴν
1781 2063 1818 2089 si3

1035 2099 1117 2133 ρήνην
1129 2099 1183 2126 ἀπὸ
1201 2100 1250 2135 τῆς
1264 2101 1318 2128 τῶν
1332 2103 1472 2138 δυνάμεων
1493 2106 1539 2132 καὶ
1555 2106 1604 2141 τῆς
1622 2107 1677 2133 τῶν
1696 2108 1817 2142 ἀγγέλων

1033 2144 1221 2179 παρατάξεως,
1239 2146 1272 2181 ἣν
1286 2146 1310 2172 οί
1325 2147 1374 2182 μὲν
1387 2147 1457 2184 ὑπὲρ
1476 2150 1563 2185 ἡμῶν,
1579 2151 1603 2176 al
1617 2151 1645 2177 δὲ
1669 2152 1731 2178 καθ’
1741 2153 1815 2188 ἡμῶν

1032 2190 1259 2224 παρατάσσονται·
1271 2193 1296 2218 οἱ
1305 2193 1360 2228 μὲν,
1370 2193 1612 2231 γὰριστρατιώνταις
1620 2197 1736 2230 ἐοίκασι,
1751 2206 1815 2234 συμ-

1033 2235 1181 2270 μαχοῦντες
1205 2238 1281 2272 ἡμῖν,
1293 2238 1330 2270 ὡς
1344 2239 1378 2266 ἂν
1392 2240 1526 2276 ὑπηρέται
1549 2242 1634 2269 Θεοῦ·
1655 2245 1681 2270 οἱ
1708 2245 1748 2277 δὲ,
1766 2245 1812 2281 λῃ-

1033 2282 1121 2312 σταῖς·
1150 2282 1164 2308 ὁ
1183 2283 1237 2318 γὰρ
1257 2285 1373 2320 πονηρὸς
1391 2286 1421 2312 οὺ
1444 2287 1519 2322 παρὰ
1540 2287 1672 2322 βασιλέως
1698 2290 1814 2322 ἐζώσατο

1031 2326 1120 2353 λαϐὼν
1140 2327 1188 2362 τὴν
1208 2329 1355 2365 μάχαιραν,
1374 2331 1464 2367 ἑαυτῷ
1479 2332 1507 2359 δὲ
1521 2333 1556 2366 ἐξ.
1573 2334 1704 2367 ἀπονοίας
1730 2337 1813 2371 ἁρπά-

1031 2378 1089 2404 σας.

1064 2428 1122 2454 Ol".
1140 2429 1188 2456 Διὰ
1210 2431 1242 2466 δὴ
1252 2432 1314 2464 τοὺς
1329 2433 1532 2469 ἀντικειμένους
1551 2436 1574 2462 οί
1587 2437 1632 2463 διὰ
1652 2437 1700 2464 τοῦ
1724 2438 1811 2474 σώμα-

1029 2482 1073 2506 τος
1088 2476 1135 2501 καὶ
1149 2475 1203 2502 τῶν
1217 2477 1295 2509 ἐκτὸς
1307 2479 1501 2507 ἐπιϐατεύουσι
1514 2480 1564 2516 τῆς
1582 2481 1684 2517 ψυχῆς,
1698 2485 1745 2510 καὶ
1758 2485 1811 2510 ἐνε-

1033 2519 1179 2554 χυράζουσι
1194 2522 1233 2553 εἰς
1250 2522 1379 2550 δουλείαν.
1395 2525 1426 2551 Ol
1438 2525 1466 2551 δὲ
1479 2525 1560 2557 δεξιοὶ
1572 2527 1622 2552 οὐκ
1644 2528 1715 2554 είσὶν
1729 2528 1812 2555 ἱκανοὶ

1030 2567 1296 2601 παρακολουθοῦντες
1319 2569 1415 2602 σώζειν
1438 2572 1484 2598 καὶ
1510 2572 1657 2606 φυλάσσειν
1680 2575 1762 2609 ἡμᾶς·
1782 2575 1810 2600 οὒ

1029 2613 1083 2648 γάρ
1099 2614 1150 2640 εξσι
1172 2615 1262 2642 τέλεον
1288 2619 1469 2653 προνοητικοὶ,
1489 2618 1583 2655 ὥσπερ
1597 2621 1612 2646 ὁ
1625 2620 1728 2655 ἀγαθὸς
1750 2621 1810 2648 Ποι-

1031 2659 1099 2693 μήν·
1113 2659 1180 2687 ἀλλὰ
1189 2662 1325 2696 μισθωτῷ
1336 2664 1811 2700 παραπλήσιοςὲκαστος,τὸνλύκον

1028 2845 1045 2873 s
1063 2811 1117 2846 (16)
1143 2813 1304 2844 "Emtrcr.
1335 2815 1406 2844 Flor.
1435 2817 1561 2850 ἑκάστου,
1586 2819 1707 2853 genitivo
1731 2827 1804 2850 σιω.

1050 2854 1158 2873 ῖιηυιιοΔ

1050 2854 1158 2876 ιἰηιτκς.
