1934 3075
107 162 163 191 095

460 159 570 187 DUBIA.
589 174 622 180 --
642 159 826 188 EXCERPTA
846 159 892 186 EX
912 158 1068 187 SCRIPTIS
1089 158 1274 192 THEODOTI,
1296 158 1372 186 ETC.

1677 159 1728 186 691

106 221 392 257 ὀρὼντιπροσιόντα
400 219 447 246 καὶ
473 218 608 254 φεύγοντι,
632 219 683 247 καὶ
703 219 734 245 οὐ
759 218 892 255 προθύμῳ

957 227 1005 245 ιιιηι
1016 219 1158 246 venientem
1174 218 1302 251 videritl,
1314 219 1405 256 fugam
1421 219 1483 251 init,
1503 222 1530 246 ct
1546 226 1600 245 non
1620 218 1671 250 illi,
1683 218 1728 251 qui

104 265 157 301 τὴν
185 265 273 300 ψυχὴν
299 265 369 300 ὑπὲρ
396 264 451 291 τῶν
477 264 548 291 ἰδίων
568 264 711 300 προϐάτων
736 263 890 291 ἐπιδιδόναι.

105 311 182 347 Πρὸς
198 311 238 338 ἔτι
252 311 308 347 (17)
330 311 359 338 δὲ
375 311 422 339 καὶ
440 312 454 338 ό
475 311 627 347 ἄνθρωπος,
643 311 713 347 ὑπὲρ
730 307 760 337 οὗ
774 312 791 345 ὴ
807 310 892 346 μάχη,

103 357 221 390 ἀσθενὲς
235 357 267 384 ὃν
280 357 359 389 ζῶον,
373 358 534 393 εύεπίφορόν
547 359 606 384 ἐστι
617 357 685 394 πρὸς
699 357 729 383 τὸ
744 358 835 392 χεῖρον
847 357 893 384 καὶ

104 404 164 435 τοῖς
193 403 300 438 μισοῦσι
328 403 597 438 συλλαμϐανόμενον·
622 402 682 430 ὅθεν
701 403 748 429 καὶ
764 402 848 429 πλείω
860 402 893 429 τὰ

104 449 183 474 κικᾶ
204 448 321 484 ὑπάρχει
344 447 428 483 αὐτῷ.
449 448 498 474 Διὰ
519 448 623 475 τοῦτοό
637 447 738 483 Κύριος
761 447 894 483 κατῆλθεν

103 493 220 529 εἰρήνην
242 494 362 529 ποιήσων
377 495 433 525 τοῖς
445 494 493 521 ἀπ’
506 494 626 530 οὐρανῶν
643 493 710 530 (18),
724 493 753 519 οὐ
769 495 826 525 τοῖς
839 494 894 520 ἀπὸ

104 538 170 573 γῆς,
192 538 230 570 ὦς
241 547 322 574 φησιν
336 540 351 565 ὁ
370 539 542 571 Ἀπόστολος·
561 538 675 573 Εἰρήνη
687 539 737 565 ἐπὶ
754 538 812 574 τῆς,
825 538 892 572 γῆς,

104 584 158 611 καὶ
168 583 244 617 δόξα
256 585 292 611 ἐν
301 584 453 618 ὑψίστοις.

142 632 202 657 ΟΔ’.
230 631 279 658 Διὰ
300 630 380 658 τοῦτο
394 632 514 659 ἀνέτειλε
534 632 607 664 ξένος
623 633 711 668 ἀστὴρ
728 633 775 658 καὶ
790 631 893 663 καινὸς,

104 677 252 704 καταλύων
281 677 330 713 τὴν
356 678 474 705 παλαιὰν
499 679 677 714 ἀστροθεσίαν
702 679 784 714 (19),~
809 679 895 714 καινῷ

105 723 190 757 φωτὶ,
202 723 234 749 οὔ
253 723 378 759 κοσμικῷ
400 724 585 759 λαμπόμενος,
603 725 617 751 ὁ
633 724 729 756 καινὰς
749 725 825 756 ὁδοὺς
848 725 895 751 καὶ

106 769 262 805 σωτηρίους
284 769 453 805 τρεπόμενος
465 778 471 784 ·
490 769 571 801 αὐτὸς
590 770 604 796 ὁ
618 769 719 804 Κύριος
743 769 895 805 ἀνθρώπων

103 813 216 849 ὀδηγὺς,
231 815 245 840 ὁ
257 813 394 841 κατελθὼν
404 815 444 846 εἰς
457 815 520 848 γῆν,
538 814 582 841 ἶνα
603 814 705 850 μεταθῇ
721 815 785 846 τοὺς
800 815 839 846 εἰς
849 814 895 840 τὸν

105 859 227 894 Χριστὸν
243 859 439 892 πιστεύσαντας
456 860 510 888 ἀπὸ
528 860 578 895 τῆς
593 860 764 896 εἱμαρμένης
789 861 829 892 είς
845 860 894 895 τὴν

105 904 214 930 ἐκείνου
226 905 364 940 πρόνοιαν.

144 951 206 977 UE’.
223 951 286 977 Ὀτι
302 951 331 978 δέ
353 952 421 983 ἐστι,
443 951 535 986 φασιν,
555 951 719 987 εἱμαρμένη,
736 952 792 982 τοῖς
808 950 896 982 ἄλλοις

106 997 143 1022 τὰ
156 995 368 1032 ἀποτελέσματα
393 996 581 1031 προλεγόμενα
606 996 740 1023 δείκνυσιν
753 1004 759 1010 ·
780 996 897 1032 ἐναργὴς

107 1043 138 1069 δὲ
153 1043 294 1077 ἀπόδειξις
315 1043 362 1070 καὶ
375 1045 391 1078 ἡ
406 1043 460 1070 τῶν
479 1042 648 1078 μαθημάτων
670 1042 779 1079 θεωρία.
795 1042 898 1069 Αὐτίκα

106 1090 135 1115 οἱ
151 1089 235 1125 μάγοι
251 1090 281 1116 οὐ
307 1089 386 1125 μόνον
401 1088 483 1119 εἶδον
501 1090 556 1117 τὸν
573 1089 685 1123 ἀστέρα
705 1088 759 1115 τοῦ
777 1089 897 1122 Κυρίου,

108 1134 238 1161 ἀλλὰκαὶ
254 1135 285 1161 τὸ
300 1135 399 1172 ἀληθὲς
419 1136 551 1170 ἔγνωσαν,
574 1136 615 1162 ὅτι
644 1135 769 1172 βασιλεὺς
790 1135 897 1170 ἐτέχθη,

109 1182 160 1208 καὶ
176 1178 214 1209 ὧν
232 1181 418 1217 βασιλεὺς,ὂτι
438 1183 571 1210 θεοσεϐὦν
596 1183 662 1218 (20).
687 1182 754 1209 Τότε
778 1182 899 1210 Ἰουδαῖοι

112 1228 191 1264 μόνοι
207 1228 344 1264 διαὸόητοι
358 1227 429 1264 ἦσαν
444 1229 490 1256 ἐπὶ
508 1229 647 1265 θεοσεϐείᾳ
660 1238 666 1244 ·
687 1229 731 1255 διὰ
747 1228 825 1255 τοῦτο
846 1228 900 1264 γὰρ

110 1275 162 1302 καὶ
174 1276 189 1302 ὁ
203 1275 299 1312 Σωτὴρ
311 1275 380 1311 πρὸς
391 1275 526 1307 Θεοσεϐεῖς
541 1275 653 1308 κατιὼν,
669 1275 715 1302 ἐπὶ
726 1275 837 1306 τούτους
853 1272 900 1310 ἧλ-

111 1323 146 1350 0:
157 1322 284 1358 πρώτους
301 1323 364 1355 τοὺς
379 1323 439 1350 τότε
455 1323 501 1349 ἐπὶ
519 1323 660 1358 θεοσεϐείᾳ
678 1321 756 1355 δόξαν
770 1323 901 1358 ἀποφερο-

113 1369 225 1405 μένους.

151 1460 220 1492 οςν.
244 1459 289 1491 Ὡς
307 1456 354 1486 οὖν
373 1459 391 1494 ἡ
407 1459 532 1494 γέννησις
551 1459 598 1485 τοῦ
619 1459 743 1495 Σωτῆρος
770 1459 903 1494 γενέσεως

112 1506 190 1542 ἡμᾶς
210 1506 258 1532 καὶ
274 1505 446 1541 είμαρμένης
462 1505 597 1538 ἐξέϐαλεν,
611 1504 682 1532 οὕτω
698 1505 744 1532 καὶ
759 1505 789 1532 τὸ
809 1505 904 1541 βάπτι-

943 269 1066 299 prompte
1093 268 1120 292 et
1139 264 1232 291 animo
1260 265 1344 292 alacri
1367 273 1417 300 pro
1438 265 1535 292 ovibus
1557 265 1615 292 suis
1644 264 1727 290 vitam

943 318 1021 338 suam
1035 312 1154 346 deponit.
1168 311 1283 347 Insuper
1298 316 1325 340 et
1340 312 1422 340 homo
1434 312 1514 346 cujus
1529 311 1617 347 gratia
1625 315 1667 338 est
1680 319 1730 345 pu—

943 363 1007 390 gna,
1023 357 1125 384 animal
1139 361 1182 384 est
1198 357 1376 388 imbecillum,
1404 362 1431 385 et
1448 356 1521 392 quod
1538 356 1618 384 facile
1633 356 1660 383 in
1683 364 1729 391 pe-

941 403 988 437 jus
997 406 1126 434 mutetur,
1141 410 1173 430 ac
1189 403 1243 430 illis
1256 403 1303 438 qui
1318 403 1382 430 odio
1396 403 1497 430 habent
1514 402 1646 430 auxilium
1660 402 1728 436 fert;

943 449 1007 476 hinc
1020 452 1062 476 est
1078 448 1151 483 quod
1169 449 1249 484 plura
1264 449 1304 477 illi
1321 449 1392 476 mala
1413 449 1568 485 obtingunt.
1595 448 1671 476 Hanc
1695 450 1730 477 ob

944 501 1056 522 causam
1076 495 1219 522 descendit
1235 495 1377 527 Dominus,
1399 500 1427 523 ut
1443 495 1489 523 ille
1509 496 1554 530 qui
1569 503 1584 522 e
1599 495 1677 523 cmlis
1702 499 1730 522 et

945 549 1000 568 non
1017 541 1064 575 qui
1079 545 1177 568 eterra
1197 549 1290 576 pacem
1308 542 1451 577 praeberet,
1469 542 1509 569 uti
1523 542 1591 569 dicit
1613 541 1731 576 Aposto-

944 588 986 615 lus
1002 597 1008 614 :
1025 586 1084 614 Pax
1098 587 1125 613 in
1140 592 1221 619 terra,
1233 592 1258 614 et
1269 587 1354 622 gloria
1370 589 1397 615 in
1411 587 1520 615 excelsis
1536 587 1560 614 δ.

979 626 1094 661 LXXIV.
1121 633 1212 669 Itaque
1231 635 1309 662 stella
1326 642 1395 662 nova
1420 643 1451 662 ac
1473 635 1583 662 insolita
1598 638 1658 662 orta
1675 638 1728 666 est,

945 688 1014 708 nova
1032 680 1093 707 luce
1113 683 1231 708 veterem
1259 680 1398 707 stellarum
1419 680 1579 716 positionem
1609 680 1728 711 solvens.

945 735 999 754 non
1021 727 1080 754 luce
1091 734 1154 762 qua:
1166 726 1260 753 mundi
1273 726 1353 754 fuerit
1365 726 1470 757 lucens,
1487 726 1533 754 sed
1541 734 1602 761 qua:
1612 726 1669 754 vias
1681 734 1730 753 no—

944 780 993 800 vas
1007 776 1035 799 et
1049 780 1109 807 quae
1120 772 1202 800 saluti
1218 772 1386 804 conducunt,
1408 772 1542 800 ostendat.
1556 772 1659 808 Nempe
1675 772 1729 799 Do-

945 817 1036 844 minus
1051 817 1110 851 ipse
1122 817 1167 852 qui
1182 817 1338 845 hominibus
1361 818 1412 844 via
1435 817 1490 844 dux
1505 821 1558 849 est,
1581 818 1681 853 quique
1703 819 1730 844 in

945 867 1044 890 terram
1059 862 1213 894 descendit,
1233 867 1263 889 ut
1285 870 1300 889 θ
1317 861 1373 890 fato
1387 862 1421 890 ad
1440 863 1512 890 illius
1532 862 1730 897 providentiam

911 899 932 926 Β
947 909 1008 936 illos
1022 909 1069 943 qui
1081 908 1110 935 in
1124 907 1264 936 Christum
1279 908 1405 939 credant,
1417 907 1591 936 transferret.

982 953 1086 980 LXXV.
1099 953 1176 986 Quod
1193 961 1266 986 vero,
1278 953 1384 984 dicunt.
1402 952 1438 980 sit
1453 952 1619 988 fatum,quaa
1634 953 1732 987 praedi-

948 1005 990 1027 cta
1005 999 1039 1027 de
1058 1000 1120 1027 aliis
1138 1004 1213 1031 sunt,
1240 1002 1370 1034 certoque
1389 1002 1549 1032 evenerunt,
1572 998 1731 1026 ostendunt.

948 1045 1076 1072 Probatio
1088 1052 1152 1073 vero
1167 1044 1312 1080 perspicua
1322 1047 1365 1071 est
1378 1044 1555 1071 scientiarum
1570 1043 1734 1078 contempla-

949 1092 997 1118 tio.
1027 1090 1123 1118 Statim
1146 1091 1219 1126 magi
1236 1098 1291 1118 non
1309 1091 1389 1118 modo
1412 1089 1517 1117 stellam
1539 1089 1648 1116 Domini
1664 1089 1735 1116 nide—

949 1142 1010 1164 runt
1023 1143 1048 1168 ε,
1063 1137 1110 1165 sed
1129 1142 1154 1164 et
1167 1137 1238 1172 quod
1254 1144 1348 1164 verum
1362 1139 1435 1164 esset
1450 1138 1649 1171 cognoverunt,
1661 1135 1733 1170 quod

949 1191 996 1210 rex
1018 1186 1108 1211 natus.
1118 1185 1201 1215 esset.
1217 1186 1245 1209 et
1259 1189 1374 1217 quorum
1392 1189 1438 1208 rex
1461 1181 1553 1212 fuerit,
1574 1187 1671 1215 nempe
1686 1179 1733 1206 Dci

950 1228 1096 1256 cultorum.
1117 1227 1202 1255 Porro
1215 1227 1303 1255 Judaei
1321 1227 1372 1254 soli
1392 1228 1482 1254 cultus
1502 1226 1588 1254 divini
1609 1230 1734 1261 respectu

951 1275 1074 1304 celebres
1089 1278 1155 1302 tunc
1169 1274 1348 1301 habebantur.
1366 1272 1398 1300 Et
1410 1272 1481 1299 hanc
1494 1272 1530 1299 ob
1548 1279 1660 1299 causam
1681 1276 1733 1302 est.

951 1320 1022 1356 quod
1039 1320 1164 1348 Salvator
1177 1319 1211 1347 ad
1225 1319 1272 1347 Dei
1287 1319 1406 1346 cultores
1422 1317 1603 1349 descendens,
1623 1317 1656 1344 ad
1674 1317 1735 1345 illos

951 1366 1070 1401 primum
1084 1357 1158 1393 venit
1174 1368 1217 1397 >14,
1232 1364 1280 1400 qui
1294 1369 1360 1391 tunc
1375 1363 1506 1398 temporis
1520 1362 1555 1390 ob
1570 1362 1675 1389 cultum
1693 1361 1736 1388 di-

952 1411 1045 1441 vinum
1061 1411 1175 1446 gloriam
1187 1409 1348 1438 retulerunt.

987 1455 1104 1484 LXXVI.
1120 1455 1205 1483 Prout
1229 1455 1322 1490 itaque
1347 1453 1498 1481 Salvatoris
1528 1451 1657 1479 nativitas
1686 1458 1736 1479 nos

953 1504 1047 1540 genesi
1070 1503 1190 1538 fatoque,
1214 1501 1254 1529 sic
1273 1505 1301 1528 et
1317 1500 1440 1536 ejusdem
1465 1499 1601 1535 baptisma
1617 1498 1650 1526 ab
1674 1497 1736 1533 igne

113 1561 175 1587 σμα
193 1552 275 1579 αὐτοῦ
297 1552 383 1587 πυρὸς
398 1552 471 1587 ἡμᾶς
485 1551 610 1584 ἐξείλετο,
628 1551 675 1578 καὶ
690 1551 722 1578 τδ
744 1552 828 1583 πάθος
851 1551 901 1579 πά-

957 1559 1004 1579 nos
1019 1550 1154 1582 liberavit,
1170 1551 1198 1576 et
1212 1547 1305 1584 passio
1321 1555 1336 1574 a
1355 1547 1494 1583 passione,
1509 1549 1538 1572 ut
1558 1546 1586 1572 in
1609 1544 1737 1572 omnibus

1200 1589 1722 1599 λ.........η.,

112 1598 191 1630 οους,
208 1598 252 1625 ⁴ίνα
268 1598 338 1627 κατὰ
354 1597 441 1624 πάντα
458 1597 683 1633 ἀκολουθήσωμεν
702 1597 785 1632 αὐτῷ.
806 1596 835 1624 '0
848 1596 901 1632 γὰρ

957 1605 1013 1625 eum
1024 1602 1181 1632 sequamur.
1197 1593 1250 1627 Qui
1265 1593 1339 1621 enim
1354 1594 1381 1620 in
1397 1592 1482 1619 Deum
1501 1591 1649 1626 baptizatus
1663 1589 1736 1626 est“,

112 1642 160 1674 εις
176 1641 442 1675 Θεὸνβαπτισθεις
456 1642 495 1673 εἰς
510 1641 576 1668 Θεὸν
595 1641 745 1677 ἐχώρησεν,
760 1641 809 1668 καὶ
823 1641 903 1675 εἵλη-

113 1696 176 1723 φεν
194 1687 339 1720 ἐξουσίαν
358 1687 458 1715 ἐπάνω
473 1688 626 1722 σκορπίων
641 1688 689 1715 καὶ
707 1687 802 1722 ὄφεων
824 1696 903 1722 περι-

114 1732 235 1765 πατεῖν,
251 1734 305 1761 τῶν
320 1733 526 1769 δυνάμεωνητῶν
543 1734 749 1769 πονηρῶν.,Καὶ
764 1731 821 1766 τοῖς
839 1734 906 1760 ἀπο-

116 1777 225 1809 στόλοις
256 1778 424 1810 ἐντέλλεται,
445 1779 612 1813 Περιιόντες
645 1779 828 1812 κηρύσσετε,
857 1778 906 1805 καὶ

115 1823 191 1857 τοὺς
216 1824 415 1856 πιστεύοντας
433 1823 590 1856 ,ϐαπτίζετε
612 1825 656 1857 είς
678 1823 772 1857 ὄνομα
792 1823 906 1857 Πατρός

115 1870 168 1896 καὶ
192 1870 261 1897 Υἰοῦ
286 1870 336 1896 καὶ
355 1870 441 1904 ἁγίου
465 1871 650 1905 Πνεύματος·
671 1870 711 1901 είς
727 1870 773 1901 οὓς
791 1870 903 1903 ἀναγεν-

116 1914 242 1950 νὼμεθα,
259 1914 312 1941 τῶν
329 1915 429 1942 λοιπῶν
444 1915 585 1951 δυνάμεων
599 1915 712 1942 ἁπασῶν
727 1914 854 1950 ὑπεράνω
870 1923 907 1949 γι-

116 1959 238 1995 νόμενοι.

156 2007 216 2034 ΟΖ¹.
233 2006 328 2042 Ταύτῃ
338 2006 451 2039 θὰνττος
462 2007 508 2035 καὶ
523 2007 598 2039 τέλος
613 2007 720 2041 λέγεται
732 2005 779 2033 τοῦ
792 2005 906 2033 παλαιοῦ

119 2053 181 2088 βίου
203 2053 234 2080 τὸ
251 2053 404 2089 βάπτισμα.
430 2054 656 2089 ἀποτασσομένων
673 2052 751 2089 ἡμῶν
778 2053 838 2084 ταῖς
860 2061 908 2079 ’πο-

119 2101 219 2135 νηραῖς
230 2100 347 2135 ἀρχαῖς·
364 2099 419 2135 ζωὴ
433 2099 461 2126 δὲ
484 2099 555 2127 κατὰ
570 2099 698 2136 Χριστὸν,
713 2096 748 2135 ἧς
765 2099 844 2134 μόνος
860 2100 908 2125 αὑ-

117 2147 167 2177 τὸς
183 2145 316 2181 κυριεύει.
336 2146 367 2172 Ἠ
383 2145 496 2181 δύναμις
516 2146 544 2172 δὲ
558 2145 608 2180 τῆς
630 2144 779 2181 μεταϐολῆς
793 2144 840 2171 τοῦ
865 2144 909 2180 βα-

119 2192 282 2225 πτισθέντος
298 2193 328 2219 οὐ
345 2192 410 2228 περὶ
428 2192 458 2219 τὺ
472 2192 566 2228 σῶμα,
587 2191 612 2227 (ό
628 2191 708 2223 αὐτὸς
722 2191 777 2227 γὰρ
793 2191 907 2218 ἀναϐαί-

952 1644 979 1670 ἰη
994 1642 1076 1670 Deum
1090 1640 1238 1672 concessit,
1251 1639 1400 1674 accepitque
1415 1641 1568 1673 potestatem
1580 1644 1658 1671 super
1669 1643 1739 1663 scor-

952 1689 1041 1724 piones
1061 1696 1091 1715 ac
1104 1691 1234 1721 serpentes
1252 1684 1373 1712 catcandi
1383 1690 1406 1717 ο,
1420 1683 1472 1711 hoc
1487 1687 1529 1711 est
1543 1683 1571 1710 in
1588 1686 1739 1718 potestates

955 1732 1102 1769 improbas.
1128 1731 1208 1759 Jubet
1234 1737 1343 1766 quoque
1367 1728 1522 1764 apostolos,
1543 1727 1739 1756 Circumeuntes

955 1779 1105 1815 pradicate,
1115 1782 1139 1805 et
1152 1785 1197 1805 eos
1209 1777 1253 1812 qui
1268 1774 1371 1803 credent
1386 1774 1518 1809 baptizata
1530 1773 1557 1800 in
1572 1773 1674 1800 nomine
1685 1772 1739 1800 Pa-

955 1827 1002 1853 tri:
1017 1830 1040 1853 et
1056 1824 1122 1851 Filii
1142 1828 1166 1850 et
1182 1822 1298 1857 Spiritus
1321 1820 1407 1848 sancti
1423 1819 1433 1839 ι
1450 1829 1456 1846 :
1474 1820 1502 1846 in
1523 1826 1593 1854 quos
1618 1819 1740 1847 renasci.

955 1880 1016 1900 mur
1050 1870 1162 1906 reliquis
1200 1868 1328 1899 omnibus
1366 1866 1547 1902 potestatibus
1582 1865 1740 1900 superiores

957 1918 1030 1946 facti.

993 2004 1120 2033 LXXVII.
1142 2003 1218 2031 lianc
1232 2003 1268 2030 ob
1282 2009 1393 2030 causam
1411 2001 1472 2028 vita:
1493 2001 1593 2028 veteris
1607 2006 1683 2026 mors
1699 2002 1741 2025 at-

957 2060 1010 2087 que
1021 2051 1084 2079 linis
1098 2049 1235 2086 baptisma
1248 2048 1358 2079 dicitur,
1373 2047 1453 2074 nobis
1467 2044 1649 2080 potestatibus
1662 2043 1741 2071 malis

957 2096 1187 2126 renuntiantibus.
1195 2094 1257 2122 Vita
1264 2101 1328 2122 vero
1339 2092 1488 2121 secundum
1501 2090 1652 2122 Christum,
1662 2089 1741 2124 cujus

958 2145 1033 2172 solus
1044 2144 1102 2178 ipse
1113 2142 1239 2170 dominus
1245 2144 1303 2168 est:
1316 2140 1402 2167 virtus
1413 2142 1502 2165 autem
1513 2136 1671 2164 mutationis
1681 2135 1743 2170 ejus

959 2191 1005 2227 qui
1025 2190 1178 2225 baptizatus
1198 2191 1251 2219 est,
1266 2188 1327 2222 Inon
1354 2185 1444 2221 quoad
1460 2191 1561 2219 corpus
1583 2182 1742 2214 attenditur,

119 2238 191 2273 νει·)
205 2237 273 2264 ἀλλὰ
289 2238 353 2273 περὶ
372 2227 471 2275 ψυχήν.
487 2237 592 2265 Αὐτίκα
605 2236 697 2268 δοῦλος
715 2235 782 2262 Θεοῦ
797 2235 855 2270 ἅμα
870 2234 901 2270 τᾷ

960 2237 1031 2265 idem
1045 2235 1118 2263 enim
1135 2233 1272 2265 ascendit,
1291 2232 1338 2260 sed
1354 2230 1444 2266 quoad
1461 2230 1590 2258 animum.
1610 2228 1684 2255 Illico
1696 2227 1743 2255 Dei

119 2284 245 2312 ἀνελθεῖν
259 2284 307 2311 τοῦ
325 2284 511 2320 βαπτίσματος
525 2283 573 2311 καὶ
587 2283 655 2318 πρὸς
673 2282 726 2309 τῶν
746 2282 908 2318 ἀκαθάρτων

121 2330 233 2364 λέγεται
248 2329 305 2365 (21)
318 2330 491 2365 πνευμάτων,
507 2329 554 2355 καὶ
570 2330 609 2361 εἰς
619 2327 649 2355 ὃν
666 2328 719 2364 πρὸ
728 2328 819 2363 ὀλίγου
834 2329 908 2364 ἐνήρ-

121 2385 203 2411 γουν,
216 2375 310 2402 τοῦτον
324 2376 374 2411 ἤδη
392 2375 559 2411 φρίσσουσιν.

160 2423 225 2450 οΗ’.
242 2423 331 2457 Μέχρι
353 2421 400 2448 τοῦ
427 2421 614 2457 βαπτίσματος
638 2417 684 2446 οὖν
700 2421 716 2454 ἠ
741 2420 909 2454 εἱμαρμένη,

123 2469 219 2505 φασιν,
235 2468 354 2504 ὰληθής”
375 2467 444 2503 μετὰ
458 2467 486 2494 δέ
499 2467 576 2494 τοῦτο
592 2467 641 2494 οὑκ
668 2466 707 2493 ἔτι
734 2466 910 2501 ἀληθεύουσιν

163 2581 194 2610 »ῃ
216 2577 246 2604 ι).
269 2575 322 2603 977
342 2575 394 2601 so.
417 2573 563 2610 nomen.
585 2581 597 2594 ι
617 2574 694 2601 Joan.
715 2583 742 2606 π,
765 2574 806 2601 ιι.
849 2576 861 2595 ια
882 2575 901 2602 L

970 2582 1000 2609 lt,
1024 2577 1065 2603 14.

126 2623 142 2642 x
157 2609 227 2645 (19.
270 2611 280 2630 ί
301 2610 396 2637 Matth.
419 2617 514 2640 xxvm,
533 2609 575 2636 19.

175 2684 220 2717 17)
236 2683 313 2717 Πρὸς
324 2682 377 2709 ἔτι.
395 2682 485 2709 Malim
503 2681 669 2716 coniunctim
685 2680 804 2717 προσέτι,

175 2685 188 2712 1
236 2685 313 2717 Πρὸς
324 2685 377 2709 ἐτι.
395 2685 485 2709 Malim
503 2685 669 2716 coniunctim
685 2685 804 2716 προσέτι.

162 2685 221 2755 Sig;
252 2719 320 2755 ἈΞἈ
342 2716 487 2755 οὐρανργ.
505 2720 538 2744 Α.
555 2717 601 2744 ἀπ’
627 2715 753 2755 ούρανοῦ,
781 2716 913 2755 singulari

126 2750 245 2783 numero
262 2763 269 2780 :
291 2752 366 2780 Flor.
378 2750 517 2787 ambiguo
532 2760 626 2779 errore
635 2750 681 2777 ἀπ’
691 2750 814 2786 οὐρανόν.
833 2750 912 2779 Sus.

163 2789 221 2824 (19)
243 2786 475 2822 Ἀστροθεσίανί
489 2786 553 2814 Post
569 2787 638 2824 hanc
655 2793 747 2824 vocem
770 2794 824 2824 non
844 2786 914 2813 male

124 2820 332 2858 distinieris,ut
343 2830 462 2857 sequens
476 2822 640 2849 commation
656 2820 740 2855 καινῷ
756 2821 841 2858 φωτί..
851 2829 912 2858 cum

126 2860 253 2894 sequenti
270 2856 414 2894 participio
428 2858 568 2893 iungatur,
585 2865 638 2885 non
653 2865 714 2884 cum
730 2856 911 2886 antecedenti.

127 2895 262 2922 Susum.

962 2289 1068 2314 servus,
1082 2289 1162 2316 quam
1175 2280 1292 2316 primum
1304 2286 1319 2306 a
1331 2278 1492 2313 baptismate
1503 2275 1655 2304 ascenderit
1666 2275 1744 2309 spiri-

962 2329 1035 2357 tibus
1049 2328 1116 2363 ipsis
1132 2326 1246 2361 impuris
1261 2331 1354 2352 aurem
1365 2323 1446 2352 etiam
1460 2323 1571 2358 praebet,
1583 2325 1611 2348 et
1624 2321 1652 2348 in
1664 2329 1743 2356 quem

962 2373 1043 2409 paulo
1057 2377 1119 2398 ante
1138 2371 1263 2406 agebant,
1276 2369 1349 2396 hunc
1361 2368 1416 2403 jam
1433 2369 1528 2395 timent
1543 2370 1726 2401 tremuntque.

1001 2416 1141 2445 LXXVIII.
1161 2416 1200 2443 Ad
1224 2415 1389 2451 baptismum
1412 2414 1503 2448 itaque
1522 2419 1620 2448 usque,
1646 2411 1743 2444 fatum,

964 2465 1077 2495 dicunt,
1101 2470 1195 2491 verum
1215 2463 1272 2490 sit:
1292 2465 1320 2488 at
1335 2465 1397 2496 post
1417 2460 1508 2495 ipsum
1532 2458 1588 2486 veri
1613 2458 1680 2485 nihil
1706 2459 1744 2484 lo-

1110 2582 1120 2593 τ
1141 2575 1224 2602 Matth
1259 2583 1289 2607 1|,
1307 2575 1331 2600 2.
1372 2573 1383 2592 ά
1405 2572 1464 2600 (id.
1488 2580 1535 2604 Ill,
1557 2572 1604 2598 27.
1645 2576 1656 2590 ⁸
1677 2570 1744 2597 Luc.

1002 2682 1059 2717 (90)
1078 2682 1141 2708 Ὅτι
1156 2680 1374 2717 θεοσεϐηριρηο
1400 2684 1538 2717 structura
1559 2681 1612 2717 est,
1629 2678 1670 2704 ὅτι
1688 2676 1746 2703 θω-

967 2713 1054 2744 σεϐὦν
1065 2717 1162 2752 ἐτέχθη
1179 2715 1313 2752 βασιλεύς.
1328 2716 1394 2752 Τότε
1406 2715 1460 2752 γᾲρ
1474 2714 1547 2752 ἰουδτ
1561 2713 1692 2740 Svcsunc.

1000 2752 1056 2786 (Ἡ)
1078 2750 1207 2787 Λέάεεται.
1233 2751 1348 2785 Λέγεται
1375 2750 1445 2787 ferri
1462 2751 1560 2784 potest,
1585 2754 1680 2787 nempe
1698 2752 1747 2780 pro

965 2783 1143 2822 ὁμολονεῖταὶ,
1166 2787 1189 2815 si
1208 2783 1282 2822 quis:
1292 2790 1381 2813 tamen
1405 2784 1525 2811 λείπεται
1550 2786 1596 2809 aut
1609 2783 1739 2818 φεύγεται

965 2820 1056 2855 malit,
1067 2831 1115 2858 per
1128 2830 1170 2850 me
1181 2820 1253 2849 licet.
1269 2820 1400 2848 Susum.
