1934 3075
63 143 122 171 ’705

451 140 565 168 DUBIA.
583 155 618 160 —
635 139 784 167 ECLOG/E
805 139 851 165 EX
873 136 1077 165 SCRIP'I‘URIS
1097 135 1336 164 PROPIIETICIS.

1657 135 1708 162 700

56 201 210 237 ωσμικῶν
229 200 374 237 νηστεύειν
391 200 505 236 χρὴ,ἱ’να
518 200 557 235 τῷ
568 200 661 234 κόσμῳ
676 199 867 234 ἀποθάνωμεν,

926 204 1029 231 quoque
1043 197 1077 223 al)
1094 196 1137 223 his
1150 204 1210 231 quae
1228 195 1322 223 mundi
1343 195 1458 230 hujusce
1469 199 1544 229 sunt,
1555 195 1709 230 jejunemus

56 248 113 275 καὶ
133 247 206 283 μετὰ
216 247 300 274 τοῦτο
315 248 418 283 τροφῆς
433 246 506 278 θείας
530 245 728 281 μεταλαϐόντες
739 245 798 280 Θεῷ
816 245 864 279 ζή-

58 302 172 329 σωμεν.
186 293 295 325 ¹’Δλλως
307 302 337 319 τε
352 293 423 320 κενοῖ
430 292 478 327 τῆς
490 291 558 327 ὖλης
566 291 615 327 τὴν
623 290 711 327 ψυχὴν
721 292 738 326 ἡ
754 290 866 325 νηστεία

56 340 112 366 καὶ
139 339 268 375 καθαρὰν
284 340 332 366 καὶ
356 339 459 374 κούφην
481 339 528 365 σὺν
545 338 592 364 καὶ
604 337 643 372 τῷ
663 336 769 372 σώματι
783 336 865 372 παρί-

58 394 151 421 στησι
167 387 228 417 τοῖς
248 385 333 417 θείοις
349 385 447 419 λόγοις.
465 384 558 421 Τροφὴ
585 383 633 418 μὲν
650 380 696 409 οὖν
716 381 834 417 κοσμικὴ
852 382 866 407 ὁ

57 431 209 468 πρότερος
224 431 282 466 βίος
297 431 343 458 καὶ
358 431 393 457 τὰ
409 430 603 466 ἁμαρτήματα·
629 428 717 464 τροφὴ
731 427 759 454 δὲ
777 427 865 463 θεῑκὴ,

59 476 176 510 πίστις,
194 477 284 509 ἐλπὶς,
297 477 401 512 ἀγάπη,
424 476 557 512 ὑπομονὴ,
571 475 680 510 γνῶσις,
692 475 798 510 εἰρήνη,
812 482 866 499 σω-

59 523 208 559 φροσύνη.
226 523 370 559 Μακάριοι
384 522 438 557 γὰρ
452 523 479 549 οἱ
489 521 649 554 πεινῶντες
658 521 706 548 καὶ
720 519 867 554 διψῶντες

60 570 127 604 τὴν
146 570 350 604 δικαιοσύνην
367 569 415 598 τοῦ
425 569 505 596 Θεοῦ·
522 566 605 596 οὗτοι
621 567 676 602 γὰρ
692 567 741 595 καὶ
755 567 867 601 ἐμπλη-

59 616 255 649 σθήσοντιιι.
287 615 368 651 Ψυχὴ
396 614 434 646 δὲ,
452 614 508 641 ἀλλ’
537 615 568 640 οὺ
595 614 683 648 σῶμα,
708 613 757 649 τὴν
779 612 867 648 δρεξιν

59 663 176 698 ταύτην
194 663 339 698 λαμϐάνει.

102 756 158 781 1Ε¹.
173 754 232 790 Τῆς
249 754 366 785 πίστεως
379 753 428 788 τὴν
439 752 520 788 εὐχὴν
539 751 713 788 ἰσχυροτέραν
730 750 868 786 ἀπέφηνεν

60 802 76 826 ὁ
100 801 210 836 Σωτὴρ
228 802 284 832 τοῖς
301 800 406 830 πιστοῖς
422 798 582 830 ἀποστόλοις
598 798 648 824 ἐπί
671 806 752 830 τινος
766 797 867 832 δαιμο-

60 847 215 879 νιῶντος,
238 847 267 873 ὃν
293 846 343 872 οὐκ
371 845 484 880 ἴσχυσαν
510 844 678 879 καθαρίσαι,
705 843 800 875 εἰπὼν,
828 844 868 870 Τὰ

61 891 190 918 τοιαῦτα
202 891 268 926 εὐχῇ
281 890 469 925 κατορθοῦται.
499 890 527 915 '0
547 889 594 925 μὲν
610 889 758 921 πιστεύσας
772 889 871 924 ἄφεσιν
887 893 908 922 Β

64 937 289 974 ἁμαρτημάτων
307 936 385 963 ἔλαϐε
413 935 487 972 παρὰ
503 935 549 962 τοῦ
567 935 679 971 Κυρίου·
696 936 710 962 ὁ
722 935 745 961 δ’
758 936 786 961 ὲν
800 935 869 970 γνώ-

64 992 109 1010 σει
126 983 290 1019 γενόμενος,
308 982 356 1009 ἆτε
376 982 473 1018 μηκέτι
496 982 671 1017 ἁμαρτάνων,
689 982 754 1017 παρ’
771 982 868 1008 ἑαυτοῦ

63 1029 119 1065 τὴν
138 1028 240 1063 ἄφεσιν
253 1028 308 1054 τῶν
324 1027 424 1054 λοιπῶν
442 1027 594 1062 κομίζεται.

97 1156 166 1193 ις’.
180 1160 286 1196 Ὥσπερ
297 1161 325 1187 αἱ
341 1161 483 1197 Θεραπεῖαι
497 1161 543 1188 καὶ
555 1163 582 1188 αἰ
598 1164 760 1198 προφητεῖαι
777 1163 823 1190 καὶ
835 1164 869 1191 τὰ

67 1207 192 1242 σημεῖα,
205 1205 291 1238 οὕτως
302 1206 348 1233 καὶ
361 1207 378 1242 ἡ
392 1207 528 1243 γνωστικὴ
544 1207 702 1235 διδασκαλία
717 1209 751 1235 δι’
765 1209 869 1245 ἀνθρώ-

67 1261 135 1279 πων
150 1252 330 1288 ἐνεργοῦντος
343 1253 390 1279 τοῦ
415 1253 482 1280 Θεοῦ
507 1254 680 1281 ἐπιτελεῖταισ
700 1256 714 1281 ὁ
728 1255 782 1291 γὰρ
804 1256 869 1288 Θεὸς

66 1298 104 1324 δι’
118 1298 278 1334 ἀνθρώπων
292 1298 342 1334 τὴν
360 1299 473 1334 δύναμιν
490 1300 683 1327 ἐπιδείκνυται.
708 1302 763 1328 Καὶ
783 1302 870 1338 ὀρθῶς

66 1345 83 1379 ἡ
102 1344 264 1380 προφητεία
279 1345 355 1380 φησί·
372 1345 426 1372 Καὶ
448 1345 606 1372 ἀποστελῶ
630 1347 788 1380 ἐπάὺτοῖς
814 1348 869 1384 (56)

67 1389 240 1424 ἄνθρωπον
253 1389 287 1422 ὃς
308 1389 400 1417 σώσει
418 1391 537 1423 αὐτούς.
564 1391 650 1423 Αὐτὸς
668 1389 715 1418 οὖν
735 1393 870 1428 ἐκπέμπει

67 1435 143 1462 ποτὲ
162 1435 214 1470 μὲν
236 1437 387 1472 προφήτας,
415 1436 480 1463 ποτε
503 1436 530 1463 δὲ
547 1437 721 1471 ἀποστόλους,
747 1439 870 1475 σωτῆρας

66 1481 130 1508 τῶν
150 1479 315 1517 ἀνθρώπων.
336 1480 415 1508 Οὕτω
441 1482 506 1514 Θεὸς
537 1482 571 1509 δι’
586 1483 737 1518 ἀνθρώπων
759 1485 870 1520 εὐεργε-

68 1529 126 1554 τεῖ·
147 1527 212 1562 οὐχὶ
226 1527 281 1563 γὰρ
297 1527 330 1554 τὰ
358 1528 406 1562 μὲν
423 1527 545 1559 δύναται,
561 1528 595 1555 τὰ
617 1529 646 1555 δὲ
673 1530 702 1556 οὐ
730 1530 840 1557 δύναται
857 1531 870 1557 ὁ

918 246 1038 278 oportet,
1052 250 1113 269 eum
1129 249 1227 276 nempe
1242 241 1268 268 in
1287 241 1366 269 ﬁnem
1383 245 1413 268 ut
1428 242 1530 268 mundo
1545 241 1709 275 moriamur;

920 295 951 315 ac
965 288 1028 315 dein
1043 288 1198 314 alimoniam
1207 287 1326 314 divinam
1344 287 1497 320 consecuti,
1507 286 1561 314 Deo
1575 287 1707 314 vivamus.

920 333 1032 369 Insuper
1044 335 1164 361 animum
1180 342 1194 360 a
1211 333 1276 361 faece
1292 333 1426 360 matcriali
1441 333 1511 360 levat
1524 333 1670 368 jejunium,
1684 337 1712 358 et

921 387 1018 414 purum
1044 379 1184 414 levemque
1212 387 1274 406 cum
1301 380 1361 414 ipso
1386 387 1502 414 corpore
1518 379 1710 409 constitutum,

920 424 1094 452 sermonibus
1105 424 1292 459 doctrinisque
1311 424 1412 452 divinis
1426 430 1518 460 aptum
1534 425 1634 452 reddit.
1655 424 1711 451 Sac-

920 470 975 496 culi
1007 470 1121 504 proinde
1144 471 1259 505 hujusce
1282 471 1370 502 cibus.
1391 471 1446 498 vita
1470 471 1609 506 praeterita
1627 474 1710 506 atque

921 519 1032 550 peccata
1047 519 1130 547 sunt;
1149 515 1228 542 cibus
1238 523 1302 542 vero
1317 516 1437 548 divinus,
1458 516 1536 547 fides,
1555 523 1629 550 spes.
1644 515 1711 543 cha-

921 560 999 594 ritas,
1025 560 1164 594 patientia,
1190 561 1314 593 scicntia,
1335 568 1398 596 pax,
1421 562 1609 596 temperantia.
1633 561 1710 588 Beati

921 605 994 632 enim
1011 605 1182 640 quiesuritmt
1205 614 1236 632 ac
1258 607 1352 633 sitiunt
1368 607 1504 640 justitiam
1522 607 1587 639 Dei;
1605 615 1667 633 nam
1684 612 1709 634 et

922 651 972 684 ipsi
981 651 1173 679 saturabuntur
1188 658 1211 679 α.
1235 655 1264 684 >3
1285 654 1380 680 Attium
1397 662 1461 682 vero
1481 658 1508 681 et
1525 662 1579 681 non
1608 661 1709 688 corpus

923 697 996 723 hunc
1014 698 1164 732 appetitum
1180 699 1275 726 sumit.

957 744 1015 772 XV.
1030 745 1128 773 Preces
1144 746 1258 780 majoris
1285 754 1346 774 esse
1375 747 1485 774 virtutis
1512 755 1593 782 quam
1618 746 1708 777 ﬁdem,

923 791 1054 826 apostolis
1081 791 1207 819 ﬁdelibus
1236 793 1318 819 animi
1332 792 1373 820 sui
1391 800 1502 819 sensum
1522 793 1635 827 protulit
1650 791 1710 819 Sal-

923 841 1011 868 vator,
1031 845 1092 864 cum
1110 837 1141 864 de
1151 837 1314 864 damioniaco
1329 838 1442 872 quodam
1455 842 1581 873 ageretur
1591 837 1616 870 1³,
1629 847 1709 874 quem

924 880 1056 908 mundare
1081 881 1153 908 haud
1179 885 1315 916 poterant,
1343 882 1449 915 dicens,
1474 883 1606 910 miracula
1636 884 1710 918 ejus—

923 926 995 953 modi
1009 934 1056 961 per
1071 934 1166 962 preces
1185 928 1320 962 praestari.
1351 927 1456 963 Quippe
1478 929 1526 963 qui
1551 929 1679 961 credidit,
1693 937 1709 956 a

922 972 1039 1000 Domino
1054 977 1230 1008 peccatorum
1247 975 1437 1002 remissionem
1452 976 1566 1010 adeptus
1579 980 1635 1009 est;
1662 976 1709 1011 qui

922 1025 988 1045 vero
1006 1019 1151 1046 scientiam
1173 1024 1215 1047 est
1232 1026 1408 1053 consecutus,
1437 1023 1540 1057 quique
1569 1030 1622 1049 non
1653 1030 1711 1049 am-

922 1064 994 1098 plius
1009 1068 1114 1099 peccat,
1133 1072 1148 1092 a
1162 1065 1254 1100 seipso
1269 1066 1459 1094 remissionem
1474 1067 1643 1102 reliquorum
1661 1067 1711 1094 im-

922 1114 1020 1144 petrat.

959 1155 1028 1183 XVI.
1045 1155 1122 1184 Sicut
1149 1158 1317 1189 sanationes,
1343 1163 1370 1186 et
1397 1159 1555 1193 prophetite,
1572 1163 1598 1186 et
1622 1160 1710 1195 signa.

923 1202 956 1229 ad
971 1202 1096 1229 eumdem
1113 1203 1223 1230 modum
1234 1208 1261 1231 et
1276 1204 1400 1231 doctrina
1428 1212 1488 1239 quae
1504 1207 1537 1232 ad
1567 1206 1711 1233 scientiam

923 1247 1020 1279 tendit,
1034 1256 1083 1283 per
1095 1248 1218 1277 homines
1247 1250 1301 1277 Deo
1317 1251 1463 1285 adjuvante
1477 1255 1504 1278 et
1526 1251 1633 1278 aﬂlante
1648 1260 1712 1287 per-

925 1294 1024 1321 ficitur.
1054 1294 1127 1322 Deus
1146 1296 1219 1323 enim
1242 1305 1290 1332 per
1320 1297 1458 1324 hominem
1484 1305 1561 1325 suam
1592 1298 1712 1325 ostendit

923 1344 1096 1374 potestatem.
1109 1341 1178 1368 Ilinc
1189 1346 1263 1370 recte
1279 1343 1346 1369 dicit
1369 1343 1529 1378 prophetia:
1547 1343 1581 1370 Et
1608 1344 1712 1370 mittam

923 1386 958 1413 ad
967 1395 1011 1414 eos
1027 1387 1125 1420 cirum,
1155 1388 1201 1423 qui
1225 1388 1339 1415 satvabit
1353 1394 1399 1416 eos‘
1422 1395 1444 1417 σ.
1461 1388 1521 1425 ipse
1536 1389 1644 1426 quidem
1670 1394 1712 1418 est

925 1434 971 1468 qui
987 1441 1184 1469 nonnunquam
1198 1435 1356 1470 prophetas,
1370 1435 1535 1470 quandoque
1551 1443 1617 1462 vero
1646 1443 1713 1471 apo-

924 1482 1010 1509 stolos
1028 1481 1121 1513 mittit,
1137 1481 1184 1516 qui
1202 1481 1359 1509 hominibus
1383 1481 1498 1508 salutem
1513 1485 1620 1516 parent.
1633 1480 1712 1508 Hunc

924 1527 951 1554 in
964 1527 1074 1554 modum
1091 1527 1163 1555 Deus
1193 1535 1242 1563 per
1264 1527 1401 1555 hominem
1431 1528 1562 1555 beneﬁcia
1588 1532 1711 1563 prmstat.

67 1573 155 1605 Θεὸς,
168 1573 231 1600 οὐδὲ
248 1573 356 1600 ἀσθενεῖ
370 1581 435 1599 ποτε
461 1574 490 1599 ὲν
505 1574 602 1600 οὐδενί·
624 1574 680 1601 ἀλλ’
693 1575 752 1602 οὐδὲ
778 1575 812 1602 τὰ
828 1576 872 1611 μὲν

927 1572 987 1600 Non
1001 1573 1073 1600 enim
1087 1573 1210 1608 quaedam
1226 1573 1332 1601 efﬁcere
1346 1578 1435 1608 potest
1451 1573 1534 1605 Deus,
1551 1577 1577 1600 et
1589 1574 1641 1600 alia
1656 1583 1711 1601 non

68 1617 251 1649 ἑκόντος,τὰ
275 1617 304 1644 δὲ
321 1617 434 1649 ἄκοντος
457 1617 540 1644 αὐτοῦ
563 1618 676 1652 γίνεται’
698 1620 745 1646 καὶ
763 1620 796 1647 τὰ
823 1622 871 1656 μὲν

69 1664 122 1691 ὑπ’
136 1663 235 1694 αὑτοῦ,
249 1663 283 1689 τὰ
299 1663 327 1690 δὲ
342 1663 386 1697 ὑφ’
403 1663 505 1698 ἕτερον’
517 1663 585 1691 ἀλλὰ
599 1665 645 1691 καὶ
658 1665 731 1700 ἡμᾶς
745 1665 871 1702 ἐγέννησε

67 1710 106 1737 δι’
119 1709 287 1745 ἀνθρώπων,
303 1709 350 1736 καὶ
365 1710 507 1736 ἐπαίδευσε
518 1710 551 1736 δι’
565 1710 726 1746 ἀνθρώπων.

111 1841 165 1867 IZ'.
193 1840 221 1866 '0
233 1840 298 1871 Θεὸς
312 1840 386 1876 ἡμᾶς
399 1840 539 1876 ἐποίησεν,
561 1841 590 1867 οὐ
605 1842 747 1877 προόντας.
772 1842 870 1878 Ἐχρῆν

70 1886 133 1921 γὰρ
147 1886 197 1912 καὶ
210 1886 308 1912 εἰδέναι
323 1887 396 1921 ἡμᾶς
405 1887 472 1913 ὅπου
488 1884 559 1922 ἦμεν
572 1887 595 1913 εἰ
611 1887 745 1922 προῇμεν,
756 1887 871 1919 καὶπῶς

72 1932 125 1959 καὶ
135 1932 182 1958 διὰ
198 1932 225 1958 τί
240 1931 320 1967 δεῦρο
336 1932 448 1967 ἥκομεν·
463 1934 487 1958 εἰ
504 1932 526 1958 δ’
539 1933 568 1958 οὐ
585 1932 719 1968 προῆμεν,
732 1933 782 1968 τῆς
797 1934 872 1968 γενέ-

74 1986 151 2009 σεως
170 1977 251 2012 μόνος
269 1978 355 2010 αἴτιος
375 1978 389 2004 ό
407 1978 483 2010 Θεός.
507 1979 551 2011 Ὠς
564 1976 610 2005 οὖν
624 1979 674 2005 οὐκ
691 1979 769 2011 ὗντας
782 1979 874 2015 ἐποίη-

75 2033 137 2057 σεν,
152 2024 243 2056 οὕτως
258 2025 305 2051 xui.
319 2026 481 2061 γενομένους
498 2025 578 2058 σώζει
592 2027 624 2062 τῇ
643 2026 696 2062 ἰδίᾳ
711 2026 811 2062 χάριτι,
827 2026 874 2053 ἐὰν

73 2072 150 2106 ἄξιοι
166 2072 224 2107 (57)
242 2073 289 2099 καὶ
306 2073 453 2108 ἐπιτήδειοι
482 2073 619 2108 φανῶμεν,
645 2074 669 2099 εῐ
697 2073 734 2108 μὴ
756 2073 873 2109 παρήσει

73 2119 150 2154 πρὸς
179 2118 210 2145 τὺ
229 2119 328 2145 οἰκεῖον
343 2119 428 2151 τέλος
445 2119 492 2146 καὶ
519 2118 574 2154 γὰρ
601 2118 715 2149 ζώντων
730 2119 797 2145 ἐστὶ
823 2119 871 2145 καὶ

72 2165 199 2200 νεκρῶν
210 2165 326 2199 Κύριος.

921 1624 1029 1654 potest;
1049 1627 1137 1654 neque
1149 1627 1179 1647 re
1191 1619 1245 1646 ulla
1261 1620 1385 1647 inﬁrmus
1407 1625 1457 1647 est.
1476 1619 1529 1646 Sed
1545 1623 1572 1647 ct
1587 1628 1637 1647 nec
1653 1620 1712 1656 ipso

921 1666 1028 1694 volente
1042 1666 1166 1701 quaedam
1196 1666 1274 1699 ﬁunt,
1302 1667 1354 1693 alia
1369 1674 1434 1693 vero
1451 1666 1530 1701 quasi
1549 1666 1608 1701 ipso
1624 1666 1711 1693 invito

922 1715 986 1738 sunt
998 1711 1110 1745 eﬁ‘ecta;
1126 1716 1153 1739 et
1184 1712 1240 1739 hinc
1267 1712 1376 1747 quidem
1392 1712 1426 1739 ab
1442 1712 1512 1747 ipso,
1529 1712 1582 1738 alia
1594 1720 1659 1740 vero
1677 1713 1712 1740 ab

921 1757 992 1790 alio;
1013 1757 1080 1792 quin
1097 1761 1124 1784 et
1136 1765 1187 1785 nos
1200 1765 1308 1793 quoque
1322 1766 1370 1793 per
1386 1758 1511 1786 homines
1526 1759 1630 1794 genuit,
1648 1767 1712 1794 pcr-

921 1810 974 1838 que
992 1803 1116 1831 homines
1129 1805 1240 1832 erudiit.

955 1849 1036 1884 362
1054 1849 1137 1877 XVII.
1153 1850 1225 1878 Deus
1235 1850 1344 1885 quidem
1360 1858 1410 1878 nos
1425 1852 1538 1882 creavit,
1559 1859 1620 1878 cum
1637 1851 1713 1886 prius

923 1902 976 1921 non
993 1903 1128 1922 essemus.
1147 1895 1274 1930 Oportuit
1285 1896 1358 1923 enim
1372 1900 1399 1923 ct
1417 1905 1467 1924 nos
1493 1897 1564 1924 scire
1578 1897 1623 1924 ubi
1650 1905 1713 1925 era-

924 1948 996 1972 mus.
1020 1941 1042 1968 si
1062 1941 1142 1968 modo
1168 1942 1244 1976 prius
1270 1941 1433 1975 fuissemus;
1460 1946 1487 1970 et
1511 1942 1658 1976 quomodo,
1687 1948 1713 1970 et

925 1992 1006 2019 quam
1016 1986 1050 2012 ob
1064 1994 1174 2013 causam
1188 1987 1261 2013 hunc
1277 1986 1302 2013 in
1319 1986 1450 2013 mundum
1473 1987 1638 2014 venerimus.
1664 1987 1712 2014 Sin

925 2031 1001 2065 prius
1013 2039 1067 2058 non
1082 2031 1193 2060 fuimus.
1210 2036 1287 2059 ortus
1311 2036 1376 2059 tunc
1395 2032 1481 2060 nostri
1506 2040 1590 2060 causa
1601 2033 1711 2068 quidem

925 2077 1007 2104 unica
1020 2082 1062 2104 est
1075 2077 1157 2105 Deus.
1186 2077 1263 2104 Sicut
1289 2079 1381 2113 itaque
1408 2086 1470 2105 cum
1487 2079 1610 2106 nondum
1637 2087 1713 2106 esse.

924 2130 986 2150 mus
998 2123 1110 2156 creavit,
1141 2123 1175 2150 ad
1199 2123 1323 2151 eumdem
1348 2124 1459 2151 modum
1487 2132 1551 2151 eum
1566 2124 1593 2152 in
1620 2132 1710 2152 rerum

924 2173 1023 2195 natura
1039 2170 1126 2196 simus
1149 2169 1213 2204 ipsi,
1245 2173 1331 2205 gratia
1358 2177 1408 2198 sua
1436 2178 1486 2198 nos
1507 2171 1604 2198 salutis
1619 2170 1708 2198 reddit

74 2212 243 2249 participes,
259 2212 283 2240 si
299 2212 378 2239 modo
406 2211 538 2239 fuerimus
567 2211 641 2246 digni
671 2215 698 2238 et
724 2211 831 2244 idonei;
849 2211 871 2239 si
891 2220 945 2240 non
961 2221 1059 2249 segnes
1082 2214 1168 2242 simus
1195 2215 1228 2242 ad
1260 2215 1341 2242 ﬁnem
1366 2215 1527 2250 proprium;
1555 2216 1655 2251 quippe
1674 2217 1713 2243 vi-

76 2269 175 2288 vorum
185 2264 224 2287 est
237 2260 284 2287 ille
297 2264 322 2287 et
339 2264 505 2287 mortuorum
517 2260 648 2286 Dominus
661 2259 684 2286 ι’.

115 2308 174 2334 lH’.
192 2307 262 2343 Ὂρα
276 2307 304 2334 δὲ
320 2315 368 2343 την
380 2307 494 2342 δύναμιν
507 2307 554 2334 τοῦ
577 2307 655 2333 Θεοῦθ
670 2307 699 2333 οὺ
727 2307 806 2342 μόνον
831 2308 872 2334 ἐπ’

961 2306 1054 2334 XVIII.
1068 2306 1136 2335 Vide
1153 2315 1217 2335 vero
1232 2307 1278 2335 Dei
1294 2307 1462 2342 potentiam;
1488 2315 1542 2335 non
1566 2311 1672 2336 tantum
1684 2309 1711 2337 in

76 2353 236 2389 ἀνθρώπων
251 2353 289 2389 μὴ
312 2353 389 2385 ὂντας
403 2355 443 2385 εἰς
455 2353 485 2380 τὸ
509 2351 578 2380 εἶναι
594 2353 736 2388 παράγων,
751 2353 797 2380 καὶ
811 2353 873 2385 τοὺς

76 2399 247 2435 γενομένους
259 2399 348 2431 αΰξων
360 2399 420 2426 καθ’
431 2399 539 2435 ἡλικίας
564 2399 715 2434 προκοπὴν,
734 2398 801 2425 ἀλλὰ
826 2399 874 2425 καὶ

77 2448 147 2478 τοὺς
160 2445 340 2476 πιστεύοντας
362 2445 455 2478 σώζων
480 2445 550 2471 κατὰ
576 2445 607 2471 τὸ
634 2446 732 2471 οἰκεῖον
754 2444 871 2479 ἑκάστῳ.

79 2492 157 2527 Ἤδη
168 2492 197 2518 δὲ
213 2491 373 2527 μεταϐάλλει
391 2491 437 2518 καὶ
453 2491 537 2527 ὧρας,
553 2491 600 2518 καὶ
613 2491 735 2526 καιροὺς,
752 2490 798 2516 καὶ
808 2498 874 2525 καρ-

79 2538 164 2569 ποὺς,
179 2537 226 2564 καὶ
240 2537 368 2571 στοιχεῖα.
393 2533 476 2568 Οὗτος
499 2535 551 2571 γὰρ
576 2533 616 2567 εἷς
635 2535 711 2567 Θεὸς,
724 2535 738 2560 ὁ
752 2535 799 2561 καὶ
824 2534 873 2570 τὴν

79 2581 173 2618 ἀρχὴν
188 2581 277 2608 καὶτὸ
291 2581 366 2613 τέλος
386 2581 440 2608 τῶν
460 2580 612 2616 γενομένων
639 2580 746 2612 οἰκείως
766 2579 873 2614 ἑκάστῳ

81 2637 136 2664 μετ
139 2628 175 2663 ρή
179 2635 238 2659 σας.

927 2352 1094 2384 hominibus,
1113 2353 1159 2388 qui
1174 2360 1236 2380 cum
1261 2353 1382 2380 nondum
1402 2359 1505 2386 essent,
1535 2354 1561 2381 in
1586 2359 1712 2383 naturam

925 2398 1051 2432 deducat,
1071 2406 1102 2425 ac
1117 2403 1261 2434 postquam
1276 2399 1377 2426 fuerint
1393 2408 1441 2435 per
1457 2401 1546 2428 artatis
1557 2400 1712 2436 profectum

926 2445 959 2472 ad
983 2445 1142 2472 eorumdem
1170 2450 1345 2480 augmentum
1372 2446 1479 2479 evehat,
1510 2455 1603 2474 verum
1630 2449 1712 2475 etiam

926 2492 1076 2518 secundum
1104 2491 1170 2518 illml
1197 2493 1268 2527 quod
1299 2493 1397 2528 cuique
1420 2501 1571 2528 congruum
1597 2497 1650 2524 est.
1665 2495 1711 2530 qui

927 2538 1043 2566 credunt
1061 2538 1152 2566 salvos
1168 2538 1266 2566 reddit.
1282 2538 1342 2566 Jam
1360 2546 1425 2566 vero
1438 2543 1464 2566 et
1490 2539 1583 2571 horas,
1599 2544 1626 2567 et
1643 2543 1713 2567 lem-

927 2591 1003 2619 pora,
1019 2588 1046 2612 ct
1060 2583 1176 2616 fructus,
1193 2592 1225 2612 ac
1236 2585 1369 2612 elementa
1391 2589 1479 2612 mutat
1494 2585 1562 2620 ipse.
1580 2584 1627 2613 llle
1640 2587 1712 2612 enim

927 2635 968 2658 est
982 2630 1054 2658 Deus
1069 2639 1152 2663 unus,
1169 2631 1215 2666 qui
1228 2631 1390 2666 principium
1407 2639 1438 2658 ac
1449 2631 1529 2659 ﬁnem
1544 2639 1639 2659 eorum
1652 2639 1713 2667 quae

928 2680 992 2704 sunt
1008 2676 1366 2712 unicuique,convenienter
1380 2676 1502 2704 deﬁniat.

139 2750 172 2779 ες
192 2746 222 2775 Ρ.
241 2744 294 2774 983
313 2746 367 2773 eo.
388 2745 537 2774 porrus.
559 2753 573 2767 α
591 2735 686 2774 Matth:
708 2755 734 2778 ν,
757 2745 784 2773 6.
823 2746 837 2766 δ
854 2744 872 2772 u

926 2755 938 2772 :.
961 2753 998 2778 rx,
1026 2745 1115 2774 18-28.
1156 2751 1168 2765 ο
1189 2745 1240 2774 lsa.
1258 2755 1315 2780 xix,
1329 2746 1374 2773 20.
1412 2746 1426 2765 α
1445 2746 1525 2774 Rom.
1541 2754 1598 2779 xw,
1613 2746 1640 2773 9.

119 2806 177 2841 (36)
195 2803 362 2833 Ἀποστελῶ
379 2804 433 2841 ἐπ’,
446 2804 554 2841 αὐτοῖς.
581 2803 663 2832 Forte
677 2803 817 2841 ἀποστελῶ
827 2804 872 2841 ἐπ’

79 2839 192 2874 αὐτούς,
220 2841 263 2868 vel
290 2840 467 2866 ἐπαποστελῶ
484 2840 589 2871 αὐτοῖς·
620 2844 667 2866 aut
695 2839 738 2866 ἐπ’
760 2839 873 2867 omnino

85 2877 204 2905 tollenda
215 2880 269 2904 est.
284 2875 415 2904 Susum.

963 2803 1019 2839 (57)
1043 2803 1114 2830 Ἐὰν
1124 2803 1172 2836 ι’ἱξ.
1183 2803 1228 2831 Sic
1237 2811 1345 2839 quoque
1360 2804 1491 2839 distingui
1509 2806 1585 2832 locus
1599 2803 1710 2838 poterit,

926 2838 974 2865 ἐὰν
988 2838 1056 2870 ἄξιοι
1069 2840 1115 2865 καὶ
1139 2838 1285 2874 ἐπιτήδειοι
1301 2838 1458 2874 ίφανῶμενί
1471 2841 1495 2866 εἰ
1518 2839 1556 2874 μὴ
1573 2840 1609 2874 (id
1622 2842 1675 2870 est,
1686 2838 1712 2864 ει

926 2874 953 2900 δὲ
971 2874 1019 2909 μὴ)
1036 2875 1153 2910 παρήσει
1165 2875 1234 2910 πρὸς
1245 2875 1274 2900 τὸ
1287 2876 1339 2902 οἰκ.
1354 2874 1437 2906 τέλος.
1455 2874 1586 2902 Suuuao.
