1934 3075
238 129 290 156 707

837 125 1001 153 CLEMENS
1021 123 1300 152 ALEXANDRINUS.

1826 122 1872 149 708

271 185 342 214 XIX.
358 185 446 213 Homo
459 185 507 221 qui
536 193 568 213 ex
596 185 648 213 ﬁde
667 189 695 213 et
720 183 817 213 timore
833 185 868 212 ad
883 185 1026 213 scientiam

1114 184 1162 211 18'.
1185 184 1232 212 Ἐκ
1248 184 1365 215 πίστεως
1381 183 1428 210 καὶ
1440 182 1521 217 φόϐου
1547 181 1688 217 προκόψας
1711 181 1755 214 είς
1773 181 1870 215 γνῶσιν

235 232 380 269 processit,
396 239 451 259 non
467 236 497 259 ut
512 240 610 260 servus
620 232 695 259 novit
706 231 807 265 dicere,
827 230 948 263 Domine,
970 231 1026 257 Do-

236 278 326 310 mine;
341 278 388 306 sed
406 282 436 305 ut
453 278 526 305 ﬁlius
538 277 667 305 invocare
680 276 788 309 didicit,
816 275 899 303 Pater
920 281 1026 308 noster;

237 324 366 351 nimirum
382 331 397 350 a
412 323 513 358 spiritu
537 323 678 351 servitutis
694 323 825 350 liberatus
835 323 882 357 qui
895 322 929 349 ad
945 323 1026 350 timo-

237 377 296 397 rem
309 369 407 401 tendit,
423 376 456 396 ac
466 376 516 404 per
531 368 694 398 charitatem
718 367 751 395 ad
767 367 885 396 ﬁliorum
903 368 1027 403 adoptio-

238 422 299 442 nem
309 417 338 446 >14
349 415 508 446 translatus,
519 417 602 449 atque
609 421 682 441 nunc
693 420 727 441 ex
738 413 874 441 cbaritate
887 413 965 441 illum
977 421 1026 440 co-

238 461 287 493 lat,
303 469 385 496 quem
397 460 474 496 prius
498 460 599 489 timuit.
618 459 679 487 Non
706 460 780 488 enim
800 459 884 488 timor
907 461 1027 495 amplius

237 509 268 536 io
284 515 368 536 causa
381 511 435 540 est,
455 507 528 543 quod
543 514 559 535 a
569 507 662 535 vetitis
675 506 820 539 abstineat,
833 507 885 535 sed
896 506 1025 535 charitati

237 556 423 587 tribuendum,
439 555 513 590 quod
540 554 574 582 ad
591 553 719 582 mandata
750 554 870 582 animum
898 554 1024 590 appellat.

239 599 308 633 Ipse.
338 599 438 634 inquit,
470 598 587 632 Spiritu:
611 598 791 626 testimonium
814 598 948 633 perhibet,
962 607 1026 626 cum

236 645 347 673 dicimus
359 653 368 672 :
379 644 465 678 Abba,
483 644 564 672 Pater
578 650 603 672 ι.

271 700 330 728 XX.
347 700 559 737 Sanguinevero
573 701 694 736 pretioso
720 701 831 729 redimit
856 709 908 729 nos
934 701 1027 729 Domi-

236 755 298 779 nos,
311 747 345 774 ab
362 746 437 774 heris
459 746 524 774 olim
552 747 660 774 acerbis
692 751 799 774 nosmet
822 747 952 780 liberans,
975 747 1026 774 hoc

236 797 277 820 est
295 799 310 819 a
339 792 471 827 peccatis,
497 799 614 827 quorum
630 799 714 819 causa
736 792 870 827 spiritalia
897 792 1026 828 nequitia:

237 839 316 866 nobis
333 838 444 866 fuerunt
459 838 573 866 domini.
590 837 670 866 Ducit
687 839 780 874 itaque
808 839 842 866 ad
870 839 1025 867 libertatem

1080 229 1232 265 ἄνθρωπος,
1247 227 1316 256 οἶδεν
1331 230 1427 260 εἰπεῖν,
1453 229 1552 262 Κύριε,
1575 229 1672 262 Κύριε·
1699 226 1761 253 ἀλλ’
1775 227 1826 261 οὐχ
1839 228 1873 259 ὡς

1080 275 1214 308 ὁδοῦλος,
1240 274 1324 310 ἔμαθε
1352 274 1450 308 λέγειν,
1467 273 1562 308 Πάτερ
1578 273 1672 308 ἡμῶν
1702 273 1735 299 τὸ
1767 271 1873 308 πνεῦμα

1079 320 1130 356 τῆς
1143 320 1264 351 δουλείας
1276 320 1306 346 τὸ
1320 320 1360 351 εις
1380 319 1461 354 φόϐον
1484 318 1678 354 ἐλευθερώσας,
1693 319 1743 345 καὶ
1760 317 1795 344 δι’
1810 317 1872 351 ἀτα-

1081 376 1135 403 πης
1149 367 1289 403 προκόψας
1304 368 1344 399 είς
1358 366 1504 398 υἱοθεσίαν,
1518 365 1676 400 αἰδούμενος
1689 364 1743 401 ήδη
1759 364 1794 391 δι’
1809 365 1872 397 ἁγά-

1081 422 1135 448 πην
1149 413 1179 440 ὃν
1191 413 1315 448 ἐφοϐεῖτο
1340 413 1483 449 πρότερον·
1511 412 1542 438 οὐ
1566 411 1621 447 γὰρ
1654 411 1696 437 ἔτι
1722 409 1771 437 διὰ
1796 409 1872 444 φόᾶπ

1079 458 1210 493 ἀπέχεται
1220 458 1275 484 τῶν
1287 458 1440 492 ἀφεκτέων,
1455 457 1524 484 ἀλλὰ
1538 457 1570 484 δι’
1586 457 1697 492 ἀγάπην
1712 456 1810 491 ἔχεται
1822 455 1871 481 τῶν

1080 503 1203 530 ἐντολῶν.
1217 503 1305 536 Αὐτὸ,
1323 504 1403 539 φησὶ,
1427 503 1460 530 τὸ
1486 503 1607 538 Πνεῦμα
1629 501 1791 538 μαρτυρεῖ,
1804 502 1872 528 ὅταν

1078 549 1220 585 λέγωμεν·
1245 549 1327 578 Ὰϐὅᾶ
1339 551 1355 576 ὀ
1368 548 1478 583 Πατήρ,

1114 705 1157 732 K'.
1194 703 1336 739 Ἀγοράζει
1365 703 1393 730 δὲ
1424 704 1499 738 ἡμᾶς
1524 703 1626 739 Κύριος
1649 703 1734 738 τιμίῳ
1766 702 1871 738 αἵματι,

1074 749 1215 778 δεσποτῶν
1228 750 1311 777 πάλαι
1322 749 1377 776 τῶν
1389 749 1495 785 πικρῶν
1516 748 1699 776 ἀπαλλάσσων
1714 749 1870 784 ἁμαρτιῶν,

1079 795 1112 821 δι’
1126 795 1158 826 ἃς
1173 794 1205 822 τὰ
1217 794 1390 830 πνευματικὰ
1401 795 1450 830 τῆς
1464 794 1595 829 πονηρίας
1605 794 1769 829 ἐκυρίευσεν
1784 793 1870 828 ἡμῶν.

1081 839 1218 876 Ἀγειοῦν
1231 843 1271 873 εἰς
1287 841 1443 877 ἐλευθερίαν
1456 840 1505 876 τὴν
1528 839 1576 866 τοῦ
1592 840 1700 875 Πατρός
1718 840 1872 876 συγκληρο-

237 885 313 911 illam
331 891 392 919 quae
404 887 447 911 est
475 883 576 916 Patris,
591 883 749 912 cohaeredes
777 883 848 912 ﬁlios
865 888 893 911 et
909 883 1023 911 amicos.

1082 887 1175 923 νόμους
1191 888 1265 920 υἱοὺς
1279 888 1325 914 καὶ
1343 887 1446 922 φίλους.
1477 886 1609 920 Ἀδελφοί
1628 895 1688 920 μου
1702 885 1772 920 γὰρ,
1791 887 1871 921 9713:?"

236 930 349 958 Fratres
361 931 429 958 enim
446 930 507 961 mei,
525 930 564 957 ait
589 929 732 961 Dominus,
747 934 772 956 et
785 928 935 957 coha'redes
952 934 1024 962 sunt,

235 976 282 1011 qui
297 976 400 1011 faciunt
426 977 587 1003 voluntatem
605 974 698 1002 Patris
722 975 772 1001 mei
785 975 810 1002 δ.
839 974 929 1002 Nolite
943 974 1026 1010 igitur

236 1029 336 1050 vocare
348 1022 427 1050 vobis
438 1026 542 1058 patrem
566 1029 650 1057 Super
671 1025 783 1048 terram.
804 1019 876 1048 Sunt
888 1020 961 1048 enim
978 1028 1024 1048 su-

237 1075 286 1103 per
302 1072 402 1096 terram
415 1072 443 1096 et
458 1068 533 1102 heri;
560 1067 589 1095 in
611 1067 689 1095 caelis
707 1071 797 1095 autem
818 1066 900 1094 Pater
916 1070 970 1098 est,
992 1073 1024 1093 es

237 1121 292 1150 quo
307 1114 432 1150 cognatio
446 1114 537 1142 omnis
551 1121 614 1142 cum
637 1113 665 1140 in
688 1113 767 1141 ccelis
785 1116 852 1140 tum~
867 1113 895 1140 in
914 1115 986 1140 terra
1000 1118 1024 1139 θ.

239 1160 404 1196 Spontaneis
419 1161 494 1188 enim
510 1168 542 1188 ac
555 1160 710 1187 volentibus
738 1160 856 1194 imperat
883 1159 1024 1188 charitas:

237 1209 280 1234 ast
300 1205 355 1234 illis
375 1198 552 1241 qui'pareant
566 1205 655 1238 inviti,
670 1206 752 1233 timor
766 1206 844 1234 hicce
868 1206 957 1234 malus
977 1205 1026 1233 do-

238 1251 377 1279 minatur:
395 1251 442 1286 qui
458 1259 524 1279 νει-ο
541 1250 575 1279 ad
588 1251 690 1278 bonum
706 1251 856 1279 eruditoris
873 1251 948 1279 vices
960 1259 1027 1287 sup-

237 1296 304 1331 plet,
320 1296 353 1324 ad
364 1296 503 1325 Christum
515 1296 602 1328 ducit.
630 1296 801 1332 maximeque
824 1297 954 1325 salutaris
973 1302 1024 1325 est.

276 1341 347 1369 XXI.
360 1341 389 1371 Si
404 1350 470 1371 vero
491 1342 555 1378 quis
582 1341 668 1370 Deum
695 1342 834 1378 intelligit,
853 1351 1025 1378 nequaquam

238 1396 304 1416 sane
319 1395 369 1423 pro
383 1388 516 1424 dignitate
544 1394 594 1416 sua
611 1392 663 1416 est.
681 1388 747 1422 Quae
772 1389 845 1416 enim
861 1393 904 1417 est
925 1388 974 1416 Dei
988 1389 1027 1416 di-

238 1435 351 1469 gnitas?
389 1438 436 1462 aut
468 1442 592 1470 quamam
618 1436 657 1463 illi
686 1435 844 1470 praestantia
872 1435 940 1470 par?
978 1435 1027 1463 sed

238 1484 341 1515 quanta
355 1487 488 1508 concessa
501 1485 543 1508 est
557 1481 596 1508 illi
624 1480 751 1513 facultas,
777 1481 911 1517 intelligat
934 1481 1027 1509 lumen

238 1534 376 1562 magnum,
394 1531 558 1562 captumque
575 1535 720 1562 superans,
748 1531 776 1555 et
801 1527 1026 1562 pulcherrimum,

1078 934 1092 960 6
1104 933 1216 969 Κύριος,
1234 933 1280 959 καί
1295 933 1538 967 συγκληρονόμοι
1554 933 1581 958 οἱ
1598 931 1762 965 ποιοῦντες
1774 931 1809 958 τὸ
1826 933 1872 958 06-

1075 980 1159 1013 λημα
1169 978 1222 1005 τοῦ
1238 979 1352 1013 Πατρός
1373 987 1443 1013 μου.
1467 977 1513 1014 Μὴ
1539 977 1672 1013 καλέσητε
1693 975 1742 1004 οὖν
1764 978 1872 1008 ἑαυτοῖς

1078 1024 1184 1059 πατέρα
1201 1024 1247 1050 ὲπὶ
1259 1024 1308 1059 τῆς
1320 1024 1381 1059 γῆς·
1396 1023 1524 1050 δεσπόται
1539 1024 1594 1058 γὰρ
1612 1024 1658 1050 ἐπὶ
1674 1024 1725 1058 τῆς
1748 1023 1816 1058 γῆς·
1840 1025 1869 1050 ἐν

1078 1068 1105 1096 δὲ
1118 1069 1242 1106 οὐρανοῖς
1253 1071 1267 1096 6
1282 1070 1388 1106 Πατὴρ,
1399 1069 1429 1101 ἐξ
1444 1066 1475 1096 οὗ
1495 1070 1568 1096 πᾶσα
1581 1069 1684 1104 πατριὰ
1701 1069 1730 1095 ἐν
1746 1077 1778 1095 τε
1790 1069 1872 1104 οὐρα-

1078 1116 1133 1146 νοῖς
1144 1115 1190 1142 καὶ
1205 1116 1251 1142 ἐπὶ
1277 1115 1327 1151 τῆς
1340 1115 1402 1151 γῆς.
1425 1115 1530 1151 Ἀγάπη
1546 1114 1601 1151 γὰρ
1626 1115 1760 1142 ἑκουσίων
1780 1116 1869 1150 ἄρχει·

1079 1162 1200 1189 ἀκόντων
1226 1161 1256 1188 δὲ
1279 1162 1293 1188 6
1316 1162 1397 1197 φόϐος
1412 1158 1489 1193 οὗτος
1502 1161 1516 1188 ό
1533 1161 1642 1196 φαῦλος·
1659 1163 1674 1188 ὀ
1691 1161 1721 1188 δὲ
1746 1162 1789 1193 εἰς
1802 1162 1869 1195 ἁγα-

1079 1208 1124 1235 θδν
1138 1207 1321 1243 παιδαγωγῶν
1345 1209 1384 1240 εἰς
1414 1208 1531 1244 Χριστὸν
1561 1208 1637 1243 ἄγει,
1661 1208 1709 1235 καῖ
1730 1207 1790 1234 ἐστι
1821 1216 1870 1234 σω-

1078 1253 1183 1289 τήριος,

1114 1347 1179 1372 KA'.
1192 1346 1223 1372 Εί
1239 1345 1270 1381 δή
1285 1354 1328 1377 τις
1342 1346 1397 1372 νοεῖ
1410 1344 1486 1376 Θεδν,
1503 1344 1562 1371 κατ’
1579 1343 1656 1377 ἀξίαν
1669 1343 1719 1378 μὲν
1733 1342 1868 1379 empti):

1078 1391 1121 1423 τίς
1142 1392 1197 1427 γὰρ
1211 1391 1316 1426 γένοιτο
1338 1391 1401 1424 ἀξία
1425 1389 1510 1422 Θεοῦ;
1529 1389 1585 1416 ἀλλ’
1598 1389 1636 1421 ὡς
1663 1389 1777 1415 δυνατόν
1801 1390 1868 1419 ἐστ’,

1079 1437 1174 1464 νοείτω
1191 1436 1262 1472 μέγα
1278 1437 1326 1464 καὶ
1351 1435 1528 1471 ἀπερινόητον
1554 1435 1601 1462 καὶ
1632 1434 1777 1462 κάλλιστον
1802 1434 1868 1469 φῶς,

1079 1483 1236 1518 ἀπρόσιτον,
1261 1483 1352 1509 πᾶσαν
1368 1481 1480 1517 δύναμιν
1504 1479 1618 1516 ἀγαθὴν.
1643 1481 1735 1507 πᾶσαν
1758 1479 1869 1506 ἀστείαν

1080 1528 1180 1565 ἀρετὴν
1205 1527 1475 1563 συγκεκληρωμένον,
1505 1526 1614 1553 πάντων
1642 1525 1806 1561 κηδόμενον,
1828 1535 1870 1560 9:-

239 1572 480 1608 inaccessumque;
506 1573 609 1606 lumen,
633 1574 756 1609 inquam,
782 1574 928 1609 ejusmodi,
955 1575 1026 1610 quod

1082 1576 1245 1611 λοικτίρμον,
1272 1574 1386 1606 ἀπαθὲς,
1411 1573 1521 1607 ἀγαθὸν,
1548 1573 1638 1599 πάντα
1664 1571 1746 1603 ειδὸς,
1770 1580 1868 1606 προγι-

239 1627 348 1646 omnem
368 1620 517 1653 potentiam
534 1619 645 1652 bonam,
670 1620 742 1655 quod
762 1620 889 1648 virtutem
919 1628 1026 1649 omnem

239 1664 390 1699 elegantem
408 1664 536 1692 sortitum
553 1665 607 1698 sit;
627 1666 701 1700 quod
713 1666 752 1693 illi
769 1673 843 1694 curae
856 1666 911 1694 sint
926 1667 1027 1699 omnia,

1081 1620 1184 1647 νῶσκον
1212 1619 1310 1651 πάντα,
1327 1618 1471 1654 εἱλικρινὲς
1483 1637 1490 1649 ,
1521 1617 1618 1651 γλυκὺ,
1645 1616 1788 1652 λαμπρὸν,
1806 1616 1870 1650 ἀκήν

1082 1674 1172 1702 ρατον.

239 1710 312 1744 quod
329 1710 366 1737 sit
386 1710 553 1743 misericors,
570 1711 673 1747 absque
697 1712 883 1748 passiouibus,
904 1712 1026 1740 bonitate
1046 1720 1152 1740 summa
1176 1711 1337 1748 praeditum;
1368 1710 1441 1744 quod
1475 1710 1565 1737 omnia
1593 1711 1681 1742 sciat,
1715 1713 1869 1745 pranoscat

240 1755 384 1788 universa;
400 1755 473 1790 quod
486 1755 603 1792 denique
618 1758 767 1791 sincerum,
798 1758 888 1790 dulce,
905 1758 1088 1793 splendidum,
1106 1761 1188 1792 atque
1202 1757 1391 1792 incorruptum
1411 1756 1458 1783 sit.

275 1813 357 1841 ΣΧιΙ.
370 1814 447 1846 Quod
464 1822 497 1842 ex
510 1822 540 1842 se
554 1818 696 1842 moveatur
720 1815 820 1848 anima,
837 1815 890 1844 hoc
903 1815 949 1843 Dei
965 1824 1027 1852 gra-

241 1860 285 1887 tim
296 1863 438 1895 acceptum
467 1859 568 1888 referre
594 1861 685 1892 debet,
712 1860 784 1895 quod
814 1868 847 1888 ex
879 1869 908 1889 se
929 1861 1028 1888 habeat

241 1906 341 1939 anima,
355 1913 452 1941 nempe
467 1906 564 1941 agendi
590 1907 755 1941 potentiam,
784 1907 819 1934 ab
846 1914 878 1934 ea
905 1907 1029 1942 exposcit

241 1951 320 1986 quasi
336 1952 488 1987 symbolum
505 1951 539 1979 ad
551 1952 675 1980 salutem.
690 1951 753 1980 Vult
766 1953 839 1980 enim
854 1953 951 1980 anima:
965 1960 1029 1987 pro-

241 1998 329 2033 prium
345 2006 407 2026 esse
421 2000 521 2026 bonum
541 1999 619 2031 illud,
636 2000 708 2035 quod
733 1999 757 2027 ei
773 2000 868 2027 tribuit
884 1999 1026 2028 Dominus.

240 2045 345 2081 Quippe
362 2053 443 2073 sensu
461 2053 556 2080 parum
573 2050 657 2079 caret,
669 2051 697 2073 ut
711 2045 781 2073 sicut
794 2053 894 2081 corpus
911 2045 1025 2073 feratur.

241 2090 358 2118 Proinde
376 2091 486 2122 habere,
503 2092 577 2120 illius
588 2096 630 2119 est
641 2092 686 2127 qui
709 2092 784 2126 prius
810 2091 963 2127 acceperit;
981 2098 1028 2117 ac~

241 2136 333 2171 cipere
362 2144 428 2164 vero
450 2136 523 2165 illius
551 2138 597 2172 qui
625 2138 741 2165 voluerit
759 2142 840 2172 atque
864 2136 1027 2173 appetierit;

241 2187 334 2210 tenere
347 2190 412 2210 vero
424 2183 497 2217 quod
512 2183 627 2218 accepit,
640 2183 714 2210 illius
727 2187 768 2210 est
785 2182 832 2217 qui
845 2186 937 2210 tenere
953 2181 1027 2217 cogi-

1113 1817 1176 1843 KB'.
1197 1815 1273 1842 Ἐπεὶ
1289 1815 1319 1847 ἐξ
1332 1814 1432 1850 ἑαυτῆς
1443 1815 1555 1841 κινεῖται
1578 1815 1595 1850 ἡ
1612 1814 1695 1850 ψυχὴ,
1707 1814 1724 1849 ἠ
1747 1814 1828 1850 χάρις
1852 1815 1870 1850 ἡ

1077 1863 1125 1890 τοῦ
1144 1863 1227 1895 Θεοῦ,
1248 1863 1262 1889 6
1285 1862 1372 1898 ἔχειὴ
1394 1861 1477 1898 ψυχὴ,
1501 1861 1550 1896 τὴν
1573 1860 1727 1896 προθυμίαν
1757 1861 1870 1888 ἀπαιτεῖ

1079 1910 1143 1945 παρ’
1158 1910 1270 1944 ἑαυτῆς,
1299 1906 1353 1935 οἷον
1371 1908 1464 1945 ἔρανον
1491 1907 1532 1938 εἰς
1561 1907 1709 1942 σωτηρίαν.
1739 1907 1871 1934 Βούλεται

1078 1955 1132 1991 γὰρ
1143 1956 1191 1990 τῆς
1201 1955 1288 1991 ψυχῆς
1305 1954 1368 1980 ἴδιον
1384 1952 1452 1982 εἶναι
1467 1953 1497 1982 τὸ
1521 1952 1631 1987 ἀγαθὸν.
1644 1952 1658 1979 ὅ
1672 1952 1780 1979 δίδωσιν
1800 1954 1869 1988 αὐτῇ

1078 2002 1093 2027 ό
1109 2001 1220 2039 Κύριος·
1238 2001 1269 2027 οὐ
1281 2001 1335 2036 γάρ
1351 2001 1424 2028 ἐστιν
1448 2000 1621 2036 ἀναίσθητος,
1638 2001 1681 2026 ῖνα
1696 2000 1815 2038 φέρηται
1830 2000 1867 2032 ὡς

1078 2048 1167 2084 σῶμα.
1186 2048 1222 2074 T6
1237 2048 1287 2084 μὲν
1300 2045 1346 2074 οὖν
1362 2048 1443 2082 ἔχειν,
1455 2047 1502 2074 τοῦ
1516 2047 1642 2079 λαϐόντος
1652 2055 1658 2062 ⁸
1670 2047 1701 2073 τὸ
1715 2046 1810 2074 λαϐεῖν

1078 2094 1123 2121 τοῦ
1139 2093 1301 2129 Θελήσαντος
1315 2093 1361 2120 καὶ
1375 2093 1544 2131 ὀρεχθέντος·
1558 2093 1589 2119 τὺ
1607 2093 1719 2128 κρατεῖν
1738 2091 1768 2118 δὲ
1783 2091 1798 2117 6
1808 2091 1871 2118 ἐλα-

1077 2138 1135 2171 ϐεν,
1151 2139 1198 2166 τοῦ
1214 2140 1324 2174 κρατεῖν
1351 2139 1547 2174 μελετήσαντος
1566 2138 1612 2164 καὶ
1639 2136 1800 2172 δυναμένου.
1820 2137 1869 2162 Διὰ

1078 2185 1156 2212 τοῦτο
1171 2185 1217 2212 ἐπὶ
1232 2187 1265 2221 τῇ
1281 2185 1352 2221 ψυχῇ
1367 2186 1382 2211 6
1405 2185 1470 2216 Θεὸς
1485 2185 1535 2220 τὴν
1558 2185 1662 2220 αἵρεσιν
1681 2183 1809 2213 δέδωκεν,
1825 2183 1867 2208 [να

241 2228 339 2255 taverit
352 2232 379 2255 et
394 2228 492 2263 possit.
508 2227 638 2263 Hancque
648 2228 684 2255 ob
698 2235 809 2255 causam
823 2227 921 2255 anima:
943 2227 1026 2254 iacul-

1082 2231 1160 2263 αὺτδς
1178 2231 1227 2266 μὲν
1255 2231 1361 2266 μηνύσῃ
1376 2230 1405 2258 τὸ
1429 2230 1498 2263 δέον,
1554 2229 1592 2264 δὲ,
1615 2229 1740 2265 ἑλομένη,
1758 2227 1870 2264 δέξηται

242 2279 324 2302 tatem
338 2274 456 2310 eligendi
470 2274 544 2302 dedit
560 2273 632 2302 Deus
643 2294 651 2306 ,
672 2277 703 2301 ut
729 2274 787 2308 ipse
815 2273 925 2309 quidem
951 2272 1032 2300 officii

243 2320 286 2347 sui
317 2320 480 2352 admoneat,
514 2320 561 2347 illa
584 2327 649 2348 vero
679 2319 782 2355 eligens
812 2319 929 2355 accipiat
957 2323 1031 2346 tene-

243 2369 336 2400 atque.

279 2409 374 2437 XXIII.
393 2410 481 2438 Sicuti
510 2419 559 2446 per
588 2419 688 2447 corpus
715 2411 841 2438 Salvator
869 2410 977 2438 locutus
989 2413 1031 2437 est

242 2462 413 2492 aegrotosquc
429 2458 544 2490 sanavit,
562 2458 594 2485 ad
606 2457 730 2485 eumdem
747 2458 858 2485 modum
875 2457 952 2492 prius
969 2457 1028 2492 qui-

242 2503 305 2531 dem
317 2511 362 2538 per
377 2503 515 2538 prophetas
531 2501 565 2538 d;
585 2512 658 2531 nunc
671 2507 761 2531 autem
784 2512 832 2536 per
848 2503 980 2537 apostolos
996 2511 1027 2530 ac

243 2549 373 2576 doctores.
387 2548 489 2577 Virtuti
511 2550 585 2578 enim
599 2549 707 2578 Domini
723 2550 863 2578 ministrat
880 2549 1003 2578 Ecclesia
1019 2559 1026 2577 :

244 2595 307 2624 inde
322 2599 388 2624 tunc
404 2603 513 2631 quoque
526 2597 663 2625 hominem
688 2597 849 2633 assumpsit,
861 2601 891 2624 ut
903 2604 952 2632 per
965 2603 1028 2624 eum

243 2641 377 2668 voluntati
389 2641 478 2669 Patris
497 2642 627 2674 serviret;
645 2642 699 2669 imo
709 2642 848 2670 hominem
865 2649 973 2677 semper
983 2641 1028 2668 in—

243 2686 303 2715 duit
314 2686 386 2715 Deus
399 2687 546 2721 humanus,
560 2687 731 2721 misericors,
750 2692 782 2716 ut
800 2688 958 2716 hominibus
983 2694 1029 2715 sa—

243 2736 327 2763 lutem
341 2734 517 2770 conciliaret;
539 2735 616 2771 prius
641 2735 751 2771 quidem
766 2735 926 2772 prophetas,
953 2742 1030 2763 nunc

315 2814 344 2843 ἃ(
363 2811 394 2839 Ρ.
408 2811 460 2842 984
480 2813 532 2843 ΕΙ).
553 2814 701 2844 POTTER.
723 2814 824 2843 Iliam.
842 2822 902 2848 vm,
918 2815 968 2846 l5;
989 2814 1026 2843 Ga

1082 2823 1102 2848 γ,
1115 2815 1142 2843 6.
1181 2813 1196 2834 ι’
1215 2812 1310 2841 Matth.
1328 2819 1378 2845 ιιι,
1397 2811 1449 2845 50;
1470 2818 1539 2840 nm
1572 2810 1599 2838 9.

242 2845 258 2868 ⁴
279 2845 346 2875 llcb.
366 2855 384 2880 I,
397 2847 407 2877 l

1080 2277 1126 2304 καὶ
1145 2276 1277 2313 κατάσχῃ.

1115 2412 1175 2439 Kl".
1196 2409 1300 2446 Ὥσπερ
1316 2409 1360 2436 διὰ
1375 2409 1423 2436 τοῦ
1440 2409 1564 2444 σώματος
1580 2409 1594 2434 6
1607 2407 1704 2443 Σωτὴρ
1720 2406 1811 2434 ἐλάλει
1822 2409 1867 2434 καὶ

1082 2457 1150 2488 ίᾶτο,
1167 2456 1237 2483 οὕτω
1262 2456 1309 2482 καὶ
1327 2455 1457 2491 πρότερον
1481 2454 1529 2489 μὲν
1543 2453 1593 2480 διὰ
1614 2452 1675 2480 τῶν
1695 2452 1869 2487 σῳοφητῶν.

1080 2503 1127 2530 νῦν
1141 2503 1170 2530 δὲ
1188 2502 1236 2529 διὰ
1250 2501 1309 2528 τῶν
1330 2501 1510 2528 ἀποστόλων
1525 2499 1574 2526 καὶ
1588 2498 1648 2526 τῶν
1666 2498 1867 2526 διδασκάλων·

1081 2551 1098 2585 ἡ
1119 2548 1265 2583 Ἐκκλησία
1279 2547 1333 2583 γὰρ
1348 2547 1479 2582 ὑπηρετεῖ
1495 2548 1528 2582 τῇ
1544 2545 1591 2572 τοῦ
1605 2544 1711 2581 Κυρίου
1731 2544 1866 2580 ἐνεργείᾳ·

1082 2595 1157 2622 ἔνθεν
1181 2595 1228 2622 καὶ
1255 2595 1316 2621 τότε
1342 2593 1485 2628 ἄνθρωπον
1507 2591 1649 2624 ἀνέλαϐεν,
1665 2591 1712 2618 ῐνα.
1737 2591 1773 2618 δι’
1787 2589 1867 2617 αὐτοῦ

1082 2642 1241 2678 ὑπηρετήσῃ
1269 2640 1309 2676 τῷ
1324 2639 1454 2675 θελήματι
1480 2637 1526 2665 τοῦ
1550 2637 1666 2673 Πατρός·
1692 2637 1740 2663 καὶ
1755 2637 1868 2663 πάντοτε

1081 2686 1223 2722 ἄνθρωπον
1237 2687 1251 2713 6
1266 2685 1454 2721 φιλάνθρωπος
1475 2683 1597 2711 ἐνδύεται
1615 2683 1681 2714 Θεὸς
1697 2683 1738 2715 εις
1753 2682 1804 2718 τὴν
1820 2682 1867 2708 ἀν-

1082 2733 1200 2770 θρώπων
1227 2732 1375 2769 σωτηρίαν,
1395 2731 1527 2769 πρότερον
1555 2730 1604 2767 μὶν
1628 2730 1692 2762 τοὺς
1716 2730 1865 2766 προφήτας,

1639 2816 1651 2830 ε
1673 2808 1742 2845 Eph.
1757 2816 1801 2840 ut.
1821 2806 1866 2835 IS.
