1934 3075
271 133 322 162 ’115

850 130 1010 160 CLEMENS
1029 130 1308 160 ALEXANDRINUS.
1848 133 1891 159 716

268 200 294 222 et
309 194 386 221 dulce
395 193 560 229 mordaxque
575 193 619 222 sit.
631 193 749 220 Proinde
762 193 802 220 vir
817 194 926 228 sapiens
941 200 972 220 ac
988 201 1044 220 vere

1102 194 1145 219 κεί
1170 201 1199 218 τε
1222 193 1276 218 ὗντι
1303 193 1349 218 καὶ
1374 192 1502 227 δηκτικῷ.
1522 193 1600 218 Ὥστε
1625 191 1727 223 παντὸς
1753 191 1891 226 piumve

270 241 411 275 gnosticus
426 247 480 275 prae
497 239 623 267 omnibus
635 239 780 271 decorum,
795 246 856 266 cum
872 248 905 266 co
925 239 997 274 quod
1010 246 1055 265 ra-

269 285 337 312 tioni
357 289 568 313 consentaneum
589 288 646 315 est,
662 288 760 311 servat.
777 283 913 319 Quidquid
928 284 999 311 enim
1019 292 1053 311 ex

269 330 366 357 atl‘cctu
384 335 411 358 et
428 330 601 365 passionibus
616 335 668 362 est,
680 337 713 356 ex
727 330 816 356 anima
830 329 903 357 omni
929 329 1053 356 abscisso

268 379 295 402 et
308 375 407 406 ablato,
422 382 484 401 cum
502 382 534 402 eo
548 373 620 409 quod
633 374 889 408 praestantissimum
900 381 1052 408 purumque

269 421 314 451 sit,
328 427 358 446 ac
381 420 496 448 ﬁliorum
521 420 673 447 libertatem
696 419 841 454 adoptione
861 424 1049 452 consecutum,

267 468 361 498 postea
374 469 497 491 versatur
508 465 644 499 vitamque
657 471 733 491 suam
745 464 809 503 agit.

302 519 404 547 XXXII.
418 519 586 555 Pythagoras
600 521 695 553 voluit,
716 528 770 547 non
789 520 877 548 solum
897 519 1050 547 eruditissi-

266 573 349 597 mum,
363 574 455 593 verum
473 566 555 594 etiam
571 565 734 600 sapientium
752 566 973 601 antiquissimum
999 566 1050 593 du-

265 611 380 638 cendum
393 611 460 645 fore,
471 612 517 647 qui
534 612 617 639 rebus
631 612 742 639 nomina
757 612 920 647 imponeret.
937 611 1050 647 Oportet

265 657 355 692 itaque
370 662 400 685 ut
415 657 572 693 Scripturas
589 665 684 685 sacras
701 662 826 684 accurate
842 657 1047 692 perscrutando,

264 705 392 739 quoniam
417 705 444 731 in
466 704 603 739 parabolis
625 708 768 731 contextas
791 711 853 731 esse
873 708 991 736 constat,
1015 711 1049 731 ex

263 750 421 778 nominibus
445 750 603 778 earumdem
639 751 789 778 sententias
812 758 952 783 venemur,
980 758 1048 785 quas

264 796 383 831 Spiritus
403 801 514 824 sanctus
529 796 562 823 de
590 796 672 823 rebus
691 796 742 824 sibi
757 797 908 832 proposuit,
922 801 949 824 et
966 801 996 823 ut
1012 797 1047 824 ita

262 840 361 872 dicam,
379 841 492 868 vocibus
515 840 624 871 indidit,
647 841 764 876 indeque
781 847 898 869 mentem
909 850 986 869 suam
1001 850 1049 870 ex-

263 893 385 919 pressam
403 885 502 920 docet;
521 895 583 913 eum
605 894 700 924 nempe
722 888 749 914 in
777 887 874 920 tinem,
891 893 921 915 ut
937 888 1047 915 nomina

264 939 324 965 qua:
339 931 539 966 signiﬁcatione
554 932 696 967 multiplici
708 933 781 960 dicta
796 937 868 965 sunt,
878 934 1020 969 diligenter
1032 942 1047 961 a

263 976 344 1004 nobis
357 984 477 1012 expensa
488 977 668 1012 explicentur,
681 982 708 1006 et
725 979 901 1006 absconditus
914 979 941 1006 in
954 980 1047 1008 multis

263 1021 303 1049 sic
328 1022 481 1057 tegentibus
503 1030 610 1055 sensus,
642 1024 720 1058 quasi
741 1025 935 1052 contrectando
952 1025 1048 1052 condi-

262 1068 419 1103 scendoque
427 1073 556 1104 appareat
564 1075 644 1104 atque
654 1070 769 1098 eluceat.
779 1070 824 1097 Sic
835 1071 907 1098 enim
919 1074 946 1098 et
959 1071 1047 1105 plum-

262 1115 327 1142 bum
349 1115 444 1142 attritu
463 1115 611 1148 candescit,
629 1115 689 1142 alba
705 1124 738 1143 ex
760 1116 838 1152 nigro
859 1123 971 1143 cerussa
989 1116 1046 1150 jam

263 1159 344 1187 facta.
364 1159 409 1188 Sic
434 1160 515 1188 etiam
553 1165 579 1189 et
604 1162 718 1188 scientia
744 1162 831 1189 lucem
865 1170 896 1189 ac
919 1162 1047 1197 splendo-

261 1213 318 1232 rem
341 1205 492 1237 etfundens,
513 1213 576 1233 vere
602 1206 695 1233 divina
718 1207 763 1234 illa
793 1207 927 1242 sapientia
953 1207 1045 1240 fuerit,

261 1259 359 1287 purum
375 1251 442 1279 illud
461 1251 563 1282 lumen,
577 1252 734 1280 illuminans
760 1253 822 1280 illos
852 1260 967 1288 quorum
993 1260 1046 1287 pu-

260 1298 324 1333 pilla
341 1297 483 1324 oculorum
509 1305 578 1333 pura
602 1297 694 1330 fuerit,
721 1298 864 1326 veritatem
889 1302 918 1324 ut
938 1297 1046 1325 videant

215 1355 218 1358 η
261 1342 436 1377 eamdemque
449 1342 561 1370 lirmiter
569 1343 810 1378 comprehendant.

293 1388 375 1425 365,
383 1388 500 1416 XXXIII.
509 1388 629 1417 Proinde
637 1389 706 1416 lucis
717 1389 832 1425 hujusce
838 1387 1046 1425 principio,facé

260 1439 388 1463 accensa,
406 1439 440 1458 ex
459 1431 586 1466 passione
601 1439 662 1466 qua:
681 1432 791 1473 quidem
806 1432 834 1459 in
849 1432 895 1459 illa
909 1436 1044 1465 versatur,

259 1483 340 1511 quam
355 1476 472 1503 maxime
491 1476 555 1503 licet
570 1476 604 1503 ad
617 1476 821 1504 similitudinem
836 1477 1046 1512 contendentes,

259 1523 329 1550 lucis
342 1522 425 1558 pleni,
439 1522 490 1549 viri
503 1521 631 1549 Israelita:
645 1523 734 1557 rcipsa
758 1524 909 1551 evadimus.
932 1518 1044 1552 Amicos

1100 238 1247 272 γνωστικὺς
1264 239 1294 264 τὸ
1310 238 1414 273 πρέπον
1437 238 1469 265 ἂν
1487 238 1553 273 μετὰ
1576 237 1622 264 τοῦ
1639 237 1712 264 κατὰ
1734 237 1822 270 λόγον
1846 245 1891 269 ςυ-

1103 283 1206 310 λάστει.
1230 283 1283 310 Τοῦ
1305 283 1359 319 γὰρ
1386 283 1524 318 ἐμπαθοῦς
1548 283 1648 314 παντὸς
1671 281 1889 318 περιτμηθέντις

1103 330 1148 356 καὶ
1165 329 1381 366 περιαιρεθέντος
1396 329 1502 365 ἀπάσης
1518 329 1566 364 τῆς
1581 329 1681 364 ψυχῆς,
1694 329 1735 364 τῷ
1752 328 1890 363 κρατίστῳ

1103 375 1214 410 καθαρῷ
1230 375 1367 410 γενομένῳ
1383 375 1431 402 καὶ
1453 374 1667 411 ἡλευθερωμένῳ
1689 376 1731 407 είς
1753 374 1890 402 υἱοθεσίαν

1101 419 1146 446 τοῦ
1164 420 1256 446 λοιποῦ
1272 419 1379 446 σύνεστί
1395 428 1423 446 τε
1435 420 1480 446 καὶ
1496 420 1555 455 βιοῖ.

1136 521 1195 548 AB'.
1214 520 1375 556 Πυθαγόρας
1391 521 1467 555 ἠξίου
1485 521 1522 557 μὴ
1540 522 1618 556 μόνον
1631 521 1815 556 λογιώτατον,
1829 523 1889 549 didi

1100 566 1146 592 καὶ
1162 565 1345 601 πρεσὸύτατον
1361 565 1485 601 ἡγεῖσθαι
1501 565 1553 592 τῶν
1566 566 1654 600 σοφῶν
1667 567 1712 592 τὸν
1728 566 1849 601 θέμενον
1859 568 1887 593 τὰ

1099 611 1218 646 ὀνόματα
1230 613 1284 643 τοῖς
1302 612 1455 647 πράγμασι.
1467 613 1511 637 Δεῖ
1526 611 1613 638 τοίνυν
1625 612 1674 644 τὰς
1687 613 1808 647 Γραερὰς
1821 613 1888 647 ἀκρι-

1099 656 1153 690 6ὦς
1169 657 1405 693 διερευνωμένους,
1424 657 1516 692 ἐπειδὴ
1532 658 1560 683 ἐν
1577 658 1747 693 παραϐολαῖς
1765 658 1887 693 εἰρῆσθαι

1098 703 1330 739 ἀνωμολόγηνται,
1349 704 1402 729 ἀπο
1418 703 1471 730 τῶν
1488 703 1626 739 ὀνομάτων
1643 704 1830 739 θηρωμένους
1846 706 1886 735 τὰς

1098 749 1191 781 δόξας,
1210 749 1242 781 ἃς
1258 749 1288 775 τὺ
1310 749 1388 783 ἅγιον
1413 749 1525 784 Πνεῦμα
1551 750 1614 784 περὶ
1631 750 1685 776 τῶν
1715 750 1886 785 πραγμάτων

1098 795 1168 830 ἔχον,
1186 796 1225 828 είς
1248 795 1297 827 τὰς
1313 795 1409 827 λέξεις,
1429 795 1465 827 ὡς
1482 796 1578 826 είπείν,
1594 795 1643 830 τὴν
1661 796 1744 822 αὑτοῦ
1770 795 1886 822 διάνοιαν

1099 841 1325 876 ὲκτυπωσάμενον
1347 841 1477 874 διδάσκει,
1495 841 1538 867 ἵνα
1560 842 1626 876 ἡμῖν
1644 841 1770 876 ἀκριϐῶς
1796 841 1884 874 ἐξετα-

1099 885 1199 922 ζόμενα
1227 886 1422 922 διαπτύσσηται
1443 889 1477 914 τὰ
1500 887 1619 922 ὀνόματα
1642 887 1816 922 πολυσήμως
1843 888 1885 922 μὲν

1098 932 1232 967 εἰρημένα
1249 932 1314 967 (55),
1332 932 1361 958 τὸ
1377 932 1399 958 δ’
1413 932 1637 967 ἐγκεκρυμμένον
1654 933 1683 958 ὲν
1700 932 1813 964 πολλῄ
1837 935 1885 964 τοῖς

1097 977 1227 1004 σκέπουσι
1250 977 1445 1013 ψηλαφώμενον
1471 979 1517 1004 καὶ
1539 978 1820 1013 καταμανθανόμενον
1843 979 1884 1004 ὲκ-

1097 1024 1224 1059 φαίνηται
1241 1024 1288 1051 καὶ
1305 1024 1460 1060 ἀναλάμψῃ.
1480 1024 1572 1056 Οὕτως
1588 1024 1642 1060 γὰρ
1659 1024 1706 1050 καὶ
1724 1026 1740 1051 ὁ
1763 1024 1883 1059 pili/Sc;

1096 1072 1151 1101 τοῖς
1168 1070 1305 1104 τρίϐουσιν
1322 1069 1428 1102 ἐξανθεῖ
1449 1069 1545 1096 λευκὸν
1562 1070 1593 1095 ὲκ
1618 1070 1733 1104 μέλανος
1749 1070 1782 1096 τὸ
1803 1070 1883 1104 ’.ξιμὺ-

1097 1115 1152 1142 θιον
1163 1124 1169 1130 ”
1186 1115 1272 1148 οὕτως
1287 1115 1334 1141 καὶ
1347 1115 1401 1150 (56)
1418 1115 1434 1150 ἡ
1451 1115 1561 1149 γνῶσις,
1581 1115 1680 1149 φέγγος
1697 1116 1746 1142 καὶ
1765 1116 1885 1151 λαμπρό-

1096 1170 1164 1196 τητα
1194 1161 1366 1196 καταχέουσα
1381 1160 1434 1187 τῶν
1459 1161 1638 1196 πραγμάτων,
1662 1162 1678 1196 ὴ
1695 1161 1734 1196 τῷ
1751 1162 1810 1188 ὄντι
1829 1161 1883 1188 θεία

1096 1207 1177 1242 σοφία
1193 1206 1235 1243 εἴη
1254 1207 1297 1238 ἂν,
1312 1207 1341 1232 τὸ
1358 1206 1415 1240 φῶς
1431 1206 1460 1232 τὺ
1477 1206 1629 1242 εἰλικρινὲς,
1645 1206 1675 1232 τὸ
1690 1207 1810 1241 φωτίζον
1825 1207 1882 1237 τοὶς

1095 1252 1230 1287 καθαροὺς
1243 1252 1295 1279 τῶν
1305 1252 1454 1287 ἀνθρώπων
1464 1252 1501 1284 ὡς
1513 1252 1596 1288 κόρην
1605 1252 1758 1289 ὀφθαλμοῦ,
1771 1254 1812 1285 εὶς
1825 1254 1882 1288 ὃῴιν

1095 1298 1142 1324 καὶ
1157 1297 1306 1332 κατάληψιν
1319 1297 1368 1332 τῆς
1382 1297 1509 1333 ἀληθείας
1527 1297 1648 1332 βεϐαίαν.

1131 1384 1190 1410 ΛΓν.
1215 1384 1394 1419 Ἀναψάμενοι
1417 1384 1504 1410 τοίνυν
1527 1384 1577 1418 τῆς
1604 1384 1692 1420 ἀρχῆς
1713 1384 1762 1411 τοῦ
1797 1385 1880 1420 qui;

1095 1430 1199 1456 ἐκείνου
1215 1431 1247 1456 ὲκ
1263 1430 1308 1456 τοῦ
1327 1429 1428 1461 πάθους
1447 1429 1493 1456 τοῦ
1520 1430 1584 1465 περὶ
1610 1430 1686 1462 αὐτὸ,
1702 1431 1741 1462 ὡς
1765 1431 1805 1457 ἔνι
1830 1432 1878 1465 μά-

1094 1475 1172 1502 λιστα
1184 1475 1370 1510 ἐξομοιοῦσθαι
1385 1475 1557 1511 πειρώμενοι,
1571 1475 1657 1509 φωτὸς
1671 1476 1784 1510 ἔμπλεοι
1798 1477 1878 1511 φῶτες

1100 1522 1262 1558 Ἰσραηλῖται
1278 1522 1317 1556 τῷ
1331 1523 1388 1548 δντι
1408 1521 1548 1556 γινόμεθα.
1565 1521 1659 1553 Φίλους
1677 1523 1732 1558 γὰρ
1749 1521 1809 1549 εἷπε
1836 1524 1879 1550 καὶ

259 1570 330 1596 enim
357 1569 509 1604 fratresque
535 1569 643 1596 vocavit
672 1570 748 1602 illos,
771 1570 818 1604 qui
838 1570 984 1603 desiderio,
1000 1572 1044 1606 qui

1099 1568 1228 1603 ἀδελφοὺς
1240 1569 1301 1599 τοὺς
1313 1568 1460 1603 ἐχομένους
1473 1567 1523 1603 τῆς
1536 1569 1603 1603 πρὸς
1616 1569 1645 1595 τὸ
1656 1569 1734 1596 θεῖον
1747 1568 1881 1604 ἀφομοιιέι-

259 1619 369 1647 conatu,
381 1618 411 1642 ut
424 1622 486 1642 cum
511 1614 566 1642 Deo
587 1614 793 1642 similitudinem
816 1615 919 1650 ineant,
932 1616 1042 1646 student

259 1667 426 1695 operamque
442 1663 555 1686 navant.

295 1715 413 1743 XXXIV.
434 1715 499 1743 Loci
513 1716 620 1750 quidem
645 1715 706 1750 puri
725 1719 856 1750 prataque
878 1721 1042 1751 acceperunt

258 1770 340 1790 voces
351 1782 359 1795 ,
375 1769 407 1789 ac
420 1765 547 1796 aspectus
570 1760 700 1795 quosdam
715 1761 913 1795 apparitionum
934 1767 1044 1789 sancta-

259 1816 319 1835 rum
338 1807 498 1840 ;hominum
518 1811 607 1833 autem
626 1807 823 1841 unusquisque,
842 1808 889 1841 qui
917 1811 1043 1836 accurate

259 1853 340 1881 fuerit
357 1856 505 1887 purgatus,
522 1852 652 1880 doctrinae
671 1859 702 1879 ac
723 1852 833 1879 virtutis
845 1851 943 1880 divinae
965 1860 1041 1880 com-

257 1907 308 1934 pos
320 1898 420 1926 evadit.

294 1953 403 1981 XXXV.
429 1952 544 1988 Insuper
561 1953 627 1980 mihi
654 1953 764 1987 quidem
790 1953 946 1984 innotescit.
970 1953 1042 1988 quod

258 2001 380 2028 scientia:
410 1999 551 2035 mysteria,
575 2006 590 2025 a
619 1999 711 2026 multis
741 1999 859 2026 ludibrio
877 1999 1040 2031 habeantur,

256 2046 393 2082 praecipue
415 2052 479 2072 vero
512 2051 575 2071 cum
598 2044 750 2079 tropologia
785 2044 934 2079 sophistica
969 2045 1041 2072 haud

255 2093 338 2118 mista
372 2094 436 2117 sunt
455 2097 487 2116 ac
517 2093 631 2117 consula
645 2098 650 2115 :
666 2097 766 2124 paucos
791 2098 866 2123 vero,
897 2090 978 2117 sicuti
1000 2091 1042 2118 Iu-

256 2145 320 2164 men
346 2140 458 2171 repente
484 2136 626 2171 symposio
653 2136 824 2170 triclinioque
845 2136 967 2170 illatum,
986 2138 1042 2172 pri-

257 2191 330 2209 mum
342 2186 455 2216 stupore
464 2181 612 2216 percutiet;
623 2184 716 2215 postea
726 2185 916 2209 assuescentes
923 2189 953 2209 sc
960 2185 1041 2217 atque

255 2232 346 2255 mente
363 2230 392 2259 ᾖ(
409 2227 562 2258 exercitati,
583 2226 660 2260 quasi
672 2227 770 2261 gaudio
782 2228 896 2254 recreati
909 2235 941 2254 ac
954 2229 1042 2255 exstil-

255 2279 358 2306 tantes,
379 2273 582 2300 Dominum.....
608 2272 692 2299 Prout
705 2274 777 2300 enim
801 2273 926 2308 voluptas
941 2274 1041 2301 libera-

255 2321 358 2346 tionem
375 2327 390 2346 a
405 2319 499 2346 dolore
516 2326 549 2346 ex
562 2323 659 2345 natura
677 2326 725 2346 sua
746 2318 838 2350 habet,
853 2318 894 2346 sic
907 2322 933 2346 et
949 2319 1040 2346 scien—

257 2365 294 2391 tia
302 2364 461 2400 ignorantiaa
470 2364 643 2391 ablationem.
656 2363 733 2391 Sicut
743 2364 816 2391 enim
830 2371 927 2391 somno
935 2364 1040 2399 gravati

256 2413 302 2446 qui
315 2416 377 2439 sunt.
384 2411 515 2442 ‘maxime,
524 2414 609 2438 semet
619 2411 731 2446 vigilare
738 2412 853 2439 maxime
861 2412 1039 2445 arbitrantur,

257 2458 304 2492 qui
320 2457 481 2484 clarioribus
497 2458 642 2491 minusque
665 2456 805 2492 dissipatis
820 2465 852 2484 ac
866 2458 919 2484 alio
931 2458 1040 2486 trahen-

257 2494 331 2529 tibus
345 2502 372 2529 in
387 2503 491 2530 somnis
512 2502 676 2537 spectaculis
701 2493 756 2529 sint
777 2502 915 2537 occupati;
931 2502 971 2529 sic
993 2502 1039 2537 qui

258 2556 365 2576 summa
377 2548 502 2575 laborant
519 2548 671 2583 ignorantia
681 2568 688 2581 ,
703 2556 732 2575 se
746 2548 862 2575 maxime
875 2548 946 2575 scire
967 2548 1040 2576 πω.

312 2628 341 2657 »14
361 2623 392 2652 P.
412 2622 465 2651 989
484 2623 537 2651 ΕΙ).
560 2623 705 2651 POTTER.

292 2702 347 2738 (55)
363 2703 487 2729 Διαπτ...
500 2701 558 2735 μὲν
570 2701 731 2738 εἰρημένα.
746 2700 922 2738 PIanior_erit
930 2704 1035 2738 senten-

257 2736 310 2769 tia",
325 2739 348 2766 si
364 2737 530 2771 transposito
543 2736 602 2770 μέν,
619 2737 751 2769 legal-ius,
769 2736 964 2771 διαπτὺσσηται
991 2736 1038 2770 μὲν

256 2774 291 2800 τὰ
305 2773 423 2808 ὀνόματα
440 2770 602 2808 πολυσήμως
619 2770 760 2808 εἰρημένα.
772 2770 911 2808 >SanURG.

293 2805 357 2844 (εδγ
374 2807 472 2840 Οὕτως
490 2805 554 2842 qu’p.
574 2806 740 2834 Concinnius
763 2806 802 2837 ὠς
820 2805 884 2840 γάρ,
909 2809 937 2832 ιιι
955 2806 1034 2834 enim.

1093 1623 1160 1647 σεως
1176 1615 1245 1642 κατὰ
1261 1614 1407 1649 ἐπιθυμίαν
1421 1614 1467 1642 καὶ
1483 1614 1581 1646 δίωξιν.

1128 1713 1186 1738 ΛΔ’.
1208 1712 1259 1738 Ἦν
1286 1711 1341 1746 (57)
1366 1712 1443 1738 τόποι
1465 1712 1515 1747 μὲν
1543 1713 1658 1748 καθαροὶ
1680 1713 1727 1739 καὶ
1751 1713 1876 1748 λειμῶνες

1094 1757 1215 1789 ἐδέξαντο
1252 1757 1342 1791 φωνὰς
1372 1757 1419 1784 καί
1440 1765 1516 1788 τινας
1546 1757 1622 1791 ὁᾷεις
1652 1758 1739 1791 ἁγίων
1770 1759 1875 1793 φασμά-

1092 1811 1162 1830 των*
1187 1803 1327 1839 ἄνθρωπος
1353 1803 1381 1829 δὲ
1402 1804 1416 1829 ὁ
1440 1802 1562 1838 ἀκριϐῶς
1587 1803 1791 1839 κεκαθαρμένος
1810 1805 1877 1835 Ξττις

1091 1850 1263 1882 διδασκαλίας
1295 1850 1342 1876 καὶ
1374 1849 1516 1884 δυνάμεως
1549 1849 1642 1886 Θεῐκῆς
1673 1850 1875 1885 καταξιωθήσε-

1093 1905 1147 1924 ται.

1127 1954 1187 1980 ΛΕ¹.
1205 1949 1271 1979 Οἶδα
1285 1951 1313 1978 δὲ
1329 1951 1394 1986 ἐγὼ,
1416 1951 1456 1978 ὃτι
1471 1951 1504 1977 τὰ
1520 1951 1569 1986 τῆς
1590 1951 1718 1985 γνώσεως
1744 1953 1875 1987 μυστήρια

1092 2001 1147 2031 τοῖς
1167 1998 1215 2034 μὲν
1233 1997 1338 2028 πολλοῖς
1355 1996 1452 2032 χλεύην
1471 1996 1559 2032 φέρει,
1575 1997 1622 2023 καὶ
1641 1997 1760 2032 μάλιστα
1782 1998 1819 2033 μὴ
1834 2006 1875 2024 κε-

1092 2044 1258 2080 καττυμένα,
1274 2044 1414 2078 σοφιστικῇ
1433 2042 1613 2078 τροπολογίᾳ·
1630 2044 1694 2075 τοὺς
1710 2044 1738 2070 δὲ
1762 2044 1873 2077 ὀλίγους,

1092 2091 1216 2126 καθάπερ
1231 2089 1288 2124 φῶς
1309 2089 1495 2124 ὲπεισενεχθὲν
1511 2088 1642 2124 ἐξαίφνης
1665 2091 1809 2126 συμποσίῳ
1825 2091 1873 2116 τινὶ

1093 2137 1255 2172 συνηρεφεῖ,
1278 2135 1408 2171 ἐκπλήξει
1434 2135 1468 2161 τὰ
1490 2134 1603 2170 πρῶτα·
1623 2135 1718 2162 ἔπειτα
1741 2136 1873 2168 sets-1m;

1092 2182 1138 2208 καὶ
1157 2181 1354 2217 συντραφέντες
1375 2181 1421 2207 καὶ
1437 2180 1675 2216 ὲγγυμνασάμενοι
1690 2181 1729 2216 τῷ
1744 2181 1871 2217 λογισμῷ,

1091 2227 1129 2259 ὡς
1152 2227 1196 2262 ὑφ’
1213 2226 1308 2262 ἡδονῆς
1324 2226 1530 2262 εὐφραινόμενοι
1546 2219 1592 2252 καὶ
1607 2226 1809 2262 ἀγαλλιώμενοι
1833 2227 1872 2254 τὸν

1092 2272 1203 2309 Κύριον.
1219 2291 1225 2298 .
1240 2291 1248 2298 .
1263 2291 1270 2298 .
1284 2291 1290 2298 .
1306 2291 1312 2298 .
1326 2292 1333 2298 .
1346 2291 1353 2298 .
1368 2291 1374 2298 .
1398 2272 1440 2303 Ὧς
1462 2271 1516 2307 γὰρ
1536 2271 1617 2307 ἡδονὴ
1645 2271 1694 2307 τὴν
1720 2272 1770 2307 τῆς
1792 2271 1871 2306 ἀλγη-

1091 2319 1165 2350 δόνος
1181 2318 1339 2353 ἀπαλλαγὴν
1359 2318 1453 2344 οὐσίαν
1475 2317 1540 2352 ἔχει,
1557 2317 1644 2350 οὕτως
1663 2319 1679 2352 ἡ
1703 2318 1806 2352 γνῶσις
1827 2318 1871 2352 τῆς

1090 2365 1200 2399 ἀγνοίας
1216 2364 1264 2399 τὴν
1278 2363 1462 2399 ὑπεξαίρεσιν.
1481 2363 1524 2394 Ὠς
1539 2363 1593 2399 γὰρ
1607 2364 1631 2390 oi
1645 2363 1765 2398 μάλιστα
1782 2363 1869 2390 καθεύ-

1090 2410 1178 2442 δοντες
1205 2409 1305 2437 οἴονται
1339 2409 1456 2444 μάλιστα
1483 2409 1681 2444 ἐγρηγορέναι,
1715 2409 1868 2445 ὲναργεστέ⁶

1091 2463 1145 2491 ροις
1172 2455 1240 2489 (58)
1272 2455 1470 2485 ὑποπίπτοντες
1494 2454 1542 2480 καὶ
1571 2454 1790 2489 ἀπερισπάστως
1819 2456 1869 2487 ταῖς

1087 2502 1153 2537 ὃναρ
1169 2501 1346 2536 φαντασίαις*
1362 2500 1448 2532 οὕτως
1464 2501 1488 2526 οἱ
1506 2500 1621 2535 μάλιστα
1642 2501 1807 2535 ἀγνοοῦντες
1825 2503 1868 2537 μά-

1088 2548 1166 2575 λιστα
1178 2547 1432 2583 εὶδέναινομίζουσι.
1442 2547 1578 2583 Μακάριοι
1594 2547 1622 2573 δὲ
1634 2547 1659 2573 οἱ
1670 2547 1795 2580 ὲξῦπνου
1803 2548 1868 2575 τοῦδε

1126 2701 1266 2738 (57)-ῖ11ν.
1283 2700 1394 2728 Etiamsi
1409 2699 1426 2738 ᾖ
1450 2702 1570 2736 legamus
1595 2709 1646 2736 pro
1662 2703 1709 2738 ἦν,
1737 2708 1828 2730 tamen
1841 2709 1870 2730 ne

1091 2737 1131 2797 ssic
1148 2735 1256 2770 quidem
1277 2740 1320 2763 sat
1346 2735 1426 2764 recte
1442 2735 1568 2764 constare
1592 2735 1702 2765 videtur
1729 2739 1870 2766 sententis.

1115 2779 1226 2797 rcuunc.

1121 2792 1451 2846 :(BXB-‘zirapyscrépmq.
1462 2805 1592 2836 Usitalius
1603 2808 1829 2845 ἐναργεστέρως,
1838 2807 1871 2836 to-

1093 2842 1194 2868 miuina
1217 2842 1419 2872 terminatione.
1435 2842 1471 2870 lu.
