1934 3075
37 158 74 185 7.1
83 159 104 185 7

411 157 524 185 DUBIA.
544 171 579 177 -—
596 154 742 183 ECLOGZE
763 153 807 181 EX
830 153 1034 182 SCRIPTURIS
1054 152 1290 181 I’ROPHETICIS.

1622 153 1672 181 'II8

35 217 94 244 καῖ
117 217 173 252 τῆς
195 217 406 254 παραφροσύνης
431 216 631 251 ἁνεγειρόμενοι
658 215 704 242 καὶ
725 214 837 241 ἀναϐλέ-

897 217 1007 241 ;rantur.
1024 213 1099 240 Beati
1128 220 1193 240 vero
1208 213 1265 248 qui,
1285 221 1316 240 ex
1331 220 1427 240 somno
1451 212 1502 240 hoc
1524 211 1674 239 dementia-

34 263 157 297 ψαντες
172 263 204 289 τὸ
220 263 278 298 φῶς
290 263 335 290 καὶ
350 263 397 298 τὴν
411 262 547 298 ἀλήθειαν.

77 362 162 395 AG’.
179 363 226 389 Δεῖ
238 362 326 388 τοίνυν
353 362 451 397 ἐπίσης
471 361 510 397 τῷ
533 360 684 396 βουλομένῳ
705 360 736 386 τὸ
753 359 841 387 πειθό-

35 415 135 441 μενον
153 407 228 443 ἔχειν
247 408 294 434 τὸν
318 408 451 444 μαθητὴν,
467 407 567 443 καὶτῷ
593 407 668 442 πόθῳ
682 407 731 443 τὴν
752 407 843 433 πίστιν

34 452 295 486 ἐγκαταμίξαντα,
322 453 469 490 γυμνάζειν
500 454 547 480 καὶ
577 453 689 489 μελετᾷν
715 453 843 479 ἑκάστοτε

34 498 121 533 πρὸς
143 499 243 526 ἑαυτὸν
257 500 306 535 τὴν
324 499 378 526 τῶν
402 490 588 535 θεωρημάτων
603 499 731 534 ἀλήθειαν
752 498 844 531 ἐξετά-

33 543 144 576 ζοντα.
172 545 296 572 Ἐπειδὰν
310 546 337 572 δὲ
351 544 380 572 εὖ
395 545 466 580 ἔχειν
489 544 561 579 αὺτῷ
576 545 651 579 δοκῇ,
665 543 726 570 τότε
741 543 773 579 δὴ
797 544 842 570 καὶ

33 591 82 621 εὶς
106 590 164 622 τὰς
184 591 238 617 τῶν
257 590 340 622 πέλας
359 590 486 626 ζητήσεις
502 590 642 617 καθιέναι·
659 590 720 616 ἐπεὶ
745 589 791 616 καὶ
817 590 842 615 οἱ

32 636 156 662 νεοττοὶ
179 636 452 672 προσαποπειρῶνται
467 635 521 671 (59)
537 635 584 662 τοῦ
599 635 714 662 πετάσαι
729 635 775 661 ἐπὶ
793 635 842 670 τῆς

33 681 161 714 καλιᾶς,
179 683 366 718 γυμνάσαντες
381 682 415 709 τὰ
429 682 527 718 πτερά.

75 738 148 764 AZ’.
171 738 204 765 Ἦ
219 739 272 774 γὰρ
279 738 362 774 ἀρετὴ
376 740 392 774 ἡ
408 738 544 773 γνωστικὴ
559 736 696 772 πανταχοῦ
707 737 786 763 καλὸν
794 737 840 763 καὶ

31 785 138 821 πρᾶον
155 785 206 811 καὶ
224 785 348 817 ὰῦλαῦὲς,
365 785 411 812 καὶ
434 784 548 815 ἄλυπον,
564 784 611 810 καὶ
633 784 779 819 μακάριον,
795 784 840 810 καὶ

32 830 325 866 παρεσκευασμένον,
338 830 435 865 ἄριστα
443 831 491 866 μὲν
498 830 600 865 ὁμιλεῖν
616 830 697 856 παντὶ
709 829 748 864 τῷ
766 828 839 864 θείῳ,

31 877 150 913 ἄριστα
171 877 195 903 δ’
214 875 375 912 ἀνθρώποις,
394 875 556 911 θεωρητικὸν
576 875 643 911 ὁμοῦ
659 876 706 902 καὶ
725 883 840 911 πρακτι-

30 923 89 949 κὸν
120 922 242 957 ἄγαλμα
267 921 335 948 θεῖον
359 921 404 948 τὸν
420 921 561 957 ἄνθρωπον
585 921 838 953 κατασκευάζουσα,
856 915 875 942 Β

32 969 89 995 καὶ
124 968 277 1002 φιλόκαλον
304 967 513 1003 ἀπεργαζομένη
536 968 569 994 δι’
589 967 713 1004 ἀγάπης-
737 967 767 994 τὺ
785 967 840 1003 γὰρ

33 1014 144 1046 καλὸν,
166 1014 208 1045 ὡς
222 1015 280 1040 ἐκεῖ
300 1013 380 1049 σοφίᾳ
396 1013 530 1049 θεωρητὸν
544 1014 591 1040 καὶ
605 1014 708 1049 νοητὸν,
723 1014 840 1042 ἐνταῦθα

35 1057 204 1094 σωφοσύνῃ
232 1058 279 1084 καὶ
306 1057 461 1094 δικαιοσύνῃ
487 1057 530 1085 διὰ
555 1058 670 1090 πίστεως
700 1059 837 1095 πρακτόν·

33 1105 69 1132 ὲν
90 1105 186 1140 σαρκὶ
201 1103 393 1140 μελετήσαντες
408 1103 552 1139 ἀγγελικὴν
573 1104 731 1139 ὑπουργίαν,
747 1104 840 1141 ὥσπερ

35 1152 70 1178 ὲν
87 1151 176 1186 τόπῳ
193 1151 316 1185 διαφανεῖ
331 1149 515 1185 καὶ-ἀμιάντῳ
529 1149 568 1185 τῷ
588 1149 694 1185 σώματι
712 1150 757 1177 τὸν
778 1150 840 1177 νοῦν

34 1197 97 1224 καθ
102 1196 285 1233 ιερώσαντες.

80 1286 157 1314 AH’.
175 1284 249 1320 Πρὸς
262 1284 290 1311 δὲ
303 1285 434 1312 Τατιανὸν
448 1284 513 1320 (60),
531 1285 642 1319 λέγοντα
662 1285 787 1312 εὐκτικὸν
803 1283 841 1312 εἷ-

34 1341 88 1360 ναι
103 1332 140 1358 τὸ
157 1330 317 1364 Γενηθήτω
331 1330 402 1365 φῶς,
416 1330 578 1357 λεκτέον-ΕΙ
593 1331 681 1358 τοίνυν
696 1331 840 1367 εὐχόμενος

34 1379 96 1415 ἤδη
123 1377 175 1404 τὴν
199 1377 393 1412 ὑπερκείμενον
418 1376 473 1412 (6i)
501 1377 578 1409 θεὸν,
599 1377 657 1409 πῶς
678 1377 750 1411 λέγει
771 1377 840 1412 Ἐγὼ

35 1425 141 1457 Θεὸς,
163 1423 215 1449 καὶ
236 1422 319 1456 πλὴν
338 1423 411 1463 ἐμοῦ
428 1422 522 1456 ἄλλος
541 1422 655 1455 audete;
675 1423 787 1458 εἴπομεν
803 1423 840 1456 ὡς

33 1469 182 1499 κολάσεις
211 1467 264 1493 εἰσὶ
289 1466 481 1502 βλασφημιῶν,
509 1466 656 1501 φλυαρίας,
685 1466 840 1493 ἀκολάστων

34 1515 198 1552 ῥημάτων,
215 1512 286 1547 λόγῳ
310 1511 368 1548 (62)
396 1511 581 1547 κολαζομένων
603 1512 649 1538 καὶ
676 1511 839 1547 παιδευομέ-

33 1571 113 1589 νων.

77 1617 152 1645 A6"
177 1617 315 1651 Ἔφασκεν
335 1616 364 1642 δὲ
378 1616 425 1643 καὶ
437 1615 481 1642 διὰ
502 1615 551 1647 τὰς
571 1615 667 1650 τρίχας
681 1613 841 1646 κολάζεσθαι

31 1666 91 1692 καὶ
115 1664 166 1690 τὸν
191 1663 293 1699 κόσμον
311 1662 361 1694 τὰς
387 1663 520 1697 γυναῖκας
546 1662 598 1687 ὑπὸ
626 1660 766 1696 δυνάμεως
792 1660 841 1695 τῆς

32 1712 90 1738 ἐπὶ
115 1710 229 1740 τούτοις
246 1708 424 1743 τεταγμένης,
442 1708 459 1743 ἢ
474 1707 520 1734 καὶ
535 1706 574 1742 τῷ
588 1705 707 1741 Σαμψὼν
728 1706 839 1740 δύναμιν

33 1757 172 1792 παρεῖχε
195 1756 254 1785 ταῖς
277 1753 374 1789 Θριξὶν,
395 1754 455 1788 ἥτις
476 1752 585 1784 κολάζει
604 1751 652 1784 τὰς
672 1751 724 1778 διὰ·
739 1751 840 1786 κόσμου

32 1801 153 1839 τριχῶν
169 1800 217 1826 ἐπὶ
234 1799 359 1835 πορνείαν
371 1798 507 1834 ὀρμώσας.

76 1859 131 1886 Μ’.
147 1856 283 1891 Καθάπερ
298 1856 398 1890 ἀγαθοῦ
411 1854 544 1891 ἀπορροίᾳ
558 1854 746 1888 ὰγαθύνονται,
755 1853 841 1885 οὕτως

33 1905 92 1931 καὶ
110 1902 276 1930 κακοῦνται.
298 1901 405 1937 Καλὴὴ
428 1900 520 1935 κρίσις
535 1898 581 1926 τοῦ
602 1898 680 1930 Θεοῦ,
696 1899 712 1933 ἥ
731 1907 761 1925 τε
784 1899 842 1925 διάη

34 1957 142 1986 κρίσις
158 1949 176 1984 ἡ
194 1948 248 1975 τῶν
268 1946 370 1975 πιστῶν
391 1946 444 1972 ἀπὸ
464 1945 517 1971 τῶν
535 1945 666 1977 ἀπίστων,
688 1945 705 1979 ἦ
723 1953 753 1970 τε
775 1945 842 1980 πρό-

36 2002 142 2030 κρισις
156 1992 229 2028 ὑπὲρ
245 1991 291 2018 τοῦ
310 1991 347 2027 μὴ
369 1989 470 2026 μείζονι
491 1991 649 2025 περιπεσεῖν
662 1989 760 2025 κρίσει,
775 1990 792 2024 ἥ
811 1998 841 2016 τε

35 2041 154 2077 κρίσις,
172 2038 317 2069 παίδευσις
330 2035 407 2064 οὖσα.

78 2156 156 2183 MA'.
184 2154 217 2180 Ἣ
230 2153 324 2189 Γραφή
349 2161 414 2188 φησι
428 2151 462 2178 τὰ
481 2151 567 2187 βρέφη
582 2150 616 2178 τὰ
632 2150 775 2177 ἐκτεθέντα
790 2159 838 2186 τη-

37 2200 179 2238 μελούχῳ
200 2197 391 2233 παραδίδοσθαι
415 2196 531 2232 ἀγγέλῳ,
555 2196 597 2230 ὑφ’
617 2193 646 2223 οὗ
664 2195 838 2222 παιδεύεσθαί

35 2293 118 2320 ἑτῶν
133 2290 255 2318 ἐνταῦθα
274 2290 361 2317 πιστοί
371 2297 377 2304 ·
392 2289 432 2315 διὸ
446 2289 493 2315 καὶ
508 2288 609 2324 Πέτρος
620 2288 648 2313 ὲν
666 2288 699 2322 τῇ
723 2287 837 2313 Ἀποκα-

33 2339 128 2374 λύψει
142 2338 230 2373 φησί·
250 2337 302 2364 Καὶ
314 2335 451 2370 ἀστραπὴ
465 2334 559 2369 πυρὸς
573 2333 699 2368 πηδῶσα
712 2332 771 2359 ἀπὸ
783 2331 841 2358 τῶν

28 2383 174 2420 βρεφῶν
186 2383 318 2415 ἐκείνων,
329 2381 377 2408 καὶ
389 2380 575 2413 πλήσσουσα
586 2378 657 2411 τοὺς
669 2377 840 2412 ὀφθαλμοὺς

32 2432 104 2460 τῶν
138 2427 301 2465 γυναικῶν.
323 2427 400 2454 Ἐπεὶ
419 2427 433 2453 ὁ
460 2426 562 2456 δίκαιος
577 2425 616 2457 ὡς
633 2423 766 2457 σπινθὴρ
797 2423 840 2449 διὰ

33 2476 182 2511 καλάμης
198 2473 342 2508 ἐκλάμπει,
356 2473 403 2499 καὶ
417 2472 503 2507 κρινεῖ
518 2470 593 2506 ἔθνη.

86 2522 175 2550 ΜΒ’.
214 2519 295 2546 Μετὰ
330 2518 416 2546 ὁσίου
453 2515 617 2550 ὀσιωθήσῃ.
651 2514 729 2542 Κατὰ
765 2511 837 2540 αἷνόν

34 2257 71 2275 τε
90 2247 145 2274 καὶ
170 2245 279 2278 αὔξειν·
308 2245 355 2271 καὶ
379 2244 494 2275 ἔσονται,
520 2243 612 2277 φησὶν,
637 2242 674 2273 ὡς
690 2242 713 2268 οἱ
742 2241 837 2267 ἑκατὸν
853 2254 875 2281 D

894 270 947 296 que
963 260 1083 293 excitati,
1099 259 1133 286 ad
1148 259 1236 286 lucem
1251 266 1283 286 ac
1296 259 1437 286 veritatem
1455 258 1550 286 oculos
1562 252 1674 286 conver-

894 311 961 334 tant.

928 364 1046 391 XXXVI.
1058 363 1162 390 Pariter
1172 362 1264 397 itaque
1280 366 1399 398 oportet,
1413 370 1474 390 eum
1493 363 1538 398 qui
1551 362 1673 398 discipu-

894 410 948 436 lum
960 410 1150 444 obsequentem
1164 409 1264 436 habere
1276 408 1353 439 velit,
1369 400 1396 435 et
1406 407 1542 436 desiderio
1553 408 1671 436 admista

893 456 947 483 ﬁde
959 463 1094 487 exercere,
1106 459 1132 482 et
1145 455 1215 490 apud
1235 463 1264 482 se
1278 455 1400 490 quotidie
1416 454 1552 486 meditari,
1571 455 1672 482 verita-

893 507 946 529 tem
968 506 1187 536 argumentorum
1208 500 1393 536 expendendo.
1410 501 1443 527 Et
1466 508 1528 528 cum
1549 502 1670 529 eamdem

893 555 922 575 se
935 551 1008 575 recte
1029 551 1122 574 tenere
1136 547 1308 582 judicaverit,
1324 551 1387 574 tunc
1407 547 1536 574 nimirum
1551 547 1582 574 ad
1597 555 1672 582 qua!-

892 594 996 621 stiones
1029 593 1105 621 hisce
1129 593 1232 620 vicinas
1263 593 1450 625 descendere;
1484 595 1613 627 quoniam
1644 597 1672 620 et

892 637 982 664 avium
1004 637 1070 672 pulli
1082 645 1185 671 pennas
1207 636 1359 664 exercendo
1374 636 1499 664 etiam'in
1516 637 1581 665 nido
1596 638 1671 665 vola-

893 688 950 710 tum
961 683 1147 717 experiantur.

926 739 1058 767 XXXVII.
1088 739 1177 766 Virtus
1191 739 1262 766 enim
1290 737 1423 773 gnostica,
1442 738 1541 773 ubique
1568 738 1670 766 bonum

891 789 1129 819 mansuetumque,
1141 789 1168 812 et
1180 784 1331 815 innoxium,
1344 788 1370 811 et
1381 784 1506 811 dolorum
1519 789 1668 819 expertem.

891 838 922 858 ac
939 832 1046 858 beatum
1060 836 1249 866 paratumque,
1265 830 1364 865 optime
1383 830 1486 858 versari
1501 830 1529 857 in
1544 831 1670 858 omnibus

890 884 950 912 qua:
969 876 1003 903 ad
1022 876 1116 909 Deum,
1141 877 1195 903 imo
1207 876 1307 911 optime
1319 875 1345 902 in
1362 875 1405 903 his
1418 883 1478 910 quae
1497 875 1529 902 ad
1546 875 1671 904 homines

889 922 1033 954 altineant,
1049 922 1226 949 simulacrum
1236 921 1369 952 divinum,
1383 921 1611 955 contemplatione
1632 922 1671 949 si-

890 968 946 994 mul
963 971 989 995 et
1002 968 1109 994 actione
1124 967 1260 994 hominem
1280 966 1417 994 excultum
1432 966 1559 997 reddens.
1579 974 1611 994 ac
1622 975 1672 1002 per

890 1013 1051 1040 charitatem
1077 1013 1185 1040 honesti
1211 1017 1358 1039 amatorem
1386 1015 1528 1046 praestans.
1565 1012 1670 1041 Bonum

889 1059 961 1087 enim
973 1064 1053 1094 prout
1064 1058 1120 1086 illic
1137 1057 1270 1093 sapientia
1288 1057 1478 1085 consideratur
1494 1062 1521 1085 et
1540 1058 1669 1095 intelligi-

889 1109 944 1137 tur,
959 1106 999 1132 sic
1011 1105 1094 1132 etiam
1108 1104 1153 1131 hic
1170 1103 1348 1138 temperantia
1363 1107 1390 1131 et
1401 1103 1507 1139 justitia
1527 1111 1574 1139 per
1593 1104 1674 1133 ﬁdem

890 1155 1044 1184 exercetur;
1074 1150 1240 1177 functionenl
1264 1149 1413 1184 angelicam
1430 1150 1458 1176 in
1479 1157 1560 1177 carne
1584 1151 1671 1178 medi-

890 1199 989 1227 tantes,
1004 1196 1075 1223 sicut
1084 1195 1111 1222 in
1125 1195 1184 1222 loco
1196 1194 1344 1229 conspicuo
1359 1198 1385 1221 et
1396 1194 1549 1229 impolluta,
1565 1196 1592 1222 in
1607 1203 1670 1223 cor-

889 1247 955 1274 pore
970 1243 1085 1267 mentem
1097 1239 1291 1266 sacriﬁcamus.

924 1285 1005 1321 365
1022 1284 1165 1312 XXXVIII.
1181 1284 1282 1312 Contra
1295 1293 1360 1313 vero
1373 1284 1528 1318 Tatianum,
1544 1293 1669 1314 asseren-

890 1335 944 1359 tem
963 1331 1082 1366 optantis
1100 1339 1160 1359 esse
1177 1331 1308 1366 scriptum
1326 1331 1390 1358 illud
1402 1331 1465 1358 Fiat
1483 1331 1530 1358 tua;
1543 1332 1668 1368 ﬁdicen-

890 1377 954 1404 dum
968 1376 1058 1405 est:Si
1076 1377 1316 1412 igiturorationem
1337 1377 1369 1404 ad
1393 1377 1477 1405 Deum
1499 1378 1668 1412 superiorem

890 1423 999 1458 dirigat,
1022 1423 1158 1458 quomodo
1168 1422 1235 1450 dicit
1249 1432 1255 1450 :
1270 1422 1325 1458 Ego
1335 1422 1417 1455 Deus,
1431 1427 1455 1450 et
1466 1429 1561 1457 pra'ter
1571 1431 1610 1450 me
1618 1432 1669 1451 non

889 1473 929 1495 est
943 1468 1012 1495 alius
1038 1468 1109 1495 ullus
1123 1468 1159 1495 b?
1174 1468 1296 1496 Diximus
1320 1468 1548 1503 blasphemiarum
1574 1477 1669 1504 ptenas

890 1521 962 1546 esse,
987 1514 1132 1542 verborum
1155 1514 1337 1549 petulantium
1353 1521 1450 1549 nugas,
1468 1515 1575 1543 ratione
1586 1516 1669 1550 puni-

892 1564 981 1587 torum
995 1563 1076 1595 atque
1088 1560 1293 1595 castigatorum.

925 1614 1046 1643 XXXIX.
1062 1615 1176 1651 Insuper
1191 1616 1272 1643 etiam
1288 1616 1405 1644 asseruit
1416 1616 1543 1644 mulieres
1559 1622 1670 1652 propter

891 1661 980 1689 crines
990 1669 1021 1688 ac
1036 1662 1165 1689 mundum
1181 1662 1282 1696 puniri,
1297 1669 1311 1688 a
1323 1663 1422 1689 virtute
1435 1670 1495 1697 qum
1504 1663 1583 1690 rebus
1595 1663 1670 1691 hisce

891 1708 1016 1743 praetecta
1042 1708 1133 1741 fuerit,
1150 1717 1210 1743 qum
1230 1708 1352 1735 crinibus
1370 1707 1511 1736 Samsonis
1538 1709 1668 1737 virtutem

890 1754 1005 1789 pragbuit
1018 1759 1046 1788 c;
1071 1761 1131 1788 qua:
1145 1755 1226 1782 etiam
1242 1754 1301 1781 illas
1312 1753 1391 1788 punit
1409 1761 1470 1789 qua:
1485 1761 1533 1789 per
1551 1755 1669 1784 crinium

890 1803 1017 1826 ornatum
1029 1799 1058 1826 in
1073 1799 1267 1827 scortationem
1283 1799 1419 1826 feruntur.

925 1856 982 1884 XL.
995 1855 1082 1883 Sicuti
1102 1856 1166 1883 boni
1186 1855 1341 1883 deﬂuxione
1360 1855 1512 1883 redduntur
1531 1856 1606 1889 boni,
1629 1857 1670 1884 sic

890 1906 917 1930 et
930 1902 994 1929 mali
1009 1902 1138 1937 qualitate
1162 1902 1287 1929 similiter
1311 1902 1479 1929 imbuuntur.
1502 1902 1605 1930 Bonum
1628 1907 1670 1930 est

891 1947 938 1975 Dei
951 1948 1084 1983 judicium
1099 1957 1104 1974 :
1121 1955 1153 1975 ac
1169 1947 1316 1975 discrimen
1332 1948 1424 1975 ﬁdeles
1439 1948 1510 1976 inter
1529 1953 1555 1976 et
1571 1949 1669 1976 inﬁde-

890 1993 941 2023 les,
957 1994 1012 2020 imo
1026 1992 1157 2027 judicium
1170 1991 1236 2018 illud
1256 1992 1327 2026 quod
1347 1992 1472 2026 prohibet
1487 2000 1522 2020 ne
1535 1993 1562 2019 in
1579 1993 1668 2027 majus

891 2038 1021 2073 judicium
1037 2038 1098 2072 quis
1112 2037 1228 2070 incidat;
1244 2037 1310 2064 illud
1327 2037 1435 2065 demum
1447 2037 1582 2072 judicium
1596 2037 1669 2073 quod

891 2089 932 2112 est
942 2084 1104 2112 emendatio.

924 2140 991 2167 XLI.
1016 2139 1156 2175 Scriptura
1185 2138 1261 2173 dicit,
1288 2139 1406 2167 infantes
1420 2139 1555 2174 projectos
1571 2139 1668 2174 angelo

890 2188 973 2216 tutori
998 2187 1067 2215 tradi
1092 2187 1257 2215 erudiendos
1284 2191 1365 2222 atque
1394 2186 1560 2214 educandos.
1579 2189 1607 2218 ἦέ
1635 2185 1668 2212 Et

890 2238 980 2264 erunt,
999 2233 1096 2268 inquit,
1116 2234 1194 2268 quasi
1217 2237 1324 2261 centum
1351 2240 1485 2260 annorum
1510 2233 1537 2259 in
1553 2232 1605 2259 hoc
1618 2240 1668 2259 sa:-

889 2279 951 2307 culo
965 2279 1067 2306 ﬁdeles.
1092 2279 1262 2313 Quapropter
1276 2279 1357 2306 etiam
1378 2277 1475 2306 Petrus
1491 2279 1519 2306 in
1534 2279 1668 2314 Apocaly-

890 2326 931 2362 psi
959 2325 1024 2353 dicit
1042 2335 1048 2352 ε
1082 2325 1114 2351 Ει
1132 2324 1222 2360 fulgur
1236 2324 1303 2359 ignis
1326 2323 1449 2350 exsiliens
1472 2323 1503 2350 ab
1521 2323 1666 2358 infantibus

888 2372 954 2403 illis,
971 2377 995 2398 et
1010 2371 1148 2398 mulierum
1162 2370 1250 2396 oculos
1267 2370 1441 2404 perstringens
1456 2369 1479 2396 δ.
1498 2368 1603 2404 Quippe
1623 2370 1668 2404 ju-

888 2423 946 2446 stus
965 2419 994 2445 in
1018 2417 1180 2445 arundineto
1207 2415 1274 2442 sicut
1295 2415 1413 2442 scintilla
1431 2420 1442 2434 ο
1466 2414 1585 2449 effulget,
1603 2421 1669 2448 geu-

888 2468 983 2498 tesque
996 2462 1142 2497 judicabit.

923 2509 998 2538 XLII.
1015 2509 1081 2537 Cum
1096 2512 1186 2536 sancto
1199 2512 1307 2535 sanctus
1323 2507 1384 2534 eris.
1403 2506 1411 2525 ¹
1430 2505 1475 2532 Uti
1497 2513 1593 2540 nempe
1618 2512 1668 2540 pro

77 2608 93 2622 ι
110 2599 186 2628 Gen.
202 2606 222 2631 ι,
237 2597 263 2625 3.
301 2597 315 2617 ιι
329 2596 381 2631 Isa.
397 2604 470 2627 xuv,
490 2594 567 2631 6._~°
594 2592 657 2622 Jud.
690 2591 803 2625 “1,45.
843 2593 872 2622 93
893 2589 924 2617 P.
951 2591 1006 2620 990
1038 2587 1092 2614 ΕΙ).
1115 2585 1262 2614 POTTER.
1301 2585 1312 2604 εἰ
1336 2584 1420 2618 Apoc.
1437 2582 1515 2618 Petri
1542 2581 1664 2608 Revelat.

33 2643 47 2657 ε
73 2636 147 2670 Sap.
166 2627 221 2664 ιιι,
234 2633 258 2659 7.
312 2631 322 2650 ί
343 2630 415 2658 Psal.
429 2636 495 2661 xvu,
512 2627 558 2654 ‘26.

78 2718 145 2753 (59)
156 2715 466 2753 Προσαποπειρῷνται.
475 2714 556 2753 Forte
563 2714 654 2741 verius
666 2720 838 2753 προαποπει-

63 2747 165 2784 dmin,
181 2747 268 2787 'prius
290 2747 459 2786 experiuntur
492 2751 551 2785 (seu
582 2747 692 2789 tentant}
719 2747 834 2774 uolatus.

62 2796 187 2819 EBURG.

77 2825 142 2859 (60)
181 2824 334 2859 Tqyaro’r.
354 2819 509 2859 Q0nl‘._Gn_l.
527 2819 604 2859 ἔθιζε
619 2818 721 2858 Histor:
738 2817 832 2859 litterr,

31 2852 96 2924 Boi.
115 2852 152 2889 II.
167 2866 196 2893 p.
212 2857 257 2918 g5,
272 2860 298 2884 et
312 2857 466 2885 testimonia
480 2856 513 2883 de
527 2853 641 2882 Tatiano
653 2854 681 2881 in
693 2853 752 2888 ejus
765 2852 832 2880 edit.

64 2903 150 2924 xon..
168 2901 198 2924 ι).
233 2912 241 2919 .

64 2903 150 2926 xon.,
167 2901 198 2928 ι).
219 2901 241 2919 ι.

926 2709 982 2744 (6|)
995 2710 1165 2744 Εὺχόμενος
1180 2709 1239 2744 ἤδη
1263 2708 1315 2735 τὸν
1340 2710 1444 2741 ὑπερκ.
1460 2706 1557 2734 Nescio
1573 2713 1606 2744 an
1621 2712 1668 2731 ve-

890 2742 947 2773 rius
971 2742 1115 2780 εὐχόμενος
1132 2742 1198 2780 ᾔτει
1217 2745 1262 2770 τὸν
1285 2745 1382 2779 ὑπερκ.
1394 2750 1514 2777 precum,
1532 2742 1632 2775 petebat
1651 2748 1667 2766 α

888 2788 946 2814 sup.
975 2780 1105 2807 SYLBURG.
1326 2814 1332 2815 γ
1350 2813 1355 2815 ς
1450 2812 1456 2815 ,
1473 2811 1478 2815 ,
1596 2810 1601 2815 .

922 2811 977 2850 (62)
991 2816 1082 2849 Λόγῳ.
1097 2815 1259 2851 Ambiguum
1273 2818 1314 2842 est
1326 2813 1396 2847 λόγῳ
1408 2820 1441 2839 an
1450 2811 1535 2846 λόγων
1550 2811 1667 2844 scripse-

886 2851 921 2879 rit
932 2856 1036 2878 auctor.
1056 2852 1094 2877 ID.
