1934 3075
286 141 337 169 'lI'J

287 201 376 228 laudis
403 208 459 228 sine
491 201 606 234 ratione,
641 204 721 236 atque
736 209 768 229 ex
791 201 929 236 agnitione
957 207 1062 236 nostra,
1079 206 1101 234 Α

289 247 359 274 Deus
386 247 567 282 gloriticetnr;
597 246 723 274 similiter
750 254 783 274 ex
809 247 974 276 Iiaereditatis
991 249 1063 283 jure.

289 293 335 321 Sic
352 301 459 328 quoque
473 293 574 320 dictum
589 292 664 324 illud,
674 293 734 319 vivit
749 292 883 324 Dominus,
896 298 976 328 ataue
985 293 1063 326 illud,

288 341 402 367 surrexit
420 340 550 366 Dominus
566 344 591 367 α.

321 385 410 413 XLIII.
428 385 544 420 Populus
554 393 628 420 quem
637 393 687 412 non
700 393 831 416 noveram.
845 385 949 412 servivit
963 385 1063 418 mihii;

285 440 333 467 per
348 435 540 458 testamentum
555 439 609 458 non
623 439 763 459 noverant.
777 430 842 458 Filii
862 431 953 462 alieni,
971 432 1018 466 qui
1032 439 1064 459 ea

283 486 344 513 qua:
355 478 466 504 alterius
480 481 554 508 sunt,
568 477 686 504 aemulati
699 482 773 504 sunt.

318 522 409 550 XLIV.
445 522 621 557 Magniﬁcam
653 522 751 549 salutes
773 523 839 557 regis
855 524 923 557 ejus.
945 527 956 542 ε
976 521 1064 557 Reges

282 573 415 596 vocantur
431 575 526 596 omnes
541 568 645 599 ﬁdeles,
666 567 692 594 in
708 576 820 602 regnum
848 568 986 600 translati,
1003 567 1064 602 qui-

281 622 335 650 que
350 613 470 642 hatredes
486 613 571 641 futuri
583 617 659 641 sunt.

318 659 397 686 XLV.
416 659 548 686 Malorum
577 659 732 690 tolerantia.
760 659 876 686 dulcedo
899 659 1008 693 quidem
1021 663 1063 688 est

281 706 360 733 melle
377 705 480 739 major;
498 712 554 732 non
572 708 661 732 autem
684 713 737 739 qua
762 705 894 732 malorum
918 705 1062 732 tolerantia

281 754 332 782 est,
356 750 403 777 sed
419 750 523 777 ratione
539 748 644 777 fructus
660 749 794 784 ejusmodi
811 749 974 777 tolerantia.
987 749 1062 783 Quo-

280 797 354 824 niam
379 797 472 831 itaque
500 795 644 823 continens
663 796 710 831 qui
727 800 779 828 est,
800 796 834 823 ab
851 796 991 824 all‘ectibus
1005 803 1061 824 non

280 846 323 869 est
337 842 598 876 prorsusimmunis,
616 846 708 877 utpote
722 842 768 877 qui
786 850 839 868 non
854 842 956 876 absque
969 842 1061 869 labore

280 896 295 914 a
311 888 485 922 passionibns
507 888 655 916 contineat.
672 889 739 916 Cum
765 897 829 916 vero
850 889 914 916 insit
940 889 1060 921 habitus,
1076 883 1097 910 Β

279 931 351 958 haud
369 931 485 966 amplius
501 932 645 959 continens
663 936 715 963 est,
735 932 807 966 quod
835 933 862 959 in
891 939 945 960 uno
967 932 1059 959 habitu

279 982 306 1005 ct
318 977 422 1012 Spiritu
440 981 535 1005 sancto
548 978 630 1005 homo
645 986 717 1005 nunc
731 979 776 1006 sit.

314 1031 404 1060 XLVI.
423 1032 540 1068 Spiritus
565 1038 706 1065 vocantur,
724 1042 784 1069 qua?
805 1034 832 1061 in
849 1035 938 1061 anima
954 1036 1060 1070 passio-

280 1088 329 1108 nes
345 1084 420 1113 sunt,
435 1088 488 1107 non
501 1084 589 1108 autem
607 1081 720 1115 spiritus
737 1085 871 1115 potentes,
882 1081 982 1116 quippe
996 1085 1061 1109 tunc

279 1125 359 1152 homo
373 1126 418 1160 qui
433 1125 475 1153 Itis
487 1129 559 1153 esset
574 1125 709 1154 obnoxius
724 1126 876 1154 damonum
894 1127 963 1162 legio
980 1126 1059 1160 foret,

279 1171 325 1198 sed
335 1176 445 1206 propter
460 1171 674 1206 suggestionem.
689 1171 788 1200 Eadem
804 1173 877 1199 enim
892 1173 992 1205 anima,
1004 1180 1061 1200 mu-

279 1218 380 1244 tatione
394 1217 522 1252 quadam,
539 1216 607 1244 alias
620 1221 702 1252 atque
728 1218 796 1246 alias
820 1219 967 1253 qualitates
992 1219 1058 1247 dum

277 1264 402 1299 recipiat.
418 1263 531 1299 spiritus
548 1268 613 1291 tunc
627 1265 748 1299 recipere
757 1265 868 1292 dicitur.

312 1307 416 1337 XLVII.
434 1309 514 1337 Ratio
524 1317 540 1336 a
554 1314 679 1337 creatura
690 1310 830 1338 discedere
842 1318 892 1338 nos
906 1319 959 1339 non
970 1311 1058 1346 jubet,

276 1356 324 1383 sed
347 1357 387 1383 uti
407 1356 481 1383 nulla
505 1356 664 1391 passionum
690 1357 825 1391 pravitate
843 1365 905 1384 cum
933 1357 978 1384 illa
1006 1366 1058 1385 una

275 1408 449 1428 versaremur
463 1409 469 1427 :
488 1407 606 1435 eumque
618 1400 720 1435 aliquid
736 1399 878 1434 acciderit,
899 1406 928 1428 ut
943 1401 1058 1428 moleste

275 1451 329 1471 non
348 1444 480 1476 feramus,
494 1451 545 1472 nec
567 1445 775 1477 contristcmur,
799 1453 887 1480 neque
901 1445 1058 1480 possidendi

276 1490 414 1518 desiderio
439 1490 526 1518 simus
553 1491 669 1526 abrepti.
695 1490 762 1518 Cum
785 1491 820 1518 ab
843 1490 940 1518 allectu
967 1500 1057 1519 rerum

275 1537 460 1571 possessione,
489 1537 619 1572 omnique
649 1537 762 1566 libidine
791 1537 931 1565 discedere
962 1538 1092 1585 jubeatc

274 1581 448 1609 Providentia
466 1581 567 1613 divina,
589 1581 616 1608 in
633 1588 681 1608 eos
705 1581 778 1609 solos
797 1588 950 1609 sermonem
966 1582 1056 1614 vertit,

274 1629 319 1663 qui
331 1629 362 1655 in
380 1635 463 1656 carne
477 1631 631 1655 versantur.

309 1673 427 1700 XLVIII.
445 1673 520 1700 Illico
536 1672 634 1700 Petrus
647 1673 674 1700 in
692 1672 854 1708 Apocalypsi
870 1673 947 1705 dicit,
963 1673 1056 1701 infan-

274 1724 315 1746 tes
330 1719 480 1751 abortivos,
498 1722 613 1746 conatus
630 1726 661 1746 ac
677 1719 760 1746 sortis
776 1727 836 1746 esse
856 1720 986 1753 melioris,
1006 1720 1055 1748 hos

273 1764 367 1798 angelo
381 1764 465 1790 tutori
485 1763 568 1797 tradi,
595 1768 625 1790 ut
647 1764 770 1792 scientia:
787 1764 929 1799 prazceptis
946 1765 1054 1798 imbuti,

274 1809 466 1837 habitationem
481 1810 679 1837 nanciscantur
695 1810 845 1843 meliorem,
863 1811 956 1839 cadent
980 1819 1055 1839 nem-

273 1863 306 1890 pe
325 1855 408 1890 passi,
426 1862 486 1890 quae
507 1855 530 1883 si
551 1855 579 1882 in
601 1863 714 1890 corpore
729 1857 829 1884 versati
855 1856 984 1889 fuissent,
1006 1866 1055 1893 pa-

271 1903 411 1933 terentur;
425 1899 521 1934 reliqui
534 1907 609 1930 vero.
627 1900 723 1934 salutis
741 1903 847 1927 tantum
863 1901 926 1927 ﬁent
946 1901 1055 1936 partici-

271 1952 329 1980 pes,
347 1945 424 1980 quasi
434 1943 562 1978 iujuriam
575 1944 659 1979 passi,
675 1944 890 1972 misericordiam
901 1946 1052 1977 consecuti,

270 1998 301 2016 ac
318 1994 428 2016 manent
439 1990 498 2017 sine
510 1988 644 2022 cruciatu,
665 1989 769 2024 praemii
792 1990 851 2017 loco
872 1990 923 2017 hoc
942 1991 1051 2025 quidem

269 2039 450 2071 repoﬂantes.

304 2080 396 2108 XLIX.
427 2081 569 2108 Mulierum
585 2085 677 2108 autem
704 2082 746 2108 lac.
765 2082 890 2109 deﬂuens
911 2091 942 2110 ex
964 2083 1053 2110 uberi-

267 2128 319 2155 lms
341 2135 373 2154 ac
383 2131 553 2158 concretum,
573 2127 662 2161 inquit
677 2126 774 2155 Petrus
796 2128 822 2155 iu
835 2131 862 2159 ᾖ
876 2129 1049 2164 Apocalypsi,

267 2172 369 2201 bestias
385 2181 483 2208 parvas
499 2180 530 2199 ac
544 2173 704 2200 carnivoras
720 2173 805 2207 pariet
817 2193 824 2204 ,
855 2177 881 2199 et
901 2174 927 2200 in
947 2182 994 2202 eas
1012 2183 1051 2202 re-

266 2219 414 2251 currentia,
440 2218 625 2251 devorabunt;
649 2217 778 2244 nimirum
802 2223 912 2253 propter
939 2224 1049 2255 peccata
1065 2227 1088 2256 υ

266 2264 373 2292 venisse
388 2272 482 2299 pmnas
504 2263 673 2296 erudiendo;
688 2271 721 2290 ex
747 2265 866 2298 peccatis
889 2266 964 2292 nasci
989 2265 1048 2293 illas

267 2310 343 2340 dicit,
363 2310 443 2337 sicuti
459 2314 569 2345 propter
591 2313 700 2345 peccata
722 2309 892 2339 venundatus
907 2315 949 2338 est
964 2319 1050 2346 popu-

267 2356 328 2389 lus;
347 2357 473 2391 quodque
489 2356 516 2383 in
530 2356 668 2383 Christum
685 2355 796 2383 credere
813 2356 908 2388 noluit,
925 2357 963 2384 uti
982 2357 1048 2384 dicit

267 2401 422 2436 Apostolus,
437 2409 452 2428 a
466 2402 638 2437 serpentibus
655 2402 840 2429 mordebatur.

301 2481 332 2509 L.
357 2482 430 2510 Dixtt
454 2483 566 2518 quidam
591 2491 685 2515 senex,
713 2483 814 2510 animal
841 2491 901 2510 esse
925 2483 996 2518 quod
1015 2484 1043 2510 in

336 2565 349 2579 ⁸
370 2559 436 2587 Luc.
452 2568 525 2592 xxtv,
540 2561 584 2588 54.
624 2560 637 2580 δ
656 2560 728 2588 Psal.
746 2568 814 2592 xvu,
830 2561 874 2588 45.
914 2566 924 2580 ε
943 2560 1010 2588 Ibid.
1027 2561 1072 2588 51.

312 2636 355 2670 6'5)
383 2636 462 2662 Κατὰ
481 2635 566 2672 αἷγήόν
579 2644 645 2672 σου.
661 2639 693 2664 Α.
711 2637 853 2672 legendum
874 2638 1040 2672 suspicatur,

264 2671 337 2698 καθὰ
353 2672 392 2702 εἰς
410 2671 508 2703 αἰῶνας
523 2671 678 2704 δεδόξασται
696 2680 702 2687 '
727 2671 810 2698 aIIudi
825 2672 896 2699 enim
909 2671 941 2699 ad
955 2674 1043 2700 locum

265 2707 310 2741 qui
330 2711 371 2733 est
398 2705 460 2740 Sap.
487 2714 526 2742 ut.
552 2706 580 2732 In
599 2706 670 2733 Flor.
692 2707 756 2734 edit.
771 2712 897 2742 corrupte
912 2709 1044 2742 scriptum

264 2742 335 2768 κατά
351 2741 488 2768 αἰνονόσω.
508 2740 638 2768 Sanenc.

299 2776 356 2811 (64)
386 2775 443 2809 Τῆς
465 2776 599 2809 κτίσεως.
616 2776 712 2811 Aptius
729 2776 778 2811 τῆς
793 2777 929 2812 κτήσεως,
955 2778 1044 2812 acqui-

263 2812 357 2838 ailiune
370 2816 393 2838 et
411 2812 572 2844 possessione
591 2811 717 2837 bonorum
738 2811 883 2847 {itemque
911 2820 972 2841 mox
993 2811 1042 2847 τὴν

264 2848 374 2880 κτῆσιν·
393 2851 419 2873 ut
435 2847 570 2874 declarant
587 2848 736 2881 sequentia.
753 2846 788 2874 In.

857 143 1016 172 CLI‘LMENS
1028 144 1115 172 ALEX
1121 145 1164 172 AN
1170 145 1305 174 DRINUS.

1858 151 1895 178 7ἱο

1116 211 1162 230 σου
1184 204 1255 239 (65),
1273 205 1428 237 δεδόξασται
1442 206 1472 232 τὺ
1491 206 1576 242 ὄνομά
1602 215 1659 239 σου,
1677 207 1743 235 κατ’
1759 209 1895 243 ἐπίγνωσιν

1116 248 1204 283 ἡμῶν,
1220 249 1396 285 δοξαζομένου
1421 251 1468 277 τοῦ
1487 251 1553 278 Θεοῦ
1568 253 1637 279 κατά
1655 261 1685 279 τε
1708 253 1761 288 τὴν
1779 254 1893 290 κληρονο-

1117 293 1190 327 μίαν.
1216 294 1293 321 Οὕτω
1316 296 1364 322 καὶ
1387 296 1416 322 τὸ
1439 296 1480 331 Ζῇ
1507 298 1628 332 Κύριος,
1648 299 1696 325 καὶ
1725 300 1758 325 τὺ
1787 301 1895 334 Ἀνέστη

1115 340 1230 372 Κύριος.

1149 385 1214 411 Ml".
1233 386 1310 419 Λαὸς
1324 386 1360 413 ὃν
1373 389 1427 414 οὐκ
1441 389 1544 423 ἔγνων,
1566 390 1735 418 ἐδούλειιισέ
1749 400 1823 426 μοι·
1839 393 1894 419 κατὰ

1115 429 1246 465 διαθήκην
1259 431 1309 458 οὐκ
1330 431 1424 466 ἔγνων.
1446 434 1503 460 Υἱοὶ
1520 434 1682 468 ἀλλότριοι,
1697 437 1734 463 τὰ
1754 436 1808 462 τοῦ
1828 437 1893 464 eam

1115 475 1161 501 καὶ
1175 475 1351 511 ἐζηλωκότες.

1149 522 1213 547 MA’.
1233 523 1415 557 Μεγαλύνων
1435 524 1488 558 τὰς
1505 526 1655 560 σωτηρίας
1677 526 1732 553 τοῦ
1750 527 1894 560 βασιλέως

1113 564 1217 591 αὑτοῦ.
1235 565 1358 599 Βασιλεῖς
1369 568 1468 599 πάντες
1484 569 1606 604 λέγονται
1621 571 1645 596 oi
1661 572 1754 598 πιστοὶ
1776 573 1820 604 εἱς
1832 572 1892 607 βατι-

1113 609 1188 636 λείαν
1205 611 1274 638 κατὰ
1292 611 1473 648 κληρονομίαν
1487 623 1528 641 τε.

1148 655 1215 682 ME'.
1233 657 1264 682 Ἠ
1281 657 1455 693 μακροθυμία
1467 659 1603 696 γλυκύτης
1617 662 1690 688 ἐστὶν
1702 663 1778 698 ὑπὲρ
1788 663 1822 690 τὺ
1836 663 1892 697 pia,

1112 701 1161 735 οὐχ
1178 701 1218 727 ὅτι
1235 702 1291 728 ἐστὶ
1307 703 1489 739 μακροθυμία,
1503 704 1569 732 ἀλλά
1583 707 1652 733 κατὰ
1670 707 1716 734 τὸν
1730 708 1844 743 καρπὸν
1856 709 1893 742 τῆς

1113 747 1311 781 μακροθυμίας.
1330 748 1405 774 Ἐπεὶ
1424 747 1469 775 οὖν
1488 751 1501 776 ό
1517 750 1653 787 ἐγκρατής
1677 753 1756 778 ἐστιν
1779 753 1892 787 ἀπαθὴς,

1113 791 1218 826 κρατῶν
1234 792 1283 818 οὐκ
1303 792 1410 824 ἀπόνως
1424 793 1478 820 τῶν
1499 794 1606 821 παθῶν·
1624 796 1687 823 ὅταν
1704 796 1733 823 δὲ
1751 797 1813 830 ἕξις
1827 799 1893 832 γένη-

1111 845 1167 867 ται,
1180 838 1229 864 οὑκ
1252 837 1292 864 ἔτι
1308 839 1458 875 ἐγκρατὴς,
1476 841 1506 866 ἐν
1523 841 1574 876 μιᾷ
1592 841 1647 874 ἕξει
1662 843 1709 869 καὶ
1728 843 1805 878 ἁγίῳ
1823 844 1893 870 Πνεύσ

1113 889 1177 915 ματι
1191 883 1336 917 γενομένου
1349 883 1395 909 τοῦ
1408 883 1560 919 ἀνθρώπου.

1146 1026 1219 1059 Mq".
1238 1026 1383 1062 Πνεύματα
1397 1028 1503 1062 λέγεται
1518 1029 1552 1056 τὰ
1568 1030 1640 1066 πάθη
1655 1031 1689 1058 τὰ
1704 1033 1735 1058 ὲν
1751 1035 1787 1069 τῇ
1814 1035 1890 1071 ψυχῇ,

1111 1072 1160 1098 οὐκ
1174 1072 1297 1106 ἐξουσίας
1313 1074 1466 1109 πνεύματα,
1481 1076 1542 1102 ἐπεὶ
1556 1076 1632 1103 ἔσται
1648 1078 1779 1115 ἐμπαθὴς
1799 1081 1891 1116 ἀνθρω-

1112 1126 1161 1149 πος
1178 1117 1452 1155 λεγεὼν·δαιμόνων·
1470 1121 1536 1148 ἀλλὰ
1556 1122 1626 1149 κατά
1647 1123 1696 1158 τὴν
1729 1129 1890 1162 προτροπὴν.

1116 1163 1148 1189 Ἦ
1173 1164 1227 1200 γὰρ
1253 1165 1320 1201 αὑτὴ
1346 1165 1433 1202 ψυχὴ,
1459 1167 1529 1193 κατὰ
1560 1169 1711 1203 μεταϐολὰς
1737 1171 1825 1204 ἄλλας
1852 1182 1889 1199 και

1110 1209 1192 1242 ἄλλας
1206 1211 1348 1246 ποιότητας
1366 1212 1464 1244 κακίας
1480 1213 1676 1252 ἀναδεχομένη,
1691 1217 1839 1253 πνεύματα
1855 1219 1891 1245 λέν

1109 1264 1186 1290 γεται
1198 1256 1380 1291 ἀνειληφέναι.

1144 1303 1208 1328 ΜΖ’.
1235 1303 1263 1328 '0
1282 1303 1359 1337 λόγος
1380 1304 1430 1338 τῆς
1456 1305 1569 1337 κτίσεως
1596 1305 1655 1341 (64)
1680 1307 1847 1341 ἀφίστασθαι
1864 1310 1891 1336 αὖ

1109 1347 1226 1380 κελεύει,
1247 1348 1303 1375 ἀλλ’
1328 1349 1510 1384 ἀπροσπαθῶς
1538 1350 1695 1378 διοικεῖσθαι
1717 1353 1767 1388 τὴν
1791 1354 1889 1380 κτίσιν·

1109 1393 1308 1428 ἐπισυμὸάντος
1323 1394 1350 1420 δέ
1366 1403 1447 1428 τινος,
1464 1394 1501 1431 μὴ
1522 1395 1696 1429 ἀγανακτεῖν,
1716 1399 1787 1434 μηδὲ
1805 1399 1890 1426 λυπεῖ-

1109 1440 1186 1473 σθαι,
1203 1442 1270 1477 μηδὲ
1287 1442 1428 1478 ἐπιθυμεῖν
1450 1444 1618 1479 κτήσασθαιι
1636 1446 1685 1481 τῆς
1699 1447 1730 1472 ἐν
1745 1448 1827 1475 πάθει
1844 1458 1889 1475 ιτα-

1109 1488 1265 1523 ρακτήσεως
1284 1488 1449 1523 ἀφίστασθαι
1471 1490 1577 1517 κελεύει
1594 1492 1640 1518 καὶ
1661 1493 1751 1528 πάσης
1772 1503 1889 1530 προεπα-

1109 1533 1192 1565 θείας,
1206 1534 1223 1569 ἡ
1244 1534 1302 1561 θεία
1321 1535 1438 1570 Πρόνοια
1458 1536 1621 1572 ἀναστρέφει
1643 1538 1690 1565 ἐπὶ
1711 1540 1812 1574 μόνους
1834 1543 1890 1571 τοὺς

1109 1582 1137 1607 ὲν
1152 1582 1232 1617 σαρκί
1247 1581 1313 1617 (65).

1141 1670 1211 1696 ΜΗ¹.
1228 1669 1330 1697 Αὐτίκα
1343 1671 1357 1697 ό
1373 1671 1475 1707 Πέτρος
1493 1673 1521 1699 ὲν
1538 1675 1569 1708 τῇ
1599 1673 1781 1708 Ἀποκαλύψει
1800 1675 1888 1709 φησὶν,

1106 1715 1139 1742 τὰ
1164 1715 1250 1750 βρέφη
1279 1716 1505 1751 ὲξαμόλωθέντα,
1529 1718 1578 1753 τῆς
1609 1719 1751 1754 ἀμείνονος
1777 1721 1890 1755 ἐσόμενα

1106 1761 1204 1796 πείρας
1216 1761 1282 1795 (66),
1297 1761 1382 1788 ταῦτα
1397 1763 1504 1798 ἀγγέλῳ
1517 1764 1674 1800 τημελοὺχῳ
1686 1765 1887 1801 παραδῐδοσθαι,

1105 1806 1159 1838 ἵνα,
1174 1806 1299 1840 γνώσεως
1316 1808 1510 1842 μεταλαϐόντα,
1530 1810 1580 1844 τῆς
1599 1810 1739 1845 ἀμείνονος
1757 1811 1829 1848 τύχῃ
1850 1821 1889 1846 pa»

1104 1851 1162 1886 γῆς,
1180 1852 1299 1879 παθόντα
1315 1852 1332 1879 ἃ.
1349 1852 1381 1879 ἂν
1399 1854 1497 1880 ἔπαθεν
1513 1856 1559 1881 καὶ
1573 1856 1602 1882 ὲν
1619 1856 1725 1891 σώματι
1741 1858 1885 1892 γενόμενα¹

1104 1897 1137 1924 τὰ
1154 1897 1176 1923 δ’
1191 1898 1270 1933 ἕτερα
1288 1898 1371 1933 μόνης
1395 1899 1445 1933 τῆς
1469 1900 1604 1935 σωτηρίας
1620 1900 1758 1933 τεύξεται,
1774 1902 1814 1934 ὡς
1837 1903 1888 1936 te}?

1104 1943 1208 1978 κημένα
1232 1943 1389 1978 ἐλεηθέντα,
1407 1945 1455 1972 καὶ
1473 1945 1549 1982 μένει
1571 1946 1634 1973 ἄνευ
1651 1947 1797 1979 κολάσεως,
1815 1948 1888 1974 τοῦτο

1103 1989 1185 2024 γέρας
1201 1989 1326 2016 λαΰόντα.

1137 2076 1203 2103 MO‘.
1218 2077 1254 2103 Τὸ
1269 2077 1296 2103 δὲ
1321 2077 1391 2111 γάλα
1417 2077 1470 2104 τῶν
1495 2078 1643 2112 γυναικῶν,
1670 2079 1731 2114 ῥέον
1757 2079 1814 2105 ἀπὸ
1836 2079 1886 2105 τῶν

1103 2122 1213 2157 μαστῶν
1238 2122 1285 2148 κιαι)⁸
1313 2122 1500 2158 πηγνύμενον,
1525 2124 1607 2159 φησὶν
1633 2124 1647 2150 ὁ
1668 2124 1772 2160 Πέτρος
1799 2126 1830 2150 ἐν
1856 2126 1885 2157 τῇ

1108 2167 1304 2202 ’Λποκαλύψει,
1330 2171 1454 2203 γεννήσει
1480 2168 1561 2204 θηρία
1591 2169 1675 2196 λεπτὰ
1708 2171 1885 2204 σαρκοφάγα,

1102 2214 1148 2239 καὶ
1163 2214 1346 2249 ἀνατρέχοντα
1360 2214 1399 2246 είς
1411 2214 1505 2246 αὑτὰς,
1522 2215 1670 2245 κατεσθίει,
1686 2215 1729 2241 διὰ
1744 2216 1792 2246 τὰς
1802 2218 1886 2252 ἁμαρ-

1101 2257 1161 2289 τίας
1189 2258 1311 2291 γίνεσθαι
1344 2257 1393 2290 τὰς
1430 2258 1554 2290 κολάσεις
1586 2259 1729 2287 διδάσκων.
1755 2262 1804 2288 Ἐκ
1834 2262 1885 2287 τῶν

1100 2303 1242 2338 ἁμαρτιῶν
1278 2303 1422 2337 γεννᾶσθαι
1449 2304 1532 2336 αὑτάς
1569 2313 1664 2340 φησιν,
1694 2306 1732 2337 ὡς
1767 2307 1813 2334 διὰ
1839 2308 1885 2338 τὶς

1099 2348 1234 2383 ἁμαρτίας
1250 2348 1357 2384 ἐπράθη
1373 2350 1386 2376 ὁ
1407 2349 1487 2381 λαός·
1509 2350 1556 2376 καὶ
1578 2350 1623 2376 διὰ
1644 2351 1694 2386 τὴν
1709 2353 1750 2383 εἰς
1770 2353 1884 2388 Χριστὸν

1098 2392 1241 2425 ἀπιστίαν,
1257 2393 1296 2424 ὡς
1314 2395 1396 2429 φησὶν
1411 2394 1425 2420 ὁ
1445 2394 1603 2427 Ἀπόστολος
1615 2415 1622 2427 ,
1641 2396 1695 2422 ὑπὸ
1712 2397 1768 2423 τῶν
1799 2399 1882 2432 ὅτεων

1097 2438 1248 2466 ὲδάκνοντο.

1132 2485 1171 2510 N'.
1182 2484 1278 2519 Ἔλεγε
1292 2486 1446 2520 πρεσὸύτης
1463 2485 1532 2518 ζῶον
1547 2485 1660 2514 εἶναιτὸ
1675 2489 1747 2515 κατὰ
1758 2490 1879 2524 γαστρός·

1113 2562 1142 2593 in
1163 2561 1194 2590 P.
1222 2568 1271 2596 99]
1304 2562 1357 2590 ΕΙ).
1374 2562 1520 2591 PO'I‘TER.

1131 2638 1187 2676 (65)
1222 2639 1413 2676 ’ᾼναστρέφει
1436 2639 1486 2666 ἐπὶ
1498 2641 1612 2675 μόνους
1627 2642 1700 2675 τοὺς
1723 2643 1760 2669 ὲν
1781 2644 1874 2676 σαρκί.

1094 2672 1181 2700 Paulo
1195 2675 1291 2701 melius
1301 2672 1413 2712 αναστρ.
1429 2675 1469 2701 ἔτι
1488 2672 1617 2710 μένοντας
1637 2678 1666 2703 ἐν
1688 2672 1780 2712 σαρκί,
1796 2672 1877 2704 adhuc

1092 2713 1283 2748 contmorAarttes
1311 2710 1337 2736 in
1363 2709 1412 2748 ίιᾴε
1429 2709 1522 2748 Διςιινιιε
1547 2718 1556 2737 :
1578 2715 1613 2748 ut_
1642 2709 1806 2748 ἀνασὲρέᾳει
1829 2713 1876 2747 τῆς

1093 2743 1276 2777 προσπαθείας
1290 2751 1337 2778 per
1349 2745 1455 2779 ellipsin
1476 2746 1680 2779 praepositionis
1699 2743 1753 2774 ἁὲό
1769 2743 1874 2775 ἀίειιιίιι

1091 2780 1144 2809 sit,
1160 2783 1186 2805 ul
1209 2779 1272 2806 alibi
1289 2779 1427 2806 ἀνακαλεῖ.
1445 2779 1576 2807 Summo.
1760 2782 1765 2785 ’

1091 2813 1183 2873 ιι,(65)
1210 2814 1327 2848 "apag.
1343 2814 1402 2842 Non
1416 2815 1486 2843 male
1505 2823 1568 2843 cum
1581 2814 1614 2842 Η.
1629 2818 1753 2853 tegentes
1769 2819 1869 2854 μοίρας.

1103 2855 1128 2874 D.
