1934 3075
272 137 324 166 715

852 134 1011 164 CLEMENS
1030 134 1309 163 ALEXANDRlNUS.

1843 137 1891 163 716

269 203 295 226 et
309 198 388 225 dulce
396 197 562 233 mordaxque
577 197 621 225 sit.
633 196 750 224 Proinde
763 197 803 223 vir
818 197 927 231 sapiens
943 204 973 223 ac
989 204 1045 224 vert

1104 197 1146 222 κεῖ
1171 205 1200 222 τε
1223 196 1277 222 ὄντι
1304 196 1351 222 καὶ
1376 195 1504 231 δηκτικῷ.
1524 196 1602 222 Ὥστε
1627 195 1727 227 παντὸς
1753 195 1857 230 μᾶλλον
1879 196 1892 220 ὁ

271 245 412 279 gnosticus
426 251 482 278 pra:
498 243 625 271 omnibus
636 242 781 275 decorum,
797 250 858 269 cum
873 251 906 269 eo
926 242 998 277 quod
1011 250 1056 268 ra-

271 289 338 316 tioni
358 292 570 316 consentaneum
591 292 647 318 est,
663 292 761 315 servat.
779 287 914 323 Quidquid
930 287 1000 314 enim
1021 295 1054 314 ex

270 333 367 361 all‘ectu
385 338 412 362 et
429 333 603 368 passionibus
618 339 670 365 est,
681 340 714 360 ex
728 333 818 360 anima
832 333 905 360 omni
930 333 1054 360 abscisso

269 383 296 405 et
309 379 408 410 ablato,
424 385 486 405 cum
503 385 536 405 eo
550 377 622 412 quod
635 378 890 412 praestantissimum
902 385 1054 412 purumque

269 424 315 455 sit,
330 431 360 450 ae
382 424 498 452 ﬁliorum
522 424 675 450 libertatem
698 423 842 458 adoptione
863 427 1051 455 consecutum,

269 472 362 502 postea
376 472 498 495 versatur
510 469 646 503 vitamque
659 475 735 495 suam
746 468 810 507 agit.

303 523 406 550 XXXII.
420 523 587 559 Pythagoras
601 525 696 557 voluit,
718 532 771 551 non
791 524 878 551 solum
898 523 1052 551 eruditissi-

268 577 350 601 mum,
364 577 456 597 verum
475 570 557 597 etiam
572 568 736 604 sapientium
753 569 974 604 antiquissimum
1001 569 1051 596 du-

266 615 382 642 cendum
395 614 462 648 fore,
473 615 519 650 qui
535 615 618 643 rebus
633 615 744 643 nomina
759 616 922 650 imponeret.
938 615 1051 650 Oportet

266 661 357 696 itaque
371 666 402 688 ut
417 660 573 696 Seripturas
591 669 684 688 sacras
702 665 828 688 accurate
843 661 1049 695 perscrutando,

265 709 393 742 quoniam
419 708 446 734 in
468 707 604 742 parabolis
625 711 769 734 contextas
792 715 854 735 esse
875 711 992 740 constat,
1016 715 1050 734 ex

265 754 423 782 nominibus
447 754 604 781 earumdem
641 754 790 781 sententias
814 762 953 786 venemur,
981 762 1049 789 quas

266 800 384 834 Spiritus
405 805 516 827 sanctus
530 799 563 826 de
591 800 674 827 rebus
692 800 743 827 sibi
758 800 909 836 proposuit,
924 805 950 828 et
967 805 997 827 ut
1013 800 1048 827 ita

264 844 363 876 dicam,
379 844 493 871 vocibus
517 843 624 875 indidit.
648 844 765 879 indeque
783 851 899 873 mentem
910 853 987 873 suam
1002 853 1050 873 ex-

265 896 387 923 pressam
405 889 503 923 docet;
523 898 585 917 eum
606 898 702 927 nempe
723 891 750 917 in
778 891 875 923 linem,
893 897 922 919 ut
938 891 1048 918 nomina

265 942 326 968 qum
341 935 540 969 signiﬁcatione
554 935 697 971 multiplici
709 936 782 964 dicta
797 941 869 968 sunt,
879 938 1021 972 diligenter
1033 945 1048 964 a

264 980 345 1007 nobis
359 987 478 1015 expensa
489 981 669 1015 explicentur,
682 986 709 1010 et
726 982 902 1010 absconditus
915 983 942 1010 in
955 983 1048 1011 multis

264 1025 304 1052 sic
329 1025 482 1060 tegentibus
503 1033 611 1059 sensus,
643 1028 722 1062 quasi
742 1028 937 1055 contreetando
953 1028 1049 1055 condi-

263 1072 420 1107 scendoque
428 1076 557 1108 appareat
565 1078 645 1107 atque
655 1074 770 1101 eluceat.
780 1073 825 1100 Sic
836 1074 908 1101 enim
920 1077 946 1101 et
960 1074 1048 1109 plum-

263 1118 328 1145 bum
350 1118 445 1145 attritu
464 1118 612 1151 candescit,
630 1119 690 1146 alba
707 1127 739 1146 ex
761 1120 839 1155 nigro
860 1127 973 1146 cerussa
990 1120 1047 1154 jam

264 1163 345 1190 facta.
365 1163 411 1191 Sic
435 1164 516 1191 etiam
554 1168 580 1192 et
605 1165 719 1192 scientia
745 1166 832 1193 lucem
866 1173 897 1193 ac
921 1165 1048 1201 splendo-

263 1216 319 1236 rem
343 1209 493 1240 ell‘undeus,
515 1216 577 1236 vere
603 1210 696 1236 divina
719 1210 764 1237 illa
795 1210 928 1245 sapientia
954 1210 1046 1243 fuerit,

263 1263 360 1290 purum
376 1255 443 1282 illud
462 1255 564 1286 lumen,
579 1255 736 1284 illuminans
761 1256 823 1283 illos
853 1263 967 1291 quorum
995 1263 1046 1291 pu-

261 1301 325 1336 pilla
343 1300 484 1327 oculorum
511 1308 578 1336 pura
603 1300 696 1333 fuerit,
722 1302 865 1329 veritatem
890 1305 920 1328 ut
939 1301 1047 1328 videant

216 1358 219 1362 ν
262 1346 437 1381 eamdemque
451 1345 562 1373 ﬁrmiter
571 1346 811 1381 comprehendant.

295 1392 376 1428 354
383 1391 502 1419 XXXIII.
510 1392 630 1420 Proinde
638 1393 707 1420 lucis
718 1393 833 1428 hujusce
839 1391 1047 1428 principio,facé

261 1442 389 1466 accensa,
407 1442 441 1461 ex
460 1434 588 1470 passione
603 1443 663 1470 quae
681 1435 792 1477 quidem
808 1435 835 1462 in
851 1436 897 1462 illa
910 1440 1045 1468 versatur,

259 1487 341 1515 quam
356 1479 473 1506 maxime
492 1479 556 1507 licet
571 1479 604 1506 ad
618 1479 822 1508 similitudinem
837 1481 1047 1514 contendentes,

260 1526 330 1553 lucis
343 1525 426 1560 pleni.
440 1525 491 1552 viri
504 1524 632 1552 Israelita:
646 1526 735 1560 reipsa
759 1527 911 1554 evadimus.
934 1521 1045 1555 Amicos

1102 242 1248 276 γνωστικος
1265 242 1294 268 τὸ
1311 241 1416 277 πρέπον
1438 241 1471 268 ἂν
1488 241 1555 276 μετὰ
1578 241 1624 268 τοῦ
1641 241 1712 268 κατὰ
1733 241 1817 275 λόγον
1842 249 1890 273 φυ-

1104 287 1207 313 λάσσει.
1231 287 1284 314 Τοῦ
1306 287 1360 322 γὰρ
1387 287 1526 322 ἐμπαθοῦς
1550 287 1649 318 παντὸς
1673 285 1889 322 περιτμηθέντος

1104 333 1150 360 καὶ
1167 332 1383 369 περιαιρεθέντος
1397 332 1504 368 ἁπάσης
1520 333 1568 367 τῆς
1584 333 1683 368 ψυχῆς,
1695 332 1735 368 τῷ
1753 332 1890 368 κρατίστῳ

1104 379 1215 414 καθαρῷ
1231 378 1368 414 γενομένῳ
1385 379 1432 405 κο.)⁸
1454 378 1669 414 ἡλευθερωμένῳ
1691 379 1731 410 εὶς
1754 378 1890 406 υίοθεσίαν

1102 423 1147 450 τοῦ
1165 423 1257 450 λοιποῦ
1273 423 1380 449 σύνεστί
1396 432 1424 450 τε
1437 424 1482 450 καὶ
1497 423 1558 458 βιοῖ,

1137 524 1196 551 ΛΒ¹.
1215 523 1376 560 Πυθαγόρας
1393 524 1468 559 ἠξίου
1487 524 1523 560 μὴ
1541 525 1621 560 μόνον
1633 525 1810 559 λογιώτατον,
1825 527 1889 554 ἀλλὰ

1102 569 1147 595 καὶ
1163 569 1346 604 πρεσϐύτατον
1363 568 1487 604 ἡγεῖσθαι
1503 569 1555 595 τῶν
1568 570 1655 604 σοφῶν
1668 570 1713 596 τὸν
1729 570 1845 606 θέμενον
1857 571 1888 597 τὰ

1100 615 1219 650 ὀνόματα
1231 616 1285 646 τοῖς
1303 615 1456 651 πράγμασι.
1468 616 1513 641 Δεῖ
1527 615 1615 641 τοίνυν
1627 616 1675 648 τὰς
1688 616 1802 651 Γραφάς
1817 617 1889 651 ἀκρι-

1100 660 1154 692 ϐῶς
1170 660 1407 696 διερευνωμένους,
1425 661 1517 696 ἐπειδὴ
1534 662 1563 687 ἐν
1579 661 1747 697 παραξολαῐς
1764 662 1888 697 εἰρῆσθαι

1099 706 1332 742 ἀνωμολόγηνται,
1351 707 1403 733 ἁπδ
1420 706 1472 734 τῶν
1490 707 1628 742 ὀνομάτων
1645 707 1826 743 θηρωμένους
1843 709 1887 740 τὰς

1099 752 1192 784 δόξαις,
1211 752 1243 784 ἃς
1259 752 1290 778 τὸ
1312 752 1390 786 ἅγιον
1414 753 1526 788 Πνεῦμα
1553 753 1616 788 περὶ
1632 753 1686 780 τῶν
1716 754 1887 789 πραγμάτων

1099 798 1169 834 ἔχον,
1187 799 1226 831 είς
1249 798 1298 831 τὰς
1314 798 1410 830 λέξεις,
1430 798 1467 830 ὡς
1483 800 1580 830 εἰπεῖν,
1596 799 1644 834 τὴν
1662 799 1744 826 αὐτοῦ
1768 799 1887 826 διάνοιαν

1099 844 1326 880 ὲκτυπωσάμενον
1348 845 1478 877 διδάσκει,
1496 845 1540 871 ἵνα
1562 846 1628 880 ἡμῖν
1646 845 1768 880 ἀκριϐῶς
1792 845 1886 878 ἐξετα-

1100 889 1200 925 ζόμενα
1228 889 1423 926 διαπτύσσηται
1445 892 1478 917 τὰ
1501 891 1621 926 ὀνόματα
1644 891 1813 926 πολυσήμως
1841 892 1886 926 μὲν

1099 935 1233 971 είρημένα
1250 935 1316 971 (55),
1333 935 1362 962 τὸ
1378 935 1400 962 δ’
1414 935 1638 971 ἐγκεκρυμμένον
1655 936 1684 962 ὲν
1702 936 1810 968 πολλοῖς
1835 938 1886 968 τοῖς

1099 981 1228 1008 σκέπουσι
1250 981 1447 1016 ψηλαφώμενον
1472 982 1519 1008 καὶ
1540 981 1818 1017 καταμανθανόμενον
1842 983 1886 1008 ὲκ-

1099 1027 1225 1063 φαίνηται
1242 1028 1289 1054 καὶ
1306 1027 1461 1064 ἀναλάμψῃ.
1481 1027 1574 1060 Οὕτως
1589 1028 1643 1063 γὰρ
1661 1028 1708 1054 καὶ
1724 1029 1738 1054 ὁ
1763 1028 1885 1063 μόλιϐδος

1097 1075 1152 1104 τοῖς
1169 1073 1306 1108 τρίϐουσιν
1323 1072 1428 1106 ἐξανθεῖ
1451 1073 1546 1100 λευκὸν
1563 1074 1594 1099 ὲκ
1620 1073 1732 1108 μέλανος
1749 1074 1780 1099 τὸ
1801 1073 1885 1108 ψιμύ-

1098 1119 1170 1146 θιον·
1187 1119 1274 1151 οὕτως
1288 1118 1335 1145 καὶ
1349 1119 1402 1153 (56)
1419 1119 1436 1153 ὴ
1453 1119 1562 1153 γνῶσις,
1582 1119 1681 1153 φέγγος
1698 1119 1745 1145 καὶ
1764 1119 1887 1155 λαμπρός

1097 1173 1165 1200 τητα
1195 1165 1366 1200 καταχέουσα
1382 1163 1436 1190 τῶν
1460 1165 1639 1200 πραγμάτων,
1664 1166 1679 1200 ή
1696 1165 1733 1200 τῷ
1750 1165 1808 1192 ὄντι
1827 1165 1885 1192 θεία

1097 1210 1178 1245 σοφία
1194 1210 1236 1246 εἴη
1255 1210 1298 1242 ἂν,
1313 1210 1342 1236 τὸ
1359 1209 1416 1243 φῶς
1432 1210 1462 1236 τὸ
1478 1210 1630 1245 εἰλικρινὲς,
1645 1210 1676 1236 τὸ
1691 1210 1808 1245 φωτίζον
1824 1211 1884 1241 τοὺς

1097 1255 1231 1291 καθαροὺς
1244 1255 1296 1282 τῶν
1306 1255 1455 1291 ἀνθρώπων
1465 1256 1502 1287 ὡς
1514 1256 1597 1292 κόρην
1606 1256 1758 1293 ὀφθαλμοῦ,
1771 1258 1811 1289 εἰς
1825 1258 1883 1292 ww

1097 1301 1143 1328 καὶ
1157 1301 1307 1336 κατάληψιν
1320 1301 1369 1336 τῆς
1383 1300 1511 1337 ἀληθείας
1528 1301 1648 1336 βεϐαίαν.

1132 1387 1191 1413 AI".
1216 1387 1396 1423 Ἀναψάμενοι
1418 1388 1506 1414 τοίνυν
1528 1388 1578 1423 τῆς
1605 1388 1692 1424 ἀρχῆς
1714 1388 1762 1415 τοῦ
1796 1389 1883 1423 φωτὸς

1096 1433 1200 1460 ἐκείνου
1216 1434 1247 1460 ὲκ
1263 1433 1309 1460 τοῦ
1328 1434 1429 1465 πάθους
1448 1433 1494 1460 τοῦ
1521 1434 1585 1469 περὶ
1611 1434 1686 1466 αὐτὸ,
1702 1434 1740 1465 ὼς
1765 1434 1804 1461 ἔνι
1830 1436 1880 1470 μα-

1095 1478 1173 1505 λιστα
1184 1478 1371 1514 ἐξομοιοῦσθαι
1386 1479 1557 1515 πειρώμενοι,
1572 1480 1657 1514 φωτὸς
1672 1479 1784 1515 ἔμπλεοι
1797 1481 1881 1515 φῶτες

1101 1525 1263 1561 Ἰσραηλῖται
1279 1525 1318 1560 τῷ
1332 1526 1388 1552 δντι
1408 1525 1549 1560 γινόμεθα.
1566 1525 1660 1557 Φίλους
1678 1527 1732 1562 γὰρ
1747 1525 1809 1553 εἷπε
1837 1528 1882 1554 καὶ

259 1573 332 1600 enim
357 1572 510 1607 fratresque
536 1572 644 1599 v0cavit
673 1573 748 1604 illos,
772 1573 819 1607 qui
839 1573 985 1606 desiderio,
1001 1575 1045 1609 qui

1099 1572 1229 1606 ἀδελφοὺς
1240 1572 1302 1603 τοὺς
1314 1571 1461 1607 ἐχομένους
1475 1571 1523 1606 τῆς
1537 1572 1604 1607 πρὸς
1616 1573 1646 1599 τὸ
1657 1572 1733 1600 Θείον
1746 1573 1884 1608 ἀφομοιώ-

259 1622 370 1651 conatu,
381 1622 412 1646 ut
425 1626 487 1645 cum
512 1617 566 1645 Deo
588 1617 794 1646 similitudinem
817 1617 920 1654 ineant,
933 1619 1044 1648 student

259 1671 427 1699 operamque
443 1666 555 1690 navant.

295 1719 413 1747 XXXIV.
435 1719 499 1747 Loci
513 1719 621 1754 quidem
647 1719 707 1753 puri
725 1722 856 1754 prataque
879 1725 1043 1754 acceperunt

259 1774 340 1794 voces
351 1785 359 1798 ,
375 1773 407 1793 ac
420 1769 548 1800 aspectus
570 1763 701 1799 quosdam
715 1765 914 1799 apparitionum
934 1770 1044 1792 sancta-

258 1820 319 1839 rnm
338 1811 498 1844 ;hominum
518 1814 608 1837 autem
627 1810 823 1845 unusquisque,
843 1811 890 1844 qui
918 1814 1044 1839 accurate

259 1857 340 1885 fuerit
357 1860 505 1891 purgatus,
522 1855 654 1883 doctrinae
673 1863 704 1882 ac
724 1855 833 1883 virtutis
845 1855 944 1883 divinae
965 1863 1042 1884 com-

258 1910 308 1938 pos
320 1902 420 1930 evadit.

294 1957 404 1985 XXXV.
430 1956 545 1992 Insuper
562 1956 628 1983 mihi
656 1956 765 1991 quidem
791 1956 947 1988 innotescit,
971 1956 1043 1991 quod

259 2005 380 2032 scientia:
410 2003 553 2038 mysteria,
577 2010 591 2029 a
620 2003 713 2029 multis
742 2002 860 2030 ludibrio
878 2002 1041 2034 habeantur,

258 2050 394 2085 praecipue
416 2056 480 2075 vero
514 2055 576 2074 cum
599 2047 751 2083 tropologia
786 2047 936 2082 sophistica
969 2048 1042 2075 haud

257 2097 339 2122 mista
374 2098 437 2121 sunt
457 2101 489 2120 ac
518 2097 767 2127 consutazpaueos
792 2101 866 2126 vero,
897 2093 979 2121 sicuti
1001 2095 1043 2121 lu-

258 2148 321 2168 men
347 2143 460 2174 repente
486 2139 627 2174 symposio
654 2139 825 2174 triclinioque
846 2139 967 2174 illatum,
986 2142 1043 2176 pri-

259 2194 332 2212 mum
344 2190 456 2219 stupore
467 2185 613 2219 percutiet;
624 2188 717 2219 postea
727 2188 916 2212 assuescentes
924 2193 953 2213 se
960 2189 1042 2220 atque

257 2236 348 2258 riterite
365 2234 394 2262 ᾖ(
410 2230 563 2262 exercitati,
584 2230 661 2264 quasi
673 2231 771 2265 gaudio
782 2232 896 2258 recreati
909 2239 941 2258 ac
955 2232 1042 2259 exsul-

257 2283 359 2309 tantes,
381 2277 583 2304 Dominum.....
609 2275 693 2303 Pront
705 2277 777 2304 enim
801 2277 926 2312 voluptas
942 2277 1041 2305 libera-

257 2325 360 2350 tionem
376 2330 392 2349 a
407 2322 501 2349 dolore
517 2329 550 2349 ex
563 2327 660 2349 natura
677 2329 725 2350 sua
747 2322 839 2354 habet,
854 2322 894 2350 sic
907 2325 934 2350 et
951 2323 1040 2350 scien-

258 2369 295 2395 tia
303 2368 462 2404 ignorantiae
471 2367 644 2395 ablationem.
657 2367 734 2394 Sicut
744 2368 816 2395 enim
831 2375 927 2395 somno
936 2368 1041 2403 gravati

257 2417 303 2451 qui
315 2420 378 2443 sunt
385 2415 515 2446 'maxime,
525 2418 609 2442 semet
620 2415 731 2451 vigilare
739 2416 854 2442 maxime
862 2416 1040 2449 arbitrantur,

257 2463 304 2497 qui
320 2462 481 2489 clarioribus
498 2462 642 2496 minusque
666 2460 805 2496 dissipatis
821 2469 852 2488 ac
867 2462 920 2488 alio
931 2462 1040 2488 trahen-

256 2499 330 2535 t-ibus
345 2507 372 2535 in
387 2508 491 2535 somnis
512 2506 676 2542 spectaculis
701 2497 757 2533 sint
778 2506 916 2541 occupati;
932 2505 972 2533 sic
993 2506 1040 2541 qui

257 2561 364 2582 suuuna
377 2554 502 2581 laborant
518 2553 670 2588 ignorantia
681 2574 687 2586 ,
703 2560 732 2580 se
747 2553 863 2579 maxime
876 2552 947 2579 scire
967 2552 1041 2580 arbi-

311 2635 340 2664 >Ι<
359 2630 390 2658 Ρ.
410 2629 464 2658 989
482 2630 535 2658 ΕΙ).
558 2628 704 2657 POTTEB.

290 2709 345 2745 (55)
361 2710 485 2736 Διαπτ...
498 2707 556 2742 μὲν
569 2706 730 2745 εἰρημένα.
745 2705 922 2745 Pl_anior_erit
930 2708 1035 2745 senten-

254 2739 308 2776 tia‘.
323 2739 345 2773 si
362 2739 528 2779 transposilo
542 2739 751 2779 μένξιιξέιοιιιιιε,
769 2740 964 2779 δι-απτύσσηται
991 2739 1038 2774 μὲν

253 2782 288 2808 τὰ
302 2781 420 2817 ρνόματα
438 2775 601 2817 πολυσήμως
618 2776 759 2817 εἰρημένα.
771 2775 910 2817 βηιψιιῦ.

291 2810 354 2851 (ὅθ)
372 2815 470 2846 Οὕτως
489 2810 553 2848 τήοᾷ
573 2810 740 2840 Concinnius
763 2811 801 2843 ὡς
820 2811 884 2846 γάρ,
908 2814 937 2837 ιιι
953 2810 1034 2839 enim.

1093 1627 1160 1650 σεως
1177 1618 1246 1645 κατὰ
1262 1617 1408 1653 ἐπιθυμίαν
1422 1618 1468 1645 καὶ
1483 1618 1582 1650 δίωξιν.

1128 1716 1187 1742 AA'.
1209 1716 1259 1742 Ἦν
1287 1715 1342 1750 (57)
1367 1716 1444 1742 τόποι
1466 1716 1516 1750 μὲν
1545 1717 1658 1752 καθαροὶ
1681 1717 1727 1743 καὶ
1750 1717 1879 1751 λειμῶνες

1094 1760 1216 1793 ἐδέξαντο
1253 1760 1343 1795 φωνὰς
1373 1761 1419 1787 καί
1441 1769 1517 1792 τινας
1547 1761 1623 1795 ὅᾲεις
1653 1762 1738 1795 ἁγίων
1771 1763 1878 1797 φασμά-

1093 1815 1163 1834 των*
1188 1807 1329 1843 ἄνθρωπος
1353 1807 1382 1833 δὲ
1403 1808 1417 1833 ὁ
1441 1806 1562 1842 ἀκριϐῶς
1588 1807 1792 1843 κεκαθαρμένη
1810 1809 1880 1840 ira;

1093 1854 1264 1886 διδασκαλίας
1296 1854 1343 1880 καὶ
1375 1853 1516 1888 δυνάμεως
1550 1853 1642 1889 Θεϊκῆς
1674 1854 1878 1889 καταξιωθὴσε-

1093 1908 1148 1928 ται.

1128 1957 1188 1984 AE’.
1206 1953 1272 1983 Οἶδα
1285 1955 1314 1981 δὲ
1330 1954 1395 1989 ὲγὼ,
1416 1956 1457 1981 ὃτι
1472 1955 1505 1981 τὰ
1522 1955 1569 1990 τῆς
1592 1955 1717 1989 γνώσεως
1743 1957 1879 1992 μυστήρια

1093 2004 1148 2035 τοῖς
1167 2002 1216 2038 μὲν
1234 2001 1339 2032 πολλοῖς
1355 2000 1453 2036 χλεύην
1472 2000 1559 2036 φέρει,
1576 2001 1623 2027 καὶ
1641 2001 1760 2036 μάλιστα
1782 2001 1820 2036 μὴ
1837 2011 1879 2028 κε-

1093 2048 1258 2083 καττυμένα,
1274 2048 1415 2082 σοφιστικῇ
1433 2046 1613 2082 τροπολογίᾳ·
1631 2048 1694 2079 τοὺς
1710 2048 1737 2074 δὲ
1761 2048 1877 2082 ὀλίγους,

1093 2094 1217 2130 καθάπερ
1232 2093 1289 2128 φῶς
1310 2093 1496 2128 ὲπεισενεχθὲν
1512 2093 1642 2127 ἐξαίφνης
1665 2094 1810 2129 συμποσίῳ
1826 2096 1877 2121 τινὶ

1094 2141 1256 2176 συνηρεφεῖ,
1279 2139 1409 2175 ἐκπλήξει
1435 2139 1468 2166 τὰ
1491 2138 1604 2174 πρῶτασ
1624 2138 1717 2166 ἔπειτα
1740 2139 1878 2172 ἐθὲσαντες

1093 2186 1139 2212 καὶ
1158 2184 1355 2221 συντραφέντες
1376 2185 1422 2211 καὶ
1438 2184 1675 2219 ἐγγυμνασάμενοι
1690 2184 1728 2219 τῷ
1744 2184 1875 2221 λογισμῷ,

1092 2231 1130 2262 ὡς
1153 2231 1197 2265 ὑφ’
1214 2230 1308 2265 ἡδονῆς
1324 2230 1530 2266 εὐφραινόμενοι
1546 2222 1593 2256 καὶ
1608 2229 1808 2265 ἀγαλλιώμενοι
1835 2232 1877 2258 τὸν

1093 2276 1204 2313 Κύριον.
1219 2295 1226 2302 .
1241 2295 1248 2302 .
1264 2295 1270 2302 .
1285 2295 1292 2302 .
1307 2295 1313 2301 .
1327 2296 1334 2302 .
1347 2295 1354 2301 .
1368 2296 1375 2302 .
1399 2276 1441 2307 Ὠς
1463 2275 1516 2310 γὰρ
1536 2275 1617 2311 ἡδονὴ
1644 2275 1693 2311 τὴν
1719 2275 1769 2311 τῆς
1791 2275 1875 2311 ἀλγη-

1091 2323 1166 2354 δόνος
1181 2322 1340 2358 ἀπαλλαγὴν
1360 2322 1453 2348 οὐσίαν
1475 2321 1541 2356 ἔχει,
1557 2321 1644 2353 οὕτως
1662 2323 1679 2356 ἡ
1703 2321 1805 2356 γνῶσις
1828 2322 1875 2357 τῆς

1091 2369 1201 2402 ἀγνοίας
1217 2367 1265 2403 τὴν
1279 2368 1462 2403 ὑπεξαίρεσιν.
1482 2367 1525 2398 Ὠς
1539 2367 1594 2403 γὰρ
1607 2368 1631 2393 οἱ
1645 2367 1764 2402 μάλιστα
1781 2367 1874 2394 καθεύ-

1090 2414 1179 2445 δοντες
1206 2413 1305 2441 οἴονται
1340 2413 1456 2448 μάλιστα
1484 2413 1681 2448 ἐγρηγορέναι,
1714 2414 1874 2449 ἐναργεστέ-

1091 2467 1146 2494 ροις
1173 2458 1240 2493 (58)
1273 2459 1470 2489 ὑποπίπτοντες
1495 2458 1542 2484 καὶ
1571 2458 1789 2493 ἀπερισπάστως
1820 2461 1874 2491 ταῖς

1088 2505 1154 2541 ὃναρ
1170 2505 1346 2540 φαντασίαις·
1363 2504 1448 2536 οὓτως
1464 2505 1488 2530 oi
1506 2504 1621 2539 μάλιστα
1643 2505 1807 2538 ἀγνοοῦντες
1826 2507 1873 2541 μά-

1089 2552 1166 2579 λιστα
1178 2551 1432 2587 είδὲναινομίζουσι.
1442 2551 1578 2586 Μακάριοι
1595 2551 1622 2577 δὲ
1634 2551 1659 2577 οἱ
1669 2550 1793 2583 ὲξῦπνου
1801 2552 1871 2579 τοῦδε

1127 2704 1266 2742 (57))ς11ν.
1284 2704 1395 2732 Etiamsi
1451 2705 1570 2740 legamus
1595 2713 1646 2742 pro
1662 2706 1708 2741 ἦν,
1735 2711 1824 2733 tamen
1839 2713 1870 2733 ne

1092 2740 1132 2801 ssic
1149 2739 1257 2774 quidem
1278 2744 1321 2767 sat
1346 2739 1426 2768 recte
1443 2739 1569 2768 constare
1593 2739 1701 2768 videtur
1727 2741 1868 2769 sententia.

1116 2782 1227 2801 mune.

1091 2795 1113 2829 -ῃ
1120 2795 1451 2848 ἓξὲξ).-ἵὲιηρ-γεστέροις.
1463 2809 1593 2839 ιέεἱιιιιὶυς
1603 2812 1824 2848 ἐναργεστέρως,
1833 2810 1867 2838 ΐο-

1093 2845 1195 2872 miniua
1218 2846 1420 2874 terminatione.
1435 2846 1472 2874 lu.
