1934 3075
73 161 116 187 7-Ιῖ

72 218 110 245 καὶ
125 217 169 252 τῆς
189 215 391 252 παραιρροσύνης
416 214 615 249 ἀνεγειρόμενοι
643 213 689 240 καὶ
711 212 824 239 ἀναϐλέ-
841 223 863 250 Α

71 264 156 298 dans;
168 262 196 288 τὸ
210 262 264 296 φῶς
275 261 319 288 καὶ
334 261 381 296 τὴν
395 260 532 296 ἀλήθειαν.
712 278 715 281 .

98 362 159 394 Aq'.
173 361 215 387 Δεῖ
225 360 311 386 τοίνυν
338 359 435 396 ἐπίσης
456 359 495 395 τῷ
517 358 669 394 βουλομένῳ
691 358 721 384 τὺ
737 357 826 384 πειοὸ-

71 415 138 441 μενον
151 405 216 442 ἔχειν
235 406 279 432 τὸν
302 406 435 442 μαθητὴν,
451 407 499 433 καὶ
513 405 552 442 τῷ
578 405 653 440 πόθῳ
667 404 716 440 τὴν
737 405 828 431 πίστιν

70 452 280 485 ἐγκαταμίξαντα,
307 451 454 487 γυμνάζειν
485 452 531 478 καὶ
561 451 674 487 μελετᾷν
700 450 828 477 ἑκάστοτε

69 497 126 532 πρὸς
143 498 229 524 ἐαυτδν
243 498 291 534 τὴν
309 497 363 524 τῶν
387 488 573 533 θέωρημάτων
588 496 716 532 ἀλήθειαν
737 496 828 529 ἐξετά-

69 543 144 575 ζοντα.
165 542 281 570 Ἐπειδὰν
294 543 323 570 δὲ
335 542 365 570 εὖ
379 543 450 578 ἔχειν
473 542 546 578 αὑτῷ
561 542 636 577 δοκῇ,
650 541 711 568 τότε
726 541 758 576 δὴ
782 541 828 568 καὶ

68 590 101 619 el;
115 588 158 620 τὰς
174 589 225 615 τῶν
243 589 324 620 πέλας
344 588 470 624 ζητήσεις
487 587 627 615 καθιέναι·
644 587 705 613 ἐπεὶ
730 587 776 613 καὶ
802 587 827 613 ot

67 634 152 660 νεοττοὶ
170 634 436 670 προσαποπειρῶνται
451 633 506 669 (59)
522 633 569 660 τοῦ
584 633 699 659 πετάσαι
714 633 761 659 ἐπὶ
779 633 827 669 τῆς

67 680 156 712 καλιᾶς,
170 680 351 715 γυμνάσαντες
365 679 400 707 τὰ
414 680 511 716 πτερά.

95 736 146 762 AZ'.
164 736 192 762 Ἡ
205 737 257 772 γὰρ
264 736 347 772 ἀρετὴ
361 737 377 772 ἡ
393 735 529 771 γνωστικὴ
544 734 681 770 πανταχοῦ
692 735 771 762 καλὸν
779 735 825 761 καὶ

65 783 138 818 πρᾶον
151 783 193 809 καὶ
210 783 333 814 ὰὸλαὸὲς,
350 783 396 810 καὶ
419 782 533 814 ἄλυπον,
548 782 596 808 καὶ
617 782 764 817 μακάριον,
780 781 826 808 καὶ

66 829 310 864 παρεσκευασμένον,
323 828 420 863 ἄριστα
427 828 476 863 μὲν
483 828 585 863 ὁμιλεῖν
601 827 682 853 παντὶ
694 826 733 862 τῷ
751 826 824 862 θείῳ,

65 874 147 910 ἄριστα
163 874 182 900 δ’
200 874 360 910 ἀνθρώποις,
379 873 540 909 θεωρητικὸν
561 873 628 909 ὁμοῦ
644 874 691 900 καὶ
710 881 825 908 πρακτι-

65 920 103 945 κὸν
125 919 225 955 ἄγαλμα
251 920 320 946 θεῖον
344 919 388 946 τὸν
405 919 546 955 ἄνθρωπον
569 918 823 951 κατασκευάζουσα,
841 913 861 940 Β

65 966 103 991 καὶ
127 966 260 1000 φιλόκαλον
289 965 497 1002 ἀπεργαζομένη
521 966 554 992 δι’
574 965 698 1002 ἀγάπης·
722 965 752 992 τὸ
771 965 825 1001 γὰρ

65 1011 141 1043 καλὸν,
159 1012 193 1043 ὡς
207 1012 263 1038 εκεῖ
284 1011 365 1047 σοφίᾳ
381 1011 515 1047 θεωρητδν
529 1012 576 1038 κα)⁵
590 1012 693 1047 νοητὸν,
708 1012 826 1040 ἐνταῦθα

65 1055 189 1091 σωιροσύνῃ
215 1056 262 1082 καὶ
291 1055 446 1092 δικαιοσύνῃ
471 1055 515 1082 διὰ
540 1055 655 1088 πίστεως
685 1057 823 1092 πρακτόν*

64 1100 88 1127 ὲν
102 1102 173 1137 σαρκὶ
187 1102 378 1138 μελετήσαντες
393 1101 537 1137 ἀγγελικὴν
558 1101 716 1137 ὑπουργίαν,
732 1102 825 1139 ὥσπερ

64 1147 88 1173 ἐν
99 1148 165 1183 τόπῳ
179 1148 301 1183 διαφανεῖ
315 1147 500 1183 καὶ-ἀμιάντῳ
513 1147 552 1183 τῷ
573 1147 679 1183 σώματι
697 1148 742 1175 τὸν
763 1148 825 1175 νοῦν

65 1193 268 1230 καθιερώσαντες.

93 1283 150 1309 ΔΗ¹.
163 1283 231 1318 Πρὸς
245 1283 273 1309 δὲ
287 1283 419 1309 Tacta.va
433 1282 498 1318 (60),
515 1283 628 1317 λέγοντα
647 1283 771 1310 εὐκτικὸν
788 1282 826 1310 εἶ-

62 1336 98 1354 ναι
108 1328 135 1355 τὸ
149 1328 303 1362 Γενηθήτω
316 1328 388 1363 φῶς,
401 1328 523 1355 λεκτέον·
532 1328 562 1354 Εἰ
577 1329 666 1356 τοίνυν
681 1329 825 1365 εὐχόμενος

62 1373 104 1409 ἢδη
121 1374 163 1401 τὸν
184 1375 378 1410 ὑπερκείμενον
404 1374 458 1410 (6i)
486 1375 562 1406 Θεὸν,
584 1375 642 1407 πῶς
663 1375 735 1410 λέγει
757 1375 825 1410 Ὲτιὼ

61 1420 135 1453 Θεὲς,
152 1420 198 1447 καὶ
219 1420 304 1454 πλὴν
323 1420 396 1461 ἐμοῦ
413 1420 507 1453 ἄλλος
526 1420 640 1454 οὺδείς;
660 1421 772 1456 εἴπομεν
788 1420 825 1453 ὡς

60 1464 168 1496 κολάσεις
195 1465 247 1491 alat
272 1464 466 1500 βλασφημιῶν,
494 1464 640 1498 φλυαρίας,
670 1464 825 1491 ἀκολάστων

60 1510 182 1545 ῥημάτων,
199 1510 269 1546 λόγῳ
295 1509 354 1545 (62)
381 1509 566 1545 κολαζομένων
588 1510 634 1536 καὶ
661 1509 824 1545 παιδευομέ-

59 1565 113 1584 νων.

87 1613 142 1640 ΛΘ¹·
164 1615 300 1649 Ἔφασκεν
321 1614 349 1641 δὲ
364 1613 410 1641 καὶ
423 1613 465 1640 διὰ
487 1613 536 1645 τὰς
556 1613 652 1648 τρίχας
666 1611 826 1644 κολάζεσθαι

57 1661 97 1686 καὶ
114 1660 154 1687 τὸν
175 1661 277 1697 κόσμον
297 1660 346 1692 τὰς
372 1662 504 1695 γυναῖκας
530 1659 583 1686 ὑπὸ
610 1658 751 1693 δυνάμεως
777 1658 826 1693 τῆς

57 1707 96 1732 ἐπὶ
113 1707 212 1739 τούτοις
228 1706 409 1741 τεταγμένης,
427 1706 444 1741 ἥ
459 1705 505 1732 καὶ
521 1705 559 1740 τῷ
573 1703 692 1740 Σαμψὼν
713 1703 824 1738 δύναμιν

58 1753 159 1787 παρεῖχε
179 1754 237 1784 ταῖς
260 1751 359 1787 θριξὶν,
381 1752 440 1786 ἥτις
461 1750 570 1782 κολάζει
588 1749 638 1781 τὰς
657 1749 709 1776 διὰ”
724 1749 825 1785 κόσμου

56 1797 143 1832 τριχῶν
156 1798 200 1824 ἐπὶ
216 1797 344 1833 πορνείαν
357 1796 492 1832 ὁρμώσας.

86 1854 124 1880 Μ’.
138 1854 267 1890 Καθάπερ
283 1853 383 1887 ἀγαθοῦ
396 1852 530 1889 ἀποῤῥοίᾳ
543 1851 731 1886 ἀγαθύνονται,
740 1851 826 1883 οὕτως

55 1899 96 1925 καὶ
109 1899 259 1926 κακοῦνται.
283 1899 390 1934 Καλὴή
413 1898 505 1933 κρίσις
520 1897 567 1923 τοῦ
588 1896 665 1928 Θεοῦ,
681 1897 698 1931 ἤ
716 1905 745 1923 τε
769 1897 826 1923 διά-

56 1952 133 1978 κρισις
147 1946 162 1980 ἡ
177 1946 231 1973 τῶν
251 1944 355 1973 πιστῶν
376 1944 429 1970 ἀπὸ
448 1943 502 1969 τῶν
521 1943 651 1975 ἀπίστων,
673 1943 690 1977 ἦ
708 1950 738 1968 τε
760 1942 827 1978 πρό-

56 1996 133 2023 κρισις
145 1990 211 2026 ὑπὲρ
227 1990 275 2016 τοῦ
295 1989 332 2024 μὴ
355 1987 455 2024 μείζονι
476 1989 634 2023 περιπεσεῖν
647 1987 746 2022 κρίσει,
760 1987 778 2022 ἤ
796 1995 826 2014 τε

56 2035 143 2070 κρίσις,
159 2036 302 2066 παίδευσις
316 2032 393 2061 οὖσα.

839 1581 860 1609 C

84 2151 145 2177 MA’.
167 2152 198 2178 Ἦ
212 2151 309 2187 Γραφή
335 2158 400 2186 φησι
414 2149 447 2176 τὰ
466 2149 553 2185 βρέφη
567 2149 601 2175 τὰ
617 2147 761 2175 ἐκτεθέντα
775 2157 823 2183 τη-

55 2195 163 2232 μελούχῳ
181 2195 376 2232 παραδίδοσθαι
400 2195 516 2230 ἀγγέλῳ,
540 2194 583 2228 ὑφ’
602 2191 632 2220 οῦ
650 2192 823 2220 παιδεύεσθαί

395 155 508 183 DUBIA.
529 169 564 175 --
580 152 727 181 ECLOGzE
748 152 792 180 EX
815 150 1019 180 SCRIPTURIS
1038 149 1274 179 I’ROPHETICIS.

1607 151 1657 178 7l8

877 215 992 239 trantur.
1009 211 1084 239 Beati
1113 218 1178 238 vero
1193 211 1250 246 qui,
1270 219 1301 238 ex
1316 218 1411 238 somno
1435 210 1486 237 hoc
1509 209 1658 237 dementiae

879 268 932 295 que
948 258 1068 290 excitati,
1084 257 1118 284 ad
1133 258 1221 284 lucem
1236 265 1268 284 ac
1281 257 1421 284 veritatem
1439 255 1534 283 oculos
1546 250 1659 283 conver-

879 309 946 332 tant.

913 362 1031 389 XXXVI.
1043 361 1146 388 Pariter
1157 360 1249 395 itaque
1264 364 1383 395 oportet.
1398 368 1458 388 eum
1478 361 1522 395 qui
1536 360 1657 395 discipu-

879 408 933 434 lum
944 408 1136 442 obsequentem
1149 406 1248 434 habere
1261 406 1337 437 velit,
1354 398 1381 433 et
1391 405 1527 433 desiderio
1538 405 1656 433 admista

878 454 932 481 ﬁde
944 461 1079 484 exercere,
1090 456 1117 480 et
1129 453 1199 488 apud
1219 461 1248 480 se
1263 452 1385 487 quotidie
1401 451 1537 484 meditari,
1556 453 1657 480 verita-

878 505 931 527 tem
953 503 1172 534 argumentorum
1192 498 1378 534 expendendo.
1394 498 1428 525 Et
1451 505 1512 526 cum
1534 499 1655 526 eamdem

878 553 907 573 se
920 549 993 573 recte
1015 549 1107 572 tenere
1121 545 1293 579 judicaverit,
1308 549 1371 571 tunc
1392 544 1520 571 nimirum
1535 544 1567 571 ad
1582 553 1657 580 quai-

877 591 981 619 stiones
1013 591 1089 618 hisce
1113 591 1216 618 vicinas
1248 590 1435 623 descendere;
1469 592 1598 625 quoniam
1629 594 1656 618 et

877 635 967 661 avium
989 635 1055 670 pulli
1067 642 1169 669 pennas
1192 634 1343 662 exercendo
1359 634 1483 661 etiam‘in
1500 635 1565 662 nido
1581 635 1656 662 vola-

878 685 934 708 tum
946 681 1132 715 experiantur.

910 736 1044 765 XXXVII.
1072 736 1162 764 Virtus
1175 736 1247 763 enim
1274 735 1408 771 gnostica,
1427 735 1525 770 ubique
1553 735 1655 764 bonum

876 787 1114 817 mansuetumque,
1125 787 1152 810 et
1165 782 1316 813 innoxium,
1329 785 1355 808 et
1366 781 1490 809 dolorum
1503 786 1653 817 expertem,

875 835 908 856 ac
924 830 1031 856 beatum
1044 834 1234 864 paratumque.
1250 828 1349 862 optime
1368 828 1471 855 versari
1486 827 1514 854 in
1529 829 1654 856 omnibus

875 882 935 909 quae
954 874 987 901 ad
1007 874 1101 908 Deum,
1126 875 1180 901 imo
1191 873 1292 908 optime
1303 873 1330 900 in
1347 873 1390 901 bis
1403 880 1463 908 qum
1481 872 1514 900 ad
1530 873 1655 901 homines

875 920 1018 953 altineant,
1034 920 1210 947 simulacrum
1221 919 1354 950 divinum,
1367 919 1596 952 contemplatione
1617 919 1655 946 si-

875 966 931 993 mul
948 969 974 993 et
987 965 1094 992 actione
1108 965 1245 992 hominem
1265 963 1402 991 excultum
1418 963 1544 995 reddens,
1564 971 1596 991 ac
1607 972 1656 1000 per

876 1011 1036 1038 charitatem
1062 1011 1169 1038 honesti
1196 1015 1342 1037 amatorem
1371 1013 1513 1044 praestans.
1550 1010 1654 1038 Bonum

875 1057 946 1084 enim
958 1062 1038 1092 prout
1049 1056 1105 1083 illic
1122 1055 1255 1091 sapientia
1272 1055 1463 1083 consideratur
1479 1059 1506 1083 et
1525 1056 1654 1092 intelligi-

875 1107 930 1135 tur,
944 1104 984 1130 sic
997 1103 1078 1130 etiam
1093 1102 1137 1128 hic
1154 1101 1333 1136 temperantia
1348 1105 1375 1128 et
1386 1101 1492 1137 justitia
1511 1109 1560 1136 per
1579 1102 1659 1130 ﬁdem

875 1153 1029 1182 exercetur;
1059 1148 1224 1175 [unctionem
1248 1147 1397 1182 angelicam
1415 1147 1443 1174 in
1464 1154 1545 1174 carne
1569 1149 1656 1176 medi‘

875 1197 974 1225 tantes,
989 1194 1060 1221 sicut
1069 1192 1096 1220 in
1110 1193 1170 1220 loeo
1181 1192 1329 1227 conspicuo
1344 1196 1371 1220 et
1381 1191 1534 1227 impolluta,
1550 1193 1578 1220 in
1592 1201 1655 1220 cor-

875 1244 940 1272 pore
955 1241 1070 1264 mentem
1082 1237 1275 1264 sacriﬁcamus.

909 1283 990 1318 365
1007 1282 1150 1310 XXXVIII.
1166 1282 1267 1310 Contra
1279 1290 1345 1310 vero
1358 1282 1513 1316 Tatianum,
1530 1291 1654 1312 asseren-

874 1333 929 1357 tem
949 1329 1068 1364 optantis
1085 1337 1146 1356 esse
1162 1329 1293 1364 scriptum
1311 1329 1375 1356 illud
1387 1329 1450 1356 Fiat
1469 1329 1515 1356 tua;
1528 1330 1653 1366 ﬁdicen-

875 1375 939 1402 dum
953 1374 1043 1403 estISi
1061 1375 1144 1410 igitur
1152 1376 1301 1403 orationem
1321 1375 1354 1402 ad
1378 1375 1462 1403 Deum
1484 1375 1653 1410 superiorem

875 1420 984 1456 dirigat,
1007 1421 1143 1455 quomodo
1153 1420 1220 1448 dicit
1234 1430 1240 1448 :
1255 1420 1309 1455 Ego
1320 1420 1402 1453 Deus,
1417 1426 1440 1448 et
1451 1426 1545 1455 praeter
1556 1430 1595 1448 me
1603 1430 1654 1449 non

875 1471 914 1492 est
928 1466 997 1493 alius
1023 1465 1094 1493 ullus
1108 1466 1144 1493 b?
1159 1466 1280 1494 Diximus
1306 1466 1533 1501 blasphemiarum
1559 1475 1654 1502 poenas

875 1519 946 1544 esse,
972 1512 1116 1540 verborum
1140 1512 1435 1548 petulantiumnugas,
1453 1513 1559 1541 ratione
1571 1514 1654 1548 puni-

877 1562 965 1585 torum
980 1562 1061 1593 atque
1073 1557 1277 1593 castigatorum.

910 1613 1030 1641 XXXIX.
1047 1614 1161 1649 Insuper
1176 1614 1257 1642 etiam
1273 1614 1389 1642 asseruit
1401 1614 1528 1642 mulieres
1543 1619 1655 1650 propter

876 1659 966 1687 crines
975 1667 1006 1686 ac
1021 1660 1150 1687 mundum
1165 1660 1266 1694 puniri,
1281 1667 1296 1686 a
1307 1661 1407 1687 virtute
1420 1668 1480 1695 qua:
1488 1661 1568 1688 rebus
1581 1661 1655 1689 hisce

876 1706 1000 1740 praelecta
1027 1706 1117 1739 fuerit,
1135 1715 1195 1741 qua:
1215 1707 1336 1734 crinibus
1355 1706 1496 1734 Samsouis
1523 1707 1652 1735 virtutem

875 1751 989 1786 praebuit
1003 1757 1030 1785 c;
1056 1759 1115 1787 quae
1129 1752 1212 1780 etiam
1226 1752 1286 1779 illas
1298 1751 1375 1786 punit
1393 1759 1454 1787 qua:
1470 1760 1518 1788 per
1536 1753 1653 1782 crinium

875 1801 1002 1824 ornatum
1015 1797 1043 1824 in
1058 1797 1253 1825 scortatiouem
1267 1796 1404 1824 feruntur.

910 1853 966 1882 XL.
980 1852 1067 1880 Sicuti
1086 1853 1150 1881 boni
1170 1852 1326 1881 delluxione
1345 1853 1497 1881 redduntur
1515 1854 1590 1887 boni,
1614 1855 1655 1882 sie

875 1904 902 1928 et
916 1899 979 1927 mali
994 1899 1123 1934 qualitate
1146 1899 1271 1927 similiter
1296 1900 1464 1927 imbuuntur.
1486 1900 1590 1927 Bonum
1613 1906 1655 1929 est

876 1945 924 1973 Dei
936 1945 1069 1980 judicium
1084 1954 1090 1971 :
1106 1953 1138 1972 ac
1153 1945 1300 1973 discrimen
1317 1945 1409 1973 ﬁdeles
1424 1946 1495 1973 inter
1514 1951 1540 1974 et
1557 1947 1654 1974 inﬁde-

875 1991 926 2021 les,
942 1991 997 2018 imo
1011 1989 1142 2024 judicium
1155 1989 1221 2016 illud
1240 1989 1312 2024 quod
1332 1990 1457 2024 prohibet
1473 1998 1507 2018 ne
1520 1991 1547 2017 in
1564 1991 1654 2025 majus

876 2036 1006 2071 judicium
1022 2036 1084 2070 quis
1096 2035 1213 2068 incidat;
1228 2035 1295 2062 illud
1312 2035 1420 2062 demum
1433 2035 1567 2070 judicium
1581 2036 1654 2070 quod

876 2087 917 2110 est
927 2082 1089 2110 emendatio.

909 2138 976 2165 XLI.
1001 2137 1141 2172 Scriptura
1170 2136 1246 2171 dicit,
1273 2137 1391 2165 infantes
1405 2137 1540 2172 projectos
1555 2137 1653 2172 angelo

875 2186 958 2213 tutori
982 2185 1052 2213 tradi
1077 2185 1242 2212 erudiendos
1269 2189 1350 2220 alque
1379 2184 1545 2212 educandos.
1563 2187 1592 2216 ὦ
1620 2184 1653 2210 Et

53 2250 78 2267 τε
92 2230 263 2277 καὶηαῡξειν·
293 2243 340 2269 καὶ
364 2242 479 2273 ἔσονται,
505 2241 597 2275 φησὶν,
622 2239 659 2270 ὡς
675 2240 699 2265 οἱ
727 2239 822 2265 ἑκατὸν

882 2235 965 2262 :runt.
983 2231 1081 2266 inquit,
1101 2232 1178 2266 quasi
1202 2235 1309 2259 centum
1336 2238 1470 2258 annorum
1494 2230 1522 2257 in
1538 2230 1590 2258 hoc
1603 2238 1654 2257 sa:-

52 2287 112 2313 ὲτῶν
124 2288 238 2315 ἐνταῦθα
258 2288 363 2315 πιστοί·
378 2287 417 2313 διὸ
431 2287 478 2313 καὶ
493 2286 595 2321 Πέτρος
605 2286 634 2311 ὲν
652 2285 684 2320 τῇ
708 2284 822 2310 Ἀποκα-

51 2332 119 2368 λύψει
131 2336 212 2370 φησί·
232 2335 288 2362 Καὶ
299 2333 437 2368 ἀστραπὴ
450 2332 545 2367 πυρὸς
558 2331 684 2366 πηδώσα
698 2329 756 2357 ἀπὸ
768 2328 826 2356 τῶν

47 2379 158 2414 βρεφῶν
169 2381 303 2413 ἐκείνων,
314 2379 362 2406 καί
374 2378 560 2411 auricoman
572 2376 643 2409 τοὺς
655 2374 826 2410 ὀφθαλμοὺς

49 2425 101 2451 τῶν
127 2425 286 2461 γυναικῶν.
309 2425 384 2452 Ἐπεὶ
404 2425 418 2451 ὁ
445 2424 548 2454 δίκαιος
562 2423 602 2455 ὡς
618 2420 752 2454 σπινθὴρ
782 2419 826 2446 διὰ

48 2471 165 2507 καλάμης
180 2472 327 2506 ἐκλάμπει,
341 2471 388 2497 καὶ
402 2470 489 2505 κρινεῖ
503 2468 578 2503 έθνη.

86 2518 160 2546 ΜΒ¹.
196 2517 281 2544 Μετὰ
315 2516 401 2544 ὁσίου
439 2513 603 2547 ὀσιωθήσῃ.
636 2511 715 2539 Κατὰ
750 2509 822 2537 αἶνόν

79 2602 90 2616 ⁸
103 2595 168 2624 Gen.
183 2604 204 2628 ι,
219 2596 248 2623 5.
286 2595 300 2615 b
314 2594 366 2622 Isa.
382 2601 455 2624 xuv.
476 2593 553 2628 61f
579 2590 642 2619 Jud.
675 2597 729 2623 ut,
746 2589 788 2616 I5.
828 2590 857 2619 93

47 2634 57 2648 ο
75 2629 134 2666 Sap.
150 2639 180 2658 III
191 2624 204 2662 ,’
217 2631 244 2657 7.
298 2629 308 2648 ί
328 2629 400 2656 Psal.
415 2634 481 2659 xvu,
497 2624 543 2652 ‘26.

78 2714 131 2749 (59)
141 2713 451 2748 Προσαποπειρῶνται.
461 2712 541 2740 Forte
549 2712 639 2739 verius
652 2718 823 2749 προαποπει-

66 2746 148 2781 Βντάι,
164 2746 254 2785 prius
275 2746 444 2784 experiuntur
477 2748 536 2783 (seu
567 2748 677 2787 tentant)
704 2746 819 2772 volatus.

64 2791 318 2852 ἲἶίίξῶκῢἦῖιτιατνόν.
339 2818 418 2846 Conf.
434 2817 495 2845 Gul.
518 2817 589 2844 Cave
604 2815 706 2852 Historr.
723 2815 817 2852 litter.,

42 2850 90 2915 Boi.
105 2850 137 2885 ll,
151 2863 178 2890 p.
195 2855 243 2916 :35,
258 2859 283 2882 et
297 2854 451 2883 testimonia
465 2853 498 2881 de
512 2851 627 2880 Tatiano
639 2851 666 2879 in
678 2851 737 2886 ejus
751 2850 818 2877 edit.

64 2897 135 2916 x0n..
153 2898 180 2916 ο.
218 2909 226 2916 .

64 2897 135 2923 xon.,
152 2898 180 2925 p.
203 2897 226 2916 ι.

874 2277 936 2304 culo
950 2277 1052 2304 ﬁdeles.
1077 2277 1247 2311 Quapropter
1261 2277 1342 2304 etiam
1363 2275 1460 2304 Petrus
1476 2277 1504 2304 in
1519 2277 1653 2312 Apocaly—

875 2323 916 2359 psi
944 2323 1010 2350 dicit
1027 2332 1033 2350 :
1065 2323 1099 2349 Et
1117 2323 1206 2357 fulgur
1221 2322 1288 2357 ignis
1311 2321 1434 2348 exsiliens
1457 2321 1488 2348 al:
1506 2321 1651 2356 infantibus

873 2369 940 2400 illis,
956 2374 981 2395 et
995 2369 1133 2395 mulierum
1147 2367 1235 2394 oculos
1253 2368 1427 2402 perstringens
1441 2366 1464 2394 ἀ.
1483 2366 1588 2402 Quippe
1609 2367 1654 2402 ju-

873 2420 931 2443 stus
951 2416 979 2442 in
1004 2414 1165 2442 arundineto
1192 2413 1259 2440 sicut
1281 2414 1398 2440 scintilla
1416 2419 1427 2432 ε
1451 2412 1570 2447 effulget,
1588 2419 1655 2446 geu-

874 2466 969 2495 tesque
982 2459 1127 2494 judicabit.

908 2506 984 2535 XLII.
1001 2506 1066 2534 Cum
1081 2509 1171 2532 sancto
1185 2509 1292 2532 sanctus
1309 2505 1370 2532 eris.
1388 2504 1397 2523 ί
1417 2503 1460 2531 Uti
1482 2511 1578 2538 nempe
1604 2510 1653 2538 pro

878 2586 909 2614 Ρ.
936 2589 991 2618 990
1024 2583 1077 2611 EI).
1100 2582 1248 2611 POTTER.
1286 2582 1298 2601 τι
1321 2582 1405 2616 Apoc.
1422 2580 1500 2616 Petri
1527 2579 1649 2607 Revelat.

912 2707 967 2741 (61)
981 2707 1150 2742 Εὑχόμενος
1166 2705 1224 2741 ἤδη
1248 2705 1301 2732 τὸν·
1325 2707 1429 2738 ὺπερκ.
1445 2703 1542 2731 Nescio
1558 2711 1591 2742 an
1606 2710 1653 2730 ve-

875 2740 933 2770 rius
956 2740 1100 2778 εὑχόμενος
1118 2742 1176 2778 ᾔτει
1203 2741 1247 2768 τὴν
1270 2741 1367 2776 ὑπερκ.
1379 2747 1499 2775 precaris,
1517 2740 1618 2773 petebat
1636 2746 1652 2764 α

874 2786 931 2812 sup.
961 2777 1091 2805 Summe.
1154 2812 1158 2813 ν
1312 2811 1317 2813 _
1335 2810 1340 2813 _
1435 2809 1442 2813 _
1458 2809 1463 2813 _
1581 2808 1587 2813 _

907 2809 963 2848 '(62)
977 2814 1067 2846 Λόγῳ.
1082 2812 1244 2848 Ambiguum
1258 2816 1299 2840 est
1312 2810 1382 2845 λόγῳ
1393 2817 1427 2836 an
1435 2809 1521 2844 λόγων
1535 2809 1652 2842 δοτῑρκο

871 2849 907 2876 rit
917 2854 1022 2876 auctor.
1042 2849 1080 2875 In.
