1934 3075
279 125 330 153 719

851 127 1009 155 CLEMENS
1020 128 1298 157 ALEXANDRINUS.
1510 131 1513 144 '
1853 134 1894 161 7ἰο

280 185 369 212 laudis
396 192 452 212 sua:
484 185 599 217 ratione,
634 188 714 219 atque
729 192 761 213 ex
784 185 922 219 agnitione
950 191 1049 214 nostra.

1109 195 1155 213 σου
1177 187 1247 222 (65),
1266 188 1421 220 δεδόξασται
1435 188 1465 215 τὺ
1485 189 1569 224 ὄνομά
1595 198 1652 222 σου,
1670 191 1734 218 κατ’
1752 192 1894 226 ἐπίγνωςιν

282 230 352 258 Dens
379 231 560 266 glorittcetur;
590 230 716 257 similiter
743 238 776 258 ex
801 231 967 260 haereditatis
983 232 1056 267 jure.

282 276 329 305 Sic
345 285 452 312 quoque
466 277 568 303 dictum
582 276 657 308 illud,
667 276 727 303 vivit
742 276 876 307 Dominus,
889 276 1056 312 atqueillud,

281 325 395 351 surrexit
414 323 542 350 Dominus
559 329 584 351 ⁸.

314 369 404 396 XLIII.
421 369 537 404 Populus
547 377 621 404 quem
631 377 681 395 non
693 377 824 398 noveram.
838 369 942 396 servivit
956 368 1056 402 miltii;

278 424 327 451 per
341 418 533 442 testamentum
548 423 602 441 non
617 422 756 442 noveram.
770 414 835 441 Filii
855 414 946 446 alieni,
964 415 1011 450 qui
1025 422 1057 442 ea

277 469 337 497 quae
348 461 459 488 alterius
474 464 547 491 sunt,
561 460 680 487 aemulati
693 466 766 487 sunt.

311 506 403 534 XLIV.
438 505 615 540 Magniﬁcam
646 506 744 532 salutes
766 507 832 541 regis
849 507 916 540 ejus.
938 511 949 525 ε
969 504 1058 540 Reges

275 557 408 580 vocantur
425 559 519 579 omnes
535 551 638 583 ﬁdeles,
659 551 686 578 in
701 559 813 585 regnum
841 551 979 583 translati,
996 549 1057 586 qui-

275 606 329 633 que
343 597 463 625 Ineredes
480 597 564 624 futuri
577 601 652 624 sunt.

312 642 391 670 XLV.
410 643 542 670 Malorum
570 642 725 673 tolerantia,
754 642 869 670 dulcedo
892 642 1002 677 quidem
1014 645 1056 670 est

275 690 354 717 melle
370 689 473 723 major;
492 696 548 715 non
565 692 655 715 autem
678 696 731 723 qua
755 689 887 715 malorum
911 689 1055 715 tolerantia

274 738 326 765 est,
349 734 397 761 sed
412 734 517 761 ratione
532 732 637 760 fructus
653 732 788 768 ejusmodi
805 733 967 760 tolerantiae.
980 733 1055 766 Quo-

274 781 347 807 niam
373 780 466 815 itaque
493 779 638 806 continens
657 780 703 814 qui
720 783 772 811 est,
794 779 828 807 ab
845 779 985 807 all'ectibus
998 787 1054 807 non

274 830 316 853 est
331 825 592 860 prorsusimmunis,
609 829 701 861 utpote
716 825 762 860 qui
779 833 832 852 non
848 825 950 860 absque
962 825 1055 852 labore

1109 232 1197 266 ἡμῶν,
1213 232 1388 269 δοξαζομένου
1414 234 1460 260 τοῦ
1480 234 1547 260 Θεοῦ
1561 236 1631 262 κατά
1647 244 1678 262 τε
1700 237 1754 271 τὴν
1770 237 1892 273 κληρονο·

1111 275 1184 310 μίαν.
1209 277 1286 304 Οὕτω
1309 279 1356 304 καὶ
1380 279 1409 305 τὸ
1432 279 1473 314 Ζῇ
1501 281 1620 314 Κύριος,
1641 282 1689 308 καὶ
1716 283 1751 309 τὸ
1779 284 1893 318 Ἀνέστη

1108 323 1223 356 Κύριος.

1143 369 1207 394 Ml".
1225 369 1304 402 Λιιὸς
1318 369 1353 397 ὃν
1366 371 1420 397 οὐκ
1434 372 1538 406 ἔγνων,
1560 373 1727 401 caculam
1741 383 1797 409 μοι
1807 383 1814 390 ·
1830 376 1891 402 κατὰ

1108 412 1239 448 διαθήκην
1252 414 1302 441 οὐκ
1323 414 1418 449 ἔγνων.
1439 417 1497 443 Υἱοὶ
1513 417 1675 452 ἀλλότριοι,
1690 420 1726 446 τὰ
1747 419 1799 446 τοῦ
1819 420 1890 447 ἄλλον

1108 458 1155 484 καὶ
1168 458 1344 494 ἐζηλωκότες.

1143 504 1207 530 MA’.
1227 506 1408 540 Μεγαλύνων
1428 507 1481 541 τὰς
1498 509 1648 543 σωτηρίας
1670 509 1725 536 τοῦ
1743 511 1891 543 βασιλέως

1107 547 1211 574 αὐτοῦ.
1228 548 1351 581 Βασιλεῖς
1362 551 1461 583 πάντες
1478 552 1600 587 λέγονται
1615 554 1640 580 οἱ
1655 555 1748 581 πιστοὶ
1767 556 1811 587 εἰς
1822 555 1890 590 βαπ-

1107 592 1181 619 λείαν
1198 594 1268 621 κατὰ
1285 595 1466 631 κληρονομίαν
1481 606 1521 625 τε.

1141 638 1208 665 ΜΕ’.
1227 639 1258 666 Ἡ
1274 640 1449 676 μακροθυμία
1460 642 1597 679 γλυκύτης
1611 645 1686 672 ἐστὶν
1697 646 1769 681 ὑπὲρ
1778 646 1812 672 τὺ
1827 646 1889 681 μέλι.

1105 684 1154 719 οὐχ
1172 684 1211 710 ὅτι
1228 686 1285 712 ἐστὶ
1300 686 1482 722 μακροθυμία,
1496 687 1563 715 ἀλλὰ
1577 690 1646 717 κατὰ
1664 690 1711 717 τὸν
1724 691 1835 726 καρπὸν
1848 692 1890 726 τῆς

1107 729 1305 765 μακροθυμίας.
1324 731 1398 758 Ἐπεὶ
1418 730 1463 758 οὖν
1481 734 1495 759 ὁ
1511 733 1647 770 ἐγκρατής
1671 736 1750 762 ἐστιν
1769 736 1889 771 ἀπαθὴς,

1106 774 1212 809 κρατῶν
1227 775 1276 802 οὐκ
1296 776 1403 808 ἀπόνως
1418 776 1472 803 τῶν
1492 777 1600 805 παθῶν
1619 780 1681 807 ὅταν
1699 780 1728 806 δὲ
1745 780 1804 812 ἕξις
1817 782 1890 815 γένη-

1105 829 1161 851 ται,
1174 821 1223 847 οὐκ
1246 821 1285 847 ἔτι
1301 823 1452 858 ἐγκρατὴς,
1469 825 1500 849 ἐν
1517 825 1567 859 μιᾷ
1587 824 1641 858 ἕξει
1656 826 1704 852 καὶ
1721 826 1794 861 ἁγίῳ
1812 827 1890 852 11νεὺ-

274 879 289 899 a
304 872 478 906 passionibus
501 872 648 899 contineat.
666 872 732 900 Cum
758 880 823 900 vero
843 873 908 900 insit
934 872 1049 904 habitus.

1108 873 1171 899 ματι
1185 866 1329 901 γενομένου
1343 866 1390 893 τοῦ
1402 866 1553 902 ἀνθρώπου.

273 915 344 942 haud
362 915 478 949 amplius
494 915 638 943 continens
657 919 709 947 est,
729 915 801 950 quod
829 917 856 943 in
884 923 939 943 uno
961 915 1053 942 habitu

273 966 299 989 ct
312 961 415 996 Spiritu
434 965 529 989 sancto
542 961 624 989 homo
638 969 710 988 nunc
725 963 770 989 sit.

307 1014 398 1044 XLVI.
417 1016 534 1052 Spiritus
559 1022 700 1049 vocantur,
718 1025 778 1052 qum
799 1018 825 1045 in
843 1019 932 1045 anima
949 1019 1054 1053 passio.

273 1072 322 1092 nes
338 1068 414 1096 sunt,
428 1071 482 1091 non
495 1067 583 1091 autem
601 1064 714 1099 spiritus
730 1068 865 1099 potentes,
876 1065 976 1100 quippe
990 1068 1055 1092 tunc

272 1109 352 1136 homo
367 1109 412 1144 qui
427 1108 469 1136 his
480 1112 553 1136 esset
568 1109 703 1137 obnoxius
717 1110 870 1137 daemonum
888 1110 957 1145 legio
974 1110 1053 1143 foret,

272 1155 319 1182 sed
328 1159 439 1190 propter
454 1155 668 1190 suggestionem.
683 1154 782 1183 Eadem
798 1156 871 1183 enim
886 1157 986 1188 anima,
997 1164 1054 1183 mu-

273 1202 373 1228 tatione
388 1200 516 1236 quadam,
533 1201 600 1228 alias
614 1205 696 1236 atque
722 1201 790 1229 alias
814 1202 960 1236 qualitates
987 1203 1051 1230 dum

271 1248 395 1282 recipiat.
412 1247 525 1282 spiritus
541 1251 607 1275 tunc
621 1249 742 1283 recipere
751 1249 862 1276 dicitur.

306 1291 410 1321 XLVII.
428 1292 508 1321 Ratio
519 1301 534 1320 a
547 1298 674 1321 creatura
684 1294 824 1322 discedere
836 1302 886 1322 nos
900 1302 953 1322 non
964 1294 1052 1329 jubet,

271 1340 318 1367 sed
341 1340 381 1367 uti
401 1340 475 1366 nulla
499 1341 658 1375 passionum
685 1340 819 1375 pravitate
837 1348 899 1368 cum
926 1341 971 1367 illa
999 1349 1052 1368 una

269 1392 443 1412 versarentur
456 1393 462 1411 ε
482 1391 600 1419 cumque
612 1384 715 1418 aliquid
730 1383 871 1416 acciderit,
893 1389 922 1411 ut
937 1384 1052 1411 moleste

269 1435 323 1455 non
342 1428 474 1459 feramus,
488 1435 538 1455 nec
561 1429 769 1460 contristemur,
793 1436 881 1462 neque
895 1428 1052 1463 possidendi

271 1474 408 1502 desiderio
433 1474 519 1501 simus
547 1474 662 1509 abrepti.
689 1473 757 1501 Cum
779 1474 814 1501 ab
838 1473 935 1501 allectn
962 1482 1051 1502 rerum

1140 1009 1213 1042 MCT.
1232 1009 1376 1045 Πνεύματα
1391 1011 1496 1045 λέγεται
1512 1012 1545 1039 τὰ
1561 1013 1634 1049 πάθη
1648 1014 1683 1042 τὰ
1699 1017 1728 1041 ὲν
1745 1018 1777 1052 τῇ
1804 1017 1885 1054 ψδχῇ,

1105 1056 1154 1082 οὐκ
1168 1055 1290 1089 ἐξουσίας
1307 1056 1459 1093 πνεύματα,
1475 1059 1536 1085 ἐπεὶ
1550 1059 1625 1086 ἔσται
1642 1061 1770 1098 ἐμπαθὴς
1789 1063 1887 1099 ἄνθρω-

1106 1109 1154 1132 πος
1172 1100 1271 1136 λεγεὼν
1296 1102 1446 1138 δαιμόνων’
1463 1104 1530 1130 ἀλλὰ
1550 1105 1620 1131 κατὰ
1641 1106 1690 1142 τὴν
1722 1111 1885 1144 προτροπήν.

1110 1147 1141 1172 Ἡ
1167 1147 1221 1183 γὰρ
1246 1148 1313 1183 αὐτὴ
1339 1148 1427 1184 ψυχὴ,
1453 1150 1523 1176 κατὰ
1554 1152 1705 1186 μεταϐολὰς
1730 1154 1816 1187 ἄλλας
1844 1164 1885 1182 και

1104 1192 1185 1225 ἄλλας
1200 1194 1342 1228 ποιότητας
1359 1195 1458 1227 κακίας
1474 1196 1669 1234 ἀναδεχομένη,
1685 1199 1829 1235 πνεύματα
1847 1201 1886 1228 λέ.

1103 1247 1179 1273 ¹γεται
1192 1239 1374 1274 ἀνειληφέναι.

1138 1286 1202 1311 ΜΖ¹.
1228 1286 1256 1311 ’0
1276 1286 1352 1319 λόγος
1373 1286 1423 1321 τῆς
1450 1287 1563 1320 κτίσεως
1589 1288 1649 1325 (64)
1674 1290 1839 1324 ἀφίστασθαι
1857 1293 1886 1319 οὐ

1103 1330 1220 1362 κελεύει,
1240 1331 1296 1357 ἀλλ’
1322 1332 1504 1367 ἀπροσπαθῶς
1532 1333 1689 1361 διοικεῖσθαι
1711 1335 1760 1370 τὴν
1782 1337 1883 1363 κτίσιν·

1103 1376 1302 1411 ἐπισυμϐάντος
1316 1377 1344 1403 δέ
1359 1386 1441 1411 τινος,
1458 1378 1495 1413 μὴ
1517 1378 1689 1412 ἀγανακτεῖν,
1710 1381 1779 1417 μηδὲ.
1795 1382 1885 1408 λυπεῖ-

1103 1423 1180 1455 σθαι,
1196 1425 1264 1460 μηδὲ
1280 1425 1422 1460 ἐπιθυμεῖν
1444 1427 1612 1462 κτήσασθαι·
1630 1429 1679 1464 τῆς
1694 1430 1723 1456 ἐν
1737 1430 1818 1458 πάθει
1836 1441 1884 1458 πα-

1103 1470 1259 1506 ρακτήσεως
1278 1471 1442 1506 ἀφίπτασθαι
1465 1473 1571 1500 κελεύει
1588 1475 1634 1501 καὶ
1655 1477 1745 1511 πάσης
1766 1486 1884 1513 προσπα-

268 1521 454 1555 pnssessione,
483 1521 613 1556 omnique
643 1520 756 1548 libidine
785 1520 925 1548 discedere
956 1521 1049 1555 jubcat

1108 1516 1185 1548 islag,
1200 1517 1217 1552 ὴ
1238 1516 1296 1544 θεία
1316 1518 1432 1553 Πρόνοια
1452 1520 1616 1555 ἀναστρέφει
1637 1521 1684 1547 ἐπὶ
1705 1522 1803 1557 μόνους
1825 1524 1885 1555 tot;

268 1565 442 1592 Providentia
459 1565 561 1596 divina,
582 1564 610 1591 in
626 1571 674 1592 eos
699 1565 772 1592 solos
791 1571 944 1592 sermonem
959 1565 1049 1597 vertit,

267 1613 312 1647 qni
325 1613 356 1638 in
373 1619 456 1639 carne
471 1614 625 1639 versantur.

302 1656 421 1684 XLVIII.
439 1656 514 1683 Illico
530 1655 628 1684 Petrus
641 1657 667 1683 in
686 1656 848 1692 Apocalypsi
864 1656 941 1687 dicit,
957 1656 1050 1684 infan-

267 1708 309 1730 tes
323 1702 474 1734 abortivus,
491 1705 606 1730 conatus
623 1710 655 1729 ac
670 1703 754 1730 sortis
769 1710 830 1730 esse
849 1703 979 1736 melioris,
999 1703 1049 1731 bos

267 1748 361 1782 angelo
374 1747 458 1774 tutori
479 1747 562 1780 tradi,
589 1751 618 1774 ut
641 1747 763 1775 scientiae
781 1748 923 1782 praeceptis
940 1748 1047 1781 imbuti,

267 1793 459 1821 habitationem
475 1794 672 1820 nanciscantur
688 1794 839 1826 meliorem,
856 1795 950 1822 eadem
974 1803 1049 1822 nem-

266 1847 299 1874 pe
318 1839 402 1874 passi,
420 1846 480 1873 quae
501 1839 524 1866 si
545 1839 572 1865 in
594 1846 708 1874 corpore
723 1840 822 1867 versati
849 1839 978 1872 fuissent,
999 1849 1049 1876 pa-

265 1887 405 1916 terentur;
418 1883 515 1918 reliqui
528 1890 603 1914 vero,
622 1883 717 1917 salutis
735 1886 841 1910 tantum
857 1883 920 1910 lient
940 1884 1049 1919 partici-

265 1936 323 1964 pes,
341 1928 418 1963 quasi
428 1927 556 1962 injuriam
569 1927 653 1962 passi,
669 1927 885 1955 misericordiam
895 1929 1046 1960 consecuti,

264 1982 295 2000 ac
313 1977 422 2000 manent
433 1973 493 2001 sine
505 1972 639 2004 cruciatu,
660 1972 763 2007 praemii
786 1973 845 2000 loco
866 1973 918 2000 hoc
936 1974 1045 2009 quidem

264 2023 444 2054 repoﬂantes.

298 2065 391 2092 XLIX.
420 2065 563 2092 Mulierum
580 2068 671 2091 autem
699 2065 740 2091 lac
760 2065 884 2092 dcllnens
905 2074 936 2093 ex
958 2066 1047 2093 uberi-

262 2112 314 2139 bus
336 2119 368 2138 ac
377 2115 548 2141 concretum,
568 2110 657 2144 inquit
671 2109 769 2138 Petrus
790 2111 816 2138 iu
829 2113 1043 2148 *Apocalypsi,

262 2157 364 2185 beStias
380 2164 477 2192 parvas
494 2164 526 2182 ac
539 2156 698 2183 carnivoras
714 2156 799 2190 pariet
811 2176 819 2186 .
849 2160 875 2183 ct
895 2157 921 2183 in
941 2165 989 2185 eas
1006 2165 1046 2185 re-

1102 1564 1131 1590 ὲν
1145 1565 1226 1600 σαρκί
1241 1564 1307 1600 (65).

1135 1653 1205 1679 MH’.
1222 1652 1324 1680 Αὐτίκα
1337 1654 1351 1680 ὁ
1367 1654 1469 1690 Πέτρος
1488 1656 1516 1682 ὲν
1532 1657 1564 1692 τῇ
1593 1656 1774 1691 Ἀποκαλύψει
1791 1658 1882 1692 φησὶν,

1100 1699 1133 1725 τὰ
1157 1698 1244 1733 βρέφη
1273 1699 1499 1734 ὲξαμόλωθέντα,
1524 1701 1572 1736 τῆς
1604 1702 1744 1737 ἀμείνονος
1770 1703 1883 1738 ἐσόμενα

1100 1743 1197 1779 πείρας
1210 1744 1276 1778 (66),
1291 1744 1376 1771 ταῦτα
1391 1746 1499 1781 ἀγγέλῳ
1512 1748 1669 1783 τημελούχῳ
1681 1748 1881 1784 παραδίδοσθαι,

1099 1789 1153 1821 ἵνα,
1168 1789 1293 1824 γνώσεως
1310 1791 1505 1825 μεταλαϐόντα,
1524 1793 1574 1828 τῆς
1593 1793 1732 1828 ἀμείνονος
1751 1794 1820 1830 τύχῃ
1842 1803 1882 1829 po

1098 1834 1156 1869 γῆς,
1174 1835 1293 1862 παθόντα
1309 1835 1326 1862 ἃ
1343 1836 1375 1862 ἂν
1393 1837 1492 1864 ἔπαθεν
1507 1839 1552 1865 καὶ
1567 1839 1595 1865 ὲν
1614 1838 1719 1874 σώματι
1735 1840 1879 1874 γενόμενα·

1098 1881 1132 1906 τὰ
1148 1880 1170 1906 δ’
1185 1880 1264 1916 ἕτερα
1282 1881 1365 1916 μόνης
1390 1882 1440 1916 τῆς
1463 1883 1598 1918 σωτηρίας
1614 1883 1752 1916 τεύξεται,
1768 1885 1806 1917 ὡς
1829 1885 1881 1918 ἠδι-

1098 1926 1202 1961 κημένα
1226 1926 1383 1962 ὲλεηοέντα,
1402 1929 1449 1955 καὶ
1468 1929 1543 1965 μένει
1565 1929 1628 1956 ἄνευ
1645 1929 1790 1961 κολάσεως,
1807 1931 1881 1956 τοῦτο

1097 1971 1179 2008 γέρας
1195 1972 1320 2000 λαϐόντα.

1132 2059 1198 2086 MO’.
1212 2060 1248 2086 Τὸ
1263 2059 1291 2086 δὲ
1316 2060 1386 2094 γάλα
1412 2060 1464 2087 τῶν
1489 2061 1636 2095 γυναικῶν.
1663 2061 1726 2097 ῥέον
1751 2062 1806 2088 ἀπὸ
1829 2062 1879 2088 τῶν

1098 2105 1207 2141 μαστῶν
1233 2105 1280 2131 καὶ
1307 2105 1494 2141 πηγνύμενον,
1519 2107 1601 2142 φησὶν
1627 2107 1640 2133 ὁ
1662 2107 1766 2143 Πέτρος
1790 2109 1822 2133 ὲν
1847 2109 1878 2141 τῇ

1102 2150 1299 2185 ’Λποκαλύψεμ
1325 2154 1448 2186 γεννήσει
1474 2151 1555 2187 θηρία
1585 2151 1669 2179 λεπτὰ
1701 2153 1877 2187 σαρκοφάγα,

261 2202 410 2234 currentia,
436 2201 620 2234 devorabunt;
643 2201 773 2228 nimirum
797 2206 906 2236 propter
933 2208 1044 2238 peccata

1108 2197 1143 2222 εαὶ
1158 2197 1341 2232 ἀνατρέχοντα
1355 2198 1394 2228 εἱς
1407 2197 1500 2229 αὑτὰς,
1516 2197 1664 2228 κατεσθίει.
1679 2198 1723 2224 διὰ
1737 2199 1878 2234 τὰςὰμαρ-

261 2248 369 2276 venisse
383 2255 477 2282 pmuas
500 2247 667 2280 erudiendo;
682 2254 715 2273 ex
741 2247 860 2282 peccatis
883 2249 958 2275 nasci
983 2249 1042 2276 illas

1108 2241 1155 2272 ria;
1183 2241 1306 2275 γίνεσθαι
1338 2241 1388 2273 τὰς
1425 2241 1548 2273 κολάσεις
1580 2242 1722 2270 διδάσκων.
1748 2244 1797 2271 Ἐκ
1827 2245 1877 2270 τῶν

261 2294 337 2324 dicit.
358 2293 439 2320 sicuti
454 2297 563 2328 propter
585 2296 695 2328 peccata
717 2293 886 2322 venundatus
902 2298 943 2321 est
959 2302 1044 2329 popu-

261 2341 323 2373 lus;
342 2340 468 2374 quodque
485 2339 511 2366 in
525 2339 663 2366 Christum
680 2339 791 2366 credere
807 2339 902 2372 noluit,
919 2341 958 2367 uti
977 2340 1043 2368 dicit

261 2386 416 2420 Apostolus,
431 2393 446 2411 a
461 2385 633 2420 serpentibus
650 2385 834 2412 muniebatur.

294 2466 326 2494 L.
352 2466 424 2494 Dixtt
448 2467 560 2502 quidam
585 2475 679 2499 senex,
707 2467 808 2494 animal
834 2474 895 2494 esse
919 2467 991 2502 quod
1010 2467 1038 2494 in

329 2549 342 2564 ⁸
363 2544 429 2572 Luc.
446 2553 519 2577 χειν,
534 2545 577 2572 54.
617 2545 631 2564 ι)
650 2544 722 2573 Psal.
740 2552 807 2576 xvn,
823 2545 868 2572 45.
908 2550 919 2564 ε
938 2544 1006 2572 Ibid.
1022 2544 1067 2572 5i.

293 2621 349 2656 (6'5)
376 2621 455 2648 κατὰ
474 2620 559 2648 αἷνόν
572 2629 638 2648 σου.
654 2623 686 2649 Α.
705 2622 847 2656 legendum
868 2622 1035 2656 suspicatur,

258 2657 329 2683 καθὰ
346 2657 385 2688 εἰς
403 2657 501 2688 αἰῶνας
517 2656 670 2689 δεδόξασται
689 2666 695 2672 ·
720 2657 804 2684 allndi
819 2656 890 2683 enim
903 2658 935 2683 ad
949 2657 1038 2683 locum

258 2692 303 2726 qui
323 2695 364 2718 est
391 2691 454 2726 Sap.
480 2699 519 2718 lll.
545 2691 573 2718 In
592 2691 664 2719 Flor.
685 2692 750 2720 edit.
765 2696 891 2726 corrupte
906 2693 1039 2726 scriptum

257 2727 328 2752 κατὰ
345 2727 482 2753 αἰνονόσω.
501 2726 632 2754 SI’LBURG.

293 2761 349 2796 (64)
379 2761 436 2794 Τῆς
458 2762 592 2794 κτίσεως.
609 2761 706 2796 Aptius
722 2761 772 2796 τῆς
787 2762 923 2796 κτήσεως,
949 2761 1039 2796 acqui—

257 2798 350 2823 ailinne
363 2801 387 2823 et
405 2798 565 2830 possessione
585 2797 711 2822 bonorum
733 2805 741 2822 :
761 2797 878 2831 itemque
904 2805 966 2824 mox
989 2796 1037 2830 τὴν

257 2834 368 2865 κῖῇοιν·
387 2837 412 2859 ut
428 2833 565 2859 declarant
581 2832 731 2865 quucntia.
747 2831 782 2858 ID.

1095 2286 1237 2322 ἁμαρτιῶν
1273 2286 1417 2320 γεννᾶσθαι
1443 2287 1527 2319 αὑτά-ς
1563 2297 1658 2323 φησιν,
1688 2289 1726 2321 ὡς
1760 2289 1805 2317 διὰ
1832 2291 1877 2320 τὰς

1094 2331 1229 2367 ἁμαρτίας
1245 2331 1351 2368 ἐπράθη
1367 2333 1381 2358 ὁ
1402 2332 1481 2364 λαός·
1504 2333 1551 2359 καὶ
1573 2332 1618 2359 διὰ
1638 2334 1687 2369 τὴν
1702 2336 1742 2366 εἰς
1763 2336 1875 2371 Χριστὸν

1093 2376 1235 2408 ἀπιστίαν,
1252 2376 1291 2407 ὡς
1308 2378 1391 2412 φησὶν
1406 2378 1419 2403 ὁ
1439 2377 1598 2410 ’Δπόστολος
1609 2398 1616 2410 ,
1635 2379 1688 2405 ὑπὸ
1705 2380 1760 2407 τῶν
1792 2381 1874 2415 ὄφεων

1092 2421 1243 2449 ὲδάκνοντο.

1126 2468 1166 2494 N'.
1177 2468 1272 2502 Ἔλεγε
1287 2469 1440 2504 πρεσϐύτης
1458 2469 1526 2502 ζῶον
1542 2467 1612 2497 εἶναι
1624 2471 1654 2497 τὸ
1668 2471 1739 2498 κατὰ
1750 2473 1871 2508 γαστρός

1108 2547 1137 2576 ἦ(
1158 2544 1189 2573 Ρ.
1216 2551 1266 2579 991
1298 2545 1352 2573 ΕΒ.
1368 2545 1515 2574 POTTER.

1126 2621 1181 2660 (65)
1217 2622 1408 2660 ’ᾼναατρέφει
1426 2623 1481 2660 (ἐπὶ
1493 2624 1607 2660 μόνους
1622 2625 1693 2658 τοὺς
1716 2626 1752 2652 ἐν
1774 2626 1868 2660 σαρκί.

1089 2655 1176 2684 Paulo
1189 2657 1285 2684 melius
1296 2655 1407 2695 ανασξτρ.
1424 2658 1463 2684 ἔτι
1483 2655 1612 2694 μένοντας
1631 2661 1659 2686 ὲν
1681 2655 1774 2695 σαρκί,
1791 2655 1869 2688 adhuc

1087 2696 1278 2731 commorunt“
1305 2693 1332 2719 in
1358 2693 1406 2731 (tuo
1424 2701 1517 2731 Δεανιιε
1542 2702 1551 2720 :
1573 2698 1608 2731 ut
1635 2693 1802 2731 ἀναστρέφει
1826 2696 1869 2730 τῆς

1088 2726 1271 2760 προσπαοείας
1285 2735 1332 2761 per
1344 2728 1450 2762 ellipsin
1471 2729 1673 2762 prmpositionis
1691 2726 1745 2757 ἁτὲό
1761 2726 1867 2759 ἀἰειυὼ

1086 2764 1139 2792 sit,
1155 2766 1180 2788 ut
1203 2762 1267 2788 alibi
1284 2762 1422 2789 ἀνακαλεῖ.
1440 2763 1570 2790 SYLBUIIG.
1753 2764 1756 2767 “

1086 2830 1112 2856 ID
1121 2796 1177 2832 (66)
1205 2797 1322 2831 Πείρας.
1337 2797 1397 2826 Non
1411 2798 1481 2826 male
1500 2805 1562 2826 cum
1575 2797 1608 2826 II.
1623 2801 1745 2835 legemus
1762 2801 1863 2837 μοίρας.

1097 2838 1124 2858 D.
