1934 3075
47 153 90 180 ῚΞῚ

373 152 485 180 DUBIA.
504 168 539 174 —
557 152 705 181 ECLOGA;
726 153 773 181 EX
789 153 995 182 SCRIPTURIS
1011 152 1251 181 PROPIIETlClS.

1610 153 1661 179 ’ῖΞῖ

46 211 176 238 εἰσιοῦσαν
193 211 247 248 γὰρ
268 211 316 247 τὴν
340 211 427 248 ψυχὴν
451 213 489 244 εἰς
514 212 563 247 τὴν
582 214 687 249 μήτραν
710 213 763 240 ἀπὺ
777 214 826 249 τῆς

887 218 971 242 ιθῐιῑτθ
998 215 1143 250 reperitur.
1161 214 1312 250 lngressam
1331 213 1403 240 enim
1427 213 1545 240 animam
1560 211 1588 238 in
1605 220 1662 238 lna-

47 257 198 293 καθάρσεως
209 258 427 294 ηὑτρεπισμένην
448 260 486 290 είς
500 259 641 294 σύλληψιν,
653 260 698 286 καὶ
721 261 825 296 εἰσκρι-

47 305 132 330 θείςαν
146 304 199 330 ὑπό
207 313 278 335 τινος
291 304 345 331 τῶν
354 306 387 339 τῇ
403 305 508 339 γενέσει
522 305 678 340 ἐφεστώτων
694 306 825 340 ἀγγέλων,

48 349 296 385 παραγινώσκοντος
312 350 357 377 τὸν
378 351 473 386 καιρὸν
490 351 539 386 τῆς
556 352 726 387 συλλήψεως,
745 354 828 379 κινεῖν

48 396 110 431 πρὸς
126 396 268 423 συνουσίαν
282 396 330 431 τὴν
344 398 470 430 γυναῖκα.
493 397 716 433 Καταϐληθέντος
728 398 756 424 δὲ
782 399 827 424 τοῦ

50 441 208 477 σπέρματος,
224 442 262 474 ὡς
278 443 375 474 εἰπεῖν,
394 443 587 475 ἐξοικειοῦσθαι
599 444 629 471 τὸ
646 446 674 470 ὲν
688 445 726 480 τῷ
745 445 827 480 σπέρ-

51 497 109 523 ματι
123 487 241 524 πνεῦμα,
255 489 302 516 καὶ
321 489 392 516 οὕτω
418 490 653 526 συλλαμϐάνεσθαι
671 492 702 526 τῇ
721 491 826 518 πλάσει.

49 534 198 570 Μαρτύριον
224 535 363 570 ὠνόμασεν
382 537 473 567 πᾶσιν,
493 537 611 573 ὁπηνίκα
635 538 667 564 ἂν
687 537 828 572 εὐαγγελί-

50 581 140 612 ζωνται
153 582 177 607 οἱ
194 581 306 615 ἄγγελοι
328 583 376 613 τὰς
397 582 516 618 στείρας,
532 581 587 609 οἷον
612 584 829 619 προεισπρίνουσι

49 625 95 660 τῆς
105 625 260 661 συλλήψεως
265 626 313 658 τὰς
323 626 419 661 ψυχάς·
430 627 476 654 καὶ
485 627 513 652 ἐν
520 627 722 662 τῷΕὐαγγελίῳ
728 626 759 653 τὸ
764 625 831 659 ,βρέ-

49 674 154 707 ροςὲσκ
164 675 321 709 ρτησενὼς
332 671 453 708 ἔμψυχον
470 672 534 708 (67)’
555 673 601 700 καὶ
619 675 646 700 αἱ
663 675 766 709 στεῖραι
787 673 830 699 διὰ

50 715 122 742 τοῦτό
134 717 185 742 alat
210 719 327 753 στεῖραι,
347 718 383 750 ὡς
397 718 429 745 ἂν
447 719 483 754 μὴ
503 720 709 755 εἰσκρινομένης
722 720 769 754 τῆς
783 719 831 755 τὴν

51 762 92 788 τοῦ
116 763 271 798 σπέρματος
296 764 446 800 καταϐολὴν
471 765 637 801 συναγούσης
659 767 697 798 εἰς
714 765 830 801 κατοχὴν

53 809 200 844 συλλήψεως
213 811 261 837 καὶ
280 812 441 847 γεννήσεως.

83 941 140 967 NA’.
158 943 190 968 Ol
201 941 325 975 οὐρανοί
339 941 392 977 (68)
410 941 581 978 διηγοῦνται
597 943 689 976 δόξαν
703 945 786 972 Θεοῦ.
799 946 830 971 Οἱ

52 987 151 1022 οὐρανοὶ
173 987 301 1021 λέγονται
328 988 480 1024 πολλαχῶς,
506 991 553 1018 καὶ
566 991 590 1016 οἱ
613 991 682 1018 κατὰ
697 991 831 1026 διάστημα

52 1034 92 1060 καὶ
105 1034 235 1069 περίοδον,
261 1034 310 1060 καὶ
324 1034 348 1060 οἱ
364 1035 433 1061 κατὰ
449 1035 580 1071 διαθήκην
603 1036 656 1063 τῶν
683 1035 832 1072 πρωτοκτί-

53 1087 115 1105 arma
135 1079 259 1113 ἀγγέλων
280 1079 404 1116 ἐνέργεια
424 1082 562 1116 προσεχής
580 1082 644 1117 (69)’
665 1082 832 1118 κυριωτέραν

53 1125 100 1160 γὰρ
114 1125 264 1161 παρουσίαν
278 1125 401 1160 ἀγγέλων
417 1127 445 1153 αἱ
463 1126 590 1162 διαθῆκαι
605 1127 832 1164 ὲνήργησανβθ).

53 1171 121 1204 ήὲπὶ
136 1171 229 1206 Ἀδὰμ,
248 1171 266 1206 ὴ
277 1172 323 1198 ἐπὶ
337 1171 409 1202 Νῶε,
423 1172 440 1207 ἡ
454 1172 501 1199 ἐπὶ
522 1172 681 1208 Ἀϐραὰμ,ἡ
696 1173 742 1199 ἐπὶ
753 1174 834 1200 Μωῠ-

54 1216 122 1249 σέως.
137 1217 186 1244 Διὰ
199 1217 255 1253 γὰρ
271 1217 320 1244 τοῦ
335 1217 438 1253 Κυρίου
457 1218 614 1254 κινηθέντες
637 1219 832 1254 πρωτόκτιστοι

53 1266 160 1300 ἄγγελοι,
168 1268 302 1302 ἐνήργουν
318 1269 357 1300 είς
370 1267 434 1299 τοὺς
450 1269 593 1302 προσεχεῖς
606 1269 662 1299 τοῖς
683 1267 834 1301 προφήταις

53 1312 183 1346 ἀγγέλους,
202 1313 352 1348 ἡγούμενοι
366 1314 444 1347 δόξαν
454 1313 588 1345 Θεοῧ,τὰς
601 1313 742 1348 διαθήκας.
756 1313 834 1339 Ἀλλὰ

53 1359 94 1384 καὶ
109 1359 141 1385 τὰ
160 1360 230 1386 κατὰ
245 1360 296 1396 τὴν
315 1361 367 1395 γῆν
386 1361 517 1396 γενόμενα
533 1361 578 1386 ὑπ’
594 1359 716 1394 ἀγγέλων
724 1359 767 1386 διὰ
782 1359 834 1385 τῶν

53 1406 252 1440 πρωτοκτίστων
271 1407 393 1441 ἀγγέλων
409 1407 532 1441 ἐγένοντο
545 1406 584 1438 εἰς
593 1405 671 1439 δόξαν
684 1405 761 1431 Θεοῦ.

83 1505 141 1532 ΝΒ’.
167 1506 324 1534 Καλοῦνται
338 1506 366 1533 δὲ
380 1507 489 1542 οὐρανοὶ
503 1506 605 1542 κυρίως
622 1506 671 1542 μὲν
685 1507 700 1533 ὀ
724 1505 834 1540 Κύριος,

53 1550 139 1578 ἔπειτα
158 1551 185 1578 δὲ
203 1553 251 1579 καὶ
267 1553 293 1579 οἱ
309 1552 515 1588 πρωτόκτιστοι.
531 1552 589 1588 μεθ’
603 1552 650 1584 οὒς
664 1551 710 1579 καὶ
722 1553 746 1578 οἱ
763 1552 834 1586 ἆγιοι
848 1571 870 1599 c

53 1597 99 1632 προ
112 1597 191 1633 νόμου
205 1599 356 1634 ἄνθρωποι,
372 1598 410 1630 ὡς
425 1599 449 1625 οἱ
473 1598 640 1634 πατριάρχαι
651 1599 698 1625 καὶ
717 1598 835 1634 Μωῡσῆς

54 1644 95 1670 καὶ
109 1645 132 1670 oi
148 1645 297 1680 προφῆται-
309 1643 369 1671 εἶτα
387 1645 434 1672 καὶ
447 1646 471 1671 οἱ
487 1644 638 1672 ἀπόστολοι.
654 1645 781 1678 Ποίησιν
801 1644 836 1670 δὲ

53 1689 152 1724 χειρῶν
166 1690 261 1717 αὐτοῦ
281 1690 458 1726 ἀναγγέλλει
475 1691 507 1718 τὸ
519 1692 679 1725 στερέωμα.
690 1691 836 1726 Στερέωμα

52 1736 118 1771 λέγει
129 1739 173 1765 τὸν
189 1739 256 1766 Θεὸν
279 1740 324 1766 τὸν
343 1740 434 1775 ἀπσθῆ
449 1741 495 1767 καὶ
522 1740 717 1775 ἀμετάϐλητον,
736 1741 773 1772 ὡς
789 1741 837 1766 καὶ

52 1782 148 1819 ἀλλαχῆ
163 1785 177 1811 ὁ
191 1786 274 1817 αὐτὸς
283 1785 374 1817 Δαϐὶδ,
389 1783 541 1821 Ἀταπήσω
549 1793 595 1818 σε,
609 1787 706 1821 Κύριε,
719 1788 737 1820 ἡ
746 1787 836 1822 ὶσχύς

50 1837 112 1862 μου.
129 1832 236 1865 Κύριος
253 1831 405 1866 στερέωμα
425 1841 495 1866 μου,
523 1833 573 1859 καὶ
596 1833 750 1867 καταφυγή
766 1842 834 1867 μου.

53 1875 102 1911 Τὴν
111 1876 216 1912 ποίησιν
230 1875 279 1904 οὖν
296 1877 348 1904 τῶν
359 1878 456 1913 χειρῶν
467 1878 549 1905 αὑτοῦ
567 1878 632 1905 αὐτὸ
646 1879 676 1905 τὸ
694 1879 836 1915 στερέωμα

53 1920 211 1955 ἀναγγέλλει,
222 1922 364 1949 τουτέστιν
378 1923 496 1949 δείκνυσι
509 1923 557 1950 καὶ
570 1923 715 1960 φαίνειτὴν
727 1923 835 1960 ποίησιν

52 1966 101 1993 τῶν
112 1968 231 2002 ἀγγέλων
245 1968 340 1995 αὐτοῦ·
355 1969 514 2004 ἀναγγέλλει
525 1969 579 2006 γὰρ
590 1970 637 1997 καὶ
648 1970 782 1997 δείκνυσιν
790 1970 836 2002 οὓς

54 2013 182 2049 ἐποίησεν.

85 2113 141 2140 Nl".
169 2113 279 2148 Ἡμέρα
302 2112 339 2147 τῇ
366 2114 459 2149 ἡμέρᾳ
472 2115 622 2149 ἐρεύγεται
633 2115 725 2149 ῥῆμα.
751 2116 794 2147 Ὡς
812 2117 836 2143 οι

53 2158 151 2194 οὐρανοὶ
168 2159 324 2195 πολλαχῶς,
340 2159 425 2191 οὕτως
445 2161 493 2187 καὶ
508 2161 524 2196 ἡ
539 2161 638 2196 ἡμέρα.
661 2161 751 2197 Ῥἦμα
767 2161 794 2188 δὲ
822 2162 836 2188 ὁ

53 2204 154 2239 Κύριος·
171 2206 217 2232 καὶ
230 2207 244 2232 ὁ
264 2205 346 2237 αὐτὸς
362 2205 390 2232 δὲ
408 2206 499 2241 ἡμέρα
513 2206 634 2242 πολλαχῆ
649 2206 765 2242 εἴρηται.
779 2207 834 2234 Καὶ

880 261 975 288 tricem
992 269 1041 296 per
1053 260 1275 288 emnndationem
1292 259 1325 286 ad
1352 259 1435 287 fctum
1451 258 1661 294 concipiendum

879 307 947 334 bene
972 313 1163 342 prmparatam.
1179 310 1260 341 atque
1283 306 1318 333 ab
1339 306 1496 340 angelorum
1511 304 1602 339 aliquo
1616 303 1663 338 qui

879 353 1019 380 hominum
1032 352 1199 388 generationi
1216 355 1338 388 praesunt
1354 351 1483 382 infusam,
1499 350 1546 385 qui
1560 354 1587 377 et
1599 357 1665 376 cou-

878 399 1014 434 ceptionis
1028 399 1259 434 opportunitatem
1274 398 1475 432 articulumque
1495 396 1597 431 optime
1618 404 1665 422 co-

879 445 1014 481 gnoverit,
1034 452 1143 472 movere
1165 446 1197 472 ad
1221 444 1310 471 mariti
1324 444 1483 478 complexus
1499 442 1639 469 mulierem
1655 449 1663 467 :

880 491 984 519 semine
1000 499 1064 519 vero
1081 491 1236 523 commisto,
1256 494 1286 517 ut
1301 491 1337 516 ita
1360 490 1466 524 loquar,
1483 489 1597 523 spiritus
1618 487 1663 522 qui

879 538 989 572 quidem
1015 538 1041 564 in
1071 537 1176 564 semine
1192 540 1245 568 est,
1263 537 1350 564 amice
1366 535 1555 571 conjungitur,
1568 535 1664 568 sicque

881 591 929 618 per
954 582 1146 610 formationem
1170 583 1289 617 concipi.
1320 582 1455 609 Omnibus
1484 583 1524 609 rei
1549 581 1665 615 hujusce

881 629 1070 656 testimonium
1088 627 1236 663 perhibuit,
1257 636 1319 655 cum
1337 628 1449 663 angelos
1465 628 1509 659 iis,
1531 635 1591 662 qua:
1606 631 1664 655 stc-

881 673 946 701 riles
960 677 1024 701 sunt
1039 673 1212 703 annuntiant,
1225 677 1288 699 ante
1303 673 1508 708 conceptionem
1524 672 1666 699 infundere

882 720 998 747 animas.
1023 719 1054 746 Et
1079 719 1106 746 in
1134 719 1281 754 Eumgelio
1307 720 1449 746 exsultavit
1477 719 1596 753 infenso,
1624 723 1667 746 ut-

882 770 944 801 pote
960 766 1072 801 quijam
1090 766 1180 793 anima
1199 765 1330 800 przeditus
1356 770 1439 793 esset.
1457 765 1532 792 Hanc
1547 766 1581 793 ob
1601 773 1667 792 cau-

883 819 940 839 sam
967 812 1076 839 steriles
1099 815 1163 840 sunt
1188 812 1306 843 steriles,
1324 812 1403 846 quasi
1431 820 1486 839 non
1507 811 1667 839 infundatur

883 858 986 890 anima,
999 865 1059 893 qua:
1074 866 1166 885 semen
1185 857 1342 892 conjectum
1357 858 1477 893 colligat,
1492 857 1526 884 ad
1550 865 1667 893 concep-

881 904 965 931 tionis
973 912 1006 931 ac
1021 905 1208 939 generationis
1222 905 1408 932 detentionem
1425 909 1538 932 rectam.

915 950 998 985 366
1012 949 1052 977 LI.
1068 949 1132 977 σιειί
1150 955 1277 977 enarrant
1298 951 1410 985 gloriam
1436 950 1517 978 Deib.
1532 948 1601 978 lei
1626 950 1667 976 di—

881 1000 981 1022 cuntur
997 996 1091 1024 multis
1115 996 1220 1029 modis;
1238 997 1284 1031 qui
1312 997 1418 1024 scilicet
1441 1004 1489 1032 per
1507 995 1668 1024 distantiam

882 1049 914 1069 ac
932 1042 1072 1077 periodum
1090 1046 1166 1071 sunt.
1179 1047 1206 1068 et
1221 1043 1268 1077 qui
1284 1050 1332 1077 per
1346 1046 1539 1070 testamentum
1560 1042 1669 1077 angelo-

883 1096 942 1116 rum
966 1089 1055 1124 primo
1080 1093 1235 1115 creatorum
1259 1089 1346 1116 virtus
1370 1089 1537 1117 immediata.
1564 1089 1671 1124 Quippe

883 1135 1043 1170 angelorum
1071 1135 1244 1170 praesentiam
1267 1135 1490 1170 principaliorem
1506 1138 1670 1162 testamenta

883 1189 932 1208 ceu
950 1181 1051 1209 foedera
1077 1185 1141 1209 sunt
1165 1185 1286 1216 operata,
1313 1181 1342 1207 in
1368 1180 1484 1212 Adamo,
1503 1181 1530 1208 in
1553 1180 1620 1212 Noe,
1642 1181 1670 1207 in

883 1228 1048 1259 Abrahamo,
1067 1228 1093 1254 in
1119 1227 1221 1262 Moyse.
1241 1227 1337 1254 Primae
1357 1227 1430 1254 enim
1453 1227 1604 1254 creationis
1620 1235 1671 1253 an-

882 1273 934 1309 geli
952 1281 966 1300 a
980 1274 1094 1301 Domino
1108 1274 1184 1307 moti,
1196 1274 1223 1300 in
1238 1274 1348 1308 angelos
1365 1273 1505 1308 prophetis
1517 1274 1671 1300 immediate

884 1320 1068 1354 conjunctos,
1097 1320 1201 1354 operati
1231 1324 1308 1352 sunt,
1337 1319 1528 1347 existimantes
1553 1320 1669 1355 gloriam

885 1366 944 1397 Dei,
961 1366 1089 1393 nimirum
1105 1369 1268 1393 testamenta
1292 1373 1342 1392 ceu
1371 1365 1484 1393 ftedera.
1498 1365 1566 1392 Nam
1589 1373 1669 1400 opera

884 1420 945 1448 qua:
958 1412 992 1439 ab
1009 1411 1113 1448 angelis
1137 1411 1164 1438 in
1189 1416 1261 1439 terra
1277 1415 1388 1446 peracta
1409 1415 1474 1439 sunt
1489 1419 1537 1446 per
1555 1412 1672 1438 creatio-

885 1459 929 1486 nis
941 1459 1035 1494 prima:
1051 1458 1161 1494 angelos
1176 1459 1204 1485 in
1219 1457 1267 1486 Dei
1281 1458 1396 1494 gloriam
1414 1458 1485 1485 edita
1499 1457 1619 1485 fuerunt.

919 1504 974 1532 Lll.
990 1505 1058 1533 ϐωιί
1075 1512 1140 1531 vero
1159 1509 1304 1536 vocantur,
1321 1504 1460 1540 praecipue
1485 1503 1606 1539 quidem,
1624 1504 1673 1531 Do-

886 1551 993 1585 minus;
1010 1551 1072 1579 dein
1085 1556 1186 1582 autem.
1207 1552 1253 1586 qui
1265 1551 1354 1585 primo
1368 1550 1478 1577 fuerunt
1494 1551 1596 1583 creati;
1612 1555 1672 1585 post

887 1598 938 1625 hos
955 1603 981 1625 et
1005 1597 1129 1626 homines
1145 1598 1232 1626 sancti
1245 1601 1309 1624 ante
1324 1597 1422 1632 legem,
1435 1604 1534 1632 nempe
1553 1597 1672 1632 patriar,

886 1644 954 1678 chae,
970 1649 998 1672 et
1014 1644 1130 1679 Moyses,
1146 1649 1228 1679 atque
1256 1643 1413 1679 prophetat;
1430 1647 1457 1670 et
1472 1643 1535 1670 dein
1563 1650 1672 1678 quoque

886 1690 1013 1726 apostoli.
1031 1690 1104 1725 Opus
1123 1699 1182 1717 vero
1198 1697 1324 1716 manuum
1342 1689 1399 1722 eius
1415 1690 1556 1715 annuntiat
1579 1689 1672 1724 ﬁrma-

886 1740 1012 1764 mentum.
1033 1735 1250 1763 Firmamentum
1267 1738 1346 1762 vocat
1366 1733 1460 1765 Deum,
1476 1735 1521 1770 qui
1537 1742 1551 1761 a
1568 1735 1673 1769 passio-

887 1790 921 1809 ne
935 1782 1065 1808 immnnis
1079 1786 1122 1808 est
1139 1788 1172 1808 ac
1193 1781 1383 1810 immutabilis.
1403 1781 1483 1808 sicuti
1500 1785 1527 1808 et
1542 1781 1596 1808 alio
1613 1781 1673 1808 loco

886 1827 959 1855 idem
973 1827 1018 1854 ille
1034 1827 1117 1854 David
1130 1827 1229 1854 asserit
1245 1835 1251 1853 :
1265 1826 1382 1862 Diligam
1400 1831 1434 1858 te,
1457 1827 1578 1859 Domine,
1590 1828 1672 1855 virtus

888 1882 969 1900 mea:
991 1873 1120 1900 Dominus
1145 1874 1340 1907 ﬁrmamentum
1361 1881 1445 1899 meum
1477 1882 1508 1900 ac
1543 1874 1672 1909 refugium

887 1925 1005 1947 meum".
1022 1919 1098 1954 Opus
1114 1919 1206 1954 itaque
1233 1927 1362 1946 manuum
1391 1919 1451 1954 ejus
1469 1919 1558 1953 ipsum
1581 1919 1673 1946 ﬁrma-

888 1971 1009 1994 mentum
1027 1967 1186 1999 annuntiat;
1201 1966 1253 1993 hoc
1275 1969 1318 1994 est
1345 1966 1464 1994 ostendit
1487 1974 1519 1993 ac
1543 1974 1674 2001 apparere

887 2012 954 2040 facit
971 2020 1040 2048 opus
1055 2012 1214 2047 angelorum
1235 2019 1359 2039 suorum.
1385 2011 1539 2038 Annuntiat
1555 2013 1628 2039 enim
1641 2019 1671 2039 ac

886 2058 1017 2090 ostendit,
1035 2065 1105 2094 quos
1121 2058 1166 2086 ille
1182 2057 1256 2085 fecit.

926 2114 991 2142 LIII.
1011 2114 1071 2142 Dies
1088 2114 1140 2142 diei
1157 2119 1259 2142 eructat
1275 2113 1411 2142 verbumd.
1427 2113 1505 2141 Sicut
1524 2114 1588 2142 cmli
1603 2114 1674 2141 mul-

889 2160 1019 2196 tipliciter
1035 2160 1176 2191 dicuntur,
1192 2160 1233 2188 sic
1252 2160 1334 2188 etiam
1355 2159 1424 2188 dies.
1444 2163 1472 2192 ὥ
1490 2160 1609 2188 Verbum
1625 2168 1674 2188 au-

888 2211 941 2234 tem
956 2206 1088 2234 Dominus
1102 2211 1162 2238 est,
1177 2214 1209 2233 ac
1220 2207 1279 2241 ipse
1295 2214 1483 2241 sazpenumero
1507 2207 1566 2234 dies
1584 2208 1672 2234 nomi—

52 2249 104 2282 νὺξ
120 2251 204 2278 νυκτὶ
235 2250 417 2285 ἀναγγέλλει
441 2251 563 2286 γνῶσιν.
585 2252 614 2278 '0
631 2251 753 2283 διάϐολος
779 2252 831 2287 ᾔδει

889 2256 970 2279 natus
983 2256 1035 2280 est.
1053 2251 1087 2278 Et
1107 2260 1159 2279 non:
1174 2253 1245 2279 nocti
1258 2253 1358 2279 indicat
1373 2252 1522 2280 scientiam.
1540 2253 1674 2288 Cognovit

53 2294 219 2331 ἐλευσόμενον
240 2297 288 2323 τὸν
303 2296 414 2332 Κύριον·
433 2298 457 2323 εἰ
476 2297 503 2323 δὲ
526 2297 592 2329 Θεὸς
608 2297 663 2333 (71)
687 2297 768 2329 αὐτὸς
781 2297 834 2334 εἴη,

52 2341 96 2368 οὐκ
111 2342 252 2376 ἠπίστατο·
270 2344 311 2370 διὸ
339 2344 385 2371 καὶ
410 2343 555 2380 ἐπείραζεν
572 2345 662 2376 αὐτὸν,
680 2344 724 2371 ἵνα
741 2345 796 2381 γνῷ
811 2347 835 2372 εί

52 2386 154 2420 δυνατός
169 2390 254 2416 ἐστιν.
275 2390 338 2426 Ἐᾷν
354 2390 408 2425 (72)
424 2399 502 2427 φησι,
520 2391 569 2418 καὶ
581 2391 699 2426 ἀπέστη
714 2392 764 2419 ἀπ’
781 2393 835 2419 αὐ-

52 2431 100 2459 τοῦ
111 2434 152 2466 εὶς
165 2435 282 2468 καιρὸν,
295 2435 434 2462 τουτέστιν
445 2436 607 2463 ἀνεῦάλλετο
617 2437 665 2472 τὴν
676 2437 783 2473 εὕρεσιν
796 2439 835 2470 εἰς

82 2514 94 2529 ι
112 2509 176 2538 Luc.
193 2511 262 2542 1.“.

303 2511 317 2531 δ
337 2511 409 2540 Psal.
431 2521 510 2546 xvm,
531 2514 556 2540 l.

55 2542 66 2562 δ
81 2542 142 2573 Luc.
157 2553 194 2579 IV,
210 2547 255 2575 l5.

85 2622 137 2656 (67)
154 2624 323 2658 'Emtmzor.
345 2623 412 2651 Post
434 2624 505 2650 hanc
522 2631 616 2651 vocem
636 2624 662 2650 in
680 2623 752 2652 Flor.
782 2623 828 2651 de-

55 2655 134 2694 fectus
148 2655 328 2694 sig'num"est,
355 2666 417 2686 cum
436 2664 526 2686 tamen
543 2664 688 2686 structura:
700 2659 767 2686 nihil
783 2660 830 2687 de-

55 2695 94 2717 εει.
111 2692 241 2722 Suebae.

86 2728 138 2759 (68)
151 2730 183 2755 Οἱ
198 2729 332 2763 οὐρανοί.
349 2729 494 2757 Enarratio
508 2733 550 2757 est
569 2729 667 2763 psalmi
681 2737 759 2762 xvtn,
773 2737 833 2764 qua:

55 2767 179 2800 quantum
200 2765 254 2791 huc
269 2764 395 2798 quadret.
410 2765 535 2800 judicent
550 2764 606 2791 alii.
625 2764 662 2791 lo.

87 2798 139 2829 109)
161 2798 309 2836 Ἐγέργεια
323 2798 486 2835 προσεχής.
502 2799 612 2827 Etiamsi
628 2800 701 2834 legas
712 2799 836 2836 ἐνεργείᾳ

56 2835 202 2869 προσεχεῖς,
219 2842 315 2869 parum
330 2836 400 2863 lucis
414 2834 555 2867 Sententiae
570 2836 726 2862 accesserit.
743 2834 781 2862 li).

87 2868 360 2930 £13)I‘Er1ip;~ncar.
387 2870 482 2903 Flor.,
508 2871 742 2906 ἑνειργήσθησαν,
775 2878 836 2898 cor-

129 2924 136 2930 .
163 2912 189 2930 ι).

55 2907 136 2937 rapte.
151 2907 189 2932 In.

596 2519 607 2532 ε
643 2514 715 2541 Psal.
749 2523 815 2547 xvn,
836 2515 862 2542 5.

887 2299 1014 2327 diabolus
1036 2298 1179 2326 Dominum
1203 2303 1349 2326 venturum
1374 2307 1435 2327 esse
1454 2307 1508 2326 :an
1524 2307 1588 2327 vero
1602 2299 1674 2328 Deus

889 2345 961 2373 idem
977 2349 1050 2372 esset
1066 2344 1186 2376 futurus,
1203 2345 1278 2372 illum
1295 2345 1383 2374 latuit.
1399 2345 1568 2381 Quapropter
1584 2347 1673 2382 ipsum

888 2391 1013 2423 tentavit,
1029 2395 1058 2418 ut
1078 2395 1259 2426 cognosceret
1279 2392 1369 2426 qualis
1384 2392 1422 2420 illi
1442 2393 1562 2428 potentia
1581 2392 1672 2425 fuerit,

888 2438 1009 2469 utiypmn
1031 2436 1164 2464 dicit:Et
1181 2438 1287 2464 recessit
1311 2437 1343 2464 ab
1363 2446 1392 2465 eo
1416 2438 1450 2464 ad
1465 2444 1585 2473 tempuse
1600 2447 1609 2466 :
1622 2439 1674 2467 hoc

899 2514 913 2534 δ
944 2514 1017 2542 Psal.
1053 2522 1132 2548 xvm,
1162 2514 1190 2541 2.
1232 2517 1261 2547 >14
1282 2514 1313 2542 P.
1346 2514 1400 2544 992
1437 2515 1492 2543 El).
1523 2515 1672 2543 POTTER.

900 2626 1072 2667 λῖίλθεός.
1102 2626 1164 2655 Hmc
1193 2636 1245 2655 vox
1277 2628 1490 2657 additaeFlor.
1517 2629 1584 2657 edit.
1600 2637 1673 2656 mar-

881 2661 951 2696 gine.
963 2661 1093 2689 Summa.

920 2697 975 2731 (7‘2)
997 2697 1085 2734 ῈᾷνἈ
1096 2697 1149 2725 Pro
1178 2699 1225 2734 ὲᾷν
1253 2702 1392 2726 structura
1417 2699 1538 2734 postulat
1565 2701 1607 2726 εἶα
1631 2701 1672 2727 vel

884 2730 970 2768 εἴασε,
988 2733 1058 2760 sivit.
1076 2732 1165 2760 Lucas
1186 2730 1246 2768 cap.
1280 2742 1316 2766 Iv,
1334 2734 1400 2761 dicit
1417 2730 1492 2761 ἷΚαὶ
1512 2734 1673 2766 συντελέσας

886 2767 983 2806 πάνταη
990 2768 1143 2806 πειρασμὸν
1155 2770 1168 2795 ὁ
1181 2767 1313 2801 διάϐολος,
1327 2770 1431 2806 ᾀπέστη
1446 2770 1494 2797 ἀπ’
1511 2770 1592 2806 αυτοῦ
1609 2771 1672 2805 ἄχρι

887 2802 995 2840 καιροῦ.
1017 2802 1163 2839 sequentia
1179 2813 1254 2836 vero,
1274 2802 1432 2831 ἀνεϐάλλετο
1452 2806 1501 2840 τὴν
1514 2802 1672 2840 εὖρεσινέὶς

887 2837 935 2872 τὴν
962 2837 1120 2871 ἀνάστασιν,
1138 2840 1258 2868 alludere
1275 2840 1404 2867 vitientur
1429 2840 1462 2866 ad
1480 2837 1670 2867 narrationem

887 2880 947 2908 qua:
963 2879 1005 2902 est
1021 2875 1049 2901 in
1065 2875 1211 2910 Evangelia
1225 2876 1376 2902 secundum
1394 2875 1580 2903 Nicoilemum.
1598 2875 1636 2901 lo.
