1934 3075
43 188 99 215 7'25

415 188 528 217 DUBIA.
548 205 583 210 —
604 189 751 219 ECLOGIE
773 188 817 217 EX
838 189 1044 218 SCRIPTURIS
1066 188 1302 217 PROPHETICIS.

1621 189 1673 217 7‘26

41 248 130 275 πάλιν
146 247 184 283 τῷ
201 248 330 275 ἐνεστῶτι
342 248 402 275 ἀντὶ
413 248 460 275 τοῦ
474 250 683 286 παρῳχηκότος·
702 250 716 276 ὃ
731 251 777 276 καὶ
792 249 836 277 νῦν

891 255 977 285 paret.
994 250 1099 284 Quippe
1113 249 1189 283 illud,
1205 250 1304 284 posuit,
1321 257 1370 284 pro
1385 249 1520 284 praeterito
1533 252 1560 276 et
1580 248 1673 276 futuro

42 295 184 329 φαίνεται.
211 295 248 321 Τὸ
262 295 317 331 γὰρ
337 295 418 322 ἔθετο
440 295 488 322 καὶ
510 296 557 323 ἐπὶ
578 297 625 322 τοῦ
645 298 839 333 παρῳχηκότος

41 340 93 366 καὶ
114 340 163 366 ἐπὶ
180 339 228 366 τοῦ
253 340 383 375 ἐσομένου
403 341 541 367 τάσσεται.
570 341 630 368 Ἐπὶ
650 342 699 377 μὲν
714 343 762 368 τοῦ
778 343 838 369 ἐσο-

43 386 144 420 μένου,
163 387 214 418 ὅτι,
233 386 422 422 πληρωθείσης
436 387 538 423 ταύτης·
549 388 599 423 τῆς
619 387 690 414 κατὰ
703 388 752 423 τὴν
768 397 839 424 παρ-

40 431 144 459 ουσίαν
172 432 339 459 κατάστασιν
356 432 410 468 (78)
427 433 564 469 περιόδου,
585 433 711 470 ὁΚύριος
731 434 837 461 ἐλεύσε-

41 486 102 509 ται,
121 478 170 504 καὶ
182 479 244 510 τοὺς
260 477 390 510 δικαίους,
406 479 469 510 τοὺς
482 480 604 510 πιστοὺς,
616 477 656 511 οἷς
666 479 838 506 ὲπαναπαύε-

41 531 90 550 ται
110 523 239 560 καθάπερ
253 526 338 559 σκηνῇ
364 524 407 559 (ἓν
427 524 481 560 γὰρ
494 524 574 560 σῶμα
588 526 612 551 oi
624 526 733 557 πάντες,
749 526 782 552 ἐκ
791 525 838 552 τοῦ

42 570 132 596 αὑτοῦ
153 570 257 604 γένους,
274 571 322 605 τὴν
335 570 419 606 αὐτὴν
436 571 527 599 πίστιν
542 572 588 598 καὶ
604 572 775 608 δικαιοσύνην
786 573 840 599 ἑλό-

43 616 145 651 μενοι)
177 617 218 648 είς
242 617 291 652 τὴν
322 617 414 652 αὐτὴν)
438 617 552 652 ἑνότητα
578 618 839 654 ἀποκαταστησόμε-

42 671 92 694 νος
110 662 167 697 (79)
179 671 186 678 ·
208 663 264 689 ἀλλ’
275 664 299 689 oi
315 663 364 698 μὲν
380 663 417 695 ὠς
433 663 547 699 κεφαλὴ,
564 664 588 690 οἱ
600 664 628 690 δὲ
643 664 681 696 ὡς
695 664 837 700 ὀφθαλμοὶ,

42 710 69 734 οἰ
84 708 114 735 δὲ
133 708 172 740 ὼς
186 705 254 742 ὦτα,
269 709 295 735 οἱ
311 709 339 735 δὲ
354 709 390 740 ὡς
409 711 509 745 χεῖρες,
526 711 548 736 οἱ
564 710 592 736 δὲ
605 710 642 742 ὡς
664 710 759 747 στήθη,
771 712 796 737 οἱ
810 711 838 737 δὲ

42 755 83 786 ὡς
96 755 196 786 πόδες,
217 756 246 781 ἐν
265 755 332 790 ἡλίῳ
354 756 512 791 τεῦήσονται
534 756 671 790 φωτεινοί.
697 757 839 791 Λιὶμψατε

42 802 86 834 ὡς
100 803 116 828 ό
135 801 232 834 ἣλιος
259 801 274 837 ἣ
300 802 328 827 ἐν
344 801 420 837 ἡλίῳ,
438 801 500 828 ἐπεὶ
513 802 671 837 ἀρχοντικὺς
684 802 797 836 ἅγγελος
810 802 838 829 ὲν

43 847 116 883 ἡλίῳ
127 855 135 862 °
146 847 191 880 εἰς
205 847 304 883 ἀρχὴν
314 847 369 882 γὰρ
386 847 504 883 ἡμερῶν
515 848 653 878 τέτακται,
675 848 798 884 καθάπερ
819 848 838 882 ἡ

48 893 173 927 σελήνη
180 894 224 927 εἰς
232 894 263 920 τὸ
272 894 500 928 ἄρχειννυκτός·
540 894 656 929 Ἡμέραι
677 894 705 920 δὲ
729 894 837 928 ἄγγελοι

889 296 1010 330 ponitur.
1030 295 1083 322 Pro
1106 296 1197 322 futuro
1219 295 1338 330 quidem,
1359 295 1443 330 quod,
1457 295 1569 330 periodo
1586 300 1674 323 status

890 340 1004 374 hujusce
1022 340 1163 375 praesentis
1179 340 1299 375 impleta,
1314 340 1403 367 veniet
1424 340 1565 373 Dominus,
1585 349 1615 367 ac
1628 341 1673 376 ju-

889 390 957 418 stos,
972 394 1068 420 nempe
1087 386 1190 418 ﬁdeles,
1206 386 1234 413 in
1246 386 1346 421 quibus
1359 387 1438 421 quasi
1451 386 1478 412 in
1498 386 1674 414 tabernaculo

889 431 1058 465 conquiescit
1075 430 1171 466 (unum
1183 431 1255 458 enim
1269 439 1369 466 corpus
1381 438 1477 459 omnes
1488 435 1562 464 sunt,
1579 439 1610 458 ex
1627 439 1674 459 eo—

889 477 950 504 dem
967 484 1075 511 genere,
1089 477 1136 511 qui
1157 476 1236 504 ﬁdem
1255 477 1377 504 eamdem
1398 484 1430 503 ac
1449 476 1582 511 justitiam
1598 483 1674 503 rece-

890 522 999 558 perint),
1023 523 1050 549 in
1072 522 1194 550 eamdem
1220 523 1351 550 unitatem
1375 523 1561 549 restituturus.
1587 524 1621 548 At
1645 521 1672 548 hi

889 568 996 604 quidem
1013 572 1043 595 ut
1064 572 1155 603 caput,
1176 567 1216 595 illi
1231 575 1296 595 vero
1313 571 1342 594 ut
1363 568 1448 600 oculi,
1465 568 1491 594 hi
1517 567 1625 602 quidem
1644 571 1673 595 ut

889 622 980 646 aures,
997 615 1034 641 illi
1048 622 1112 641 vero
1129 618 1157 641 ut
1181 622 1287 645 manus,
1302 614 1328 641 hi
1352 615 1470 649 denique
1492 614 1529 640 uti
1550 617 1672 648 pectora,

890 661 929 688 illi
944 668 1009 688 vero
1021 665 1051 688 ut
1065 661 1158 695 pedes,
1174 661 1201 688 in
1216 661 1272 687 sole
1289 661 1495 688 collocahuutur
1510 661 1602 687 lucidi.
1619 660 1674 686 Lu-

890 711 941 732 tete
957 710 986 732 ut
1002 706 1043 732 sol
1060 712 1084 737 θ,
1110 706 1151 733 vel
1174 706 1201 732 in
1221 706 1294 739 sole;
1314 706 1445 741 quoniam
1469 707 1581 741 angelus
1596 706 1672 740 prin-

889 760 954 786 ceps
970 752 997 778 in
1015 752 1072 779 sole
1087 755 1138 779 est.
1154 751 1249 779 Diebus
1265 752 1336 779 enim
1353 752 1391 778 uti
1406 752 1506 786 prazsit,
1522 753 1671 778 collocatus

889 803 931 826 est
946 798 1025 825 sicuti
1046 797 1108 824 luna
1124 803 1151 824 ut
1172 798 1241 824 nocti
1263 798 1353 832 pratsit
1367 797 1391 824 ιν.
1415 797 1477 824 Dies
1501 801 1603 827 autem,
1620 804 1671 823 an-

889 844 951 876 geli,
967 844 1054 871 vocati
1068 848 1141 871 sunt.
1155 844 1224 871 Cum
1239 843 1306 871 solis
1321 843 1435 877 angelis,
1456 843 1555 877 inquit,
1576 842 1672 869 ordine

889 889 947 922 pari
970 895 1023 914 una
1040 888 1131 914 sedem
1149 887 1321 918 obtinebunt,
1339 895 1436 919 unum,
1453 891 1483 914 ut
1503 891 1594 922 caput,
1611 895 1673 914 cor-

42 939 212 974 ἑκλήθησαν.
230 940 305 966 Μετὰ
315 940 368 967 τῶν
386 939 444 975 μεθ’
457 940 530 976 ἡλίου
545 940 598 975 (80)
613 940 745 974 ἀγγέλων,
758 941 833 976 φησὶ,

889 940 951 967 pore
962 941 1015 960 uno
1030 933 1188 965 exsistente,
1200 934 1240 961 sol
1254 937 1280 960 et
1294 933 1346 969 ipsi
1362 933 1467 960 ratione
1481 933 1597 968 quadam
1613 938 1674 960 tau-

42 985 214 1020 ταγὴσονται
232 985 271 1016 ἓν,
288 985 381 1021 ὥσπερ
396 986 499 1021 κεφαλὴ
515 986 640 1021 σώματος
655 986 729 1017 ὕντος
747 986 806 1017 ἐνὸς
822 987 837 1012 6

42 1032 121 1066 ἣλιος
144 1031 269 1066 ὲσόμενοί
289 1039 354 1058 ποτε
375 1032 444 1058 κατά
465 1040 544 1058 τινα·
565 1031 628 1067 περὶ
644 1032 672 1058 δὲ
693 1032 740 1058 καὶ
761 1031 837 1058 αὐτοὶ

42 1077 179 1112 ἄρχοντες
195 1077 316 1112 ἡμερῶν,
333 1076 370 1108 ὡς
395 1077 498 1109 ἐκεῖνος
518 1078 532 1103 ὁ
556 1078 602 1103 ἐπὶ
622 1077 668 1103 τοῦ
693 1077 777 1112 ἡλίου,
791 1077 837 1104 ἐπὶ

42 1122 74 1148 τὸ
93 1122 198 1157 μεῖζον,
218 1122 259 1156 ἐφ’
322 1121 452 1157 μετῆλῦεν
467 1122 520 1158 πρὸ
537 1121 620 1148 αὐτοῦ
638 1123 666 1148 ὲν
685 1121 723 1157 τῷ
745 1121 834 1157 αὐτῷ·

43 1168 94 1194 aut
118 1167 201 1194 πάλιν
221 1167 453 1202 ἐπαναϐησόμενοι
473 1167 543 1194 κατὰ
560 1167 700 1202 προκοπὴν
724 1168 836 1202 ἀφίκον-

42 1223 92 1240 ται
109 1214 166 1249 (81)
190 1214 237 1240 ἐπὶ
250 1214 299 1249 τὴν
313 1213 423 1249 πρώτην
439 1214 533 1249 μονὴν.
550 1214 620 1240 κατὰ
640 1213 686 1239 τὸν
704 1222 835 1248 παρῳχη-

42 1260 114 1286 κότα
136 1259 213 1286 ἔθετο
224 1268 230 1273 ·
251 1259 314 1290 τούς
329 1267 358 1285 τε
374 1260 591 1294 πρωτοκτίστους
605 1258 736 1293 ἀγγέλους
750 1259 788 1289 είς
806 1259 836 1284 τὸ

44 1305 150 1341 μηκέτι
163 1305 234 1332 κατὰ
249 1305 296 1340 τὴν
312 1305 439 1341 πρόνοιαν
454 1305 494 1341 τῷ
506 1305 649 1341 ὡρισμένῳ
659 1305 835 1340 λειτουργεῖν,

40 1350 103 1376 ἀλλ’
119 1351 165 1376 ἴνα
179 1351 208 1377 ἐν
222 1351 384 1382 ἀναπαύσει,
399 1351 445 1377 καὶ
463 1350 530 1386 πρὸς
543 1351 612 1388 μόνῃ
626 1352 658 1386 τῇ
676 1350 777 1386 θεωρίᾳ
788 1349 836 1377 τοῦ

38 1395 129 1423 Θεοῦ·
150 1397 175 1423 οὶ
192 1396 220 1422 δὲ
241 1397 450 1433 προσεχέστεροι
466 1397 570 1429 τούτοις
594 1397 778 1432 προκόψουσιν
797 1397 838 1429 είς

39 1443 75 1476 ἢν
93 1443 195 1469 ἐκεῖνοι
211 1442 404 1470 ἀπολελοίπασι
419 1442 495 1476 τάξιν
505 1451 512 1458 ·
531 1443 578 1469 καὶ
592 1442 678 1474 οὕτως
694 1443 719 1468 οἱ
740 1442 837 1469 ὑποϐε-

38 1488 75 1523 61;
80 1487 164 1519 κότες
178 1488 329 1521 ἀναλόγως.
644 1507 647 1510 λ

77 1534 142 1560 NZ'.
172 1533 249 1560 Εἰσὶν
275 1532 321 1561 οὖν
346 1534 416 1561 κατὰ
440 1534 487 1561 τὸν
513 1534 673 1561 Ἀπόστολον
697 1535 722 1560 οἱ
747 1534 776 1561 ὲν
803 1535 836 1570 τῇ

39 1580 119 1614 ἄκρᾳ
132 1579 357 1606 ἀποκαταστάσει
369 1580 579 1616 πρωτόκτιστοι·
593 1580 680 1616 θρόνοι
691 1580 719 1606 δὲ
729 1580 761 1607 ἂν
772 1579 837 1613 εἷεν,

36 1625 134 1652 καίτοι
158 1624 286 1659 δυνάμεις
303 1625 379 1657 ὄντες
395 1626 419 1652 οἱ
441 1625 638 1661 πρωτόκτιστοι
655 1625 700 1651 διὰ
722 1625 752 1652 τὸ
770 1626 836 1652 ἀνα.-

40 1670 183 1697 παύεσϐαι
200 1671 229 1696 ὲν
243 1671 335 1702 αὐτοῖς
348 1672 392 1697 τὸν
407 1671 484 1703 Θεὸν,
498 1672 536 1704 ὡς
551 1672 598 1698 καὶ
611 1673 640 1699 ὲν
654 1674 709 1704 τοῖς
725 1672 836 1699 πιστεύ-

36 1723 130 1741 ουσιν.
153 1714 287 1746 ’Ἕκαστος
302 1715 366 1751 γὰρ,
385 1716 455 1742 κατὰ
471 1717 519 1752 τὴν
543 1717 610 1743 ἰδίαν
629 1718 779 1753 προκοπὴν,
795 1720 835 1746 οι-

38 1761 122 1787 κεῐαν
139 1760 198 1795 ἔχει
214 1761 263 1796 τὴν
280 1762 344 1796 περὶ
359 1761 426 1788 Θεοῦ
441 1762 541 1796 γνῶσιν
551 1771 557 1777 ·
572 1763 615 1797 ἐφ’
661 1763 759 1797 γνώσει
777 1765 838 1791 ἁνα-

37 1805 166 1832 πειὺεται
179 1807 194 1832 ὁ
210 1806 286 1838 Θεὸς,
303 1807 395 1833 ἀϊδίων
409 1808 561 1843 γενομένων
577 1807 621 1835 διὰ
639 1809 687 1844 τῆς
712 1809 837 1843 γνώσεως

36 1853 97 1879 τῶν
110 1852 352 1886 ὲγνωκότων.’Καὶ
367 1856 432 1889 μήτι.
443 1854 482 1886 τὸ,
502 1854 554 1881 Ἐν
566 1854 604 1886 τῷ
619 1855 693 1889 ἡλίῳ
705 1855 788 1882 ἔθετο
804 1855 836 1882 τὸ

34 1897 194 1932 σκήνωμα
211 1898 315 1930 αὑτοῦ,
331 1899 417 1931 οὕτως
434 1899 609 1932 ἐξακούεται·
637 1901 689 1927 Ἐν
706 1900 746 1933 τῷ
762 1901 836 1936 ήλίῳ

34 1944 138 1975 ἔθετο,
153 1944 306 1975 τουτέστιν,
329 1945 358 1971 ὲν
381 1944 420 1979 τῷ
433 1945 493 1980 Θεῷ
509 1945 548 1980 τῷ
572 1945 685 1980 πλησίον
708 1945 784 1977 Θεὸς,
799 1945 837 1977 ὡς

34 1990 66 2016 ὲν
83 1989 125 2024 τῷ
136 1989 296 2024 Εὑαγγελίῳ
315 1990 386 2023 Ἠλὶ,
404 1991 465 2017 Ὴλι
478 1990 544 2026 (82),
564 1991 623 2017 ἀντὶ
631 1991 686 2022 τοῦ,
702 1990 754 2018 Θεέ
764 2000 836 2026 μου,

35 2034 94 2062 Θεέ
107 2044 180 2069 μου.
197 2035 252 2068 Καὶ
266 2035 297 2061 τὺ
313 2035 450 2069 ὑπεράνω
465 2035 566 2069 πάσης
581 2036 676 2071 ἀρχῆς
687 2037 735 2064 καὶ
751 2037 837 2069 ἐξου-

35 2081 114 2113 σίας
137 2081 189 2106 καὶ
212 2080 383 2115 δυνάμεως,
402 2082 451 2109 καὶ
470 2082 583 2115 παντὸς
606 2083 750 2117 ὀνόματος
771 2084 837 2109 ὀνο-

31 2125 222 2161 μαζὸμένου,
242 2126 267 2153 οἱ
294 2126 480 2159 τελειωθέντες
506 2128 576 2154 εἰσὶν
607 2127 637 2160 ἐξ
666 2128 834 2164 ἀνθρώπων.

34 2172 156 2207 ἄγγελοι
166 2193 174 2204 ,
192 2172 357 2207 ἀρχάγγελοι
367 2192 374 2203 ,
392 2173 433 2204 είς
443 2173 493 2208 τὴν
505 2173 706 2209 πρωτόκτιστον
718 2173 772 2200 τῶν
791 2174 837 2208 ἀγ-

35 2218 134 2252 γέλων
148 2217 240 2251 φύσιν.
258 2218 289 2244 Οί
304 2218 358 2254 γὰρ
374 2217 403 2251 ἐξ
419 2218 570 2254 ἀνθρώπων
585 2220 626 2250 εἰς
643 2219 775 2253 ἀγγέλους
787 2228 836 2254 με-

888 978 948 1005 dem
970 978 1117 1013 aliquando
1137 978 1221 1006 futuri
1245 979 1310 1006 sint.
1330 979 1439 1006 Dierum
1459 983 1549 1005 autem
1572 983 1599 1005 et
1620 979 1673 1014 ipsi

887 1024 1029 1058 prmsides,
1051 1025 1122 1052 sicut
1142 1025 1186 1052 ille
1200 1026 1246 1060 qui
1266 1026 1294 1052 in
1310 1025 1368 1053 sole
1384 1025 1475 1052 sedem
1494 1024 1586 1057 habet,
1599 1024 1632 1051 ad
1646 1025 1673 1051 id

887 1070 959 1104 quod
975 1071 1064 1105 majus
1081 1075 1135 1102 est,
1151 1078 1206 1106 quo
1221 1075 1248 1098 et
1264 1071 1321 1106 ipse
1338 1072 1413 1106 prior
1429 1072 1456 1098 in
1478 1071 1574 1098 eodem
1599 1078 1675 1098 com-

887 1116 1060 1150 migraverit;
1081 1124 1113 1143 ac
1137 1124 1246 1144 rursum
1268 1117 1446 1145 ascendentes
1468 1116 1501 1143 ad
1525 1117 1673 1144 stationem

887 1162 1004 1196 priorem
1028 1167 1179 1194 revertunt,
1206 1167 1330 1197 respectu
1353 1163 1481 1197 praaleriti
1506 1163 1612 1197 posuit;
1628 1167 1673 1190 ut-

888 1210 950 1241 pote
966 1207 1062 1241 primze
1074 1208 1222 1235 creationis
1236 1207 1336 1243 angeli,
1350 1216 1404 1236 non
1418 1208 1534 1243 amplius
1554 1216 1601 1242 per
1611 1216 1674 1242 pro-

887 1253 1034 1280 videntiam
1053 1254 1206 1281 ministerio
1229 1253 1341 1280 deﬁnito
1356 1253 1410 1280 sint
1427 1254 1564 1288 occnpati,
1581 1254 1629 1280 sed
1644 1257 1673 1280 ut

887 1298 914 1324 in
931 1299 1035 1334 requie,
1049 1300 1076 1326 in
1090 1299 1304 1334 perseverantia,
1319 1303 1400 1334 atque
1415 1300 1525 1326 assidua
1543 1298 1589 1325 Dei
1606 1307 1672 1326 con-

887 1345 1063 1380 templatione
1082 1348 1219 1372 maneant.
1238 1344 1290 1377 Qui
1313 1353 1378 1372 vero
1394 1345 1436 1373 his
1459 1345 1672 1372 immediatiores

888 1395 962 1423 sunt,
979 1391 1012 1418 ad
1026 1399 1087 1419 eum
1102 1400 1198 1428 nempe
1213 1392 1335 1420 ordinem
1350 1391 1507 1427 proﬁciunt,
1523 1399 1603 1426 quem
1620 1391 1671 1426 ipsi

887 1437 1077 1472 reliquerunt;
1093 1437 1133 1465 sic
1150 1439 1231 1465 etiam
1245 1438 1350 1465 ratione
1366 1438 1435 1472 pari,
1455 1438 1500 1473 qui
1515 1441 1579 1465 sunt
1601 1437 1672 1464 infe-

858 1515 860 1518 .
887 1484 986 1511 liores.

921 1528 1003 1564 367
1022 1528 1099 1557 LVI].
1117 1528 1188 1557 Sunt
1211 1530 1314 1565 itaque,
1332 1529 1483 1558 secundum
1499 1529 1671 1564 Apostolum,

888 1575 1036 1603 creationis
1051 1577 1146 1612 prima:
1161 1577 1260 1612 angeli.
1280 1577 1326 1612 qui
1341 1577 1367 1604 in
1382 1585 1488 1604 summa
1512 1584 1575 1604 arce
1589 1577 1674 1603 collo-

887 1621 941 1648 cati
965 1626 1043 1655 sunt;
1067 1622 1094 1649 hi
1115 1631 1180 1650 vero
1199 1623 1290 1649 throni
1312 1623 1386 1654 sint;
1408 1623 1532 1658 quamvis
1559 1623 1673 1650 virtutes

887 1671 951 1694 sunt
968 1668 1056 1704 primo
1071 1669 1165 1700 creati,
1180 1670 1280 1704 quippe
1292 1670 1321 1697 in
1343 1669 1377 1696 iis
1391 1669 1507 1704 quiescit
1521 1669 1602 1701 Deus,
1619 1669 1674 1696 sic.

888 1714 927 1739 uti
958 1714 1040 1740 etiam
1063 1714 1089 1741 in
1112 1714 1246 1742 ﬁdelibus.
1269 1714 1462 1750 Unusquisque
1481 1715 1552 1742 enim
1575 1723 1674 1742 secun-

887 1758 951 1785 dum
971 1759 1123 1793 profectum
1142 1761 1294 1795 proprium,
1310 1762 1447 1796 propriam
1471 1760 1552 1787 etiam
1571 1760 1604 1787 de
1617 1760 1672 1788 Deo

887 1804 1029 1832 scientiam
1045 1805 1143 1837 habet;
1164 1806 1191 1832 in
1211 1813 1265 1840 qua
1285 1806 1394 1841 quidem
1413 1806 1528 1833 scientia
1543 1806 1674 1841 conquie-

887 1850 940 1877 scit
955 1849 1035 1882 Deus,
1052 1858 1084 1876 ac
1101 1850 1138 1877 illi
1158 1852 1338 1878 :eternitatem
1359 1852 1500 1879 consecuti
1521 1857 1597 1884 sunt,
1611 1859 1672 1887 pro-

887 1900 948 1930 pter
967 1896 1122 1928 scientiam,
1141 1905 1194 1932 qua
1210 1902 1274 1924 sunt
1295 1898 1411 1932 praediti.
1433 1897 1474 1931 Et,
1492 1906 1526 1925 an
1546 1906 1671 1926 comma:

889 1942 922 1969 In
936 1943 989 1969 sole
999 1943 1085 1976 posuit
1102 1943 1302 1970 tabernaculum
1315 1952 1403 1976 suum,
1419 1945 1458 1971 sic
1473 1945 1508 1971 sit
1523 1944 1674 1980 intelligen-

888 1988 969 2016 dum:
986 1988 1020 2016 In
1034 1989 1087 2016 sole
1102 1990 1200 2023 posuit,
1215 1990 1266 2017 hoc
1284 1995 1325 2017 est
1351 1991 1378 2017 in
1395 1990 1451 2018 Deo
1467 1991 1513 2025 qui
1526 1995 1569 2018 cst
1584 1992 1674 2026 proxi-

888 2043 949 2062 mus
979 2034 1066 2068 Deus;
1082 2036 1154 2063 sicut
1169 2036 1255 2063 estin
1271 2035 1435 2072 Evangelio:
1454 2036 1507 2069 Eli,
1525 2037 1568 2064 Eli
1583 2042 1606 2070 ο,
1622 2045 1672 2071 pro

887 2090 920 2109 eo
938 2081 1079 2113 nimirum,
1096 2081 1164 2108 Deus
1185 2091 1268 2112 meus,
1288 2082 1355 2109 Deus
1378 2091 1458 2110 meus.
1479 2082 1593 2118 Insuper
1609 2084 1670 2115 hoc,

890 2129 919 2158 ᾖ
937 2126 1021 2161 Super
1035 2135 1135 2153 onmem
1150 2127 1337 2161 principatum,
1354 2132 1378 2154 et
1395 2132 1558 2162 potestatem,
1576 2137 1606 2155 ac
1619 2129 1671 2155 vir-

888 2177 980 2205 tutem,
996 2177 1021 2200 et
1032 2181 1107 2200 omne
1121 2181 1213 2200 nomen
1227 2174 1299 2209 quod
1313 2175 1477 2206 nominatur,
1492 2174 1519 2201 hi
1533 2178 1608 2206 sunt,
1624 2175 1670 2209 qui

887 2227 920 2247 ex
934 2219 1090 2248 hominibus
1111 2221 1199 2255 angeli
1213 2225 1240 2248 et
1260 2221 1414 2256 archangeli
1432 2221 1551 2255 perfecte
1565 2222 1669 2248 consti-

34 2262 195 2293 ταστάντες
210 2262 283 2297 χίλια
298 2262 344 2298 ἔτη
361 2263 556 2299 μαθητεύονται
570 2264 622 2290 ὑπὸ
636 2264 690 2290 τῶν
702 2263 834 2298 ἀγγέλων,

889 2264 950 2296 tuti,
965 2264 1006 2291 uti
1020 2264 1129 2291 demum
1143 2267 1269 2291 naturam
1289 2263 1437 2291 creationis
1452 2264 1547 2298 prima:
1562 2263 1671 2298 angelos

33 2311 80 2341 είς
96 2308 258 2343 τελειότητα
274 2308 543 2344 ἀποκαθιστάμενα·
567 2307 627 2336 εἶτα
643 2310 668 2336 οἱ
690 2310 740 2345 μὲν
761 2309 835 2336 διδάι

887 2317 946 2337 rum
962 2313 1176 2345 wnsequantur.
1193 2310 1300 2346 Quippe
1313 2310 1359 2345 qui
1373 2318 1406 2337 ex
1428 2310 1567 2337 hominum
1583 2311 1609 2336 in
1623 2317 1670 2336 an—

76 2393 93 2408 ι
113 2385 214 2413 Hatth.
231 2394 291 2418 xm,
306 2386 350 2413 45.
387 2386 402 2406 b
421 2386 489 2414 Gen.
503 2387 579 2419 1,18.
619 2393 630 2406 ε
652 2387 747 2414 Matth.
763 2395 835 2414 χχιιι

889 2387 907 2413 3.
947 2390 977 2419 >I<
998 2386 1029 2415 P.
1057 2389 1115 2418 994
1138 2386 1191 2414 ΕΙ).
1212 2386 1358 2414 POTTER.

71 2462 137 2499 (78)
157 2463 332 2499 Παρουσίιιν
352 2462 549 2499 κατάστασιν.
575 2463 707 2498 Corrupte
729 2460 832 2490 utrohii

31 2497 103 2536 que.
119 2497 256 2536 Sicanae.
269 2497 460 2536 -ίιθεειιιίιιιιι
468 2498 578 2536 videtur
587 2497 836 2536 ﬁapouaiavaata't—

33 2532 149 2562 ἑτασιν.
165 2532 254 2568 νΡειυιο
270 2538 332 2560 ante
348 2533 493 2568 Sylhurgio
506 2533 594 2561 visum
609 2532 652 2560 est
670 2534 720 2568 legi
736 2533 834 2561 debere

32 2569 140 2597 ordine
163 2567 284 2600 inverso,
307 2567 345 2603 τῷ
369 2568 546 2603 παρῳχηκότι
568 2568 628 2596 ἀντὶ
649 2567 707 2594 τοιΤ
721 2569 835 2596 ἐνεστῶ-

32 2614 82 2636 τος
93 2619 104 2628 .
123 2603 150 2630 id
165 2608 239 2630 certe
251 2603 369 2630 innuunt
383 2603 534 2637 sequentia.

71 2638 135 2673 (79)
163 2638 506 2674 ’Aﬁoxamvtnodjteroc.
535 2637 621 2669 Flor.,
647 2639 835 2674 ἀποκαταστη-

32 2675 165 2710 σόμενοι.
177 2672 249 2710 Ωιιωέ
259 2674 339 2710 lectio
353 2681 407 2700 non
420 2673 638 2710 malecongruit,
650 2673 755 2701 Nostra:
764 2672 833 2701 scri—

33 2708 147 2744 ptura,»
159 2708 435 2744 singularirnumero,
453 2708 618 2744 colum-entia
633 2709 690 2735 hinc
706 2715 756 2741 est,
772 2717 832 2735 cum

32 2742 279 2779 praecedentibus,
297 2743 325 2769 '0
340 2743 440 2779 Κύριος
450 2743 599 2773 ἐλεύσεται,
614 2744 660 2770 καὶ
677 2744 724 2776 (Le
743 2743 834 2778 etiam)

31 2777 102 2810 τοῖος
121 2777 258 2810 δικαίους,
282 2778 345 2809 τοὺς
363 2777 474 2810 πιστοὺς
498 2778 652 2813 (scquentia
673 2779 744 2806 enim
768 2783 832 2806 sunt

32 2812 228 2849 parenthgta),
246 2813 287 2844 εἰς
306 2813 356 2849 τὴν
377 2813 461 2848 αὐτὴν
478 2812 590 2848 ἑνότητα
615 2814 835 2849 ἀποκαταστησό-

33 2847 133 2885 μενος.
158 2847 179 2874 F
181 2847 359 2885 orsanetiam
365 2847 517 2885 sequentia
529 2847 569 2876 sic
583 2849 712 2885 legenda:
732 2847 800 2875 Ἀλλ’
819 2849 833 2874 ὁ

34 2882 152 2920 peto;
172 2882 288 2920 κεφαλὴ,
306 2883 330 2909 ot
349 2883 377 2910 δὲ
397 2883 434 2916 ὡς
453 2883 531 2919 μέλη.
547 2882 723 2912 Kent-coitth
741 2886 764 2911 oi
784 2884 833 2920 μὲν

32 2917 72 2951 ὡς
89 2917 156 2953 όφθ.
180 2917 313 2945 Summe.

885 2465 899 2489 Ρ
922 2462 1083 2524 580),Μεο’-
1109 2464 1207 2497 ἡλίου.
1240 2463 1321 2504 Forte
1348 2465 1408 2491 καθ’
1437 2465 1525 2506 ἡλίου,
1547 2465 1594 2506 _vel
1625 2466 1659 2500 ἐφ

885 2499 918 2524 ήλ
931 2507 971 2524 ου.
985 2508 1010 2524 ιιι
1023 2499 1095 2524 sole:
1125 2502 1153 2524 ut
1172 2500 1252 2524 nalilo
1266 2499 1347 2524 mira.
1364 2499 1510 2524 Serum-an
1531 2508 1571 2524 ςια
1585 2506 1659 2524 ιηιιξιη

885 2499 971 2534 ἡλίου,
985 2499 1010 2525 in
1023 2499 1095 2529 sole':
1125 2502 1153 2525 ut
1172 2500 1252 2532 paulo
1265 2499 1347 2527 infra.
1364 2499 1511 2533 Sequentia
1531 2501 1571 2528 sic
1585 2500 1666 2527 inter-

886 2534 1052 2571 polabuntur
1065 2534 1271 2571 paulomeliusf.
1281 2535 1446 2571 ταγὴσονται
1461 2535 1501 2566 ἓν,
1521 2535 1614 2571 ὥσπερ
1626 2544 1669 2561 xs—

886 2568 957 2604 φαλὴ
981 2568 1214 2605 σώματοςηίῆδτος
1232 2570 1301 2601 ἑνὸς,
1323 2568 1438 2604 ὁῆλιος,
1463 2570 1585 2605 ἐσόμενοι
1599 2568 1671 2597 ’ποτε

887 2603 958 2665 gari
981 2613 1042 2631 τινα
1068 2603 1191 2639 περίοδον
1217 2605 1264 2630 καὶ
1286 2605 1362 2630 αὐτοὶ
1391 2603 1522 2640 ἄρχοντες
1546 2605 1672 2641 ἡμερῶν.

909 2647 1020 2665 rLBunG.

909 2647 1020 2667 YLBURG.

921 2675 977 2709 (81)
1003 2674 1181 2709 Ἀφικονται.
1204 2673 1263 2701 Non
1285 2673 1377 2702 minus
1391 2678 1484 2709 aptum
1496 2674 1545 2702 fut.
1563 2679 1671 2711 tempus

926 2709 1036 2742 ίξονται.
1051 2709 1087 2737 ID.

885 2717 1036 2737 αωιξονται.
1051 2717 1087 2737 ID.

904 2718 1036 2744 φιςονται.
1051 2718 1087 2737 ιι).

920 2745 976 2779 (82)
1003 2745 1078 2777 Ὴλί,
1098 2743 1181 2777 Quasi
1206 2743 1316 2778 quidem
1339 2744 1368 2779 ὲν
1389 2744 1428 2779 τῷ
1449 2744 1517 2772 Ἦλί.
1539 2744 1671 2771 llebraico

885 2771 941 2811 ἦέ,
955 2771 1026 2817 quod
1044 2771 1135 2817 soloin
1161 2771 1343 2817 sig_|iilica_ret._
1356 2771 1436 2817 Sui).
1455 2779 1529 2817 Mira
1545 2779 1669 2817 liehraici

887 2815 1022 2842 sermonis
1044 2814 1163 2846 inscitia,
1179 2815 1224 2841 illa
1244 2814 1291 2840 τοῦ
1317 2814 1404 2848 ἡλίου,
1435 2819 1462 2841 et
1492 2815 1563 2841 Ἠλεί
1585 2820 1671 2841 evan-

886 2849 964 2884 gelici
987 2849 1161 2884 conjugatio:
1182 2853 1211 2876 ut
1230 2852 1257 2884 et
1272 2848 1344 2883 quod
1361 2849 1475 2876 Romani
1493 2850 1603 2879 milites,
1624 2849 1670 2876 illa

886 2882 952 2911 voce
966 2882 1052 2947 Ιὲἱιιιὴ
1073 2882 1226 2920 appellasse
1244 2882 1388 2911 Dominum
1407 2885 1433 2911 in
1453 2892 1536 2911 cruce
1557 2887 1670 2920 putave~

887 2924 961 2947 runt.
999 2927 1093 2947 ouser.

887 2924 961 2947 l‘lllll.
976 2924 1093 2947 UOIBEF.
