1934 3075
167 148 214 175 731

783 145 979 175 CLEMENTIS
998 145 1229 173 ALEXANDRINI

1751 145 1798 173 752

168 204 378 238 malediceretur,
395 204 485 240 inquit
495 205 531 240 (v.
544 205 602 239 23),
627 213 678 232 non
690 205 955 238 maledicebat;cum
970 209 993 236 Α
1008 205 1055 232 hoc
1069 205 1139 232 enim
1154 209 1179 232 et
1197 205 1309 232 mortuis
1334 204 1529 240 eoangelizatus
1553 210 1613 238 est,
1641 205 1724 233 nobis
1751 208 1795 240 qui

168 256 315 286 pateretur,
333 260 384 279 non
401 251 622 278 comminabatur.
641 251 774 279 Dominus
795 252 847 279 hoc
866 252 962 286 utique

168 304 218 332 per
235 297 383 324 bonitatem
400 301 481 332 atque
489 297 661 332 patientiam.
676 296 809 323 Tradebat
824 302 912 324 autem
919 297 962 331 ju-

169 343 271 370 dicanti
292 352 320 371 se
344 343 441 378 injuste
459 342 549 379 (ibid.)
563 362 571 375 ,
591 343 650 370 sive
672 343 862 378 semetipsum,
878 347 909 370 ut
926 344 962 371 sit

170 388 342 424 hyperbaton
361 389 414 417 hoc
431 389 513 416 modo
531 397 560 416 se
580 389 685 417 habens
700 399 706 415 :
728 389 854 416 tradebat
870 393 960 416 autem

171 436 347 471 semetipsum
373 436 524 464 secundum
547 436 679 471 injustam
705 436 790 471 legem
812 435 961 471 judicanti-

171 481 239 515 bus;
255 482 319 516 quia
336 481 441 509 inutilis
452 481 507 509 illis
518 486 587 513 erat,
600 482 795 516 utpotejustus
806 481 960 510 exsistens:

170 528 215 555 vel
232 527 358 555 tradebat
373 527 427 555 Deo
443 528 545 563 injuste
558 528 724 562 judicantes.
740 527 767 556 id
783 531 825 555 est
839 535 887 555 eos
914 528 960 563 qui

171 581 233 602 eum
249 573 418 609 nequissime
429 574 651 601 condemnabam
663 595 670 606 ,
687 577 714 601 et
730 574 814 609 gratis
828 574 887 601 neci
902 574 962 608 ejus

171 619 326 652 instabant,
352 623 384 647 ut
411 620 543 656 supplicia
570 620 774 655 perpetientes,
790 619 960 647 erudiantur.

173 664 225 697 Qui
241 665 309 692 enim
324 665 378 692 vult
401 666 482 693 vitam
497 686 504 698 ,
525 666 613 701 inquit
628 665 700 701 (cap.
723 673 765 698 tu,
782 673 808 693 ν.
827 665 882 700 10),
899 665 963 692 dili-

171 718 241 745 gere,
255 715 280 737 et
292 711 379 738 videre
403 711 458 739 dies
474 712 571 744 bonos;
587 712 639 739 hoc
649 715 690 739 est
709 712 755 746 qui
772 711 831 739 vult
843 715 962 740 κιαι-ηυξ

172 761 200 784 et
216 758 432 793 incorruptibilis
447 757 514 786 ﬁeri.
530 757 619 785 Vitam
635 765 711 789 vero,
723 757 868 785 Dominum
879 758 960 792 dicit;

172 803 231 832 dies
239 806 334 832 ‘autem
348 805 446 837 bonos,
462 805 514 832 hoc
528 809 570 833 est
599 808 718 832 sanctos.
736 804 807 838 Quia
821 805 902 836 oculi,
919 804 962 832 in-

173 851 234 886 quit
250 851 349 886 (v.li),
367 852 475 878 Domini
491 859 569 886 super
586 851 693 886 justas,
717 856 743 878 et
770 859 846 878 aures
859 851 916 886 ejus
933 851 960 878 in

172 883 261 931 preces
275 883 376 923 eorum.
395 883 593 924 Multiformem'
603 896 720 932 Spiritus
733 897 821 924 sancti
837 883 960 932 specula—
977 883 998 912 Β

174 941 274 968 tionem
289 941 443 976 signiﬁcat:
466 942 558 969 Vultus
581 947 668 969 autem
693 942 800 970 Domini
822 950 900 976 super
918 942 961 977 fa-

175 986 273 1013 cientes
290 986 363 1013 mala
381 987 418 1022 (v.
436 986 498 1021 12).
519 987 571 1014 hoc
588 991 630 1014 est
652 987 710 1014 sive
729 986 862 1021 judicium
876 1007 885 1020 ,
905 987 962 1014 sive

176 1033 260 1065 ultio,
293 1033 351 1061 sive
389 1033 584 1061 manifestatio.
620 1034 763 1061 Domimtm
792 1043 851 1061 vero
886 1033 963 1061 Chri-

176 1083 257 1111 stum,
275 1079 363 1115 inquit
375 1081 412 1116 (v.
428 1080 483 1115 15),
500 1081 666 1116 sancti/itote
681 1081 708 1108 in
726 1081 847 1108 cordibus
860 1081 962 1108 uestris.

177 1124 225 1152 Sic
241 1125 325 1153 habes
341 1126 423 1153 etiam
440 1126 468 1153 in
484 1127 609 1154 oratione
620 1127 761 1154 Dominica
779 1137 785 1154 :
804 1127 965 1162 Sancti/ice—

177 1176 222 1199 tur
241 1181 344 1204 nomen,
366 1173 469 1208 inquit,
495 1177 569 1200 tuum
585 1179 608 1200 α.
632 1172 754 1202 Christus
771 1175 853 1207 enim,
878 1175 967 1210 inquit

178 1219 216 1255 (v.
231 1219 375 1255 18).semel
386 1227 434 1254 pro
449 1220 562 1254 peccatis
574 1221 672 1247 nostris
686 1220 805 1248 mortuus
816 1221 966 1255 est,justus

176 1273 225 1300 pro
241 1265 359 1300 injustis,
375 1270 403 1292 ut
418 1274 465 1292 nos
478 1264 656 1300 oﬂ'erretDeo,
673 1266 850 1301 mortiﬁcatus
864 1266 968 1301 quidem

177 1320 266 1343 carne,
280 1312 425 1346 uiuiﬁcatus
439 1316 527 1338 autem
542 1311 647 1343 spiritu.
661 1311 723 1339 Haec
733 1312 766 1339 ad
782 1312 861 1340 ﬁdem
873 1320 968 1340 eorum

177 1357 304 1392 redigens
318 1357 396 1384 dicit.
420 1356 477 1384 Hoc
491 1361 533 1384 est
552 1367 558 1384 :
576 1357 604 1384 in
624 1358 726 1385 nostris
751 1358 903 1385 viviﬁcatus
926 1362 969 1386 est

178 1402 330 1438 spiritibus.
348 1402 612 1437 Adveniens,'inquit
636 1405 674 1438 (v.
690 1402 748 1438 20),
765 1402 920 1437 prwdicauit
930 1403 968 1430 eis

177 1449 222 1483 qui
241 1448 375 1484 quondam
389 1455 463 1476 erant
484 1449 630 1481 increduli;
647 1449 765 1484 speciem
784 1449 895 1484 quidem
910 1449 969 1484 ejus

177 1502 233 1522 non
248 1495 393 1526 viderunt,
415 1502 513 1523 sonum
539 1502 604 1522 vero
632 1495 707 1523 vocis
729 1495 885 1522 audierunt.
901 1493 969 1523 Cum

177 1541 307 1572 sustinet,
325 1541 415 1576 inquit
431 1540 534 1576 (ibid.),
558 1540 605 1567 Dei
635 1540 834 1575 longanimitas.
860 1539 900 1568 Ita
926 1545 967 1569 est

179 1587 268 1614 bonus
290 1586 372 1618 Deus,
385 1591 415 1614 ut
429 1587 511 1614 etiam
530 1594 579 1622 per
597 1585 778 1614 eruditionem
794 1585 890 1614 salutis
905 1593 969 1620 ope-

179 1638 257 1660 retur
271 1633 410 1660 eﬁ‘ectum.
429 1631 481 1659 Per
495 1632 713 1659 resurrectionem
726 1651 734 1663 ,
756 1631 845 1666 inquit
859 1631 897 1667 (v.
911 1632 970 1668 21),

179 1677 246 1705 Jesu
261 1677 377 1709 Christi;
394 1677 500 1704 scilicet
513 1684 573 1711 quae
586 1684 634 1711 per
647 1676 725 1703 ﬁdem
742 1676 770 1703 in
785 1676 864 1704 nobis
875 1676 970 1704 eﬁ‘ecta

180 1727 232 1750 cst.
251 1722 383 1757 Subjectis
397 1722 449 1749 sibi
469 1722 570 1757 angelis
583 1723 620 1757 (v.
637 1722 695 1758 22),
715 1722 760 1756 qui
780 1726 844 1751 sunt
860 1723 965 1758 primus

179 1766 266 1796 ordo:
284 1774 310 1796 et
324 1769 442 1796 subditis
459 1769 642 1803 potestatibus,
660 1770 707 1804 qui
723 1772 787 1796 sunt
798 1769 910 1797 secundi
922 1777 970 1797 or—

180 1815 254 1843 dinis
268 1825 274 1842 :
291 1815 407 1843 subditis
421 1823 528 1850 quoque
544 1815 684 1842 uirtutibus
695 1835 702 1847 ,
719 1823 781 1850 qua:
804 1815 838 1843 ad
860 1816 969 1843 tertium

181 1861 305 1889 ordinem
319 1861 458 1895 pertinere
472 1861 659 1889 declarantur.
673 1861 725 1894 Qui
739 1860 864 1892 reddent,
883 1861 971 1896 inquit

181 1908 256 1942 (cap.
268 1915 305 1940 Iv,
322 1916 349 1935 v.
366 1907 405 1943 5),
421 1908 548 1934 rationem
565 1908 589 1935 ei
611 1909 656 1943 qui
671 1914 782 1941 paratus
796 1913 836 1935 cst
847 1907 972 1942 judicare

181 1954 252 1981 uiuas
268 1958 292 1980 et
307 1959 437 1982 mortuos.
457 1954 490 1981 lii
507 1954 658 1982 secundum
673 1954 854 1989 praecedentia
868 1953 971 1988 judicia

182 1998 357 2027 erudiuntur.
373 1998 414 2027 0b
429 2000 480 2028 hoc
494 1999 577 2027 etiam
591 1999 731 2036 subiungit
746 1999 782 2034 (v.
795 1999 823 2036 6)
836 2009 843 2028 :
860 1998 972 2034 Propter

1010 249 1147 284 quondam
1165 250 1292 277 videlicet
1301 250 1477 278 exstabamus
1492 251 1625 280 inﬁdeles.
1634 251 1669 279 Ut
1674 251 1797 285 judicen~

1013 301 1057 323 tur
1087 295 1192 330 quidem
1210 294 1353 322 secundant
1373 295 1515 327 hominem,
1537 296 1626 331 inquit
1651 297 1758 332 (ibid.).
1773 298 1798 323 in

1010 349 1099 373 carne,
1116 341 1203 368 vivant
1215 346 1304 367 autem
1313 341 1458 368 secundum
1471 341 1554 368 Deum
1569 342 1597 368 in
1611 342 1721 376 spiritu.
1732 342 1798 375 Quia

1011 386 1090 414 aﬁde
1115 386 1241 414 videlicet
1263 386 1438 421 exciderunt;
1467 387 1531 414 dum
1547 387 1636 415 adhuc
1664 388 1693 415 in
1720 396 1801 415 carne

1011 437 1086 463 sunt,
1099 432 1260 467 judicantur
1275 433 1427 460 secundum
1447 432 1550 468 judicia
1572 434 1759 469 praecedentia
1773 439 1801 462 ut

1011 479 1173 513 pteniteant.
1197 479 1302 506 Idcirco
1321 482 1348 507 et
1364 479 1511 513 subnectit,
1525 480 1620 508 dicens
1637 490 1644 508 :
1669 480 1763 508 Vis-ant
1776 481 1802 508 in

1011 525 1107 559 spiritu
1128 524 1272 551 secundum
1291 525 1385 552 Deum.
1405 525 1452 553 Sic
1467 525 1568 554 Paulus
1587 534 1715 561 quoque;
1741 534 1802 553 nam

1010 574 1038 597 et
1055 570 1114 604 ipse
1127 570 1181 597 tale
1202 570 1304 604 aliquid
1331 571 1398 598 dicit
1417 579 1498 606 quem
1526 572 1626 598 tradidi
1652 572 1802 607 (inquiens)

1012 615 1138 647 Satanw,
1155 620 1184 642 ut
1205 616 1273 643 uiuat
1298 616 1394 650 spiritu
1407 617 1435 645 ιι.
1451 617 1529 653 (Cap.
1544 625 1580 649 IV,
1599 626 1625 645 ν.
1642 618 1688 653 i0)
1705 628 1712 645 :
1730 617 1804 646 Sicut

1012 662 1084 694 boni,
1102 662 1229 690 videlicet
1241 661 1438 696 dispensatores
1451 663 1623 697 multiformis
1635 663 1733 697 gratim
1746 662 1801 689 Dei.

1013 706 1146 736 Similiter
1164 712 1192 736 et
1216 707 1339 736 Paulus:
1356 707 1523 743 Multifarie,
1541 708 1644 744 inquit,
1667 713 1691 736 et
1715 708 1804 735 multis

1012 755 1097 782 modis
1111 754 1181 781 Deus
1197 755 1261 781 olim
1275 755 1378 782 locutus
1392 759 1431 782 est
1445 756 1569 790 patribus
1585 755 1684 782 nostris
1694 760 1717 779 ε.
1734 755 1806 782 Gau—

1011 801 1089 833 dete,
1118 802 1208 837 inquit
1229 803 1348 839 (v.15),
1383 802 1607 830 communicantes
1637 802 1807 837 passionibus

1012 845 1135 874 Christi:
1154 847 1206 874 hoc
1228 851 1271 875 est
1295 847 1317 874 si
1330 847 1398 882 justi
1425 847 1509 879 estis,
1532 851 1645 882 propter
1669 846 1806 881 justitiam

1012 892 1150 928 patimini,
1166 893 1238 921 sicut
1260 893 1388 921 Christus
1417 901 1466 929 pro
1493 893 1601 928 justitia
1631 901 1733 928 passus
1755 896 1806 927 est,

1011 938 1098 971 Beati,
1118 939 1206 974 inquit
1218 939 1256 975 (v.
1270 939 1326 974 14),
1342 940 1467 974 quoniam
1481 939 1527 974 qui
1541 943 1581 966 est
1601 939 1658 972 ejus
1688 939 1807 967 honoris.

1012 989 1037 1011 et
1046 985 1151 1012 virtutis
1164 985 1214 1012 Dei
1225 985 1352 1020 Spiritus,
1364 993 1494 1020 superi-os
1510 986 1658 1020 requiescit.
1674 985 1732 1012 Hoc
1746 992 1808 1020 pos-

1018 1030 1170 1062 sessivum,
1185 1031 1243 1062 eius
1253 1050 1261 1063 ,
1278 1036 1305 1058 et
1320 1031 1472 1066 angelicum
1499 1030 1625 1066 spiritum
1649 1029 1787 1065 signiﬁcat
1800 1040 1807 1057 :

1014 1076 1101 1111 gloria
1117 1077 1218 1112 quippe
1232 1076 1278 1104 Dei
1293 1097 1300 1109 ,
1320 1077 1360 1104 illi
1382 1082 1448 1105 sunt
1463 1085 1512 1112 per
1526 1084 1597 1112 quos
1613 1077 1766 1104 secundum
1780 1076 1809 1102 ﬁ-

1015 1124 1077 1151 dem
1094 1128 1120 1151 et
1133 1123 1267 1157 justitiam
1288 1123 1457 1158 gloriﬁcatur
1473 1123 1507 1151 ad
1524 1123 1640 1159 gloriam
1662 1123 1810 1150 honorabi—

1017 1171 1080 1201 lem,
1097 1168 1250 1196 secundum
1266 1167 1420 1204 profectum
1441 1169 1659 1196 introductorum
1675 1168 1808 1195 ﬁdelium.

1017 1215 1110 1244 Potest
1135 1215 1217 1243 etiam
1241 1215 1282 1243 sic
1297 1215 1412 1251 intelligi
1438 1214 1555 1250 Spiritus
1575 1215 1624 1242 Dei
1642 1223 1723 1250 super
1746 1223 1791 1241 nos
1799 1223 1810 1246 ;

1017 1263 1071 1290 hoc
1095 1266 1155 1294 est,
1172 1263 1218 1297 qui
1237 1263 1387 1290 secundum
1415 1262 1495 1289 ﬁdem
1520 1262 1618 1289 animae
1640 1262 1808 1296 supervenit.

1019 1309 1104 1336 veluti
1114 1313 1244 1336 venustas
1259 1308 1382 1344 quaedam
1396 1309 1496 1335 mentis
1512 1311 1540 1335 et
1555 1308 1640 1335 animi
1654 1308 1809 1343 pulchritu-

1019 1355 1064 1383 do.
1075 1355 1219 1389 Quoniam,
1233 1357 1322 1391 inquit
1337 1355 1373 1392 (ν.
1393 1355 1450 1390 17),
1463 1359 1564 1390 tempus
1575 1355 1674 1390 judicii
1685 1354 1811 1381 inchoau-

1020 1401 1049 1429 di
1072 1411 1088 1429 a
1104 1402 1182 1430 domo
1200 1403 1315 1431 Domini.
1344 1402 1394 1430 His
1411 1403 1504 1435 enim,
1524 1402 1551 1429 in
1574 1400 1811 1437 persecutionibus

1021 1449 1188 1481 constitutis,
1208 1449 1341 1485 judicium
1357 1453 1550 1484 consequetur.
1565 1448 1636 1476 Deus
1655 1454 1756 1478 autem,
1772 1447 1812 1474 in-

1021 1495 1081 1531 quit
1101 1495 1172 1531 (cap.
1198 1504 1226 1528 v,
1247 1495 1345 1532 v.10),
1373 1496 1453 1523 totius
1469 1495 1574 1532 gratim.
1598 1494 1696 1522 Totius
1720 1493 1812 1529 gratiae

1022 1542 1100 1573 dixit,
1116 1542 1246 1577 quoniam
1260 1543 1350 1570 bonus
1366 1547 1421 1575 est,
1439 1547 1466 1568 et
1480 1542 1602 1569 omnium
1617 1541 1752 1569 bonorum
1766 1541 1812 1565 «la-

1023 1591 1066 1615 tor
1081 1592 1123 1616 est
1139 1588 1206 1623 ipse.
1225 1587 1332 1615 Salutat
1346 1597 1390 1615 vos
1405 1587 1511 1614 Marcus
1521 1588 1593 1622 ﬁlius
1609 1595 1682 1613 meus
1703 1586 1739 1620 (v.
1758 1586 1810 1619 it).

1024 1634 1131 1662 Marcus
1151 1633 1227 1661 Petri
1257 1638 1395 1665 sectator.
1425 1636 1514 1669 palam
1545 1634 1712 1669 praedicante
1733 1632 1812 1660 Petro

1023 1680 1200 1715 Evangelium
1226 1679 1318 1709 Romae
1337 1687 1431 1707 coram
1455 1680 1620 1715 quibusdam
1641 1679 1812 1707 Cassareanis

1023 1727 1179 1761 equitibus.
1193 1730 1220 1753 et
1235 1727 1318 1753 multa
1335 1726 1439 1754 Christi
1456 1726 1612 1753 testimonia
1638 1725 1810 1761 proferente;

1024 1771 1134 1806 penitus
1145 1771 1179 1798 ab
1193 1771 1234 1799 eis
1258 1775 1286 1797 ut
1304 1775 1416 1810 possent
1432 1778 1491 1806 quze
1502 1771 1666 1798 dicebantur
1676 1769 1813 1797 memoria:

1024 1818 1226 1849 commendare.
1244 1818 1356 1853 scripsit
1369 1825 1400 1845 ex
1418 1817 1462 1844 his
1476 1825 1537 1852 qum
1551 1816 1633 1844 Petro
1648 1816 1721 1843 dicta
1740 1821 1810 1846 sunt.

1024 1863 1199 1898 Evangelium
1234 1863 1306 1898 quod
1334 1863 1483 1890 secundum
1512 1862 1633 1889 Marcum
1666 1861 1811 1888 vocitatur.

1026 1907 1104 1936 Sicut
1130 1908 1220 1937 Lucas
1245 1916 1365 1944 quoque.
1391 1912 1418 1936 ct
1434 1908 1520 1936 Actus
1535 1908 1721 1943 apostolorum
1745 1907 1812 1942 stylo

1025 1957 1171 1981 exsecutus
1181 1959 1351 1989 agnosceret,
1364 1957 1391 1981 et
1407 1953 1484 1981 Pauli
1498 1953 1532 1981 ad
1544 1953 1813 1988 Hebraeosintcrpre-

1025 2003 1099 2026 tatus
1112 1999 1273 2035 Epistolam.

497 2257 677 2289 EIUSDEM
696 2257 933 2288 ADUMBRATI
941 2258 1044 2289 ONES
1060 2258 1101 2288 IN
1126 2258 1352 2289 EPlSTOLAM
1368 2259 1490 2291 JUDIE.

215 2354 619 2392 3691udas,quicatholicam
627 2355 738 2391 scripsit
748 2354 907 2391 Epistulam,
921 2355 976 2383 fra-
992 2358 1013 2385 D
1029 2356 1160 2389 Quoniam
1169 2357 1296 2384 Dominus
1306 2357 1374 2384 Deus
1383 2356 1463 2384 semet
1473 2334 1609 2391 populum,
1624 2355 1713 2392 inquit
1724 2356 1761 2390 (v.
1774 2355 1813 2390 5).

186 2404 228 2428 ter
238 2399 458 2435 ﬁliorumJoseph
467 2400 669 2432 exslaus,valde
683 2400 835 2436 religiosus;
845 2409 907 2428 cum
918 2401 972 2429 sci-

187 2451 229 2474 ret
235 2447 464 2482 propinquitatem
475 2446 593 2480 Domini,
602 2455 654 2475 non
668 2452 757 2475 tamen
766 2448 836 2476 dixit
845 2456 874 2476 se
885 2449 974 2484 ipsum

188 2492 300 2520 fratrem
322 2493 383 2527 ejus
405 2501 482 2527 esse;
510 2494 559 2521 scd
583 2494 647 2528 quid
675 2494 743 2521 dixit
764 2495 836 2530 (cap.
860 2502 880 2526 ι,
905 2494 972 2529 v.1)

188 2539 275 2566 ludas
303 2547 392 2567 servus
417 2539 482 2567 Jesu
503 2539 618 2572 Christi,
643 2545 737 2575 utpote
752 2540 875 2574 Domini;
892 2541 975 2575 frater

189 2592 276 2612 autent
288 2585 391 2613 Jacobi.
409 2586 464 2613 Hoc
480 2587 552 2614 enim
566 2595 658 2614 verum
671 2591 728 2621 est;
741 2587 825 2615 frater
839 2591 896 2615 erat
904 2587 974 2622 ejus,

189 2630 299 2665 Jose-ph.
322 2630 534 2659 Subintroierunt
552 2633 621 2658 enim
635 2632 743 2668 quidam
757 2653 764 2665 ,
777 2632 865 2667 inquit
880 2631 916 2667 (ν.
935 2632 975 2667 ιι),

190 2676 308 2703 homines
340 2676 413 2710 impii
435 2678 479 2712 qui
492 2677 554 2704 olim
575 2678 723 2713 prmscripti
744 2683 769 2704 et
794 2677 988 2712 prwdcstinativ

189 2728 266 2750 erant
278 2724 305 2750 in
316 2723 447 2759 judicium
463 2725 510 2751 Dei
524 2726 618 2758 nostri,
634 2733 688 2753 non
701 2729 730 2752 ut
746 2725 810 2752 ﬁant
825 2725 910 2759 impii,
927 2723 974 2752 sed

190 2768 355 2797 exsistcnles
364 2769 419 2805 jam
437 2771 522 2806 impii,
541 2771 568 2798 in
582 2771 716 2806 judicium
733 2771 882 2806 praescripti
899 2775 972 2798 sunt.

227 2876 240 2890 ο
254 2870 347 2898 Matth.
370 2879 405 2905 vt,
421 2872 446 2899 9.
486 2871 500 2892 ιι
521 2870 610 2899 lCor.
623 2879 649 2904 v,
665 2871 691 2898 5.
732 2877 741 2891 ε
762 2870 828 2898 llcb.
847 2877 866 2902 ι,
889 2870 912 2898 l.

1025 2402 1058 2430 de
1084 2407 1155 2430 terra
1167 2402 1278 2438 Egypti
1304 2403 1420 2430 liberans
1431 2423 1438 2435 ,
1462 2402 1582 2437 deinceps
1598 2410 1642 2429 eos
1656 2405 1685 2433 >14
1705 2402 1750 2436 qui
1765 2410 1815 2428 non

1026 2447 1203 2480 crediderunt,
1224 2448 1354 2482 perdidit;
1381 2452 1411 2475 ut
1439 2456 1487 2475 eos
1506 2448 1633 2475 videlicet
1647 2456 1696 2482 per
1712 2447 1814 2482 suppli-

1026 2495 1098 2522 cium
1113 2495 1244 2522 erudiret.
1268 2495 1298 2522 ln
1313 2494 1443 2530 praesenti
1467 2495 1567 2530 quippe
1587 2498 1712 2528 tempore
1727 2493 1814 2529 puniti

1027 2545 1090 2569 sunt
1103 2545 1130 2568 et
1144 2542 1284 2576 perierunt
1303 2547 1414 2577 propter
1427 2549 1475 2569 eos
1490 2541 1537 2577 qui
1554 2541 1712 2573 salvantur,
1729 2540 1814 2567 donec

1027 2591 1222 2615 convertantur
1240 2588 1274 2615 ad
1305 2587 1460 2615 Dominum.
1486 2587 1599 2622 Angelos
1630 2595 1701 2618 vero,
1728 2585 1814 2621 inquit

1027 2637 1064 2669 (v.
1081 2634 1108 2669 6)
1116 2636 1160 2668 qui
1169 2643 1219 2661 non
1234 2639 1399 2661 servaverunt
1414 2635 1549 2668 proprium
1564 2632 1751 2668 principatum,
1763 2631 1814 2658 sci-

1026 2680 1091 2707 licet
1105 2688 1185 2714 quem
1201 2684 1364 2714 acceperunt:
1373 2679 1525 2707 secundum
1537 2677 1702 2712 profectum,
1712 2677 1758 2704 sed
1774 2675 1814 2703 de-

1026 2725 1196 2759 reliquerunt,
1207 2724 1296 2759 inquit
1308 2724 1411 2756 (ibid.),
1425 2732 1501 2750 suum
1515 2723 1706 2754 habitaculum,
1715 2722 1812 2749 caelum

1026 2769 1151 2797 videlicet
1166 2777 1197 2796 ac
1208 2769 1300 2797 stellas
1308 2769 1475 2802 signiﬁcans,
1485 2772 1616 2803 apostata:
1628 2767 1693 2794 facti
1711 2771 1774 2795 sunt
1787 2768 1812 2793 et

955 2872 983 2902 ᾖ
1006 2869 1036 2896 Ρ.
1062 2869 1114 2897 998
1142 2868 1193 2901 ω.
1215 2867 1360 2895 POTTER.
