1934 3075
109 193 163 220 733

817 184 1036 214 FRAGMENTA.

1684 174 1736 202 τδι

108 253 210 282 vocali.
229 251 262 278 In
273 251 420 287 judicium,
437 250 526 286 inquit
541 250 641 286 (ibid.),
661 257 762 284 magnte
773 249 826 276 diei
840 249 897 275 vin-
912 248 934 278 Α
948 254 1022 274 num.
1032 242 1200 278 Prophetavit
1208 245 1292 268 autem
1301 239 1379 287 dehis
1389 235 1621 287 septimqsﬁnquil
1632 234 1734 287 (minii.

109 300 180 327 sutis
192 299 325 334 perpetuis
337 298 384 325 sub
397 298 507 333 caligine
522 297 672 324 reservavit.
685 295 809 323 Vicinum
818 295 899 322 terris

112 346 216 378 locum,
232 346 287 372 hoc
309 348 351 372 est
372 344 552 379 caliginosum
568 351 658 371 aerem
675 341 821 378 signiﬁcat.
836 341 901 368 Vin-

111 393 176 419 cula
194 400 259 420 vero
273 391 343 419 dixit
368 391 542 418 amissionem
560 390 673 418 honoris
688 390 713 416 in
729 396 784 424 quo
798 387 901 416 consti-

112 442 220 468 terant,
249 442 275 465 et
297 437 472 472 cupiditatem
489 435 657 463 inﬁrmarum
672 442 778 468 rerum;
795 433 901 468 cupidi-

113 487 172 511 tate
187 484 288 518 quippe
302 482 421 510 devincti
434 481 544 517 propria
556 501 564 513 ,
579 480 700 508 converti
717 487 771 507 non
788 482 900 514 queunt.

114 529 192 556 Sicut
204 528 320 556 Sodoma
332 549 339 560 ,
355 528 442 563 inquit
457 529 494 562 (ν.
514 527 552 561 '7),
567 532 592 554 et
613 525 771 553 Gomorrha.
797 525 902 558 Quibus

113 575 253 609 signiﬁcat
267 572 402 600 Dominus
419 573 561 600 remissius
577 579 655 604 esse,
669 576 695 598 et
708 570 830 598 eruditos
844 578 903 605 po:-

112 623 242 650 nituisse.
268 621 397 649 Similiter
420 620 531 652 iisdem,
555 620 644 656 inquit
671 619 708 656 (v.
725 619 763 652 8),
777 624 802 646 et
820 619 847 645 hi
860 627 903 645 so-

113 669 264 700 mniantes,
284 668 338 695 hoc
357 671 399 695 est
420 667 467 702 qui
490 667 627 695 somniant
646 665 839 700 imaginatione
853 672 903 692 sua

113 714 245 742 libidines
265 718 293 741 et
319 714 450 748 reprobas
463 713 625 748 cupiditates
637 732 645 745 ,
659 712 760 738 bonum
779 718 839 738 esse
853 718 904 745 pu-

114 765 219 791 tantes,
231 767 285 787 non
297 759 363 786 illud
375 759 447 794 quod
457 766 520 786 vere
528 758 631 785 bonum
643 762 695 788 est,
707 761 735 784 et
747 756 820 784 omni
832 755 904 782 bono

115 806 256 841 superius.
272 804 385 832 Carnem
396 803 510 839 quidem,
528 803 617 838 inquit
634 802 737 837 (ibid.),
757 801 902 833 maculant,

114 852 324 879 dominationem
353 855 439 877 autem
461 853 603 884 spernunt,
629 848 794 883 majestatem
816 852 903 873 autem

114 898 315 931 blasphemant;
343 897 395 923 hoc
418 900 460 923 est
492 895 579 923 solum
600 894 744 920 Dominum
767 893 813 928 qui
841 899 903 919 vere

113 943 248 971 Dominus
262 947 355 969 noster
367 947 418 974 est,
429 941 509 970 Jesus
519 941 657 971 Christus,
674 944 701 967 et
717 939 792 966 solus
807 939 902 966 lauda~

114 987 190 1016 bilis.
207 987 385 1021 Majestatem,
399 986 497 1021 inquit,
515 986 695 1021 blasphemant
709 1006 716 1017 ,
729 985 782 1012 hoc
797 988 838 1011 est
852 992 902 1011 an-

118 1035 206 1069 gelos.
230 1033 273 1068 (V.
301 1034 354 1070 9):
382 1033 493 1066 Quando
513 1032 627 1059 Michael
647 1032 818 1067 arcltangelus
844 1040 903 1058 cum

115 1079 225 1107 diabolo
239 1080 390 1114 disputans,
407 1079 587 1110 altercabalnr
610 1078 642 1105 de
661 1087 768 1113 corpore
781 1077 882 1113 Moysis
893 1085 902 1103 .'

116 1126 162 1153 hic
172 1127 315 1153 conﬁrmat
331 1127 545 1160 assumptionem
562 1125 673 1161 Moysis.
684 1124 797 1152 Michael
813 1127 902 1151 autem

116 1171 162 1198 hic
177 1171 280 1198 dicitur
300 1171 347 1206 qui
363 1178 411 1206 per
426 1171 608 1206 propinquum
627 1170 708 1197 nobis
723 1169 848 1204 angelum
864 1169 903 1195 al-

114 1218 274 1244 tercabatur
295 1224 357 1244 cum
372 1217 491 1245 diabolo.
511 1216 548 1243 Ili
563 1220 665 1248 autem,
684 1215 772 1250 inquit
791 1216 828 1248 (ν.
846 1214 901 1247 10),

112 1270 273 1298 ᾳιιιεειιηᾳαε
288 1262 392 1297 quidem
410 1262 549 1297 ignorant,
566 1261 756 1296 blasphemant.
773 1260 903 1293 Quaecun-

112 1316 163 1343 que
176 1313 263 1334 autem
275 1307 435 1334 naturaliter
449 1312 575 1342 tanquam
590 1311 664 1334 muta
679 1305 808 1332 animalia
827 1313 903 1331 nove-

113 1358 192 1384 runt,
207 1354 234 1380 in
247 1353 287 1380 his
300 1358 514 1388 corrumpuntur.
542 1353 682 1388 Signiﬁcat
697 1360 745 1380 eos
759 1350 903 1378 comedere

113 1408 146 1427 ac
158 1401 262 1432 bibere,
280 1405 307 1427 et
326 1400 409 1427 rebus
424 1399 549 1427 venereis
571 1398 726 1432 indulgere,
746 1401 773 1425 et
788 1398 839 1424 alia
856 1405 903 1425 eos

112 1451 273 1483 perpetrare
284 1446 352 1474 dicit
366 1454 426 1481 quae
442 1450 505 1473 sunt
521 1445 676 1473 communia
695 1452 756 1471 cum
779 1443 903 1470 animali-

113 1495 166 1521 bus
182 1493 289 1520 ratione
300 1492 467 1519 carentibus.
475 1491 519 1518 Va:
533 1491 588 1518 illis
598 1510 605 1523 ,
619 1490 708 1525 inquit
722 1490 759 1524 (ν.
774 1489 829 1523 Η),
841 1490 902 1524 quia

112 1540 141 1566 in
159 1539 201 1566 via
215 1538 283 1566 Cain
297 1538 429 1565 abierunt.
445 1537 490 1564 Sic
503 1538 584 1565 etiam
603 1541 718 1572 peccato
731 1537 795 1564 Adae
809 1537 903 1572 subja-

112 1592 210 1612 cemus
227 1584 377 1611 secundum
389 1583 493 1618 peccati
509 1583 728 1610 similitudinem.
743 1581 845 1615 Nubes,
859 1581 902 1608 in-
915 1584 936 1613 ο

112 1631 176 1666 quit
188 1631 226 1663 (ν.
243 1630 298 1661 12),
311 1631 366 1657 sine
386 1638 470 1665 aqua;
497 1629 549 1657 hoc
571 1633 624 1661 est,
637 1629 684 1663 qui
703 1628 817 1656 verbum
836 1627 904 1655 divi-

113 1684 180 1703 num
193 1680 220 1703 et
239 1676 386 1703 fecundum
407 1676 435 1703 in
454 1683 483 1703 se
497 1683 552 1703 non
561 1675 716 1710 possident.
733 1674 772 1702 0b
787 1674 845 1707 hoc,
861 1675 903 1701 in-

114 1722 176 1758 quit
194 1722 295 1757 (tbids),
309 1726 333 1749 et
354 1731 370 1748 a
388 1722 487 1753 uentis,
499 1726 523 1748 et
543 1721 680 1756 spiritibus
701 1720 831 1751 uiolentis,
854 1719 904 1746 hu-

109 1767 230 1801 jusmodi
264 1766 483 1799 circumferuntur
512 1766 639 1793 homines.
672 1765 799 1799 Arbores,
816 1765 904 1799 inquit

113 1811 218 1845 (ibid),
231 1811 399 1838 autumnales
423 1811 603 1845 infructuosa,
630 1813 656 1837 et
674 1810 797 1838 inﬁdeles
810 1809 904 1837 videli-

114 1861 169 1889 cet,
187 1857 233 1892 qui
248 1857 353 1884 nullum
374 1856 494 1884 fructum
512 1854 650 1884 ﬁdelitatis
671 1860 827 1891 apportant.
846 1855 902 1887 Itis,

115 1903 205 1938 inquit
220 1903 324 1938 (ibid.),
338 1908 466 1934 mortuw;
482 1903 564 1930 semel
579 1902 684 1930 scilicet
696 1902 805 1937 quando
816 1901 905 1928 delin-

114 1948 223 1984 quendo
236 1953 401 1983 peccarunt;
418 1949 539 1976 secundo
550 1956 626 1982 vero,
639 1948 749 1984 quando
763 1949 904 1984 suppliciis

114 1995 312 2024 contradentur
340 1995 492 2022 secundum
508 1996 701 2030 praedestinata
718 1995 766 2022 Dei
777 1995 881 2030 judicia
895 2004 902 2022 :

115 2050 190 2069 mors
206 2041 308 2076 quippe
320 2040 471 2076 reputanda
486 2044 529 2068 est
539 2061 547 2073 ,
563 2041 645 2068 etiam
660 2041 771 2076 quando
787 2041 904 2076 quisque

114 2088 303 2116 haereditatem
329 2095 382 2124 non
405 2087 534 2114 continuo
549 2091 761 2122 promereretur.
779 2087 903 2119 Fluctus,

115 2134 205 2170 inquit
217 2134 257 2169 (ν.
275 2133 338 2168 l5),
356 2133 450 2168 ferocis
466 2133 560 2159 maris.
578 2132 625 2160 His
639 2133 730 2160 verbis
743 2133 826 2160 vitam
839 2141 905 2168 gen—

114 2179 191 2206 tilem
220 2179 377 2214 signiﬁcat,
399 2186 515 2213 quorum
540 2178 698 2205 ambitionis
715 2179 904 2206 abominabilis

113 2230 154 2252 est
166 2225 238 2252 linis.
254 2224 350 2252 Sidera
363 2225 493 2255 errantia,
507 2224 559 2251 hoc
575 2227 616 2251 est
651 2227 776 2251 errantes
796 2227 824 2251 et
845 2231 905 2258 apo-

115 2274 200 2298 statas
213 2271 363 2306 signiﬁcat,
383 2278 416 2298 ex
430 2269 588 2304 huiusmodi
605 2270 692 2298 stellis
708 2273 782 2302 sunt,
795 2269 840 2304 qui
855 2251 903 2295 an-
920 2251 941 2277 Β

114 2318 235 2352 gelorum
254 2317 378 2345 cecidere
393 2316 427 2344 de
441 2317 567 2348 sedibus,
585 2315 678 2351 quibus
691 2336 698 2348 ,
715 2319 825 2350 propter
837 2322 904 2350 apo-

113 2364 244 2396 stasiam,
264 2363 350 2398 caligo
369 2362 535 2390 tenebrarum
551 2366 701 2389 reservatur
720 2361 748 2387 in
769 2361 905 2396 sempiter-

895 2514 951 2544 111.

951 291 982 318 ab
995 290 1081 317 Adam
1093 288 1192 316 Enoch.
1206 287 1253 314 His
1267 286 1358 314 verbis
1380 283 1549 320 prophetiam
1566 279 1734 314 comprobat.

949 337 1013 369 Isti,
1029 336 1117 371 inquit
1132 335 1168 370 (ν.
1184 334 1240 367 19),
1256 335 1421 367 segregantes
1436 350 1443 361 ,
1462 328 1555 355 ﬁdeles
1571 327 1605 354 ab
1619 324 1735 352 inﬁdeli-

950 385 1014 415 bus.
1042 381 1192 410 secundum
1217 380 1355 415 propriam
1384 376 1570 404 inﬁdelitatem
1585 372 1733 407 redarguti.

950 428 984 455 Et
998 430 1094 456 iterum
1122 427 1313 454 discernentes
1331 431 1347 450 a
1371 422 1511 449 carnibus.
1528 419 1678 450 Animales,
1694 417 1737 444 in—

951 474 1011 509 quit
1025 473 1126 508 (ibid.),
1143 471 1272 506 Spiritum
1298 478 1349 496 non
1375 468 1497 495 habentes
1513 474 1522 493 :
1537 465 1667 500 Spiritum
1682 462 1738 490 sci-

952 520 1016 546 licet
1027 518 1074 553 qui
1089 521 1131 545 est
1147 524 1195 551 per
1209 516 1288 542 ﬁdem
1309 514 1455 542 secundum
1472 519 1550 539 usum
1563 509 1678 545 iustitiae
1689 516 1737 536 su-

952 564 1124 600 perveniens.
1146 562 1196 589 Vos
1211 566 1313 591 autem,
1330 560 1418 594 inquit
1431 560 1468 593 (ν.
1488 558 1534 592 20)
1545 578 1552 590 ,
1567 555 1734 587 charissimi,

953 598 1193 644 superwdiﬁcantes
1212 607 1380 639 vosmetipsos
1395 603 1564 631 sanctissima
1587 606 1673 628 uestra
1686 598 1737 634 ﬁde

952 657 980 683 iu
999 655 1100 689 Spiritu
1126 658 1229 680 sancto.
1251 650 1386 684 Quosdam
1402 655 1505 681 autem,
1522 648 1610 682 inquit
1625 646 1662 681 (ν.
1677 645 1735 681 21),

953 701 1053 729 salvate
1079 700 1111 727 de
1133 700 1192 734 igne
1212 698 1342 732 rapientes
1361 698 1397 731 (ν.
1417 696 1462 731 22)
1477 715 1484 727 ,
1506 693 1664 730 quibusdam
1677 700 1736 718 vero

953 747 1112 775 miseremini
1127 747 1153 772 in
1168 745 1275 779 timore}
1292 744 1318 771 id
1333 749 1376 771 est
1403 750 1451 770 eos
1470 741 1517 777 qui
1537 742 1566 768 in
1585 741 1673 775 ignem
1690 747 1733 766 ca-

954 795 1036 824 dunt,
1062 791 1185 820 doceatis
1206 794 1236 817 ut
1263 790 1424 824 semctipsos
1449 788 1573 815 liberent.
1595 785 1736 815 Odientes.

954 840 1042 875 inquit
1058 840 1095 874 (v.
1112 838 1170 872 25),
1182 845 1240 864 eam
1264 843 1322 871 qua
1336 834 1452 862 carnalis
1467 838 1506 860 est
1519 832 1680 860 maculatam
1695 835 1738 857 tu-

955 887 1057 916 nicum;
1073 880 1170 911 animae
1182 882 1307 910 videlicet
1323 881 1416 908 tunica
1430 879 1536 906 macula
1549 881 1607 910 est,
1624 876 1738 911 spiritus

919 920 939 946 Β
955 931 1188 967 concupiscentiis
1203 929 1322 965 pollutus
1338 925 1504 954 carnalibus.
1525 923 1559 951 Ei
1579 927 1680 956 autem,
1695 922 1738 948 in-

954 979 1014 1014 quit
1033 978 1070 1014 (v.
1088 977 1133 1011 24)
1145 997 1152 1008 ,
1180 977 1225 1011 qui
1248 979 1338 1009 potens
1353 978 1391 1000 est
1406 979 1557 999 conservare
1570 978 1613 997 uos
1628 969 1684 996 sine
1697 968 1740 1003 of-

953 1025 1082 1060 fensione,
1099 1028 1123 1050 et
1139 1022 1298 1050 constituere
1320 1025 1380 1047 ante
1393 1023 1558 1054 conspectum
1581 1017 1673 1052 gloria
1683 1022 1740 1043 sua

954 1070 1138 1097 immaculatos
1152 1069 1179 1094 in
1196 1068 1299 1095 ltelitia.
1326 1065 1356 1093 In
1385 1070 1534 1099 conspecw
1564 1063 1657 1098 gloriae
1683 1068 1739 1089 suae

954 1117 1030 1148 dicit,
1045 1122 1138 1142 coram
1159 1114 1272 1149 angelis.
1301 1112 1493 1140 Immaculatos
1519 1115 1609 1137 autem
1634 1108 1740 1136 consti-

955 1161 1079 1192 tuendos,
1099 1160 1209 1195 angelos
1223 1159 1322 1191 factos,
1347 1166 1409 1185 cum
1436 1157 1503 1184 dicit
1528 1155 1622 1182 Daniel
1645 1155 1678 1181 de
1692 1161 1738 1188 po-

953 1207 1029 1243 pulo,
1043 1210 1071 1234 et
1082 1207 1157 1234 venit
1172 1207 1198 1233 in
1214 1209 1364 1240 conspectu
1378 1204 1486 1231 Domini
1502 1223 1509 1234 ,
1526 1210 1578 1229 non
1601 1202 1654 1229 hoc
1671 1201 1739 1228 dicit

953 1253 1082 1288 quoniam
1098 1252 1166 1279 vidit
1191 1251 1292 1281 Deum:
1319 1250 1371 1278 hoc
1385 1250 1457 1277 enim
1472 1248 1640 1283 impossibile
1653 1251 1695 1274 est
1709 1250 1739 1273 ut

952 1299 1069 1334 quisque
1096 1305 1150 1325 non
1164 1297 1267 1325 mundo
1281 1297 1364 1324 corde
1389 1297 1478 1324 videat
1502 1294 1586 1321 Deum
1601 1303 1607 1321 :
1623 1293 1670 1320 sed
1687 1294 1738 1320 hoc

953 1344 1034 1375 dicit,
1054 1343 1118 1378 quia
1132 1346 1232 1370 cuncta
1247 1349 1418 1377 quaecunque
1433 1340 1550 1368 faciebat
1564 1339 1697 1375 populus,
1711 1338 1738 1364 in

953 1393 1100 1424 conspectu
1116 1392 1195 1415 erant
1209 1387 1267 1418 Dei,
1284 1391 1311 1415 et
1334 1386 1479 1414 manifesta
1495 1386 1532 1413 illi
1553 1385 1716 1412 constabant
1730 1392 1737 1416 ;

953 1435 1004 1462 hoe
1018 1438 1060 1462 est
1073 1434 1202 1469 quoniam
1227 1433 1294 1461 nihil
1318 1432 1508 1460 absconditum
1520 1435 1563 1458 est
1577 1438 1591 1457 a
1613 1429 1737 1456 Domino.

952 1480 981 1507 ln
999 1480 1145 1515 Evangelio
1160 1487 1224 1507 vero
1252 1479 1402 1507 secundum
1419 1477 1538 1504 Marcum
1555 1476 1739 1509 interrogatus

953 1524 1086 1552 Dominus
1106 1532 1121 1551 a
1144 1525 1268 1560 principe
1282 1523 1455 1552 sacerdotum
1470 1523 1493 1549 si
1509 1523 1563 1556 ipse
1577 1526 1643 1548 esset
1660 1519 1739 1548 Chri-
1769 1520 1771 1523 ”

953 1577 1010 1599 stus
1041 1571 1130 1599 Filius
1151 1572 1199 1599 Dei
1229 1571 1371 1603 benedicti;
1390 1569 1545 1604 respondens
1561 1568 1629 1595 dixit
1649 1575 1659 1595 :
1682 1567 1739 1603 Ego

953 1626 1023 1650 sum,
1040 1623 1065 1645 et
1081 1618 1200 1645 videbitis
1216 1617 1317 1644 Filium
1331 1616 1444 1643 hominis
1463 1624 1479 1642 a
1497 1615 1596 1642 dextris
1609 1613 1738 1641 sedentem

954 1665 1058 1691 virtutis
1073 1670 1097 1692 ﬂ.
1118 1664 1231 1691 Virtutes
1247 1668 1336 1690 autem
1358 1662 1513 1697 signiﬁcant
1528 1664 1637 1689 sanctos
1656 1667 1738 1695 ange—

953 1710 1004 1736 los.
1018 1709 1136 1737 Proinde
1152 1710 1234 1737 etiam
1253 1717 1315 1736 cum
1335 1709 1401 1736 dicit
1415 1717 1431 1734 a
1445 1707 1544 1734 dextris
1557 1706 1615 1737 Dei.
1629 1706 1738 1734 eosdem

954 1755 1029 1791 ipsos
1053 1756 1120 1783 dicit
1139 1760 1251 1791 propter
1272 1755 1455 1790 aequalitatem
1484 1758 1511 1780 et
1533 1752 1739 1780 similitudinem

954 1803 1139 1837 angelicaruln
1156 1806 1369 1836 sanctarumque
1384 1801 1516 1828 virtutum
1532 1799 1579 1834 qui
1597 1799 1739 1825 nominan-

953 1851 998 1875 tur
1014 1849 1124 1876 nomine
1138 1848 1195 1875 Dei.
1217 1848 1286 1874 Eum
1307 1855 1372 1882 ergo
1387 1847 1475 1874 sedere
1499 1846 1525 1872 in
1550 1845 1645 1872 dextra
1662 1844 1739 1875 dicit,

954 1895 1006 1922 hoc
1020 1898 1063 1922 est
1087 1894 1115 1920 in
1138 1894 1268 1921 eminenti
1291 1894 1394 1920 hmwre
1421 1892 1601 1927 requiescere.
1623 1890 1652 1917 In
1677 1890 1740 1917 aliis

954 1945 1044 1968 autem
1062 1940 1215 1975 Evangeliis
1240 1939 1342 1966 dicitur
1370 1937 1484 1973 principi
1513 1936 1683 1964 sacerdotum
1698 1936 1739 1962 in-

953 1986 1103 2022 terroganti
1120 1987 1143 2014 si
1159 1987 1216 2021 ipse
1231 1989 1304 2013 esset
1319 1984 1405 2012 Filius
1429 1983 1494 2016 Dei,
1518 1990 1573 2010 non
1600 1990 1616 2009 e
1643 1985 1738 2009 contra

953 2034 1136 2069 respondisse.
1167 2032 1220 2059 Sed
1239 2031 1306 2066 quid
1326 2030 1416 2058 dixit?
1443 2029 1494 2056 Vos
1523 2029 1611 2055 dicitis
1623 2029 1648 2055 1³.
1666 2027 1739 2056 Satis

955 2079 1023 2106 bene
1042 2078 1221 2113 respOndens.
1251 2076 1280 2103 Si
1291 2076 1363 2103 enim
1380 2075 1493 2107 diceret,
1510 2074 1583 2109 sicut
1597 2081 1645 2100 vos
1660 2073 1739 2100 intel-

955 2124 1038 2160 ligitis
1050 2144 1057 2156 ,
1073 2123 1236 2151 mentiretur
1258 2121 1352 2156 utique
1376 2128 1430 2147 non
1448 2127 1477 2147 se
1493 2119 1624 2147 conﬁtens
1639 2118 1737 2145 Filium

955 2170 1013 2202 Dei,
1029 2170 1067 2197 illi
1091 2178 1144 2196 non
1163 2169 1199 2195 ita
1215 2168 1249 2195 de
1272 2167 1319 2195 illo
1339 2166 1506 2199 sentiebant;
1528 2165 1622 2192 dicens
1636 2169 1737 2196 autem,

956 2225 1000 2244 vos
1018 2216 1118 2247 dicitis,
1133 2222 1197 2242 vere
1212 2215 1320 2241 locutus
1344 2216 1395 2240 est.
1419 2211 1495 2245 Quod
1519 2211 1591 2239 enim
1618 2218 1672 2238 non
1695 2218 1739 2237 sa-

958 2263 1078 2298 pichant,
1096 2261 1186 2289 verbis
1201 2261 1344 2293 dicebant,
1359 2259 1410 2287 hoc
1427 2259 1472 2287 ille
1490 2266 1582 2287 verum
1598 2265 1660 2286 esse
1674 2265 1737 2285 con‘

957 2308 1045 2335 fessus
1062 2311 1112 2335 est.

388 2578 566 2610 EIUSDEM
581 2577 924 2608 ADUMBRATIONES
941 2577 980 2607 IN
1007 2574 1236 2606 EPISTOLAM
1257 2574 1270 2603 Ι
1288 2573 1460 2603 JOANNIS.

147 2645 230 2682 37o
247 2647 276 2676 is
290 2642 356 2678 Cap.
373 2651 392 2676 ι,
404 2651 432 2671 v.
476 2658 510 2663 ——
533 2642 610 2675 Quod
623 2647 679 2669 erat
692 2642 724 2668 ab
739 2642 824 2672 initio.
840 2641 909 2676 quod

109 2692 227 2719 ridimus
259 2690 342 2717 oculis
354 2689 463 2721 nostris,
478 2689 547 2724 quod
562 2688 719 2716 audiuimus.
735 2688 911 2722 Consequens

110 2735 291 2771 Evangelium
299 2735 450 2763 secundum
459 2734 603 2766 Joannem,
617 2738 644 2761 et
654 2734 822 2761 conveniens
829 2733 908 2760 etiam

110 2782 170 2810 hac
178 2781 301 2817 Epistola
311 2781 475 2816 principium
486 2780 608 2815 spiritale
618 2779 831 2812 continet.Quod
842 2786 908 2813 ergo

111 2829 181 2856 dicit
194 2827 228 2855 ab
243 2827 330 2860 initio,
339 2827 392 2855 hoc
404 2827 486 2854 modo
502 2827 644 2863 presbyter
654 2826 818 2862 exponebat,
830 2825 902 2860 quod

961 2640 1125 2676 principium
1136 2638 1318 2674 generationis
1334 2641 1488 2672 separatum
1504 2637 1537 2663 ab
1547 2635 1652 2671 opiﬁcis
1667 2635 1744 2670 prino

961 2686 1033 2720 cipio
1047 2693 1102 2712 non
1120 2688 1171 2712 est.
1188 2684 1256 2711 Cum
1282 2684 1354 2711 enim
1370 2683 1436 2710 dicit
1452 2682 1520 2717 quod
1536 2686 1593 2709 erat
1609 2681 1640 2708 ab
1655 2681 1742 2713 initio,

959 2732 1162 2767 generationem
1179 2730 1267 2767 tangit
1289 2731 1348 2758 sine
1362 2730 1496 2765 principio
1510 2729 1569 2755 Filii
1585 2736 1646 2756 cum
1663 2727 1743 2755 Patre

959 2778 1040 2805 simul
1054 2778 1187 2806 cxslantis
1204 2787 1211 2806 :
1232 2781 1292 2805 erat
1315 2784 1380 2812 ergo
1391 2776 1510 2804 Verbum
1526 2774 1682 2802 mternitatis
1701 2773 1735 2800 si-

957 2824 1142 2860 gniticativum
1157 2832 1212 2852 non
1229 2825 1352 2852 habentis
1364 2823 1481 2855 initium,
1496 2822 1567 2850 sicut
1579 2821 1658 2847 etiam
1675 2819 1739 2846 Ver-

149 2913 162 2928 ι
185 2906 270 2935 Marc.
284 2914 340 2939 ιιν,
361 2905 454 2933 (il-6‘2.
492 2904 506 2924 ι’
527 2903 621 2932 Matth.
643 2912 716 2938 nrt,
735 2903 778 2931 64.
819 2906 847 2935 is
869 2902 899 2930 Ρ,

953 2904 977 2932 i9
1011 2901 1062 2929 ΕΙ).
1086 2901 1233 2930 POTTER.
