1934 3075
211 161 264 188 733

827 160 1023 189 CLEMENTIS
1042 161 1272 188 ALEXANDBINI
1783 164 1828 193 736

211 221 274 248 bum
289 221 391 255 ipsum,
405 218 456 247 hoc
471 223 514 247 est
528 218 614 247 Filius
629 219 677 247 Dei
694 220 843 247 secundum
856 221 996 255 mqualita-
1010 223 1032 251 A
1047 220 1175 248 stantiam
1203 223 1230 247 et
1258 227 1319 246 cum
1337 219 1469 253 subjectis
1484 219 1585 255 angelis
1602 223 1628 246 et
1647 219 1827 254 archangelis,

211 271 265 294 tem
278 266 437 294 substantize
448 274 532 293 unum
544 273 604 292 cum
615 265 695 294 Patre
705 267 840 297 consistit.
852 268 994 302 sempiter-

211 320 277 340 num
292 316 333 340 est
351 316 378 340 et
393 311 521 339 infectum
540 322 546 338 :
564 312 636 346 quod
657 320 764 347 semper
789 317 847 340 erat
863 312 991 346 Verbum,

212 357 381 393 signiﬁcatur
395 358 510 384 dicendo
522 377 530 388 ,
547 357 574 384 in
598 358 726 392 principio
749 362 806 384 erat
836 357 950 384 Verbum
966 364 992 386 ι.

212 402 290 437 Quod
315 411 379 430 vero
404 403 490 435 dixit,
504 403 572 438 quod
588 403 698 430 vidimus
713 403 797 431 oculis
812 405 926 435 nostris,
938 403 993 430 Do—

212 449 278 476 mini
293 449 426 484 signiﬁcat
441 449 468 475 in
486 456 569 475 carne
584 449 755 483 prtesentiam
768 469 775 482 ,
792 455 816 476 et
831 458 935 481 munus.
952 450 994 478 in-

211 494 272 529 quit
299 493 400 529 (ibid.),
420 498 518 521 nostra
533 499 761 522 contrectaverunt
775 495 807 522 de
831 495 906 522 verba
923 496 992 523 vitor.

211 539 270 566 Non
287 540 374 566 solum
388 547 496 567 carnem
506 540 631 574 ejus,sed
646 541 727 567 etiam
743 541 857 569 virtutes
870 541 993 576 ejusdem

212 584 272 612 Filii
290 585 435 620 signiﬁcat,
449 586 520 613 sicut
536 586 630 613 radius
646 586 713 614 solis
728 594 814 622 usque
829 587 862 613 ad
881 587 936 614 haec
952 588 994 614 in-

211 630 273 657 ﬁma
290 631 347 657 loca
363 631 560 665 pertransiens,
574 631 620 666 qui
636 631 729 659 radius
745 632 770 658 in
786 639 868 660 carne
884 633 994 660 veniens

211 676 355 711 palpabilis
366 677 454 704 iactus
469 681 511 705 est
526 677 677 712 discipulis.
694 676 791 704 Fertur
811 685 876 712 ergo
897 678 924 705 in
940 682 994 705 tra-

211 722 369 754 ditionibus,
386 722 515 757 quoniam
540 721 660 750 Joannes
682 723 769 757 ipsum
795 731 896 758 corpus
921 724 994 758 quod

211 771 270 794 erat
283 768 455 795 extrinsecus
468 772 592 803 tangens,
604 776 713 795 manum
727 777 805 795 suam
821 769 848 796 in
860 769 994 804 profunda

211 813 328 845 misisse.
345 817 372 840 et
384 813 409 841 ei
424 813 552 841 duritiam
569 814 660 841 carnis
682 814 756 841 nullo
781 815 861 842 modo
878 815 995 842 relucta.

211 862 266 886 tam
282 867 354 892 esse,
370 859 417 886 sed
446 859 534 886 locum
565 860 656 886 manui
683 860 832 895 prmbuisse
855 861 992 896 discipuli.

1043 273 1105 292 cum
1121 266 1220 299 quibus
1240 269 1372 292 vocantur
1391 266 1539 299 aequivoce,
1556 264 1679 292 diversas
1694 267 1828 300 operatio-

1043 318 1092 338 nes
1107 310 1238 338 etﬁciunt.
1256 310 1302 338 Sic
1320 311 1403 338 etiam
1429 315 1456 338 et
1481 310 1587 346 Moyses
1605 311 1717 338 Michael
1743 313 1827 347 angeli

1043 356 1172 384 virtutem
1187 364 1235 391 per
1249 357 1371 384 vicinum
1392 357 1444 384 sibi
1459 361 1486 384 et
1503 357 1623 384 inﬁmum
1641 358 1767 391 angelum
1783 366 1826 386 νο-

1044 406 1096 429 eat.
1107 402 1240 430 Similiter
1251 411 1362 438 quoque
1371 403 1398 430 in
1410 403 1547 438 prophetis
1556 405 1657 432 sanctis
1665 404 1826 437 invenimus,

1044 448 1091 475 sed
1106 447 1190 484 Moysi
1216 448 1325 482 quidem
1351 449 1522 484 propinquus
1541 457 1574 476 ac
1595 449 1702 477 vicinus
1717 451 1827 485 angelus

1044 493 1178 528 apparuit.
1196 493 1339 521 Exaudivit
1353 502 1427 526 eum,
1443 498 1470 522 et
1483 495 1590 522 locutus
1603 495 1629 522 ei
1643 495 1763 530 Moyses.
1775 504 1828 522 ma-

1043 539 1141 567 nifeste
1157 539 1226 567 facie
1241 540 1273 566 ad
1300 540 1407 567 faciem.
1429 540 1498 567 Aliis
1523 545 1611 568 autem
1634 541 1778 576 prophetis
1788 550 1827 569 se-

1043 583 1162 612 cundum
1191 586 1376 619 operationem
1411 587 1568 621 angelorum
1598 590 1694 614 motus'
1720 588 1827 622 quidam

1045 629 1142 661 ﬁebat,
1160 631 1243 657 veluti
1267 631 1435 657 audientium
1452 639 1483 658 ac
1499 632 1659 659 videntium.
1684 632 1790 660 Idcirco
1803 638 1828 660 et

1045 674 1095 701 soli
1110 675 1257 703 audiebant
1270 696 1277 707 ,
1293 676 1398 711 solique
1424 678 1586 709 cernebant,
1609 678 1683 705 sicut
1698 683 1727 705 et
1742 679 1768 705 in
1783 678 1828 705 Sa-

1044 720 1133 748 muele
1158 721 1348 749 manifestatur
1361 727 1394 754 0;
1411 721 1526 750 Elisazus
1547 723 1626 750 etiam
1642 724 1719 751 solus
1736 725 1827 752 audie-

1044 765 1090 793 bat
1102 774 1194 794 vocem
1204 787 1212 799 ,
1228 775 1281 802 qua
1295 773 1406 795 vocatus
1421 772 1463 796 est
1481 768 1504 794 ί.
1533 768 1561 795 Si
1579 773 1669 797 autem
1689 776 1765 798 esset
1780 779 1830 797 ma-

1044 811 1143 839 nifesta
1159 816 1186 839 et
1202 815 1357 842 communis
1377 822 1440 846 vox,
1456 814 1491 841 ab
1505 814 1634 842 omnibus
1649 817 1830 850 praesentibus

1045 857 1202 890 audiretur;
1229 866 1303 885 nunc
1333 863 1422 886 autem
1445 866 1460 886 a
1477 859 1536 886 solo
1553 859 1581 886 in
1597 867 1652 895 quo
1666 861 1831 895 operabatur

211 903 326 939 Propter
339 905 412 940 quod
428 908 455 932 et
471 904 571 932 infert:
589 904 623 932 Et
634 913 726 933 manus
741 911 838 933 nostra
848 911 994 934 contrecta-
1011 899 1030 927 Β
1045 906 1136 930 mOlus
1151 903 1198 938 qui
1213 904 1247 930 ab
1273 905 1371 939 angelo
1387 904 1478 936 ﬁebat.
1495 905 1587 932 audita
1602 910 1654 933 est.
1670 905 1733 932 Νοη
1748 906 1831 933 solum

212 955 302 976 uerunt
318 950 349 977 de
364 949 440 977 uerbo
462 950 522 977 1:in
537 958 546 977 .'
561 952 765 979 contrectabilis
792 952 884 987 utique
907 952 995 980 iactus

211 1000 254 1023 est
268 995 314 1030 qui
333 995 405 1022 venit
420 995 446 1022 in
461 1003 554 1028 carne,
574 996 645 1023 sicut
661 1001 685 1024 et
699 997 752 1024 vita
766 1005 824 1032 qua:
838 998 994 1033 manifesta-

212 1046 239 1066 to
254 1045 293 1068 est
304 1041 340 1076 (v.
352 1041 391 1076 2).
404 1041 470 1068 Nam
485 1046 513 1069 et
525 1042 552 1069 in
567 1042 712 1078 Evangelia
728 1044 768 1071 sic
785 1043 867 1071 dicit:
883 1043 917 1070 Et
927 1045 995 1080 quod

213 1087 313 1121 factum
324 1091 379 1119 est,
395 1087 421 1114 in
438 1088 493 1122 ipso
511 1089 564 1115 vita
584 1094 651 1120 erat,
668 1094 692 1116 et
706 1090 758 1116 vita
774 1094 830 1117 erat
848 1090 894 1116 lux
912 1090 996 1118 Itami-

212 1140 275 1158 num
292 1133 317 1160 b.
333 1132 366 1159 Et
393 1134 560 1166 nuntiamus.
594 1135 680 1170 inquit
701 1135 802 1171 (ibid.),
819 1137 889 1164 vobis
914 1138 996 1164 vitam

212 1182 338 1205 aeternam
351 1187 407 1213 qua:
417 1179 551 1214 eratapud
565 1179 684 1213 Patrem,
697 1181 817 1215 etpalam
831 1182 903 1217 facta
914 1183 996 1210 vobis.

212 1222 302 1251 Patris
325 1225 505 1259 appellatione
536 1225 692 1261 signiﬁcat,
714 1227 842 1262 quoniam
866 1232 892 1255 et
911 1228 996 1256 Filius

212 1277 319 1305 semper
344 1275 402 1298 erat
419 1272 478 1299 sine
499 1272 585 1299 initio.
609 1273 679 1306 Quia
698 1273 785 1307 Deus,
802 1275 890 1310 inquit
905 1275 941 1309 (v.
957 1276 996 1310 5),

212 1315 298 1343 lumen
312 1321 372 1349 est;
399 1325 454 1344 non
479 1320 627 1346 essentiam
643 1319 761 1346 divinam
790 1321 928 1355 exprimit,
949 1321 996 1348 sed

211 1361 349 1390 declarare
363 1363 457 1391 volens
474 1364 643 1398 maiestatem
662 1365 720 1398 Dei,
746 1365 818 1400 quod
835 1367 932 1393 melius
956 1370 998 1394 est

211 1410 239 1433 et
263 1408 440 1436 excellentius
472 1410 543 1444 apud
571 1410 695 1438 homines
724 1412 832 1446 proprie
861 1411 998 1439 divinitati

211 1453 356 1488 coaptavit.
371 1453 416 1482 Sic
427 1459 453 1482 et
466 1454 564 1483 Paulus
580 1456 665 1483 lumen
681 1457 996 1485 vocansinaccessibiler.

213 1497 266 1526 Sed
281 1503 308 1527 et
324 1500 381 1535 ipse
399 1499 519 1529 Joannes
545 1502 572 1528 in
595 1502 688 1529 eadem
709 1503 767 1537 ipsa
785 1502 916 1538 Epistola,
931 1502 998 1530 εἰα-

211 1545 296 1577 ritas,
318 1546 424 1581 inquit.
443 1547 511 1574 Deus
530 1547 607 1581 cstd;
629 1548 744 1575 virtutes
763 1549 920 1584 signiﬁcans
934 1550 995 1581 Dei.

212 1592 340 1625 quoniam
357 1593 477 1620 clemens
492 1598 533 1620 est
549 1597 575 1620 et
590 1594 756 1624 misericors,
774 1599 801 1621 et
815 1596 876 1630 quia
894 1597 994 1630 lumen,

213 1637 264 1664 hoc
280 1642 322 1664 est
344 1637 434 1672 justos
451 1638 601 1666 secundum
615 1639 764 1674 profectum
780 1641 863 1667 animi
875 1649 922 1675 per
933 1642 997 1669 cha-

213 1683 320 1709 ritatem
341 1683 495 1710 constituit.
511 1683 615 1711 Lumen
632 1691 698 1719 ergo
727 1684 799 1712 Deus
821 1686 867 1720 qui
892 1690 931 1713 est
952 1687 994 1713 in-

213 1729 379 1756 enarrabilis
393 1729 543 1756 secundum
559 1730 691 1757 rationem
711 1731 871 1758 substantia:
886 1742 891 1758 :
916 1731 949 1758 Et
961 1737 998 1759 te-

213 1773 310 1804 nebrae,
327 1773 414 1808 inquit
427 1774 529 1808 (ibid.),
542 1775 569 1801 in
580 1784 609 1802 eo
623 1780 684 1802 sunt
704 1776 794 1807 nullm,
809 1776 860 1803 hoc
872 1777 998 1804 estnulla

213 1819 365 1851 iracundia,
393 1820 465 1846 nulla
492 1821 602 1855 passio,
629 1821 702 1848 nulla
732 1822 805 1849 circa
832 1830 997 1858 quemquam

214 1865 277 1892 mali
305 1865 421 1892 retentio
447 1866 550 1893 nullum
581 1867 713 1901 perdens,
743 1868 790 1894 sed
817 1868 924 1895 cunctis
951 1876 997 1896 sa—

214 1911 296 1938 lutetn
331 1911 464 1940 tribuens.
507 1911 609 1939 Lumen
644 1916 734 1940 autem
764 1913 919 1948 signiﬁcat,
954 1915 998 1942 vel

214 1960 348 1992 praerepta
379 1957 456 1992 legis,
486 1957 527 1984 vel
548 1958 637 1989 ﬁdem,
660 1958 701 1985 vel
723 1958 885 1986 doctrinam.
910 1958 997 1987 Tene-

215 2003 270 2030 brae
284 2009 348 2030 vero
363 2002 460 2030 horum
473 2005 621 2036 contraria,
638 2012 691 2031 non
705 2004 785 2032 veluti
802 2005 885 2032 altera
899 2006 941 2032 via
952 2006 996 2032 sit.

215 2049 275 2076 Una
296 2050 397 2085 quippe
427 2050 468 2077 via
497 2053 539 2077 est
565 2050 713 2078 secundum
737 2055 870 2086 praecepta
896 2051 996 2080 divina.

215 2095 309 2123 Menas
326 2104 444 2132 namque
466 2095 512 2123 Dei
527 2104 595 2131 opus
611 2100 652 2124 est
664 2117 672 2128 ,
689 2096 756 2132 dyas
773 2101 861 2124 autem
877 2101 903 2125 et
917 2098 998 2132 quid-

215 2142 280 2177 quid
294 2146 393 2178 praeter
403 2142 546 2169 monadem
563 2146 681 2174 constat,
697 2151 731 2170 ex
745 2143 807 2170 vitte
821 2144 998 2179 perversitate

215 2189 358 2223 contingit.
371 2188 405 2215 Et
414 2189 521 2224 sanguis
532 2188 596 2215 Filii
609 2189 676 2223 ejus,
689 2189 777 2224 inquit
793 2189 829 2224 (v.
844 2189 880 2224 7),
889 2190 998 2216 mundat

1046 953 1144 980 autem,
1166 949 1254 984 inquit
1272 949 1308 985 (v.
1324 949 1364 985 2),
1388 958 1434 984 pro
1452 951 1550 977 nostris
1563 952 1676 985 peccatis
1702 951 1832 979 Dominus

1046 995 1210 1029 propitiator
1222 1001 1276 1026 est,
1292 995 1344 1023 hoc
1360 1001 1402 1024 est
1417 996 1547 1027 ﬁdelium.
1561 997 1606 1024 scd
1621 997 1702 1024 etiam
1717 1006 1768 1032 pro
1781 1003 1832 1025 toto

1046 1040 1159 1071 mundo;
1176 1041 1289 1075 proinde
1305 1041 1447 1069 universos
1462 1042 1572 1077 quidem
1587 1042 1685 1074 salvat,
1699 1044 1747 1070 sed
1765 1044 1830 1071 alios

1047 1093 1096 1119 per
1111 1086 1245 1120 supplicia
1263 1091 1426 1114 convertens
1439 1108 1446 1119 ,
1474 1087 1544 1115 alios
1569 1092 1659 1115 autem
1682 1093 1830 1123 spontanea

1047 1136 1224 1166 asscqnentes
1241 1133 1388 1164 voluntate,
1405 1138 1428 1160 et
1441 1141 1503 1160 cum
1517 1133 1630 1161 honoris
1645 1133 1790 1169 dignitate.
1804 1140 1830 1161 ut

1047 1185 1122 1204 omne
1135 1186 1200 1212 genu
1216 1178 1340 1212 ﬂectatur
1353 1179 1386 1212 ei,
1403 1179 1544 1206 caelestium
1555 1200 1562 1212 ,
1578 1181 1744 1207 terrestrium
1760 1181 1831 1207 etin-

1046 1223 1180 1257 fernorum
1197 1225 1228 1254 ες
1246 1225 1296 1251 hoc
1310 1229 1352 1252 est
1376 1225 1474 1260 angeli,
1491 1225 1616 1253 homines
1629 1229 1656 1253 et
1667 1226 1767 1254 anima!
1776 1235 1831 1261 quae

1048 1275 1111 1297 ante
1127 1269 1274 1297 adventum
1290 1270 1350 1305 ejus
1365 1271 1398 1298 de
1416 1271 1466 1298 hac
1482 1273 1536 1298 vita
1558 1271 1711 1306 migravere
1732 1277 1831 1306 tempo-

1047 1315 1107 1342 rali.
1127 1315 1159 1342 Et
1175 1316 1200 1342 in
1213 1316 1261 1343 hoc
1272 1318 1450 1350 cognoscimus
1466 1317 1590 1352 quoniam
1615 1318 1735 1345 novimus
1764 1327 1828 1348 cum.

1047 1361 1070 1387 si
1083 1361 1209 1388 mandata
1223 1362 1279 1395 ejus
1296 1363 1475 1390 custodiamus
1491 1364 1528 1397 (v.
1545 1363 1588 1397 5);
1605 1364 1653 1398 qui
1666 1364 1740 1391 enim
1757 1364 1829 1390 intel-

1048 1406 1189 1439 lectorlest,
1199 1413 1224 1433 ut
1231 1408 1292 1442 ique
1298 1413 1324 1435 et
1331 1416 1411 1443 opera
1422 1408 1524 1443 perﬁcit
1531 1417 1590 1444 qum
1599 1409 1775 1443 pcrtinentad
1784 1411 1830 1436 vir-

1049 1452 1115 1480 tutis
1132 1452 1258 1481 oﬁiciutu.
1274 1453 1326 1486 Qui
1341 1461 1404 1480 vero
1419 1462 1500 1488 opera
1513 1454 1667 1489 perﬁcit,>Z<
1684 1463 1738 1481 non
1748 1457 1829 1481 conti»

1048 1506 1103 1526 nuo
1117 1499 1197 1526 etiam
1206 1499 1414 1534 intellector(87)
1424 1503 1474 1527 est.
1485 1499 1575 1527 Potest
1587 1501 1659 1527 enim
1671 1508 1733 1528 esse
1746 1506 1830 1528 recta-

1048 1553 1108 1572 rum
1122 1546 1322 1580 operationum,
1338 1554 1391 1572 non
1407 1550 1495 1573 tamen
1513 1547 1723 1582 intelligibilium
1738 1555 1829 1575 sacra-

1048 1595 1201 1618 mentorum
1217 1592 1359 1626 cognitor;
1375 1592 1484 1619 denium
1498 1593 1588 1620 sciens
1609 1594 1732 1628 quaedam
1751 1601 1830 1628 opera

1048 1637 1140 1672 perﬁci
1163 1637 1260 1665 timore
1281 1638 1418 1673 supplicii,
1443 1639 1567 1673 quzedam
1583 1647 1649 1666 vero
1663 1643 1777 1674 propter
1790 1647 1830 1667 re-

1048 1683 1256 1717 promissionem
1273 1676 1513 1716 remunerationis,
1529 1685 1618 1715 docet,
1637 1685 1830 1720 perfectionem

1048 1729 1242 1756 intellectualis
1257 1729 1376 1757 hominis
1402 1737 1451 1764 per
1475 1730 1636 1757 cltarilalem
1658 1738 1742 1764 opera
1758 1738 1831 1757 eom-

1049 1775 1164 1809 plentis:
1183 1774 1298 1809 proinde
1314 1775 1455 1810 subjungit
1468 1783 1500 1802 ac
1514 1776 1580 1803 dicit
1595 1777 1632 1810 (v.
1651 1776 1677 1810 5)
1690 1786 1696 1803 :
1710 1777 1763 1810 Qui
1775 1785 1830 1803 rem

1048 1821 1162 1847 custodit
1187 1821 1290 1848 verbum
1304 1822 1361 1855 ejus
1378 1829 1453 1853 rere;
1471 1822 1498 1848 in
1518 1822 1565 1848 hoc
1578 1822 1696 1849 clmritas
1712 1823 1762 1850 Dei
1775 1830 1831 1856 per-

1049 1866 1117 1901 fecta
1132 1872 1180 1893 est.
1202 1866 1233 1893 In
1245 1867 1292 1893 ltoc
1306 1868 1373 1894 enim
1386 1868 1577 1902 cognoscimus,
1591 1870 1718 1903 quoniam
1736 1870 1762 1896 in
1777 1870 1831 1903 ipso

1048 1921 1137 1940 sumus
1158 1914 1307 1940 secundum
1333 1913 1411 1941 ﬁdem
1440 1919 1466 1941 et
1491 1915 1640 1941 secundum
1659 1915 1829 1943 chariratem.

1050 1957 1110 1985 Non
1125 1959 1280 1986 mandatum
1302 1968 1395 1986 novum
1416 1959 1502 1987 scribo
1516 1960 1598 1991 vobis,
1618 1960 1663 1987 sed
1678 1961 1832 1987 mandatum

1048 2009 1119 2031 vetus
1142 2005 1210 2040 quod
1234 2005 1362 2032 habuistis
1379 2014 1395 2032 a
1418 2006 1546 2040 principio
1561 2006 1597 2041 (v.
1619 2006 1644 2041 7)
1659 2026 1666 2037 ,
1683 2014 1733 2041 per
1748 2007 1830 2041 legem

1049 2050 1152 2077 scilicet
1179 2054 1205 2077 et
1228 2051 1382 2086 prophetas.
1409 2051 1460 2078 Ubi
1487 2051 1589 2078 dicitur
1602 2059 1670 2078 unus
1687 2056 1727 2078 est
1752 2051 1829 2078 Deus.

1047 2096 1153 2124 Idcirco
1167 2103 1193 2123 et
1207 2097 1289 2124 inl‘ert
1305 2097 1394 2132 (ibid.)
1410 2106 1416 2124 ε
1433 2098 1565 2130 Quoniam
1584 2097 1739 2124 mandatum
1763 2104 1831 2124 cetus

1048 2148 1086 2169 est
1097 2143 1202 2170 verbum
1214 2143 1282 2178 quod
1302 2143 1424 2170 audistis.
1442 2143 1542 2170 lterum
1558 2147 1646 2170 autem
1663 2143 1729 2170 dicit
1743 2144 1779 2177 (v.
1792 2144 1830 2175 8i:

1050 2188 1207 2216 Mandatum
1224 2193 1310 2215 autent
1327 2189 1375 2215 hoc
1387 2194 1424 2216 est
1441 2189 1509 2224 quod
1531 2189 1642 2216 tenebra:
1659 2190 1830 2218 transierunt.

216 2242 274 2262 nos.
292 2234 372 2269 371
387 2233 513 2261 Doctrina
525 2235 624 2270 quippe
641 2235 747 2262 Domini
762 2243 822 2270 quae
830 2236 906 2263 valde
920 2235 998 2264 fortis
1013 2240 1035 2268 D
1049 2235 1231 2270 perversionis
1255 2235 1362 2263 scilicet
1375 2255 1382 2268 ,
1396 2240 1420 2262 et
1436 2235 1522 2262 lumen
1538 2244 1623 2263 verum
1638 2244 1695 2263 ecce
1705 2235 1765 2270 jam
1779 2236 1833 2262 cla-

216 2284 269 2313 est,
296 2280 408 2316 sanguis
424 2280 484 2315 ejus
507 2281 639 2316 appellata
653 2285 705 2308 est.
724 2280 800 2313 Quod
819 2281 843 2308 si
855 2280 998 2309 dixerimus

216 2325 285 2361 quod
297 2335 348 2353 non
360 2327 531 2361 peccavimus,
544 2327 692 2354 mendacem
708 2327 820 2362 facimus
829 2332 930 2360 eum,et
943 2336 999 2355 uer-

217 2370 277 2398 bum
287 2371 344 2406 ejus
364 2380 415 2398 non
426 2376 465 2399 est
478 2373 506 2398 in
528 2373 602 2399 nobis
615 2373 652 2405 (v.
668 2371 705 2406 9).
722 2371 851 2399 Doctrina
869 2373 940 2407 ejus,
957 2374 998 2400 vi-

216 2417 314 2444 delicet
327 2417 385 2444 sive
402 2417 512 2444 verbum
523 2438 530 2449 ,
544 2418 645 2445 veritas
667 2421 718 2445 est.
738 2417 769 2444 Et
787 2419 811 2445 si
829 2419 897 2454 quis,
911 2419 998 2454 inquit

216 2461 289 2496 (cap.
299 2469 329 2493 n,
345 2469 371 2489 v.
390 2462 426 2498 t),
441 2463 601 2497 peccauerit.
615 2463 807 2491 consolatorem
822 2464 946 2492 habemus
963 2465 996 2491 ad

217 2505 326 2534 Patrem
339 2505 430 2534 Jesum
447 2507 592 2536 Christum.
611 2507 688 2536 Sicut
710 2510 781 2537 enim
797 2510 868 2545 apud
886 2509 995 2536 Patrem

217 2553 375 2580 consolator
389 2557 432 2581 est
446 2562 496 2589 pro
511 2555 591 2583 nobis
605 2554 752 2589 Dominus;
768 2557 808 2583 sic
833 2556 914 2583 etiam
930 2564 997 2584 con-

218 2598 320 2626 solator
333 2603 375 2626 cst
389 2606 467 2633 quem
492 2604 554 2634 post
582 2601 794 2635 assumptionem
810 2609 886 2628 suam
902 2601 999 2635 digna-

216 2646 262 2671 tus
277 2648 318 2671 est
333 2644 448 2671 mittere.
467 2643 512 2672 lla:
531 2652 649 2680 namque
672 2645 816 2680 primitiva:
832 2645 948 2673 virtutes
966 2653 998 2672 ac

217 2689 306 2724 primo
315 2694 422 2722 creatis,
436 2690 587 2718 immobiles
595 2691 758 2718 exsistentes
769 2691 1001 2722 secundumsub-

257 2765 482 2799 >1<P.te00.t‘.n.
497 2767 642 2794 pensa.
665 2767 764 2795 nJoan.
779 2769 825 2796 Li
867 2769 880 2788 ιι
899 2761 966 2796 ibid.
982 2769 1009 2801 5,
1024 2769 1050 2796 ι.

218 2801 236 2828 3
250 2810 326 2838 seqq.
367 2804 377 2821 ¹¹
399 2802 430 2828 Η
446 2802 513 2835 Reg.
534 2811 589 2842 xulx.
628 2805 640 2824 ε
660 2804 729 2830 Phil.
745 2812 775 2835 It,
791 2804 834 2830 10.

254 2850 310 2885 (87)
327 2849 489 2882 Gnosticus,
503 2857 536 2878 ex
551 2849 697 2879 Clementis
715 2851 840 2878 tlialeeto.

1050 2282 1122 2314 ruit;
1149 2282 1298 2310 secundum
1324 2281 1402 2309 ﬁdem
1427 2283 1550 2313 scilicet,
1575 2282 1727 2309 secundum
1752 2282 1831 2309 intel-

1049 2326 1161 2359 lectum,
1178 2327 1328 2354 secundum
1344 2331 1547 2359 testamentum,
1564 2328 1713 2354 secundum
1730 2335 1832 2362 praepa'

1049 2377 1106 2399 rata
1118 2373 1220 2406 judicia
1237 2373 1263 2400 in
1278 2373 1436 2400 hominibus
1452 2380 1577 2408 operans.
1592 2373 1644 2406 Qui
1657 2372 1722 2399 dicit
1739 2381 1777 2404 se.
1791 2373 1832 2399 in-

1049 2417 1109 2451 quit
1124 2415 1161 2451 (v.
1177 2417 1216 2451 9).
1229 2417 1255 2444 in
1273 2417 1370 2445 lumine
1384 2426 1449 2450 esse,
1465 2418 1491 2444 in
1512 2418 1615 2444 lumine
1630 2417 1699 2444 dicit
1720 2418 1748 2444 in
1762 2418 1831 2444 veri-

1049 2469 1114 2492 tate.
1134 2465 1166 2491 Et
1178 2465 1289 2499 fratrem
1300 2473 1387 2497 suum,
1403 2465 1489 2500 inqttil
1509 2464 1609 2500 (ibid.).
1629 2464 1694 2491 odit.
1710 2464 1830 2491 Fratrem

1048 2511 1172 2539 videlicet
1185 2511 1250 2538 dicit
1270 2520 1323 2538 non
1347 2512 1434 2538 solum
1457 2513 1620 2546 proximum.
1634 2511 1681 2538 sed
1697 2515 1725 2538 et
1742 2510 1829 2537 Domi<

1051 2565 1125 2584 num.
1135 2557 1257 2584 Oderunt
1271 2557 1342 2584 enim
1353 2565 1413 2584 eum
1421 2556 1554 2588 inlideles,
1569 2561 1596 2583 et
1606 2564 1660 2583 non
1677 2556 1831 2584 custodien-

1050 2605 1091 2628 tes
1104 2601 1229 2628 mandata
1241 2601 1310 2636 ejus.
1323 2601 1437 2636 Propter
1448 2600 1519 2635 quod
1530 2600 1613 2627 etiam
1628 2600 1710 2628 infert
1724 2600 1828 2635 (v.10):

1053 2647 1104 2680 Qui
1116 2647 1202 2682 diligit
1224 2647 1335 2681 fratrem
1362 2655 1450 2678 suum,
1472 2647 1499 2674 in
1522 2647 1620 2674 lumine
1642 2651 1792 2680 permanet.
1807 2650 1829 2671 cl

1051 2693 1206 2720 scandalum
1221 2694 1247 2720 in
1266 2701 1296 2720 eo
1319 2701 1369 2720 non
1383 2697 1432 2720 est.
1456 2692 1558 2720 Deinde
1574 2692 1714 2727 proiectus
1729 2696 1756 2718 et
1770 2698 1830 2726 pro-

1091 2777 1100 2790 ε
1119 2770 1127 2797 l
1145 2770 1215 2798 Tim.
1230 2778 1267 2801 vr.
1285 2769 1326 2797 l6.
1364 2770 1376 2789 δ
1399 2769 1497 2797 lJoan.
1517 2778 1552 2802 Iv,
1569 2770 1610 2798 l6.
1651 2774 1662 2787 θ
1684 2768 1772 2803 Πίος.
1787 2774 1827 2798 ιιι,
