1934 3075
123 150 176 178 757

815 155 1036 184 FRAGMENTA.

1699 164 1751 192 ἳδὸ

121 210 266 238 vectiones
280 212 414 246 signiﬁcat
427 212 577 240 animarum
594 213 683 240 adhuc
700 213 725 239 in
741 222 824 241 carne
839 214 896 248 posi
926 216 947 243 A
965 214 1074 247 virtute,
1095 219 1124 241 ut
1145 216 1229 250 ipsum
1244 216 1348 243 vultum
1368 217 1427 250 ejus
1442 217 1575 245 videamus
1598 220 1676 247 sicuti
1701 226 1751 250 est.

122 259 215 283 larunt
227 277 236 289 ,
254 260 282 283 et
297 257 394 291 ﬁliolas
411 258 519 292 quidem
536 266 633 287 vocare
658 267 706 286 eos
722 260 821 294 quibus
848 263 913 286 sunt

124 302 241 329 remissa
257 308 368 338 peccata
383 309 493 339 propter
507 312 606 332 nomen
618 305 721 332 Domini
734 315 740 337 ;
757 313 818 332 nam
835 305 912 332 mulli

123 349 184 375 solo
206 349 323 376 credunt
341 349 461 377 nomine.
481 350 575 378 Patres
596 355 686 378 autem
709 350 846 385 perfectos
865 358 914 384 ap-

123 395 218 429 pellat,
236 402 285 423 eos
299 396 345 431 qui
361 396 545 424 intellexerunt
567 397 636 432 quod
657 402 716 424 erat
734 396 766 423 ab
786 397 874 428 initio,
890 401 916 423 et

123 441 329 476 intelligibiliter
342 448 510 477 perceperunt
534 443 571 478 (ν.
591 443 646 477 13).
672 442 771 470 Filium
787 443 913 470 videlicet

122 488 158 514 de
171 497 227 522 quo
239 496 322 523 supra
344 489 423 519 dixit.
439 489 507 524 quod
518 494 575 516 erat
593 490 624 516 ab
644 490 730 517 initio.
755 489 858 522 Scriba,
871 490 909 517 in-

122 534 180 568 quit
198 535 305 569 (ibim),
323 535 532 570 vobis.juvenes.
551 536 615 570 quia
639 535 738 562 vicistis
755 536 910 570 malignum.

122 579 226 607 Fortes
234 579 348 614 juvenes
358 584 564 608 contemnentes
575 581 729 615 voluptates
740 589 747 613 ;
767 581 911 616 malignum

122 627 226 653 diaboli
242 626 428 654 extolh-ntiam
446 627 592 662 signiﬁcat.
619 626 679 654 Filii
703 631 794 654 autem
809 635 912 662 cogno-

123 676 207 700 scunt
222 671 340 704 Patrem.
363 677 457 707 utpote
472 674 518 708 qui
533 673 567 700 ab
582 672 662 700 idolis
675 671 869 708 confugerunt,
884 677 911 700 et

121 719 157 744 ad
177 727 261 745 unum
287 717 370 745 Deum
386 719 527 746 convocati
545 723 618 746 sunt.
636 718 769 752 Quoniam
785 718 909 751 mundus,

120 764 213 799 inquit
229 770 265 793 tv.
286 764 348 800 15),
364 765 392 791 in
416 764 531 800 maligno
556 769 606 793 est.
626 765 723 792 Nonne
749 764 868 792 mundus
882 769 910 792 et

118 811 213 837 omnia
228 818 288 845 quas
302 811 329 837 in
355 810 457 838 mundo
471 815 544 843 sunt,
562 815 689 838 creatura
707 811 754 839 Dei
767 811 907 844 dicuntttr,

117 861 146 883 et
163 856 221 883 haec
248 856 326 883 valde
347 856 436 883 bona?
465 856 516 884 Sed
543 857 754 892 concupiscentia
773 859 862 885 carnis
882 864 907 886 et

118 902 275 933 oculorum.
300 907 324 929 et
340 902 448 929 ambitio
467 902 559 929 δαίουιί
575 903 612 938 (v.
637 903 693 937 16).
711 912 771 938 quae
787 912 819 932 ex
845 905 908 932 vita:

117 947 297 981 perversione
324 947 504 982 contingunt,
528 956 580 974 non
605 955 638 974 ea:
666 948 749 976 Patre
766 970 773 982 ,
802 949 847 976 sed
874 958 906 978 ea;
923 963 943 990 Β

117 992 221 1019 mundo
243 997 302 1024 est,
326 996 353 1019 et
384 1000 417 1020 ex
447 993 535 1020 vobis.
561 992 665 1020 Idcirco
678 998 703 1020 et
719 993 832 1022 mundus
847 1003 907 1030 per-

118 1038 234 1065 transiet
255 1043 280 1065 et
303 1039 514 1073 concupiscentia
547 1038 604 1074 ejus
631 1041 669 1074 (v.
691 1040 753 1076 i7):
783 1041 828 1076 qui
848 1049 907 1069 vero

117 1081 211 1115 fecerit
231 1082 392 1110 voluntatem
414 1083 463 1110 Dei
493 1088 521 1111 et
543 1085 672 1112 mandata
699 1084 776 1120 eius.
803 1093 909 1120 perma-

117 1132 163 1154 net
183 1128 210 1154 in
228 1134 366 1156 wternum.
381 1128 422 1155 Ex
438 1129 524 1161 nobis,
547 1130 637 1165 inquit
650 1130 686 1166 (γ.
705 1131 760 1166 19),
776 1132 905 1164 exierunt,

117 1173 165 1200 sed
177 1183 229 1201 non
243 1181 318 1202 erant
333 1183 366 1202 ea;
382 1176 474 1208 nobis;
489 1184 578 1211 neque
597 1178 685 1212 angeli
702 1182 842 1212 apostatte,
859 1187 905 1207 ne~

117 1229 173 1254 que
199 1220 324 1248 homines
339 1221 468 1249 cadentes
480 1241 487 1253 ,
516 1222 560 1248 sed
584 1227 612 1249 ut
631 1223 833 1258 manifestentur
846 1233 908 1259 quo-

117 1267 192 1293 niam
213 1275 263 1294 non
281 1272 343 1294 sunt
356 1276 389 1294 ea;
402 1268 477 1295 nobis
499 1268 566 1303 (88).
583 1268 662 1297 Clare
683 1270 750 1304 satis
774 1269 907 1297 discernit

116 1321 206 1348 genus
219 1314 367 1342 electorum
389 1318 416 1341 et
446 1315 631 1350 perditorum,
659 1320 686 1343 et
706 1312 772 1343 illud
796 1316 906 1351 quidem

116 1359 192 1394 quod
209 1359 235 1386 in
251 1360 302 1387 ﬁde
317 1367 492 1395 permanens.
508 1361 663 1389 unctionem
675 1362 756 1389 habet
768 1370 783 1388 a
799 1365 905 1393 sancto,

117 1413 180 1440 qua:
195 1405 224 1432 ﬁt
237 1406 387 1433 secundum
404 1405 494 1433 ﬁdem.
507 1406 558 1439 Qui
571 1414 637 1434 vero
654 1415 708 1434 non
725 1411 865 1442 permanet
879 1407 906 1433 in

121 1450 186 1481 lide.
197 1451 313 1478 mendax
331 1455 385 1480 est,
402 1455 429 1478 et
442 1451 630 1479 antichristus.
649 1451 702 1484 Qui
722 1452 797 1484 dicit,
818 1452 907 1487 inquit

121 1499 161 1530 (ν.
190 1497 249 1530 22),
275 1498 338 1532 quia
352 1497 431 1525 Jesus
447 1503 551 1524 nonest
573 1498 706 1526 Christus.
730 1497 811 1525 Jesus
833 1499 906 1525 enim

118 1542 248 1570 Salvator
262 1547 289 1571 et
300 1543 434 1571 liberator
449 1547 476 1571 et
491 1543 618 1571 Christus
633 1552 696 1571 rex:
709 1544 753 1579 qui
767 1549 843 1579 negat
858 1543 906 1570 Fi-

117 1588 186 1614 lium
213 1587 251 1624 (v.
276 1588 334 1622 ‘23),
369 1588 521 1623 ignorando
546 1597 620 1620 eum,
645 1597 691 1616 nec
719 1588 828 1616 Patrem
858 1588 903 1615 Ita-

967 261 1259 295 comprehensibilitcr.
1286 262 1327 297 (V.
1344 263 1392 294 8t:
1411 265 1462 296 Qui
1483 273 1541 292 t-ero
1569 267 1633 299 [ατη
1650 268 1753 300 injusti-

968 305 1045 338 tiam,
1063 313 1095 332 ea:
1110 306 1216 332 diabolo
1249 312 1307 337 est.
1337 307 1388 335 hoc
1413 314 1455 335 est
1477 317 1510 336 ex
1530 315 1605 343 patre
1627 311 1753 340 diabolo:

965 351 1143 386 eamdemque
1157 356 1319 380 consectans
1332 359 1358 380 et
1372 355 1485 389 eligens.
1500 355 1539 382 Ab
1554 357 1640 389 initio,
1664 358 1753 394 inquit

966 397 1068 432 (ibid.),
1080 397 1203 425 diabolus
1221 404 1320 433 peccat.
1332 399 1373 427 Ab
1387 401 1465 428 initio
1477 402 1581 431 scilicet
1594 410 1608 430 a
1623 412 1677 438 quo
1689 412 1752 439 peo-

965 449 1028 470 care
1051 443 1133 478 ('(Bpil
1151 444 1396 472 inconvertibilitcr
1420 447 1446 473 in
1470 448 1608 482 peccando
1623 456 1750 483 perseve—

965 495 1039 517 rans.
1055 488 1257 525 0mnis,iuquit
1273 491 1309 525 (ν.
1325 491 1364 526 9),
1392 493 1437 526 qui
1464 500 1542 520 nutus
1566 502 1598 520 ex
1622 494 1676 522 Deo
1698 501 1748 529 est,

964 542 1014 561 non
1028 539 1135 568 peccat.
1154 537 1216 570 quia
1235 545 1321 564 semen
1342 537 1398 572 ejus
1421 538 1448 564 in
1473 546 1502 565 eo
1520 545 1620 568 manet.
1630 540 1748 568 Verbum

962 579 1022 614 ejus
1037 580 1162 607 videlicet
1177 581 1204 608 in
1228 589 1260 609 eo
1286 582 1333 617 qui
1362 583 1511 610 secundum
1539 584 1618 612 ﬁdem
1638 591 1749 615 renatus

961 629 1014 652 est.
1046 624 1090 661 (V.
1120 626 1247 658 10):Sic
1272 627 1344 661 filios
1376 628 1425 655 Dei
1455 630 1625 665 intelligimus
1642 632 1710 659 sicut
1723 637 1749 659 et

961 671 1033 705 ﬁlios
1061 671 1172 705 diaboli,
1198 672 1297 699 similia
1323 673 1433 701 diabolo
1446 675 1591 710 eligentes;
1607 677 1646 704 sic
1665 678 1746 705 etiam

959 724 993 744 ex
1024 717 1143 752 maligno
1172 725 1234 746 esse
1260 719 1371 746 dicitur.
1401 719 1446 751 (V.
1477 721 1521 757 15)
1544 731 1550 748 ;
1574 722 1665 750 Omnis
1701 724 1747 758 qui

960 762 1015 790 odit
1051 763 1162 798 fratrem
1192 772 1287 796 suum,
1313 765 1445 792 homicida
1464 772 1513 795 est.
1535 767 1564 794 ln
1592 768 1644 796 hoc
1671 769 1745 796 enim

960 808 1109 835 secundum
1137 809 1322 836 inﬁdelitatem
1357 809 1484 838 Christus
1510 813 1626 839 moritur
1647 822 1653 839 :
1672 817 1746 841 recte

959 853 1050 888 itaque
1075 854 1215 890 subiungit
1246 855 1340 883 dicens
1371 855 1460 890 (ibid.)
1486 865 1492 882 :
1524 856 1558 884 Et
1582 858 1655 885 scitis
1683 859 1745 893 quia

959 899 1042 926 omnis
1064 899 1197 927 homicida
1217 904 1242 926 et
1266 899 1381 934 inﬁdelis
1402 908 1454 927 non
1472 900 1547 927 habet
1578 902 1656 928 vitam
1673 907 1746 928 a’ter-

958 952 1019 970 nam
1036 945 1063 971 in
1079 946 1163 980 seipse
1177 951 1333 973 manentem.
1346 946 1374 972 ιιι
1398 950 1489 973 mente
1503 947 1604 981 quippe
1618 947 1689 974 ﬁdeli
1704 948 1746 975 vi-

956 997 1024 1017 vens
1035 990 1136 1017 Christi
1154 995 1305 1025 permanet.
1318 991 1372 1024 ipse
1386 992 1454 1017 enim
1468 999 1515 1025 pro
1538 992 1612 1019 nobis
1629 994 1666 1027 (ν.
1686 993 1743 1027 16),

956 1033 1008 1061 hoc
1025 1037 1066 1062 est
1087 1042 1137 1070 pro
1151 1034 1337 1067 credentibus,
1352 1036 1469 1062 animam
1482 1044 1557 1062 suam
1572 1038 1678 1070 posuit;
1693 1038 1744 1065 hoc

956 1084 998 1107 est
1010 1088 1058 1115 pro
1066 1081 1207 1116 apostolis.
1217 1080 1245 1108 Si
1262 1088 1326 1116 ergo
1340 1089 1389 1115 pro
1401 1082 1530 1116 apostolis
1538 1082 1656 1109 animam
1667 1091 1743 1110 suam

956 1126 1056 1161 posuit,
1064 1127 1201 1161 apostolos
1207 1132 1295 1153 autem
1304 1127 1602 1162 ejusdicitsemetipsos.
1612 1133 1742 1164 tanquam

956 1172 978 1199 si
986 1172 1097 1206 diceret,
1106 1181 1162 1205 nos,
1172 1173 1291 1207 inquam,
1299 1173 1426 1207 apostoli,
1435 1177 1618 1208 propterquos
1625 1176 1743 1202 animam

956 1220 1035 1241 suam
1050 1215 1154 1248 posuit,
1168 1214 1289 1241 debemus
1311 1223 1358 1249 pro
1377 1216 1504 1249 fratribus
1527 1219 1629 1244 animas
1646 1227 1739 1252 ponere

958 1258 1030 1294 (ib.),
1044 1258 1118 1286 salus
1140 1260 1239 1294 quippe
1260 1261 1445 1294 proximorum
1456 1282 1464 1294 ,
1482 1263 1665 1297 apostolorum
1681 1269 1740 1292 erat

957 1305 1052 1340 gloria,
1068 1306 1129 1340 quia
1143 1306 1229 1340 major
1241 1311 1290 1337 est.
1301 1307 1389 1342 inquit
1400 1308 1437 1341 (ν.
1448 1308 1506 1342 20),
1520 1308 1590 1336 Deus
1604 1310 1680 1337 corde
1695 1319 1741 1337 no-

956 1357 1021 1384 stro,
1034 1352 1085 1379 hoc
1096 1357 1138 1379 est
1151 1352 1235 1380 virtus
1251 1352 1296 1380 Dei
1310 1354 1473 1381 conscientia
1488 1362 1548 1389 quae
1560 1355 1742 1391 subsequetur

956 1398 1092 1431 anitnam,
1113 1403 1220 1433 propter
1246 1399 1317 1433 quod
1338 1400 1476 1435 subjungit
1499 1405 1527 1427 et
1539 1401 1604 1428 dicit
1627 1401 1737 1437 (ibid.i:

957 1441 1088 1474 Quoniam
1098 1444 1229 1478 cognoscit
1243 1444 1342 1471 omnia.
1354 1444 1397 1478 (V.
1410 1443 1465 1478 2|):
1483 1445 1650 1478 Cll/trissimi.
1662 1447 1685 1473 si
1696 1455 1741 1474 car

955 1496 1074 1518 nostrum
1098 1499 1150 1518 non
1165 1489 1306 1525 redarguat
1321 1498 1379 1522 nos,
1398 1489 1524 1524 fiduciam
1542 1488 1648 1516 habebit
1673 1490 1742 1523 apud

958 1536 1049 1564 Deum.
1059 1536 1135 1572 (Cap.
1147 1544 1215 1567 Iv,v.
1226 1535 1270 1570 2):
1285 1534 1316 1562 In
1325 1534 1372 1562 hoc
1388 1535 1567 1569 cognoscimus
1582 1534 1644 1569 quia
1656 1538 1742 1561 manet

956 1583 982 1609 in
998 1582 1088 1614 nobis,
1102 1582 1134 1609 de
1149 1582 1243 1616 spiritu
1262 1589 1337 1616 quem
1352 1580 1422 1607 dedit
1434 1580 1507 1607 nobis
1520 1581 1668 1607 secundum
1685 1581 1743 1613 epi-

117 1633 161 1659 bet
178 1652 185 1665 ,
212 1640 300 1668 neque
330 1633 470 1668 cognoscit
499 1641 572 1661 eum.
595 1633 646 1666 Qui
676 1641 740 1660 vero
766 1634 906 1668 cognoscit,
918 1633 940 1663 (ι
956 1634 1109 1663 scopulum,
1126 1628 1231 1655 scilicet
1242 1630 1269 1654 ct
1284 1626 1480 1661 providentiam
1493 1625 1660 1654 futurorum.
1676 1623 1742 1652 Per-

119 1677 221 1705 f‘ilium
248 1682 275 1705 et
300 1677 409 1706 Patrem
437 1679 588 1707 secundum
623 1679 766 1707 scientiam
811 1679 903 1711 novit;

122 1731 187 1750 cum
213 1723 406 1751 manil‘estatus
431 1723 512 1752 fuerit
546 1724 694 1757 Dominus,
726 1725 754 1751 in
785 1724 905 1752 secundo

121 1769 255 1803 adventu,
285 1770 413 1797 ﬁduciam
435 1770 555 1803 habebit,
571 1777 599 1798 et
627 1778 682 1798 non
711 1769 903 1798 confundetur.

117 1816 185 1850 Qua:
196 1815 323 1844 confusio
348 1821 390 1844 est
418 1818 522 1852 grande
537 1817 713 1852 supplicium.
740 1816 843 1848 Omnis,
861 1817 905 1843 in-

116 1863 174 1897 quit
202 1865 239 1897 (ν.
259 1863 317 1897 29),
332 1864 378 1898 qui
396 1863 461 1898 facit
477 1863 665 1898 justitiam,e:r
693 1862 746 1890 Deo
761 1868 838 1890 natus
854 1867 903 1896 est,

117 1908 271 1935 secundum
299 1908 378 1935 ﬁdem
395 1909 501 1936 scilicet
515 1912 639 1936 renatus.
655 1909 732 1944 (Cap.
749 1916 799 1940 ιιι,
816 1917 842 1936 v.
855 1908 881 1942 i)
896 1917 903 1935 :

118 1954 264 1988 Propterea
274 1954 388 1982 mundus
412 1963 464 1982 non
490 1955 621 1990 cognoscit
635 1964 692 1985 nos.
723 1955 846 1990 quoniam
859 1962 905 1982 nec

119 2009 178 2028 eum
194 2002 324 2036 cognovit.
340 2001 468 2029 Mundum
484 2001 551 2028 dicit
574 2003 742 2029 saeculariter
757 2002 785 2029 in
799 2001 904 2029 deliciis

119 2048 254 2075 viventes.
280 2047 454 2074 Dilectissimi
465 2068 472 2079 ,
489 2048 578 2083 inquit
593 2049 631 2082 (ν.
643 2048 671 2083 2)
682 2068 688 2080 ,
704 2056 772 2075 nunc
790 2048 840 2082 filii
857 2047 905 2074 Dei

118 2101 231 2126 sumus,
257 2101 312 2120 non
343 2093 461 2121 naturali
485 2093 653 2121 dilectione:
684 2095 732 2122 sed
767 2094 831 2129 quia
858 2102 905 2128 pa-

118 2143 188 2166 trem
220 2138 306 2166 Deum
331 2139 473 2167 habemus.
491 2139 577 2174 Major
612 2140 712 2174 quippe
745 2144 788 2167 est
815 2139 906 2166 chari-

117 2189 181 2216 tas,
213 2188 242 2210 ut
261 2191 323 2211 cum
352 2185 454 2211 nullam
480 2185 670 2220 cognationem
697 2184 845 2212 habeamus
870 2185 904 2212 ad

119 2229 310 2265 Deum,diligit
326 2238 376 2257 nos
387 2233 524 2261 tamen,et
540 2230 609 2258 ﬁlios
623 2238 688 2258 suos
700 2229 903 2264 vocat.(lbid.):

118 2275 154 2302 Et
174 2275 285 2303 necdum
301 2276 398 2303 claruit
420 2276 489 2312 quod
514 2277 636 2304 erimus:
656 2277 708 2304 hoc
722 2280 765 2304 est
783 2276 816 2304 ad
835 2284 903 2312 qua-

956 1674 1034 1709 fecta,
1051 1674 1183 1709 inquit(v.
1202 1673 1255 1706 18),
1265 1672 1381 1699 cbaritas
1395 1675 1424 1703 ᾔ(
1435 1672 1508 1706 foras
1521 1671 1601 1697 mittit
1611 1671 1740 1698 timorem.

954 1720 1090 1748 Perl‘eclio
1112 1727 1229 1754 namque
1251 1718 1338 1745 tidelis
1352 1717 1472 1744 hominis
1487 1716 1608 1744 Charitas
1620 1720 1672 1743 est.
1688 1714 1744 1742 Iste

954 1771 1005 1799 est,
1030 1766 1119 1801 inquit
1135 1766 1207 1800 (cap.
1223 1774 1250 1799 v,
1275 1774 1301 1792 ν.
1318 1765 1356 1798 6),
1375 1765 1420 1799 qui
1445 1764 1512 1790 venit
1539 1771 1585 1798 per
1605 1771 1701 1798 aquam
1717 1768 1742 1790 et

955 1812 1120 1847 sanguinem;
1134 1815 1161 1838 et
1174 1813 1271 1838 iterum
1285 1812 1322 1846 (ν.
1340 1810 1377 1846 7),
1392 1810 1455 1844 quia
1471 1814 1521 1836 tres
1536 1813 1597 1836 sunt
1609 1809 1654 1844 qui
1670 1809 1743 1835 testi-

955 1857 1080 1892 ficantur,
1101 1857 1219 1891 spiritus,
1233 1856 1306 1892 quod
1321 1860 1361 1883 est
1377 1856 1431 1882 vita
1444 1875 1451 1887 ,
1470 1860 1494 1882 et
1510 1863 1590 1890 aqua,
1609 1854 1681 1890 quod
1700 1859 1743 1882 est

954 1903 1121 1938 regeneratio
1136 1909 1167 1929 ac
1185 1902 1262 1934 ﬁdes,
1279 1908 1304 1929 et
1319 1903 1440 1936 sanguis,
1453 1900 1525 1936 quod
1548 1904 1589 1927 est
1610 1900 1742 1935 cognitio,

953 1954 979 1977 et
989 1949 1016 1976 Ιιὶ
1031 1954 1081 1976 tres
1094 1957 1175 1975 unum
1191 1953 1262 1976 sunt.
1280 1948 1309 1975 ln
1325 1947 1466 1975 Salvatore
1481 1947 1590 1982 quippe,
1605 1947 1664 1974 istae
1678 1951 1741 1973 sunt

954 1995 1069 2023 virtutes
1084 1993 1241 2025 salutiferae,
1269 1998 1296 2020 et
1317 1994 1372 2020 vita
1386 1993 1445 2028 ipsa
1471 1993 1498 2020 in
1530 1993 1589 2028 ipso
1600 1991 1669 2019 Filio
1682 1993 1740 2025 ejus

954 2041 1072 2069 exsistit.
1089 2039 1132 2073 (V.
1147 2039 1190 2075 ll)
1203 2049 1210 2068 :
1227 2039 1260 2066 Et
1276 2039 1330 2067 Ita'c
1339 2044 1378 2066 est
1393 2038 1552 2073 confidentia
1566 2046 1645 2073 quan
1662 2037 1741 2064 liabe-

954 2096 1012 2114 mus
1026 2086 1060 2113 ad
1078 2095 1137 2114 eum
1148 2106 1155 2119 ,
1170 2086 1232 2121 quia
1245 2085 1268 2112 si
1281 2085 1343 2120 quid
1360 2085 1510 2119 petierimus
1534 2084 1676 2111 secundum
1696 2091 1740 2110 oo-

955 2133 1082 2160 luntatem
1095 2132 1163 2167 ejus,
1182 2131 1271 2158 audiet
1285 2139 1342 2158 nos.
1359 2130 1419 2158 Non
1436 2130 1559 2157 absolute
1583 2129 1651 2155 dixit
1666 2129 1740 2163 quod

955 2179 1122 2214 petierimus,
1132 2177 1178 2205 sed
1187 2177 1260 2212 quod
1268 2181 1375 2212 oportet
1384 2180 1485 2212 petere.
1495 2174 1539 2211 (V.
1551 2175 1594 2210 19)
1607 2183 1613 2202 :
1622 2176 1655 2203 Et
1665 2183 1741 2201 mun-

955 2227 1005 2252 dus
1027 2225 1110 2252 omnis
1121 2225 1147 2251 in
1166 2224 1281 2259 maligno
1296 2223 1453 2250 constitutus
1469 2226 1521 2252 cst;
1537 2228 1591 2248 ιιοιι
1602 2224 1738 2253 creatura,

957 2272 1004 2299 sed
1012 2271 1156 2299 saecularcs
1165 2270 1300 2301 homines,
1309 2274 1336 2296 et
1347 2267 1497 2296 secundum
1504 2274 1565 2294 (‘Oll(
1573 2265 1739 2300 upiscentias

118 2321 170 2348 lem
186 2321 345 2357 perventuri
359 2308 454 2349 sumus
466 2322 578 2357 gloriam
597 2331 603 2349 :
621 2322 650 2350 Si
662 2323 731 2350 enim
748 2308 904 2357 manifesta-
919 2308 941 2335 θ
955 2318 1088 2345 viventes.
1098 2315 1142 2352 (V.
1157 2316 1204 2352 20)
1217 2325 1223 2343 :
1242 2314 1276 2342 Et
1294 2314 1317 2341 F
1319 2315 1381 2342 ilius
1392 2314 1441 2340 Dei
1452 2314 1529 2347 venit,
1543 2318 1567 2340 et
1582 2311 1653 2339 dedit
1665 2311 1738 2338 nobis

118 2370 160 2393 tus
174 2367 266 2400 fuerit,
282 2365 334 2393 hoc
348 2370 401 2398 est,
423 2366 447 2393 si
472 2366 584 2401 perfecti
607 2366 749 2399 fuerimus,
766 2367 865 2394 similes
879 2367 903 2394 ei

115 2411 226 2444 erimus,
241 2410 326 2438 veluti
341 2411 543 2446 requiescentes
566 2412 745 2446 etjustilicati
762 2412 856 2439 nntndi
873 2412 901 2438 in

952 2363 1122 2394 intellectum,
1135 2362 1284 2390 secundum
1298 2361 1377 2388 ﬁdem
1394 2360 1498 2387 scilicet
1509 2359 1694 2387 advenientem
1712 2357 1738 2384 in

954 2417 1015 2443 nos,
1035 2409 1083 2444 qui
1095 2408 1178 2436 etiam
1195 2408 1316 2444 Spiritus
1328 2410 1441 2435 sanctus
1455 2405 1616 2440 appellatur.

908 2527 961 2557 IV.

396 2585 573 2616 EJUSDEM
584 2586 921 2618 ADUMBRATIONES
936 2587 976 2617 IN
989 2584 1220 2617 EPISTOLAM
1239 2584 1266 2614 il
1282 2583 1458 2614 JOANNIS.

152 2650 278 2679 Secunda
289 2649 403 2677 Joannis
414 2649 551 2684 Epistola,
576 2657 637 2684 quae
653 2649 686 2676 ad
701 2650 819 2685 virgines
835 2651 902 2678 scri-

114 2702 160 2733 pta
166 2702 218 2728 est.
231 2695 433 2731 simplicissima
444 2700 496 2723 est.
513 2695 619 2731 Scripta
633 2703 698 2723 vero
707 2701 748 2723 est
762 2695 795 2723 ad
805 2703 903 2732 quam-

114 2744 175 2771 dam
191 2742 367 2778 Babyloniam
384 2741 501 2768 Electum
516 2742 625 2770 nomine
638 2763 645 2775 ,
662 2741 794 2778 signiﬁcat
811 2746 901 2770 autem

152 2823 181 2853 ὦ
203 2819 232 2848 Ρ.
257 2819 324 2847 1001
346 2818 398 2845 ΕΙ).
419 2817 568 2847 POTTElt.

150 2900 209 2935 (88)
229 2897 310 2934 LapSt
327 2902 353 2925 et
368 2900 506 2932 apustatae.

954 2650 1113 2679 electionem
1125 2649 1254 2677 Ecclesiae
1268 2652 1378 2676 sanctae.
1395 2646 1500 2674 Astruit
1513 2645 1542 2672 in
1555 2644 1605 2672 hac
1619 2643 1739 2679 Epistula

956 2696 1170 2731 persecutionem
1192 2694 1253 2722 ﬁdei
1279 2697 1355 2721 extra
1372 2692 1530 2720 charitatem
1546 2697 1599 2717 non
1616 2697 1678 2716 esse
1689 2709 1695 2716 .
1713 2692 1740 2715 et

956 2747 984 2770 ut
1001 2750 1080 2771 nemo
1094 2734 1197 2770 dividat
1211 2740 1304 2769 Jesum
1316 2739 1472 2772 Christum;
1501 2735 1549 2765 sed
1575 2742 1658 2764 unum
1678 2741 1741 2762 cre-
