1927 3074
194 165 245 193 739

758 162 956 192 CLEMENTIS
976 160 1212 190 ALEXANDRINI

1775 158 1834 185 760

191 222 257 251 dere
271 221 365 251 Jesum
380 222 519 250 Christum
549 223 657 250 venisse
681 222 708 249 in
737 229 830 249 carne.
852 220 920 248 Nam
935 221 983 256 qui
999 227 1021 253 Α
1035 219 1193 255 hujusmodi
1210 226 1265 246 non
1283 221 1325 246 est
1343 217 1522 245 inhumanum
1536 238 1544 250 ,
1573 216 1621 244 sed
1647 223 1698 243 nec
1712 216 1833 251 conqui-.

193 269 275 297 habet
291 269 389 297 Filium
405 270 433 296 in
447 270 585 297 intellectu
595 268 816 304 pcrceptibiliter,
829 272 856 295 et
871 267 979 294 Patrem

193 322 303 351 quoque
330 315 471 350 cognoscit
496 319 524 342 et
552 315 767 350 magnitudinem
790 313 901 341 virtutis
921 313 982 348 cjus

194 362 254 388 sine
297 361 377 388 initio
417 362 548 396 temporis
578 364 736 395 operantem
775 359 984 394 intelligibiliter

194 411 286 434 meme
298 407 429 434 continet.
448 407 546 443 Siquis
563 407 630 433 venit
647 405 681 433 ad
698 415 757 438 vos,
771 405 859 441 inquit
874 405 912 441 (ν.
927 405 982 441 i0).

193 458 218 480 et
231 453 299 480 lianc
312 453 460 480 doctrinam
471 461 523 480 non
536 457 635 487 portat,
652 461 703 480 non
718 452 871 487 suscipiatis
883 460 942 479 eum
957 452 985 478 in

193 498 311 531 domum,
326 500 408 526 etAvc
425 508 455 526 ne
469 499 590 526 dixeritis
601 499 643 531 ei;
661 499 706 533 qui
719 499 789 525 enim
799 498 896 525 dixerit
921 498 984 531 Ave,

194 545 370 571 communicat
392 545 513 579 operibus
537 544 594 580 ejus
622 544 757 579 malignis.
773 543 853 572 Tales
868 543 987 571 salutare

194 590 319 624 prohibet
343 595 370 618 et
397 590 423 617 in
452 590 601 626 liOSpitium
627 590 777 626 suscipere.
800 589 856 617 Hoc
870 590 941 617 enim
959 589 987 616 in

1033 275 1094 295 rere
1104 266 1146 293 vel
1161 266 1355 300 condisputare
1368 272 1430 292 cum
1446 264 1546 292 talibus
1563 264 1692 290 admonet
1707 263 1754 298 qui
1772 271 1833 289 non

1034 313 1125 340 valent
1151 311 1360 347 iutelligibilitcr
1387 311 1480 338 divina
1501 313 1641 343 tractare,
1665 317 1700 337 ne
1716 316 1766 344 per
1779 316 1833 336 eos

1034 359 1214 387 traducantur
1231 365 1247 385 a
1267 358 1393 386 doctrina
1407 358 1541 390 veritatis,
1560 356 1758 385 verisimilibus
1785 356 1834 382 in-

1034 407 1110 434 ducti
1124 405 1287 433 rationibus.
1301 404 1424 432 Arbitror
1439 408 1539 435 autem,
1555 403 1620 438 quia
1631 406 1660 431 ct
1671 409 1752 430 orare
1765 409 1831 428 cum

1035 454 1136 481 talibus
1150 461 1204 480 non
1216 456 1334 488 oportet,
1348 452 1478 487 quoniam
1494 451 1522 478 in
1537 451 1664 478 oratione
1678 457 1740 485 quae
1754 449 1781 476 ﬁt
1798 449 1831 475 in

1036 500 1128 531 domo,
1146 503 1289 534 postquam
1299 499 1333 526 ob
1346 497 1451 526 orando
1467 497 1600 533 surgitur,
1616 497 1748 525 salutatio
1762 504 1830 532 gau-

1037 546 1075 573 dii
1089 550 1131 574 est
1145 550 1171 574 et
1183 546 1258 581 pacis
1274 545 1416 573 indicium.

395 766 446 792 ΕΚ
456 764 623 792 ΝΙΚΗΤΟΥ
637 763 690 799 (89)
705 764 920 791 ΗΡΑΚΛΕΙΑΣ
934 761 1225 790 ΜΗΤΡΟΠΟΛΙΤΟΥ
1235 763 1300 789 ΕΙΣ
1310 762 1372 789 ΙΩΒ
1391 760 1619 789 ΕΞΗΓΗΣΕΩΣ.

729 842 785 872 EX
793 841 951 872 NICETIE
967 840 1125 871 CATENA
1144 840 1184 870 IN
1200 840 1283 871 Ι1013.

883 922 961 958 (Cap.
978 922 1001 955 l,
1017 930 1081 950 vers
1094 920 1151 954 2i.)

231 1037 312 1073 372
320 1036 379 1064 Jobi
394 1040 483 1064 autem
495 1037 577 1064 verba
589 1036 629 1064 sic
637 1036 787 1071 elegantius
796 1036 909 1072 intelligi
924 1045 987 1072 pos-
1002 1046 1023 1072 Β

196 1087 277 1112 sunt:
290 1083 377 1111 nudus
391 1090 405 1110 a
419 1083 487 1110 vitio
503 1086 530 1111 et
541 1087 664 1117 peccato,
673 1082 752 1117 quasi
764 1090 796 1110 ex
807 1087 881 1110 utero
893 1085 988 1111 matris

196 1137 212 1157 e
228 1136 301 1157 terra
317 1130 345 1156 in
361 1129 439 1156 initio
451 1129 580 1163 formatus
595 1137 664 1162 sum,
674 1128 760 1156 nudus
774 1129 801 1156 in
817 1130 935 1158 eamdem
952 1139 989 1167 re-

197 1181 302 1207 uertar;
325 1183 380 1202 non
411 1179 501 1202 au'em
529 1182 544 1201 a
576 1176 808 1210 possessionibus,
837 1176 890 1204 hoc
915 1177 988 1204 enim

201 1228 316 1255 parvum
332 1224 359 1248 et
376 1220 487 1255 vulgare
518 1225 610 1253 esset,
639 1221 686 1248 sed
717 1228 732 1248 a
754 1221 821 1249 vitio
843 1225 870 1249 et
894 1230 989 1257 pecca-

196 1269 236 1299 to,
253 1270 281 1293 et
297 1274 311 1293 a
328 1266 501 1294 tenebricoso
524 1266 608 1299 idolo,
639 1266 711 1301 quod
740 1275 788 1295 eos
812 1269 914 1304 excipit
942 1269 988 1304 qui

197 1311 301 1346 injuste
328 1311 466 1339 vixerunt.
493 1310 574 1338 Juxta
600 1319 666 1339 vero
694 1311 780 1345 illud,
810 1313 883 1347 quod
901 1313 990 1340 omni—

196 1358 249 1385 bus
266 1355 444 1392 in'promptu
474 1365 506 1384 ac
538 1356 672 1385 familiare
700 1361 753 1390 est,
783 1358 875 1385 cuncti
895 1360 987 1386 nasci-

197 1411 259 1431 mur
287 1403 371 1435 uudi,
390 1405 509 1438 itemque
529 1403 595 1430 nudi
621 1402 776 1436 eﬂerimur,
794 1404 887 1432 fasciis
910 1406 987 1440 solis,

196 1456 258 1483 qua:
271 1448 401 1475 humanis
426 1452 597 1475 mortuorum
617 1449 780 1484 corporibus
805 1449 987 1484 adhibentur,

197 1495 328 1523 devincti.
346 1495 451 1522 Etenim
465 1496 550 1522 vitam
567 1495 638 1523 Deus
662 1496 742 1524 nobis
756 1496 836 1523 aliam
851 1504 989 1532 praepara-

197 1542 246 1575 vit,
263 1546 289 1569 et
303 1546 464 1577 praesentem
481 1550 530 1577 pro
548 1542 676 1569 curriculi
694 1541 737 1569 via
757 1542 790 1569 ad
807 1550 868 1570 eam
884 1543 987 1570 instru-

197 1588 256 1622 xit;
283 1595 330 1616 eas
345 1589 454 1615 demum
475 1596 524 1622 pro
554 1588 652 1615 viatico
676 1589 866 1623 possessiones
885 1589 989 1617 consti-

197 1638 290 1666 tuens,
307 1643 368 1670 qua:
383 1634 541 1662 necessitati
560 1634 724 1662 inservirent
739 1644 745 1662 :
762 1643 823 1663 cum
840 1636 911 1663 banc
923 1643 989 1664 vero

148 1709 151 1712 _
198 1681 271 1708 viam
295 1681 380 1709 semel
407 1681 511 1708 emensi
530 1680 680 1714 fuerimus,
696 1681 856 1709 facultatum
873 1686 900 1710 et
919 1682 989 1710 divi-

199 1728 300 1754 tiarum
326 1729 355 1758 Et
382 1727 472 1754 omnis
498 1727 644 1755 comitatus
669 1735 720 1755 nos
746 1728 858 1756 deserit.
890 1724 1025 1756 EorumC

198 1774 288 1806 enim,
313 1781 374 1808 qua:
400 1773 428 1800 in
451 1773 505 1800 vita
528 1773 691 1807 habuimus,
707 1774 774 1801 nihil
792 1778 917 1802 nostrum
936 1775 990 1802 dici

199 1823 301 1856 potest,
321 1827 375 1847 una
388 1825 499 1855 excepta
513 1820 621 1855 pietate,
639 1821 719 1855 cujus
740 1825 783 1848 est
805 1825 900 1849 nostra
915 1826 990 1850 certa

199 1867 357 1902 possessio;
375 1865 445 1892 hanc
464 1873 538 1893 mors
563 1866 693 1901 ingruens
708 1866 787 1894 nobis
807 1874 861 1894 non
882 1867 988 1902 eripiet,

199 1914 282 1940 rebus
308 1916 398 1939 autem
421 1913 550 1939 omnibus
575 1912 636 1940 aliis
662 1913 787 1947 quamvis
812 1913 923 1945 invitos,
939 1921 990 1942 nos

199 1963 291 1987 exuet.
313 1957 385 1993 Opes
407 1958 515 1992 quidem
539 1958 573 1985 ad
602 1958 674 1985 hanc
696 1958 778 1985 vitam
802 1958 990 1986 sustinendam

200 2005 374 2040 accepimus,
391 2008 473 2039 atque
488 2004 584 2031 harum
601 2005 660 2032 solo
675 2004 765 2032 fructu
787 2004 927 2042 decerptp.
943 2005 991 2033 de-

200 2051 299 2086 migrat
329 2050 518 2085 unusquisque
541 2050 668 2086 exiguum
692 2050 754 2077 vita;
784 2057 990 2079 monumentum

200 2097 374 2132 relinquens;
389 2097 441 2124 hoc
455 2096 564 2124 demum
587 2100 630 2124 est
647 2096 784 2124 felicitatis
798 2097 887 2125 omnis
898 2103 990 2125 extre-

201 2150 289 2175 mum,
308 2142 352 2169 hic
369 2146 530 2170 cunctorum
551 2142 685 2169 bonorum
712 2150 772 2177 qua:
797 2148 860 2170 sunt
884 2143 911 2170 in
935 2144 990 2171 vita

201 2189 303 2216 exitus.
313 2187 395 2216 Recte
410 2189 493 2224 igitur
504 2188 606 2219 infans,
616 2192 645 2216 ut
655 2190 749 2216 matris
763 2194 840 2217 utero
852 2194 933 2225 caput
943 2198 991 2217 ex-

202 2235 275 2265 tulit,
292 2242 347 2262 non
372 2243 388 2261 e
415 2235 485 2267 risu,
502 2234 549 2262 sed
568 2242 583 2261 a
608 2235 735 2262 lamentis
763 2235 854 2263 statim
877 2235 989 2271 incipit;

203 2279 284 2307 ﬂebili
297 2281 368 2308 enim
381 2289 456 2314 voce,
470 2281 530 2308 vita
538 2281 732 2316 propemodum
748 2280 915 2316 indignatur,
931 2289 991 2317 quae

202 2326 315 2354 exitiosa
325 2318 363 2353 (ac
377 2327 466 2354 letalia
482 2335 595 2354 munera
607 2346 614 2359 ,
631 2335 645 2353 a
660 2327 749 2362 primo
773 2328 886 2355 exordio
906 2327 991 2363 degu‘

203 2370 300 2399 standa
315 2371 339 2398 ci
361 2372 497 2406 proponit.
519 2370 690 2406 Simulatque
705 2371 777 2398 enim
797 2371 886 2399 editus
903 2371 931 2398 in
948 2372 988 2398 lu-

203 2424 262 2444 cem
284 2420 310 2444 et
329 2421 472 2452 susceptus
486 2421 538 2450 cst,
550 2425 647 2444 manus
664 2417 799 2452 pedesque
814 2418 874 2452 ejus
897 2417 989 2446 fasciis

203 2462 430 2496 constringuntur
450 2467 477 2490 et
501 2463 617 2490 vinculis
636 2463 783 2498 impeditus
799 2463 927 2492 uberibus
941 2471 989 2498 po-

203 2509 280 2536 titur.
297 2507 318 2535 0
331 2509 391 2535 vita:
406 2510 593 2544 primordium,
611 2510 706 2537 mortis
727 2509 917 2545 prodromum!
932 2509 988 2538 Nu-

206 2562 252 2582 ier
263 2559 306 2582 est
320 2554 410 2582 infans
431 2555 465 2582 ad
491 2556 573 2582 vitam
590 2556 746 2591 ingressus,
761 2564 812 2585 nec
825 2557 987 2593 interposita

277 2635 308 2664 is
329 2631 359 2660 P.
381 2632 450 2660 i002
470 2633 524 2660 ΕΙ).
544 2633 691 2661 POTTER.

242 2711 297 2748 (89)
319 2712 370 2739 Ἐκ
383 2711 521 2748 Νικητοῦ.
532 2711 630 2748 Prima
643 2712 785 2748 [ragmenti
797 2712 912 2748 hujusce
921 2719 990 2748 sen-

205 2746 292 2783 tentia
309 2747 431 2783 occurrit
446 2747 573 2782 superius
598 2747 624 2774 in
640 2746 739 2775 Strbm.
769 2756 806 2779 iv,
828 2746 890 2783 pag.
914 2746 987 2774 636:

213 2782 272 2809 ’[ὼὸ
284 2783 312 2809 δὲ
326 2783 340 2809 ὁ
353 2782 466 2814 δίκαιος,
481 2780 583 2813 Ἀὺτδς,
605 2784 683 2818 νφηιὶ,
709 2783 811 2818 γυμνὸς
829 2780 939 2817 ἓξῆλθον
957 2783 989 2809 ὲκ

207 2818 310 2849 κοιλίας
325 2818 426 2853 μητρός
448 2825 509 2853 μου,
531 2817 642 2852 γυμνὸς
656 2818 702 2845 καὶ
722 2817 906 2852 ἀπελεύσομαι
919 2818 986 2844 ἐκεῖ⁴

207 2854 238 2872 ιιι¹δ
253 2853 397 2872 venturis-nm
413 2852 514 2872 νιιιιυλρ-
539 2852 626 2872 [ιι-ηῧφη
647 2854 694 2872 nZ-u
714 2853 768 2872 vim
790 2853 883 2872 inv/irin
896 2861 924 2872 In:
942 2853 985 2872 vni

207 2854 238 2880 οὐ
253 2852 397 2888 κτημάτων
413 2852 524 2887 γυμνὸς.
539 2852 626 2887 (τοῦτο
667 2854 694 2879 ὲν
714 2853 768 2888 γὰρ
789 2853 883 2889 μικρὸν
896 2861 924 2878 τε
942 2853 988 2879 καὶ

208 2890 318 2925 κοινόν)
328 2888 383 2915 ἀλλ’
396 2888 432 2921 ὡς
444 2888 556 2923 δίκαιος,
570 2863 671 2924 votivi";
684 2889 775 2916 ἄπεισι
789 2888 883 2922 κακίας
897 2896 927 2914 τε
941 2888 986 2915 καὶ

1078 1036 1158 1064 Ἀλλὰ
1170 1035 1204 1063 τὰ
1217 1033 1264 1062 τοῦ
1288 1034 1347 1061 Ἰὼὸ
1364 1034 1532 1071 κομψότερον
1549 1034 1598 1071 μὲν
1614 1034 1687 1062 οὕτω
1708 1033 1827 1071 νοητῶν·

1038 1082 1151 1119 γυμνὸς
1167 1081 1266 1113 κακίας
1280 1081 1328 1108 καὶ
1342 1081 1491 1116 ἁμαρτίας,
1513 1080 1552 1111 ὡς
1580 1081 1615 1107 ἐκ
1636 1081 1757 1114 κοιλίας
1774 1089 1830 1115 μη-

1037 1129 1117 1164 τρὸς,
1135 1129 1167 1155 ὲκ
1182 1128 1232 1163 τῆς
1248 1128 1299 1162 γῆς
1313 1127 1374 1154 κατ’
1391 1127 1478 1162 ἀρχὰς
1505 1126 1704 1161 δωπλὰσθην,
1718 1126 1830 1161 γυμνὸς

1038 1175 1081 1207 εὶς
1101 1173 1159 1207 τὴν
1171 1173 1230 1209 γῆν
1243 1172 1292 1200 καὶ
1306 1172 1521 1207 ἀπελεύσομαι·
1543 1172 1645 1207 γυμνὸς
1662 1172 1693 1198 οὐ
1721 1173 1829 1208 κτημά-

1038 1229 1102 1252 των,
1117 1219 1198 1246 τοῦτο
1214 1219 1268 1255 γὰρ
1295 1218 1392 1254 μικρόν
1411 1227 1441 1245 τε
1458 1217 1505 1245 καὶ
1531 1218 1628 1250 κοινὸν,
1646 1218 1716 1245 ἀλλὰ
1731 1218 1830 1249 κακίας

1039 1267 1086 1294 καὶ
1102 1266 1243 1302 πονηρίας,
1258 1265 1306 1293 καὶ
1322 1265 1369 1293 τοῦ
1391 1265 1526 1301 ἑπομένου
1539 1266 1595 1297 τοῖς
1609 1265 1711 1296 ἀδίκως
1728 1264 1829 1301 βιώσα-

1039 1321 1081 1339 σιν
1095 1312 1201 1344 ἀειδοῦς
1217 1311 1336 1339 εἰδώλου·
1354 1311 1424 1339 κατὰ
1440 1311 1468 1338 δὲ
1493 1311 1523 1338 τὺ
1543 1311 1701 1347 πρόχειρον,
1730 1312 1829 1343 πάντες

1038 1357 1175 1393 ἄνθρωποι
1188 1359 1235 1384 καὶ
1245 1357 1344 1393 γυμνοὶ
1369 1355 1528 1392 γεννιῦμεθα
1539 1377 1546 1389 ,
1560 1357 1612 1384 καὶ
1626 1357 1728 1392 γυμνοὶ
1750 1357 1828 1383 πάλιν

1039 1402 1228 1439 ἐκφερόμεθα,
1263 1404 1319 1434 τοῖς
1356 1401 1492 1436 ἐνταφίοις
1532 1402 1621 1438 μόνοις
1659 1402 1829 1437 σπαργάνοις

1038 1448 1226 1484 δεσμούμενοι.
1244 1448 1339 1475 Ἀλλον
1354 1448 1409 1484 γὰρ
1423 1450 1490 1484 ἡμῖν
1502 1449 1516 1474 ὁ
1537 1448 1603 1480 Θεὸς
1624 1449 1828 1484 προηυτρέπισε

1040 1497 1107 1532 βίον,
1124 1497 1172 1524 καὶ
1198 1495 1246 1523 τοῦ
1270 1496 1339 1532 πρὸς
1366 1496 1470 1522 ἐκεῖνον
1499 1495 1598 1531 δρόμου
1614 1495 1664 1530 τὴν
1688 1494 1829 1530 παροῦσαν

1039 1543 1110 1580 ζωὴν
1126 1544 1184 1571 ὁδὸν
1196 1542 1391 1575 κατεσκεύασε,
1400 1542 1448 1574 τὰς
1459 1542 1534 1578 παρὰ
1541 1542 1591 1577 τῆς
1605 1542 1728 1577 κτήσεως
1737 1542 1829 1578 χρείας

1038 1592 1079 1622 εἰς
1090 1591 1183 1626 ἐφόδια
1195 1583 1274 1626 μόνον
1289 1590 1339 1625 τῆς
1354 1588 1414 1616 ὀδοῦ
1427 1588 1591 1621 κατατάξας·
1607 1587 1709 1623 ταύτην
1725 1587 1754 1614 δὲ
1765 1588 1829 1623 ἡμῖν

1038 1638 1087 1675 τὴν
1099 1639 1156 1666 ὁδὸν
1183 1638 1336 1670 ὲξελθοῦσιν
1361 1638 1374 1664 ὁ
1395 1636 1449 1663 τῶν
1474 1635 1628 1672 κτηθέντων
1652 1635 1829 1666 ὰσυνόδευτος

1038 1685 1162 1717 πλοῦτος.
1178 1685 1260 1712 Οὐδὲν
1271 1683 1325 1720 γὰρ
1339 1681 1377 1711 ὧν
1392 1684 1559 1718 ἐσχήκαμεν,
1576 1682 1672 1717 ἔχομεν
1683 1680 1760 1712 ἴδιον,
1772 1681 1830 1711 ἑνὸς

1042 1732 1180 1767 κτήματος
1198 1731 1278 1766 μόνον
1301 1731 1351 1765 τῆς
1372 1729 1511 1761 εὐσεϐείας
1531 1728 1614 1764 ἐσμὲν
1637 1727 1828 1763 ἰδιοκτήτορες·

1040 1777 1143 1812 ταύτην
1157 1777 1230 1812 ἡμᾶς
1245 1776 1359 1808 θάνατος
1373 1774 1495 1802 ἐπελθὼν
1520 1775 1550 1801 οὐ
1569 1773 1689 1809 συλήσει,
1707 1773 1763 1800 τῶν
1785 1773 1831 1800 ἄλ-

1040 1822 1094 1850 λων
1110 1823 1137 1849 δὲ
1155 1823 1282 1849 ἁπάντων
1298 1822 1409 1848 ἐκϐαλεῖ
1427 1822 1475 1848 καὶ
1502 1821 1540 1857 μὴ
1553 1821 1688 1853 θέλοντας⁸
1706 1822 1747 1852 είς
1764 1821 1831 1847 ὑπο-

1040 1868 1206 1896 κατάστασιν
1224 1868 1279 1904 γὰρ
1295 1868 1343 1904 τὴν
1374 1868 1501 1904 βιωτικὴν
1517 1869 1615 1900 πάντες
1639 1868 1830 1904 παρελάϐομεν

1041 1916 1146 1951 κτῆσιν,
1156 1916 1201 1942 καὶ
1215 1915 1294 1951 μόνον
1304 1915 1405 1951 ταύτης
1421 1915 1470 1951 τὴν
1480 1915 1576 1951 χρῆσιν
1587 1915 1701 1947 ἕκαστος
1717 1924 1831 1951 καρπω-

1042 1961 1157 1996 σάμενος
1173 1961 1276 1993 ἄπεισι,
1295 1961 1381 1997 βραχὺ
1409 1961 1486 1997 παρὰ
1509 1960 1556 1987 τοῦ
1577 1960 1634 1996 βίου
1650 1961 1830 1997 κομιζόμενος

1043 2005 1145 2041 μνῆμαι-
1163 2004 1242 2032 τοῦτο
1257 2005 1311 2041 γὰρ
1326 2005 1417 2041 πάσης
1428 2005 1577 2041 ειλημερίας
1600 2006 1630 2032 τὸ
1647 2006 1734 2038 τέλος,
1750 2006 1830 2033 τοῦτο

1040 2048 1094 2075 τῶν
1113 2048 1245 2084 βιωτικῶν
1256 2048 1366 2083 ἀγαθῶν
1392 2049 1422 2076 ἰδ
1438 2049 1633 2086 συμπέρασμα.
1656 2050 1757 2082 Καλῶς
1775 2051 1831 2086 ἄρα

1041 2093 1071 2120 τὸ
1088 2093 1196 2128 βρέφος,
1211 2094 1260 2129 τῆς
1275 2094 1393 2130 γαστρὸς
1408 2094 1583 2129 παρακύψαν,
1596 2095 1700 2132 θρήνων
1714 2095 1828 2127 εὐθέως,

1040 2140 1070 2166 οὐ
1085 2139 1200 2174 γέλωτος
1215 2140 1338 2176 ἄρχεται·
1356 2140 1444 2168 κλαίει
1457 2141 1512 2176 γὰρ
1526 2141 1619 2177 ὥσπερ
1642 2141 1689 2168 τοῦ
1705 2142 1764 2177 βίου
1779 2151 1830 2169 κα-

1041 2186 1157 2219 ταῦοῶν,
1180 2188 1246 2222 παρ’
1269 2184 1300 2214 οὗ
1324 2187 1492 2223 θνησιμαίων
1522 2189 1555 2215 ὲκ
1581 2188 1732 2224 προοιμίων
1761 2189 1830 2215 ἁπτι-

1041 2233 1152 2267 γεύεται
1167 2233 1270 2271 δώρων·
1284 2235 1378 2270 τεχθὲν
1394 2235 1447 2271 γὰρ
1467 2237 1560 2270 χεῖρας
1587 2235 1687 2267 εὐθέως
1703 2244 1830 2271 σπαργα-

1040 2279 1145 2311 νοῦται,
1161 2280 1208 2307 καὶ
1226 2280 1318 2312 πόδας,
1335 2281 1381 2308 καὶ
1389 2281 1497 2316 δεσμοῖς
1510 2280 1680 2317 ὲνειλημένον
1696 2281 1828 2309 ἀπολαύει

1040 2326 1090 2361 τῆς
1104 2325 1197 2361 Θηλῆς.
1215 2327 1247 2352 Ὢ
1262 2327 1405 2363 προοιμίου
1426 2327 1508 2363 ζωῆς,
1539 2327 1694 2362 προδρόμου
1722 2327 1827 2363 νεκρὼ-

1042 2373 1126 2403 σεωςί
1146 2373 1224 2408 ’Ἄρτι
1251 2373 1283 2399 τὸ
1300 2373 1399 2409 βρέφος
1417 2375 1457 2405 εἰς
1481 2373 1554 2410 ζωὴν
1580 2373 1761 2409 παρελήλυθε,
1780 2375 1828 2401 καὶ

1041 2417 1146 2453 νεκρῶν
1161 2418 1261 2450 εὐθέως
1276 2418 1349 2454 αὺτῷ
1365 2419 1506 2454 στολισμὸς
1530 2419 1710 2456 προσηνέχθη·
1730 2420 1827 2456 ὑπομι-

1043 2465 1158 2500 μνήσκει
1171 2464 1226 2501 γὰρ
1238 2465 1284 2492 τοῦ
1297 2465 1391 2497 τέλους
1407 2467 1469 2498 τοὺς
1484 2466 1627 2501 τεχθέντας
1641 2467 1658 2502 ἡ
1673 2466 1763 2500 φύσις.
1783 2467 1828 2492 Διὸ

1041 2511 1088 2538 καὶ
1103 2512 1134 2538 τὸ
1146 2512 1249 2539 παιδίον
1264 2511 1391 2547 γεννηθὲν
1405 2512 1577 2548 ἀποδύρεται,
1589 2512 1714 2548 καθάπερ
1728 2514 1760 2548 τῇ
1775 2521 1826 2548 μη-

1039 2559 1085 2594 cpt
1097 2558 1140 2585 διὰ
1154 2558 1200 2585 τοῦ
1212 2559 1311 2595 θρήνου
1327 2558 1406 2594 βοῶν’
1422 2559 1455 2586 Τί
1472 2568 1505 2595 με
1521 2559 1588 2595 πρὸς
1604 2559 1718 2595 ταύτην,
1737 2557 1759 2586 ὦ
1778 2559 1826 2595 μῆ-

1044 2712 1251 2749 ᾇμαρτίαςικαὶ
1275 2713 1322 2749 τοῦ
1348 2713 1480 2749 ἑπομένου
1495 2715 1552 2745 τοῖς
1579 2713 1678 2745 ἀδίκως
1698 2712 1825 2748 βιώσασιν

1042 2747 1147 2779 ἀειδοῦς
1159 2748 1278 2776 εἰδώλου.
1307 2748 1373 2781 Quae
1401 2747 1562 2783 sequuntur,
1588 2747 1713 2776 nontam
1738 2749 1823 2783 ipsius

1041 2783 1189 2811 Clementis
1201 2791 1262 2811 esse
1281 2785 1417 2816 videntur,
1438 2791 1520 2818 quam
1538 2784 1650 2811 alterius
1671 2784 1823 2818 cuiuspiam

1041 2819 1172 2851 auctoris,
1195 2819 1275 2854 cujus
1294 2827 1393 2846 nomen
1423 2827 1439 2846 e
1460 2818 1562 2846 Niccta:
1584 2819 1686 2845 Catcna
1710 2819 1812 2847 excidit

1039 2853 1113 2888 quod
1129 2855 1156 2882 in
1173 2854 1328 2889 hujusmodi
1343 2855 1472 2891 operibus
1486 2862 1557 2890 saepe
1569 2854 1636 2882 alias
1651 2853 1690 2881 ﬁt.
