1927 3074
98 144 144 171 Ml

778 147 998 175 FRAGMENTA.

1677 154 1728 182 7H

94 211 152 238 τερ,
168 202 218 238 τὴν
237 203 313 240 ζωὴν
328 202 496 239 ἀπεκύηςας,
515 204 544 230 ὲν
559 200 633 241 ᾖτοῦ
650 203 700 239 ζῇν
711 204 728 238 ἡ
748 203 876 238 προσθήκ⁴

942 211 1018 230 mora
1047 206 1217 231 mortuorum
1247 203 1346 239 pannis
1369 205 1520 233 amicitur:
1537 210 1635 233 natura
1654 215 1726 235 enim

95 249 225 285 προκοπὴ
237 249 309 284 πρὸς
320 249 364 276 τὸν
378 249 492 276 Θάνατον
501 250 552 282 ;ςΤί
566 258 599 284 με
613 249 682 285 πρὸς
698 249 886 284 πολυτάραχον

95 295 182 321 αἰπῶνα
199 295 375 331 παρήγαγες,
389 296 417 322 ἐν
432 292 454 329 ᾧ
466 295 588 330 τεχθέντι
603 304 647 331 μοι
661 295 695 322 τὰ
711 295 840 330 προοίμια
854 295 888 321 τὰ

95 342 256 377 σπάργανας
270 341 303 367 Τί
313 350 346 377 με
357 341 468 377 τοιούτῳ
484 339 680 377 παραδέδωκας
691 341 751 376 βίῳ,
764 342 793 367 ὲν
808 337 830 374 ᾧ
842 341 888 367 καὶ

94 388 189 423 νεότης
205 387 313 423 ἐλεεινὴ
340 387 494 422 τρυχομὲνη
517 387 569 422 πρὸ
593 387 696 422 γήρως,
728 386 774 413 καὶ
800 386 888 421 γῆρας

94 433 220 467 φευκτὸν,
238 434 280 464 ὡς
294 433 484 465 ἑπιϐανάτιον;
502 433 603 464 Δεινὸν,
620 430 642 460 ὦ
660 434 755 469 μῆτερ,
771 433 817 460 τοῦ
829 433 887 469 βίου

92 479 122 505 τὸ
137 479 259 511 στάδιον,
277 479 389 506 θάνατον
405 480 465 514 ἔχον
481 479 535 506 τῶν
561 479 710 516 τρεχόντων
725 480 884 515 καμπτῆρα·
902 487 917 513 ν

93 525 198 560 Πικρὰν
233 526 287 560 τὴν
320 525 449 561 βιωτικὴν
474 526 667 562 ὁδοιποροῦμεν
697 526 772 558 ὁδὸν,
802 527 886 561 τάφον

92 571 206 606 ἔχουσαν
222 572 281 598 τῶν
295 571 440 598 ὁδευόντων
467 571 620 608 κατάλυμα·
637 571 754 607 χαλεπὸν
779 571 810 598 τὸ
837 571 887 606 τῆς

92 616 162 652 ζωῆς
178 618 347 654 διατελέομεν
363 620 490 653 πέλαγος,
514 618 579 654 ᾅδην
601 618 655 654 γὰρ
669 618 725 653 ἔχει
754 618 885 654 πειρατὴν

93 663 244 698 ἐφεστῶτα.
265 665 353 698 Μόνος
364 667 392 692 ὲν
408 666 492 692 ἅπασι
506 665 607 700 γυμνὸς
617 666 742 699 γεννᾶται
756 666 770 691 ὁ
780 664 884 701 ἄνθρω-

92 717 150 740 πος,
166 709 216 744 οὐχ
243 710 339 743 ὅπλον,
361 711 412 737 οὐκ
431 711 533 746 ἔνδυμα
557 709 777 746 συγγεννώμενον
803 709 882 746 σχών·

92 755 140 791 οὐχ
153 755 189 788 ὼς
210 756 269 783 τῶν
288 756 375 784 ἄλλων
392 755 470 789 ζώων
484 756 612 788 ἐλάττων,
628 756 685 783 ἀλλ’
701 757 775 788 ὅπως
792 757 809 791 ὴ
836 756 885 791 μὲν

91 801 241 837 γύμνωσις,
255 802 347 829 καὶτὸ
360 803 443 838 μηδὲν
457 801 667 836 συνεπάγεσθαι,
689 801 883 837 κατασκευάζῃ

93 854 131 873 σοι
144 847 291 883 μέριμναν-
309 849 326 884 ὴ
349 849 467 884 μέριμνα
483 848 512 875 δὲ
539 848 568 874 τὸ
588 848 668 882 σοφὸν
692 847 881 884 ὲκπομπεύσῃ,

91 894 138 928 τὴν
151 894 252 928 ἀργίαν
269 894 383 930 ἐκϐάλῃ,
399 894 534 930 εἰσαγάγῃ
547 893 596 926 τὰς
608 893 705 928 τέχνας
719 893 752 919 δι’
767 892 879 924 ἔνδειαν,

92 940 205 974 γεννήσῃ
220 939 354 975 μηχανῶν
383 940 528 971 ποικιλίας.
550 940 578 967 '0
601 939 655 976 γὰρ
671 939 775 975 γυμνὸς
798 939 881 966 πολυ-

94 986 220 1020 μήχανος,
247 986 347 1022 ὥσπερ
368 986 472 1023 κέντρῳ
485 989 518 1023 τῇ
541 987 620 1023 χρείᾳ
632 987 804 1022 νυσσόμενος,
821 986 881 1019 πῶς

93 1031 181 1063 ὑετοὺς
198 1031 342 1068 ἀποφύγῃ,
355 1031 413 1064 πῶς
426 1032 568 1067 σοφίσηται
585 1032 677 1069 κρύος,
701 1032 759 1064 πῶς
776 1032 880 1066 πληγὰς

93 1076 302 1111 ἁντιφράξηται,
318 1076 377 1108 πῶς
390 1077 537 1112 γεωργήσῃ
553 1077 602 1112 τὴν
619 1077 680 1112 γῆν,
700 1076 758 1108 πῶς
773 1076 879 1113 φοϐήσῃ

93 1120 180 1156 Θηρία,
208 1122 269 1154 πῶς
300 1122 408 1158 δαμάσῃ
429 1123 463 1150 τὰ
486 1123 666 1158 δυνατώτερα.
698 1122 877 1158 Βρεχόμενος,

93 1167 187 1203 ὀροφὴν
214 1169 397 1204 ἐτεχνήσατο·
425 1168 560 1204 ῥιγώσας,
585 1169 731 1204 ἐπενόησεν
765 1167 875 1204 ἔνδυμα³

93 1212 272 1248 πληττόμενος
299 1214 489 1250 μεμηχάνηται
514 1214 635 1250 θώρακα·
670 1213 801 1245 ἀκάνθαις
828 1213 877 1245 τὰς

95 1261 180 1294 χεῖρας
194 1260 304 1296 γυμνὰς
324 1261 352 1286 ὲν
377 1261 524 1297 γεωργίαις
545 1261 698 1296 αἱμάσσων,
715 1259 877 1296 ἑμελέτησεν

94 1304 208 1340 ὀργάνων
220 1306 350 1341 βοήθειαν
360 1316 367 1322 ·
377 1307 587 1342 γεγυμνωμένος
601 1306 633 1342 θη
639 1305 756 1342 ρίοιςῖείς
768 1306 875 1342 βρῶμα,

95 1346 167 1385 εὖρεν
182 1351 213 1378 ὲκ
221 1351 308 1385 φόϐου
316 1352 423 1387 τέχνην,
432 1351 466 1378 τὰ
477 1352 610 1386 φοϐοῦντα
619 1350 763 1386 φοὸοὗσαν.
777 1351 876 1386 Ἀλλην

95 1395 121 1428 ἐξ
136 1395 214 1432 ἄλλης
237 1396 386 1431 ἐγέννησεν
409 1398 579 1434 ήγύμνωσις
604 1397 722 1428 σύνεσιν,
746 1397 783 1428 ὠς
806 1394 876 1424 εἶναι

96 1441 137 1467 καὶ
149 1441 196 1476 τὴν
208 1442 352 1477 γύμνωσιν
363 1442 447 1478 δῶρον
467 1443 512 1469 καὶ
524 1443 604 1478 χάριν
615 1443 788 1479 δεσποτικήν.
799 1443 874 1479 Γυμ-

95 1488 135 1519 νὸς
150 1486 193 1514 οὖν
206 1490 253 1516 καὶ
278 1490 294 1515 ὁ
315 1489 373 1515 Ἰὼϐ
390 1490 525 1522 καταστὰς
540 1490 698 1526 χρημάτων,
717 1490 875 1526 κτημάτων,

96 1534 237 1566 εὐτεκνίας,
253 1535 446 1567 πολυτεκνίας,
459 1536 506 1563 καὶ
523 1537 612 1563 πάντα
621 1538 650 1562 ὲν
667 1535 762 1571 βραχεί
773 1536 875 1563 ἀποϐα-

94 1578 152 1611 λὼν,
169 1580 216 1615 τὴν
231 1580 398 1616 εὐχάριστον
408 1581 509 1617 ταύτην
520 1582 610 1617 φωνὴν
627 1581 777 1616 ἐξεϐόησεν·
796 1583 875 1616 Γυμ-

96 1624 144 1657 νὺς
156 1625 287 1660 ἐξῆλθον
302 1627 336 1652 ἐκ
348 1626 468 1660 νηδύος,
481 1626 592 1661 γυμνὸς
605 1627 654 1653 καὶ
671 1627 875 1661 ἀπελεύσομαι

95 1669 159 1701 ἐκεῖ,
174 1671 240 1707 πρὸς
250 1671 320 1698 Θεὸν
336 1672 434 1708 δηλαδὴ
449 1673 495 1699 κα¹ι
507 1673 556 1708 τὴν
568 1673 707 1708 μακαρίαν
719 1671 794 1708 λῆξιν
805 1673 875 1699 ὲκεί-

97 1723 139 1750 νην
155 1717 199 1743 καὶ
215 1718 371 1744 ἀνάπαυσιν
377 1737 383 1744 .

940 249 1001 277 finis
1012 250 1168 276 memoriam
1183 254 1294 277 revocat
1315 250 1349 276 iis
1368 250 1413 284 qui
1424 255 1587 279 nascuntur.
1599 251 1656 280 Huc
1670 261 1728 288 per-

938 297 1006 323 tinet
1020 295 1085 323 editi
1097 296 1209 324 infantis
1225 296 1355 330 ejulatus.
1368 297 1449 325 flebili
1466 299 1545 333 quasi
1560 306 1637 332 voce,
1655 301 1726 335 apud

937 345 1051 368 matrem
1064 341 1239 369 lamentantis
1252 342 1324 369 :Cur
1335 351 1378 370 me
1390 343 1417 370 in
1433 344 1503 371 hanc
1516 345 1610 375 vitam.
1626 349 1725 379 mater,

936 388 1016 415 enixa
1031 395 1079 421 es,
1106 387 1134 414 in
1163 395 1217 422 qua
1243 388 1305 415 vita:
1327 390 1485 424 prorogatio
1506 390 1540 416 ad
1557 395 1671 418 mortem
1683 395 1727 419 est

937 433 1113 468 progressio?
1132 432 1188 460 Cur
1204 441 1246 460 me
1261 433 1288 460 in
1304 434 1451 460 multarum
1473 435 1615 462 turbarum
1638 444 1725 463 saccu-

938 478 992 505 lum
1009 478 1203 511 introduxisti,
1232 479 1260 506 in
1287 487 1341 514 quo
1363 480 1429 506 mihi
1452 484 1516 508 nato
1544 481 1636 509 fascia:
1660 487 1724 509 sunt

935 524 1066 552 exordia?
1080 524 1136 552 Cur
1149 525 1307 560 hujusmodl
1332 533 1375 553 me
1389 526 1452 553 vita:
1472 527 1611 560 addixisti,
1629 527 1656 554 iu
1670 537 1722 563 qua

935 575 962 598 et
977 571 1107 606 juventus
1123 571 1295 603 miseranda,
1320 575 1385 599 ante
1407 572 1514 599 senium
1537 574 1616 600 malis
1632 575 1723 601 attrita

934 621 962 644 et
977 617 1101 645 confecta
1114 638 1121 651 ,
1137 620 1163 644 et
1179 621 1317 650 senectus,
1327 621 1358 645 ut
1369 618 1495 651 exitiosa,
1507 618 1721 654 fugientla2For-

934 663 1076 696 midabile,
1091 671 1108 691 ο
1122 668 1220 695 mater,
1232 667 1259 691 et
1269 671 1352 699 grave
1366 667 1408 692 est
1422 665 1504 700 hujus
1515 666 1577 693 vitae
1591 667 1721 699 stadium,

934 709 1014 743 cujus
1033 713 1103 736 meta
1120 714 1161 737 est
1172 710 1341 737 currentium
1366 710 1503 740 interitus.
1528 711 1720 740 Calamitosam

933 755 994 782 vitae
1008 755 1080 782 viam
1105 755 1361 792 ambulamus,qu:e
1385 757 1551 792 sepulturam
1576 758 1656 785 habet
1671 766 1722 793 pro

932 800 1102 834 diversorio;
1117 801 1225 829 difficile
1234 806 1316 837 atque
1331 802 1460 830 infestum
1474 803 1534 830 vitae
1548 805 1659 838 pelagus
1671 812 1720 831 na-

932 846 1070 881 vigamus,
1093 847 1137 874 cui
1155 846 1279 874 infernus
1307 853 1436 883 tanquam
1458 848 1564 883 pirata,
1584 849 1718 877 imminet.

895 889 916 916 Β
932 891 1011 919 Solus
1022 900 1055 920 ex
1067 892 1194 920 omnibus
1209 893 1290 920 homo
1300 893 1392 921 nudus
1403 894 1533 928 gignitur,
1546 895 1621 922 nullo
1631 895 1720 922 velar-

931 946 1037 965 morum
1064 939 1106 966 vel
1129 939 1352 968 indumentorum
1380 945 1498 968 connato
1515 949 1612 976 genere
1625 946 1720 977 prote-

930 988 1010 1018 ctus;
1028 992 1082 1011 non
1093 985 1171 1017 ideo,
1187 985 1258 1019 quod
1275 982 1434 1014 sit‘czcteris
1449 988 1631 1016 animantibus
1650 989 1719 1016 infe-

929 1029 996 1062 rior,
1013 1029 1059 1057 sed
1075 1033 1104 1056 ut
1120 1030 1253 1058 nuditatis
1277 1035 1380 1058 nostra:
1394 1031 1590 1063 consideratio,
1607 1036 1633 1059 et
1645 1033 1717 1067 quod

929 1075 997 1102 nihil
1018 1076 1045 1102 in
1070 1076 1199 1102 mundum
1224 1076 1417 1109 invexcrimus,
1447 1077 1568 1105 studium
1589 1078 1617 1105 in
1639 1079 1718 1107 nobis

929 1125 1067 1156 procreet;
1090 1122 1210 1149 studium
1232 1129 1296 1149 vero
1321 1126 1348 1148 et
1372 1123 1528 1150 sollicitudo
1546 1124 1718 1159 prudentiam

927 1167 1038 1202 pandat,
1051 1166 1203 1194 socordiam
1216 1167 1310 1201 procul
1326 1168 1431 1203 ableget
1442 1188 1450 1200 ,
1467 1173 1540 1197 artes
1565 1170 1598 1197 ad
1627 1171 1717 1198 vitan-

927 1211 989 1238 dam
1002 1215 1149 1246 egestatem
1162 1212 1314 1240 intr‘oducat
1333 1218 1360 1240 et
1378 1214 1554 1242 artificiorum
1571 1215 1716 1244 diversita-

927 1261 968 1284 tes
981 1257 1137 1292 progignat.
1152 1257 1204 1290 Qui
1224 1258 1297 1285 enim
1312 1259 1402 1286 nudus
1416 1264 1467 1293 est,
1488 1260 1636 1295 indigentia
1652 1265 1714 1289 tan-

926 1311 1008 1338 quam
1025 1303 1135 1331 stimulo
1156 1304 1289 1338 impulsus
1301 1324 1309 1335 ,
1326 1305 1410 1331 multa
1428 1305 1531 1332 invenit
1547 1311 1573 1334 et
1595 1306 1715 1334 fabrica-

926 1352 988 1381 tur,
1004 1349 1140 1384 quomodo
1159 1350 1256 1384 pluvia:
1276 1349 1454 1382 declinandam,
1475 1352 1612 1386 quomodo
1627 1352 1714 1388 frigus

909 1395 1075 1430 ,prudenter
1106 1395 1273 1428 arcendum.
1305 1397 1443 1431 quomodo
1471 1397 1505 1424 ad
1541 1399 1714 1432 repellendos

925 1440 998 1468 ictus
1012 1441 1112 1467 muniri
1122 1444 1238 1476 oportet,
1254 1442 1391 1476 quomodo
1410 1445 1482 1469 terra
1498 1442 1609 1470 colenda
1622 1464 1629 1475 ,
1644 1450 1714 1478 quo-

926 1487 1007 1514 modo
1021 1486 1086 1514 feris
1110 1490 1198 1515 metus
1220 1487 1408 1520 incutiendus,
1428 1491 1455 1515 et
1477 1489 1613 1524 quomodo
1630 1490 1713 1517 robu-

926 1532 1010 1559 stiora
1036 1532 1164 1559 animalia
1193 1532 1329 1560 domanda
1345 1534 1410 1561 siut.
1425 1533 1606 1566 Quamobrem
1621 1536 1712 1570 pluvia

927 1577 1055 1613 perfusus
1083 1583 1154 1606 tecta
1186 1579 1353 1612 fabricavit;
1383 1579 1484 1615 frigore
1510 1581 1713 1608 vehementiore

927 1623 1054 1656 afﬂictus,
1070 1624 1228 1652 indumenta
1256 1625 1433 1660 excogitavit;
1454 1625 1524 1653 ictus
1541 1633 1573 1653 ac
1586 1626 1712 1653 vulnera-

927 1674 983 1701 tus,
995 1671 1263 1706 thoraeemiuvenit;
1279 1679 1340 1699 cum
1362 1680 1460 1700 manus
1477 1673 1502 1699 in
1518 1673 1712 1708 agricolatione

926 1721 1066 1752 occupatae
1081 1718 1166 1753 spinis
1188 1723 1412 1752 cruentarentur,
1428 1719 1592 1746 rusticorum
1607 1719 1711 1746 instru-

96 1766 238 1790 mentorum
255 1763 456 1791 adminiculum
472 1764 653 1799 excogitavit;
675 1763 766 1791 nudus
783 1766 812 1795 ἥ(
850 1762 986 1790 cxsisteus
997 1766 1023 1789 et
1039 1770 1102 1790 esca
1117 1763 1215 1791 belluis
1226 1784 1234 1797 ,
1251 1768 1336 1791 artem
1361 1767 1532 1792 commentus
1565 1768 1617 1797 est,
1651 1772 1712 1799 qua:

98 1805 307 1837 formidabilibus
321 1810 493 1838 formidinem
517 1811 663 1837 incuteret.
678 1810 766 1837 Aliam
782 1817 814 1837 ex
827 1810 879 1836 alia
899 1809 1040 1837 solertiam
1056 1809 1166 1836 nuditas
1176 1810 1286 1845 genuit,
1304 1814 1332 1836 ut
1343 1810 1399 1844 jam
1415 1810 1525 1838 nuditas
1541 1809 1642 1837 donum
1673 1810 1710 1837 sit

97 1851 206 1887 Domini,
221 1861 248 1883 et
261 1856 352 1891 gratia
378 1856 411 1884 ab
435 1857 481 1883 illo
496 1864 638 1884 concessa.
654 1855 780 1884 Nudatus
797 1856 880 1891 igitur
897 1855 949 1883 Job
960 1855 1057 1890 opibus
1068 1856 1137 1888 suis,
1153 1856 1386 1890 possessionibus,
1402 1855 1532 1891 praeclara
1559 1859 1585 1882 et
1613 1863 1710 1882 nume-

98 1907 151 1927 rosa
166 1902 275 1936 sobole,
292 1907 319 1930 et
336 1903 410 1931 brevi
423 1905 512 1938 spatio
528 1903 572 1931 his
587 1904 713 1931 omnibus
725 1903 868 1938 spoliatus,
890 1902 942 1929 hac
954 1903 1031 1936 plena
1046 1902 1114 1937 grati
1128 1902 1211 1928 animi
1222 1909 1286 1929 voce
1296 1902 1457 1942 exclamavit
1480 1911 1486 1928 :
1509 1901 1604 1929 Nudus
1623 1909 1709 1937 egres-

99 1953 136 1972 sus
147 1955 201 1974 sum
213 1957 245 1976 ex
268 1953 355 1982 utero,
371 1948 456 1976 nudus
473 1950 552 1976 etiam
570 1954 685 1976 revertar
701 1948 776 1980 illuc,
795 1947 924 1975 nimirum
936 1947 969 1974 ad
983 1947 1065 1975 Deum
1080 1951 1107 1974 et
1119 1947 1258 1975 beatorum
1274 1951 1376 1974 sortem
1390 1951 1417 1974 et
1431 1954 1561 1982 requtem.

859 2103 914 2132 Vl.

578 2173 632 2203 EX
646 2173 802 2204 NlCET/E
818 2173 975 2204 CATENA
993 2173 1031 2202 IN
1050 2171 1119 2202 JOB
1135 2168 1208 2209 (90).

755 2231 833 2267 (Cap.
858 2237 933 2262 xxiv,
958 2239 983 2257 ν.
1001 2230 1038 2263 7.)

127 2317 219 2354 Χρῆμα
238 2320 294 2346 τῶν
307 2319 393 2347 ἄλλων
408 2320 534 2347 ἁπάντων
547 2320 588 2347 ὃτι
603 2321 718 2356 μάλιστα
731 2321 865 2356 τιμαλφέ-

946 2320 1026 2356 373
1033 2320 1121 2347 Animi
1131 2319 1315 2355 tranquillitas
1323 2326 1413 2346 rerum
1420 2319 1541 2346 omnium
1551 2319 1629 2355 longe
1642 2328 1704 2355 pre-

99 2365 208 2400 amovi)
224 2365 368 2402 ἀταραξία·
381 2366 499 2392 τοιοῦτον
511 2367 577 2401 ἡμῖν
596 2366 610 2392 ὀ
623 2365 700 2400 λόγος
712 2367 866 2402 ὑπογράφει

98 2407 136 2434 τὸν
157 2411 283 2446 μακάριον
312 2411 382 2439 Ἰὼϐ.
403 2412 516 2447 Εἴρηται
537 2412 591 2448 γὰρ
612 2412 676 2447 περὶ
697 2411 789 2438 αὑτοῦ·
818 2412 866 2444 Τίς

100 2453 166 2488 ἀνὴρ
182 2456 280 2492 ὥσπερ
306 2457 374 2489 Ἰὼϐ,
391 2458 486 2484 πίνων
495 2458 704 2493 μυκτηρισμὸν
715 2458 755 2490 ὡς
768 2457 864 2491 ὕδωρ;

107 2500 279 2538 Άξιοζήλωτος
302 2504 355 2539 γὰρ
372 2503 489 2539 ἀληθῶς,
511 2503 558 2530 καὶ
572 2504 681 2536 παντὸς,
698 2503 784 2538 οἶμαι,
802 2502 867 2529 θαύ-

101 2555 172 2581 ματος
183 2550 262 2584 ἄξιος,
276 2552 300 2577 εἰ
313 2551 380 2586 πρὸς
395 2551 472 2577 τοῦτό
485 2559 527 2581 τις
538 2550 599 2585 ἥκει
615 2550 814 2586 μακροθυμίας,
827 2550 865 2582 ὡς

99 2593 201 2626 εὐκόλως
212 2596 338 2623 δύνασθαι
352 2596 467 2623 διαθλεῖν
482 2597 530 2632 τὴν
540 2598 572 2622 ὲκ
583 2596 629 2622 τοῦ
645 2596 863 2624 πλεονεκτεῖσθαι

99 2635 207 2673 δριμεῖαν
222 2642 337 2677 ἀληθῶς,
354 2634 449 2668 καὶᾜύ
464 2643 518 2673 τοῖς
532 2640 658 2676 τυχοῦσιν
681 2640 864 2683 εὐκατιξγώνι-

100 2690 152 2710 nov
162 2686 251 2722 λύπην.

131 2763 156 2792 υἱ(
167 2761 194 2790 Ρ.
209 2763 275 2792 1005
294 2764 347 2792 ED.
368 2763 515 2791 POTTER.

130 2837 178 2872 (90)
190 2838 241 2866 Alia
258 2840 339 2875 hujus
358 2845 385 2868 et
407 2840 585 2875 pnecedentis
604 2839 747 2875 fragmenti
767 2839 859 2875 versio

102 2877 176 2899 exstat
195 2883 218 2901 u-
238 2874 310 2903 Pauli
325 2874 451 2903 Comttoli
462 2875 564 2903 Catena
589 2878 614 2902 in
630 2874 739 2905 Jobum,
760 2874 805 2901 ubi
824 2874 858 2901 de

102 2909 229 2938 posteriori
241 2919 265 2946 p.
278 2911 326 2939 451
349 2910 487 2944 observat,
513 2911 762 2947 interpretationem
787 2910 858 2937 hanc

920 2368 1068 2395 tiosissima
1095 2371 1137 2394 est
1154 2376 1161 2394 :
1178 2367 1260 2393 talem
1286 2366 1365 2393 nobis
1387 2365 1431 2392 hic
1455 2369 1586 2393 tractatus
1605 2365 1703 2393 Jobum

916 2423 966 2449 pro
979 2414 1126 2449 exemplari
1146 2412 1291 2448 proponit;
1306 2412 1409 2439 dictum
1426 2412 1498 2439 enim
1521 2416 1564 2440 est
1592 2412 1625 2440 de
1647 2421 1701 2440 eo:

918 2461 982 2493 Quis
997 2461 1036 2487 vir
1047 2459 1144 2491 ut-Job,
1160 2459 1247 2486 bibens
1261 2458 1494 2486 subsannmionam
1508 2459 1576 2485 sicut
1587 2459 1704 2493 aquam?

917 2504 986 2532 Vere
997 2505 1078 2532 etiam
1092 2504 1263 2532 :emulatione
1273 2508 1299 2532 et
1311 2503 1386 2531 omni
1402 2503 1582 2530 admiratione
1602 2503 1702 2538 dignus

916 2551 1069 2579 censendus
1082 2554 1134 2582 est,
1151 2551 1172 2578 si
1193 2558 1225 2577 eo
1240 2550 1389 2577 tolerantia
1410 2549 1472 2584 quis
1489 2550 1654 2584 pervenerit,
1672 2554 1701 2577 ut

915 2603 977 2622 cum
993 2602 1118 2627 mterorc,
1138 2603 1169 2621 ex
1183 2595 1281 2628 injuria
1297 2594 1370 2621 illata
1387 2595 1476 2629 reipsa
1491 2595 1601 2626 acerbo,
1615 2597 1642 2621 et
1655 2593 1702 2628 qui

916 2641 1003 2668 obviis
1017 2641 1169 2675 quibusque
1187 2640 1267 2668 rebus
1277 2640 1427 2675 expugnari
1445 2647 1499 2667 non
1514 2644 1612 2675 potest,
1622 2639 1702 2667 facile

917 2691 1022 2713 certare
1039 2686 1136 2713 valeat.

912 2839 1060 2868 Clementis
1078 2839 1190 2867 totidem
1208 2839 1299 2867 verbis
1321 2844 1479 2875 usurpatam
1495 2847 1555 2867 esse
1567 2847 1579 2866 a
1596 2839 1699 2875 Cyrillo

912 2875 1001 2911 Δίρκη
1018 2877 1067 2903 sub
1078 2876 1157 2911 cujus
1173 2877 1283 2902 nomine
1298 2874 1536 2903 exstat'iuCatcua
1550 2874 1659 2902 Νἰυυιειι.
