1927 3074
243 109 293 138 τις

795 110 992 140 CLEMENTIS
1011 111 1244 140 ALEXANDRINI
1809 113 1849 144 7i,

1044 181 1111 211 ΥΠ.

694 231 750 260 EX
764 230 920 261 ΝΙΟΕΤᾸΞ
930 230 1088 261 CATENA
1098 232 1138 261 IN
1150 231 1402 262 MATTHIEUM.

926 281 1004 315 (Cap.
1019 289 1045 312 ν,
1057 289 1082 308 v.
1097 281 1155 316 4‘2.)

277 325 459 363 Eleemosyna:
475 326 613 358 faciendae,
628 331 655 353 at
667 333 730 354 cum
741 326 858 361 judicio,
873 330 900 354 et
922 327 957 354 iis
975 328 1022 362 qui

1109 328 1238 363 Ποιητέον
1263 328 1456 363 ἐλεημοσύνας,
1481 329 1548 356 ἀλλὰ
1575 329 1643 365 μετὰ
1664 329 1792 365 κρίσεως,
1813 332 1850 357 καὶ

239 372 314 407 digni
328 377 400 404 sunt,
417 376 445 399 ut
465 373 670 400 retributionem
692 373 863 400 inveniamus
877 372 1020 400 Altissimi.

240 418 286 446 Vte
301 422 389 445 autem
408 418 585 450 habentibus,
602 424 630 446 et
650 417 787 453 hypocrisi
813 417 1021 452 accipientibus,

239 468 286 491 aut
302 472 362 492 sese
384 465 458 499 ipsos
481 464 576 499 juvare
595 465 759 496 valentibus,
775 468 802 490 et
816 464 850 491 ab
869 464 930 491 aliis
946 464 1024 490 auxi-

238 511 303 538 lium
324 511 496 538 emendicare
527 510 692 538 volentibus.
716 510 768 543 Qui
787 511 859 537 enim
885 509 1022 541 habuerit,

238 564 269 583 ac
284 564 332 591 per
345 556 510 592 hypocrisim
521 560 568 584 aut
578 556 712 584 desidiam
725 555 873 591 acceperit,
893 555 1023 582 condem-

237 603 358 630 nabitur.

1074 376 1130 405 τοῖς
1140 374 1234 406 ἀξίοις,
1252 375 1295 400 ἴνα
1310 374 1433 410 εὕρωμεν
1447 375 1620 411 ἀνταπόδομα
1636 376 1713 412 παρὰ
1724 377 1771 402 τοῦ
1785 377 1850 411 ’Υψμ

1076 429 1149 446 στου.
1166 421 1233 447 Οὐαὶ
1251 420 1280 446 δὲ
1295 422 1351 451 τοῖς
1373 419 1473 455 ἔχουσι,
1495 421 1542 448 καὶ
1555 422 1583 447 ὲν
1599 422 1743 457 ὑποκρίσει
1759 422 1850 457 λαμϐά-

1076 474 1176 497 νουσιν,
1193 465 1208 501 ἢ
1223 465 1380 501 δυναμένοις
1398 466 1504 502 βοηθεῖν
1521 467 1636 498 ἑαυτοῖς,
1653 468 1700 494 καὶ
1714 467 1851 503 λαμϐάνειν

1077 512 1141 547 παρ’
1153 511 1254 547 ἐτέρων
1270 511 1456 547 βουλομένοιςῑ
1472 513 1486 539 ὁ
1498 513 1550 548 γὰρ
1560 513 1629 548 ἔχων
1642 514 1690 540 καὶ
1703 514 1737 540 δι’
1750 515 1850 550 ὑπόκρι-

1077 567 1118 585 σιν
1133 559 1149 595 ῆ
1162 558 1258 594 ἀργίαν
1275 558 1420 594 λαμϐάνων
1435 559 1677 595 κατακριθήσεται.

774 673 803 702 ᾖ
819 670 861 697 Ex
874 670 965 698 eadem
982 671 1008 697 in
1023 677 1080 703 cap.
1096 677 1157 702 xm,
1176 678 1202 696 ν.
1217 669 1309 701 51,53.

269 727 483 756 Annuntiativus
497 729 574 764 regni
588 729 719 756 caelorum
735 736 825 756 sermo
839 736 902 756 acer
912 728 1020 763 quidem

236 783 267 802 ac
282 775 404 807 mordax,
417 775 644 810 quemadmodum
660 775 760 809 sinapi,
782 782 814 801 ac
829 775 965 802 choleram
982 774 1023 802 di-

235 829 343 857 gerens,
354 822 381 848 id
396 826 437 848 est
456 821 640 855 iracundiam;
659 825 686 848 et
707 821 832 856 phlegma
847 821 979 852 incidens,
995 820 1022 847 id

235 871 277 894 est
301 867 466 902 superbiam,
492 874 525 894 ex
551 874 606 902 quo
625 874 751 894 sermone
772 873 835 893 vera
856 866 954 893 animae
978 874 1024 893 sa-

235 913 319 944 nitas,
344 920 376 938 ac
403 917 564 947 perpetuum
589 916 832 948 temperamentum
860 911 957 938 oritur.
981 911 1022 938 Ad

1116 727 1144 754 '0
1160 727 1209 762 τῆς
1217 727 1269 753 τῶν
1280 727 1399 762 οὐρανῶν
1413 726 1549 762 βασιλείας
1560 727 1774 761 καταγγελτικὸς
1784 727 1850 761 λόγος

1073 773 1171 809 δριμὺς
1187 774 1234 808 μὲν
1248 773 1305 799 ἐστι
1318 773 1365 800 καὶ
1377 773 1513 809 δηκτικὸς,
1527 773 1652 808 καθάπερ
1660 773 1690 799 τὺ
1701 773 1801 806 civem,
1813 774 1850 799 καὶ

1073 819 1124 854 τῆς
1150 819 1231 854 χολῆς
1251 819 1385 854 βιωτικὸς,
1414 819 1536 846 τουτέστι
1562 819 1607 846 τοῦ
1633 819 1730 854 Θυμοῦ,
1754 819 1849 846 καὶτοῦ
1906 821 1907 824 “

1074 865 1227 901 φλέγματος
1257 865 1440 897 διακοπτικὸς,
1466 866 1588 893 τουτέστι
1608 865 1657 892 τοῦ
1670 866 1767 900 τύφου,
1786 865 1814 898 ἐξ
1825 863 1849 892 οὗ

1073 910 1151 944 λόγου
1171 911 1187 946 ἡ
1206 909 1308 945 ἀληθὴς
1329 909 1378 944 τῆς
1401 910 1488 946 ψυχῆς
1504 911 1602 945 ὑγίεια,
1621 911 1668 938 καὶ
1683 911 1700 946 ή
1717 912 1801 942 ἀΐδιος
1814 912 1850 937 εὖ·

235 961 342 984 tantum
358 962 447 985 autem
463 958 659 985 incrementum
677 952 787 993 germen
809 957 943 985 sermonis
961 964 1020 992 per-

1075 954 1175 990 κρασία
1197 955 1373 990 περιγίνεται.
1395 955 1441 987 Et;
1457 955 1589 991 τοσαύτην
1613 955 1642 982 δὲ
1664 955 1751 991 αὔξην
1774 956 1849 991 insui]

236 1003 319 1033 venit.
335 1007 364 1030 ut
382 1007 444 1030 nata
464 1011 497 1031 ex
513 1011 545 1031 eo
563 1003 644 1030 arbor
674 1003 710 1031 sit
728 1012 734 1030 :
760 1011 820 1038 qua:
844 1003 938 1038 utique
961 1011 1022 1031 esse

236 1050 323 1084 possit
339 1049 439 1083 ubique
456 1054 589 1076 terrarum
613 1049 732 1077 stabilita
756 1049 858 1077 Christi
888 1049 1019 1080 Ecclesia,

235 1098 265 1120 ut
277 1095 367 1122 omnia
389 1095 499 1130 impleat
513 1095 563 1126 sic,
581 1098 610 1121 ut
637 1095 664 1121 in
681 1095 765 1123 ramis
790 1096 850 1130 eius
869 1095 1020 1122 inhabitth

235 1140 361 1168 volucres
380 1141 460 1173 cmli,
490 1140 578 1175 angeli
607 1140 733 1168 videlicet
760 1140 808 1168 Dei
833 1148 865 1168 ac
889 1140 1020 1168 sublimes

235 1191 341 1212 DlllﬂlK}.

1074 1001 1121 1027 τοῦ
1137 1001 1216 1036 λόγου
1236 1002 1380 1037 προῆλθεν,
1399 1001 1436 1033 ὡς
1458 1000 1489 1028 τὸ
1510 1003 1540 1036 ὲξ
1563 1001 1643 1029 αὑτοῦ
1665 1003 1731 1036 φύον
1754 1003 1849 1038 δένδρον

1074 1046 1162 1082 (τοῦτο
1174 1047 1196 1073 δ’
1214 1047 1246 1074 ἂν
1262 1047 1304 1083 εἴη
1321 1048 1337 1082 ὴ
1356 1047 1492 1083 πανταχοῦ
1510 1048 1561 1083 γῆς
1587 1049 1716 1084 ἱδρυμένη
1731 1048 1779 1074 τοῦ
1793 1049 1849 1084 Χρι·

1074 1093 1137 1120 στοῦ
1161 1093 1317 1128 Ἐκκληαία)
1341 1094 1376 1120 τὰ
1395 1095 1484 1121 πάντα
1505 1094 1656 1130 πληρῶσαι,
1673 1094 1744 1121 ὥστε
1757 1096 1786 1122 ἐν
1803 1096 1849 1125 τοῖς

1073 1138 1180 1170 κλάνδοις
1195 1139 1279 1174 αὐτῆς
1293 1139 1543 1174 κατασκηνῶσαιτὰ
1557 1140 1665 1166 πετεινὰ
1672 1139 1720 1166 τοῦ
1734 1139 1848 1175 οὐρανοῦ,

1072 1184 1204 1218 ἀγγέλους
1219 1184 1317 1220 δηλαδὴ
1332 1184 1419 1216 θείους
1429 1185 1475 1212 καὶ
1490 1185 1641 1221 μετεώρους
1653 1186 1742 1221 ψυχάς
1756 1186 1809 1221 (91)

838 1240 880 1268 Ea:
893 1240 984 1268 eadem
998 1240 1025 1266 in
1039 1247 1098 1274 cup.
1116 1247 1164 1271 m,
1178 1247 1203 1266 ν.
1219 1239 1264 1266 46.

269 1297 414 1332 Margarita
433 1299 564 1325 cstetiam
585 1297 719 1333 pellucida
735 1301 761 1325 et
779 1297 958 1324 mundissima
976 1294 1021 1323 Je-

233 1352 291 1375 sus,
308 1351 387 1376 quem
402 1351 434 1370 ex
447 1343 540 1371 divino
557 1343 660 1377 fulgore
675 1343 757 1378 Virgo
770 1345 911 1378 concepit:
926 1349 1022 1377 quem-

233 1390 380 1417 admodum
400 1390 471 1417 enim
498 1390 648 1424 margarita
664 1391 692 1416 in
707 1397 790 1416 carne
813 1393 840 1416 et
854 1388 970 1419 concha,
987 1395 1020 1414 ac

233 1435 338 1470 liquore
346 1434 482 1462 exsistens
497 1442 597 1469 corpus
611 1435 718 1462 videtur
729 1442 790 1462 esse
807 1434 924 1461 lucidum
937 1441 969 1461 ac
985 1433 1018 1460 li-

236 1486 358 1515 qutcum,
375 1479 445 1507 lucis
459 1487 491 1506 ac
506 1480 620 1515 spiritus
632 1479 751 1514 plenum,
764 1479 801 1505 ita
812 1479 1018 1506 etincarnatum

235 1523 307 1553 Deus
326 1525 438 1552 verbum
452 1525 497 1552 lux
512 1529 554 1553 est
571 1525 721 1560 spiritualis
739 1533 786 1560 per
802 1525 922 1552 lucidum
937 1531 969 1552 ac
984 1524 1018 1551 li-

233 1571 348 1606 quidum
363 1578 463 1606 corpus
483 1570 600 1606 fulgens.

1107 1295 1184 1321 Ἕστι
1199 1295 1370 1331 μαργαρίτης
1383 1295 1430 1322 καὶ
1444 1296 1458 1321 ὁ
1472 1295 1584 1331 διαυγὴς
1600 1294 1647 1322 καὶ
1664 1294 1847 1332 καθαρώτατος

1076 1339 1187 1377 Ἰησοῦς,
1204 1342 1232 1368 ὃν
1248 1341 1277 1374 ἐξ
1295 1342 1437 1378 ἀστραπῆς
1450 1342 1498 1377 τῆς
1513 1341 1613 1378 θεὶαςή
1627 1342 1765 1378 Παρθένος
1780 1343 1846 1377 ὲγέν-

1067 1396 1156 1423 νησεν.
1188 1389 1291 1425 ’Ὠσπερ
1313 1389 1366 1425 γὰρ
1387 1389 1402 1414 ό
1432 1389 1612 1424 μαργαρίτης,
1638 1389 1667 1415 ὲν
1695 1390 1778 1425 σαρκὶ
1807 1390 1845 1416 ul

1067 1434 1182 1469 ὀστρείῳ
1197 1434 1244 1460 καὶ
1258 1436 1285 1461 ὲν
1304 1435 1396 1471 ὑγροῖς
1408 1435 1562 1470 γενόμενος,
1586 1434 1667 1470 σῶμα
1682 1435 1771 1462 ἔοικεν
1785 1434 1845 1462 εἶνςι

1070 1478 1153 1515 ὑγρὸν
1169 1481 1216 1506 καὶ
1229 1480 1334 1512 διειδὲς,
1348 1480 1434 1515 φωτὸς
1445 1480 1492 1507 καὶ
1509 1479 1662 1515 πνεύματος
1674 1480 1772 1516 γέμον,
1785 1480 1846 1507 οὓτω

1071 1526 1119 1553 καὶ
1149 1527 1163 1553 ὁ
1185 1527 1335 1562 σαρκωθεὶς
1350 1527 1416 1558 Θεὸς
1435 1527 1523 1561 λόγος,
1540 1527 1597 1561 φῶς
1614 1528 1672 1553 ἐστι
1691 1527 1792 1564 νοερὸν,
1807 1526 1848 1556 διὲ

1071 1572 1159 1606 φωτὸς
1174 1573 1221 1600 καὶ
1238 1573 1320 1608 ὑγροῦ
1340 1573 1480 1609 ἐκλάμψας
1496 1572 1621 1609 σώματος
1634 1573 1700 1609 (92).

1039 1639 1075 1648 ...ι

1011 1697 1095 1728 Vlll.

596 1760 647 1789 EX
666 1759 822 1790 CATENA
835 1759 875 1789 IN
891 1759 923 1789 S.
947 1759 1082 1790 LUCAM
1096 1760 1120 1789 Α
1139 1759 1344 1790 CORDERIO
1361 1759 1495 1790 EDITA.

272 1831 335 1858 Car.
361 1838 402 1862 ut.
423 1839 448 1858 ν.
476 1830 522 1858 ‘22.
544 1830 602 1858 Non
625 1831 669 1859 hic
694 1831 823 1864 hominis,
839 1832 885 1859 sed
914 1831 1015 1858 colum-
1032 1833 1053 1861 ϐ
1068 1839 1120 1867 que
1134 1836 1316 1859 consentanea
1328 1833 1370 1859 via
1385 1840 1445 1867 quae
1460 1839 1508 1866 per
1523 1831 1578 1859 iota
1599 1831 1661 1859 Iesu
1686 1832 1846 1864 insinuatur,

231 1875 270 1902 ιω
281 1876 480 1903 similitudinem
496 1877 568 1904 Deus
578 1878 738 1912 assumpsit;
749 1878 812 1912 quia
826 1877 933 1905 volebat
946 1885 1015 1904 nova

230 1922 348 1956 quadam
366 1923 535 1957 apparitione
549 1922 666 1957 Spiritus
686 1931 733 1958 per
746 1923 878 1950 columba:
889 1923 1016 1950 similitu—

229 1967 333 1999 dinem,
353 1968 556 2003 simplicitatem
569 1975 601 1995 ac
614 1969 850 1996 mansuetudinem
865 1969 1013 1996 declarare.

265 2014 328 2040 (In.
342 2022 396 2045 xvr.
413 2022 438 2042 ν.
463 2015 503 2041 l7.
524 2014 605 2041 Forte
621 2018 710 2041 autent
726 2023 773 2050 per
787 2015 842 2041 iota
854 2018 882 2042 et
896 2022 944 2049 per
957 2015 1015 2048 api-

230 2059 401 2094 cemjustitia
418 2060 477 2094 ejus
488 2061 598 2091 clamat,
616 2060 638 2087 si
656 2061 719 2087 recti
737 2060 771 2086 ad
785 2068 825 2087 me
839 2060 971 2091 veneritis.
988 2064 1013 2086 el

228 2113 273 2141 ego
291 2112 362 2134 recta
378 2107 412 2134 ad
424 2116 465 2135 vos
482 2109 602 2140 veniam;
618 2109 658 2135 sin
673 2108 780 2143 obliqui,
795 2113 821 2136 et
835 2117 880 2143 ego
895 2108 1008 2142 oblique,

228 2152 292 2178 dicit
306 2152 432 2180 Dominus
452 2154 619 2184 virtutum‘;
645 2154 787 2180 insinuans
810 2154 964 2188 implicatas
983 2157 1010 2180 et

228 2198 352 2233 obliquas
367 2205 539 2234 peccatorum
561 2208 622 2228 csse
639 2201 706 2228 vias.
728 2199 795 2226 Nam
814 2205 886 2227 recta
898 2205 1014 2227 natum-

1068 1882 1109 1905 est
1130 1878 1189 1913 ipsa
1210 1879 1269 1913 ejus
1293 1878 1481 1914 bonitas,quae
1496 1878 1588 1906 ﬁdeles
1609 1886 1642 1906 ex
1668 1879 1773 1911 auditu.
1793 1880 1847 1906 sine

1068 1924 1245 1959 cespitatione
1259 1929 1417 1952 constanter
1434 1924 1538 1960 dirigit.
1556 1923 1619 1951 Non
1642 1925 1732 1960 itaque
1743 1929 1847 1959 praeter‘

1067 1970 1114 1996 ibit
1127 1979 1142 1996 α
1158 1970 1210 2005 lege
1227 1971 1282 1997 iota
1299 1979 1379 1997 unum
1393 1977 1440 1998 aut
1457 1978 1526 1998 unus
1539 1979 1614 2005 apex,
1627 1971 1680 1998 hoc
1692 1976 1745 2003 est,
1765 1979 1847 2006 neque

1067 2023 1082 2042 a
1098 2016 1180 2043 rectis
1193 2020 1220 2043 et
1239 2017 1332 2051 probis
1347 2020 1446 2044 mutua).
1457 2017 1701 2052 repromissiones:
1719 2025 1805 2052 neque
1816 2017 1848 2043 ab

1065 2061 1183 2097 obliquis
1193 2065 1219 2089 et
1231 2062 1351 2098 iniustis,
1367 2070 1427 2097 quae
1441 2063 1496 2090 illis
1512 2063 1686 2090 interminata
1702 2066 1744 2090 est
1759 2069 1844 2097 pcena.

1063 2106 1197 2142 Benefocit
1211 2109 1280 2134 enim
1301 2108 1426 2135 Dominus
1442 2108 1525 2140 bonis.
1541 2108 1702 2136 declinantes
1719 2115 1804 2136 autent
1819 2110 1844 2135 in

1064 2152 1237 2187 obligatione:
1254 2153 1364 2181 adducet
1385 2154 1512 2181 Dominus
1534 2162 1593 2181 cum
1610 2155 1779 2188 operantibus
1797 2154 1845 2180 ἰιιίι

1066 2198 1192 2230 quitatem
1212 2199 1237 2225 b.

1000 2342 1059 2373 IX.

910 2401 1158 2433 FRAGMENTA

560 2453 605 2480 EX
623 2452 796 2480 CLEMENTI
801 2451 820 2480 S
838 2452 1030 2480 ALEXAND!“

1092 2452 1203 2481 LIBRlS
1232 2455 1279 2481 ΥΠ
1281 2456 1301 2480 0
1306 2452 1510 2481 ΤΥΠΩΣΕΩΝ.

1024 2512 1058 2520 ..ι-

669 2543 710 2570 Ea:
728 2543 773 2570 lib.
787 2542 833 2571 Ill.
847 2557 882 2562 —-
896 2543 945 2578 Ap.
963 2543 1075 2571 (Eoum.
1091 2544 1117 2570 in
1140 2542 1154 2569 I
1170 2543 1203 2569 ad
1218 2541 1293 2573 Cor.,
1310 2550 1349 2574 XI,
1366 2542 1410 2569 iO.

263 2598 374 2634 Propter
388 2600 502 2635 angelos.
531 2601 649 2637 Angelos
664 2602 730 2629 dicit
748 2603 838 2637 justos
856 2610 888 2629 ac
904 2603 1006 2636 probos
1022 2606 1030 2633 1

1093 2602 1144 2629 Διὰ
1158 2601 1229 2634 τοὺς
1243 2601 1399 2636 ἀγγέλους.
1418 2599 1561 2634 ’Δγγέλους
1576 2598 1643 2634 φησὶ
1653 2598 1717 2630 τοὺς
1725 2597 1843 2628 (Simian;

223 2646 310 2673 viros.
324 2644 467 2680 Oper-iatur
483 2653 557 2682 ergo,
574 2655 608 2674 ne
631 2647 665 2674 ad
687 2651 812 2682 stuprum
836 2648 876 2675 eis
890 2647 1006 2676 offendi-

1057 2648 1105 2674 καὶ
1117 2647 1270 2683 ἐναρέτους.
1282 2645 1538 2673 Κατακαλυπτέσθω
1550 2642 1607 2676 οὖν,
1617 2643 1662 2670 ἵνα
1676 2642 1714 2680 μὴ
1727 2643 1765 2675 εἰς
1778 2650 1842 2679 πορ-

262 2724 292 2753 ᾖ(
313 2721 344 2749 Ρ.
364 2722 433 2752 1004
452 2722 504 2750 ED.
525 2722 675 2750 POTTER.
712 2730 725 2744 ι
744 2723 817 2752 Psal.
836 2732 904 2757 xv”,
918 2724 963 2751 27.
1002 2724 1017 2745 ι’

1074 2725 1109 2752 al.
1129 2732 1219 2758 cntv,
1239 2724 1264 2752 5.

259 2800 313 2834 (92)
330 2799 424 2837 Simile
442 2801 506 2835 quid
521 2801 548 2828 in
562 2800 810 2829 codemClementis
826 2800 931 2837 Ρωάασ.
948 2800 996 2830 lib.

224 2841 254 2867 Il,
268 2844 328 2870 cap.
345 2835 387 2870 i2,
405 2837 524 2871 reperias

1086 2801 1140 2836 (9|)
1157 2801 1204 2829 llis
1228 2800 1430 2836 quodammodo
1449 2798 1636 2836 respondent,
1651 2805 1712 2835 quae
1737 2798 1763 2826 in
1782 2797 1840 2826 Cte-

1054 2835 1152 2865 mentis
1167 2835 1255 2864 nostri
1270 2835 1378 2871 Predag.
1393 2836 1441 2864 lib.
1458 2843 1478 2870 ι,
1493 2843 1553 2871 cap.
1570 2835 1614 2868 il,
1631 2835 1766 2871 leguntur.
