1927 3074
104 187 148 214 Ἱκίὲ
755 183 976 211 FRAGMENTA.

1653 175 1703 213 iui

101 248 165 273 νεῖαν
196 246 289 277 αὐτοὺς
317 244 490 281 σκανδαλίσῃσ
519 244 543 270 oi
571 244 625 279 γὰρ
652 244 735 275 ὅντως
765 244 812 270 καὶ
838 245 867 270 ὲν
882 253 905 281 Α

933 244 999 270 ηυιυε
1019 251 1081 270 nam
1091 247 1118 270 et
1131 243 1177 278 qui
1194 250 1255 270 vere
1271 243 1299 270 in
1319 243 1396 271 caelis
1408 248 1472 271 sunt
1487 245 1587 279 angeli,
1617 245 1704 280 ipsaul

100 293 210 327 οὐρανοῖς
223 291 328 324 ἄγγελοι
349 291 396 317 καὶ
416 290 698 326 κατακεκαλυμμένην
711 290 795 325 αὐτὴν
808 290 867 325 βλέ-

101 346 194 364 πουσιν.

920 291 982 317 licet
998 294 1098 317 tectam
1112 290 1263 317 intuentur.

529 394 572 421 Ea:
588 394 635 422 lib.
648 394 693 421 IV.
705 394 798 428 —Ap.
814 392 934 420 eumdem
958 392 984 418 in
998 390 1028 417 11
1042 390 1075 417 ad
1091 390 1152 417 Cor.
1167 398 1193 416 v.
1211 389 1256 416 16.

130 451 161 478 El
184 450 216 478 δὲ
232 451 290 478 καὶ
313 449 482 486 ἐγνώκαμεν
505 451 581 478 κατὰ
605 451 705 485 σάρκα
729 451 865 485 Χριστόν.

102 497 193 532 Ὠσπερ
207 496 282 532 ἡμῶν
299 497 330 523 τὸ
344 496 414 523 κατὰ
433 496 522 532 σάρκα
538 497 597 523 ἐστὶ
615 497 646 523 τὺ
660 497 688 523 ὲν
708 496 867 532 ἁμαρτίαις,

100 541 180 568 καὶτὸ
193 540 243 574 ἔξω
252 540 354 568 τούτων
366 542 396 567 οὐ
410 540 480 568 κατὰ
494 540 592 577 σάρκα·
604 540 675 568 οὕτω
689 541 736 567 καὶ
748 539 796 567 τοῦ
807 540 870 576 Χρι-

100 587 154 614 στοῦ
164 587 192 613 τὺ
200 586 268 614 κατὰ
288 587 378 623 σάρκα
390 586 422 613 τὸ
444 585 529 614 εἴκειν
545 588 602 618 τοῖς
619 587 742 621 φυσικοῖς
758 585 868 618 πάθεσι,

100 633 125 659 τὸ
138 632 171 668 μὴ
183 632 266 659 εἴκειν
283 632 312 659 δὲ
333 633 364 659 οὐ
381 631 452 660 κατὰ
467 632 565 668 σάρκα·
581 632 638 660 ἀλλ’
656 632 760 668 ὥσπερ,
776 633 868 668 φησὶν,

100 679 188 711 ἐκεῖνος
199 678 351 714 ἀπηλλάγη,
366 679 438 706 οὕτω
448 678 495 705 καὶ
507 678 596 714 ἡμεῖς.

957 446 1042 473 Porro
1070 447 1150 473 etiam
1175 446 1197 472 si
1225 445 1392 480 cognovimus
1411 445 1547 473 Christum
1564 445 1707 474 se‘cuiiduni

921 501 1037 520 carnem.
1050 492 1283 526 Quemadmodum
1295 491 1366 527 apud
1377 499 1428 520 nos
1439 492 1589 520 secundum
1596 498 1707 521 carnem

923 546 995 569 esse.
1009 538 1110 565 dicitur
1128 545 1190 565 esse
1209 537 1238 563 in
1257 538 1393 571 peccatis;
1409 542 1436 566 et
1453 539 1513 567 sine
1525 539 1569 567 his
1582 546 1655 572 esse,
1666 539 1708 566 di-

920 582 992 610 citur
1004 590 1065 610 esse
1078 590 1133 609 non
1149 583 1300 611 secundum
1317 591 1428 611 carnem
1445 594 1451 611 :
1467 584 1504 611 ita
1517 592 1626 620 quoque
1636 582 1708 620 apud

920 627 1061 656 Christum
1076 628 1226 655 secundum
1245 636 1356 657 carnem
1367 637 1428 657 esse
1441 630 1552 663 dicitur,
1576 630 1710 657 naturali-

920 674 972 701 bus
986 673 1085 708 subjici
1101 672 1307 708 alfectionibus;
1322 682 1378 702 non
1390 675 1489 710 subjici
1499 683 1646 708 vero,esse
1653 684 1708 703 non

922 718 1074 747 secundum
1093 726 1214 747 carnem.
1234 719 1288 747 Sed
1296 720 1524 755 quemadmodum
1541 721 1597 755 ille,
1608 721 1709 757 inquit;

924 766 1056 794 liberatus
1066 771 1121 800 est,
1139 767 1180 794 sic
1190 771 1218 795 et
1229 775 1290 796 nos.

520 816 563 843 Ea;
574 816 620 844 lib.
632 816 677 844 IV.
690 832 726 837 —
736 817 787 851 Ap.
806 817 925 846 eumdem
936 819 963 846 in
976 819 1009 846 11
1025 820 1060 847 ad
1072 819 1136 848 Cor.
1149 828 1187 852 v1,
1205 820 1248 848 II.

133 869 160 902 Ἡ
173 874 274 909 καρδία
288 873 373 909 ήμῶν
390 873 605 902 πεπλάτυνται.
622 874 669 906 Εἰς
682 874 713 901 τὸ
732 874 821 902 πάντα
835 875 873 901 δι-
888 880 908 908 Β

959 877 1013 905 Cor
1027 881 1147 905 nostrum
1158 877 1302 905 dilatatam
1312 884 1361 906 est.
1378 878 1412 906 Ut
1428 887 1476 907 vos
1489 880 1582 908 omnia
1599 881 1711 909 docere-

100 920 168 954 δάξαι
182 921 260 956 ὑμᾶς.
281 919 377 956 Ὑμεῖς
391 919 420 947 δέ
443 919 652 956 στενοχωρεῖσθε
664 920 693 947 ἐν
705 921 762 952 τοῖς
776 920 876 955 σπλάγ-

99 977 162 1003 χνοις
174 968 257 1004 ὑμῶν,
280 967 429 1000 τουτέστιν,
445 969 474 995 ἐν
492 969 526 1004 τῇ
551 968 621 1004 πρὸς
645 967 712 995 Θεὸν
723 968 830 1006 ἀγάπῃ,
855 966 874 1006 ᾖ

100 1014 196 1049 ἀγαπᾷν
213 1022 245 1041 με
259 1012 390 1048 ὀφείλετε.

927 931 1010 958 mus;
1032 923 1080 952 sed
1102 931 1152 951 vos
1174 925 1283 960 angusti
1305 925 1372 952 estis
1394 925 1422 952 in
1435 926 1586 954 visceribus
1602 928 1709 958 vestris;

927 969 979 996 hoc
993 973 1046 1002 est,
1061 969 1090 996 in
1103 969 1248 998 dilectione
1269 978 1335 1006 erga
1357 970 1454 1004 Deum,
1468 979 1522 1007 qua
1541 980 1584 1000 me
1598 973 1710 1009 diligere

926 1014 1043 1043 debetis.

479 1073 509 1102 Β
526 1069 569 1098 Ea:
583 1070 631 1098 lib.
650 1070 682 1098 V.
701 1086 736 1091 —
749 1071 799 1106 Ap.
810 1071 930 1099 eumdem
946 1071 974 1098 in
985 1070 1036 1106 Ep.
1053 1071 1090 1098 ad
1104 1070 1226 1105 Galatas,
1241 1079 1267 1104 ν,
1282 1071 1327 1099 24.

130 1132 158 1157 Ol
169 1130 201 1158 δὲ
211 1131 264 1159 τοῦ
278 1130 411 1166 Χριστοῦ
424 1130 482 1167 τὴν
497 1129 606 1164 σάρκα.
626 1131 682 1158 Καὶ
695 1131 721 1157 τί
732 1130 812 1165 λέγω,
824 1139 876 1166 φη-

100 1176 144 1209 σὶν,
163 1176 189 1203 ἒν
206 1177 265 1204 καθ’
279 1176 311 1204 ἓν
330 1177 431 1213 ἀρετῆς
447 1174 532 1209 εἶδοςς
548 1176 602 1202 εἰσὶ
615 1175 670 1213 γάρ
684 1184 756 1209 τινες
778 1177 802 1204 οἶ
828 1177 874 1204 καὶ

99 1222 258 1259 ἐσταύρωσαν
267 1223 393 1254 ἑαυτοὺς,
402 1223 464 1249 ὅσον
475 1221 542 1257 πρὸς
553 1221 586 1248 τὰ
598 1222 682 1257 πάθη,
693 1222 741 1250 καὶ
752 1222 786 1249 τὰ
799 1222 872 1258 πάθη

99 1268 151 1296 ὅσον
168 1269 232 1305 πρὸς
251 1268 376 1300 ἑαυτούς.
395 1267 473 1295 Κατὰ
494 1268 596 1303 ταύτην
617 1268 665 1303 τὴν
682 1268 829 1304 ἑρμηνείαν
843 1269 872 1294 οὺ

100 1315 248 1350 παρέλκεται
260 1315 290 1342 τὺ
303 1315 347 1343 δέ,
360 1316 392 1341 Οὶ
406 1310 440 1340 δὲ
455 1314 509 1341 τοῦ
524 1314 665 1348 Χριστοῦ,
675 1314 809 1346 τουτέστι,
821 1313 874 1341 τεί-

100 1361 230 1397 νοντες,τὴν
240 1361 346 1389 ἑαυτῶν
361 1360 450 1396 σάρκα
464 1360 648 1397 ἐσταύρωσαν.

964 1129 1001 1157 Hi
1016 1135 1105 1158 autem
1122 1130 1221 1158 Christi
1236 1137 1351 1158 carnem.
1372 1129 1405 1158 Et
1415 1131 1480 1166 quid
1491 1131 1660 1167 singulatim,
1672 1133 1699 1160 in'
1713 1150 1716 1153 -

926 1177 996 1212 quit,
1011 1177 1142 1205 virtutum
1157 1178 1262 1212 species
1275 1178 1425 1206 recenseo?
1436 1177 1505 1205 Sunt
1518 1178 1592 1206 enim
1604 1179 1714 1214 quidam

925 1224 972 1258 qui
986 1224 1094 1259 seipsos
1107 1224 1304 1251 cruciuxerunt
1315 1223 1405 1259 quoad
1418 1224 1542 1257 all’ectus,
1557 1229 1585 1252 et
1602 1225 1715 1253 aﬂ‘ectus

925 1269 1017 1302 quoad
1028 1269 1144 1304 scipsos.
1155 1269 1237 1297 Juxta
1253 1270 1324 1297 hanc
1347 1271 1598 1305 interpretationem
1615 1271 1643 1297 δέ
1660 1275 1715 1299 non

925 1321 967 1344 est
983 1315 1122 1351 parelcon,
1139 1315 1186 1343 sed
1203 1323 1301 1344 sensus
1315 1319 1356 1343 est
1371 1325 1378 1342 :
1394 1317 1417 1342 οἱ
1434 1316 1462 1342 δὲ
1473 1316 1521 1343 τοῦ
1537 1317 1667 1353 Χριστοῦ,
1688 1317 1716 1345 id

926 1365 968 1389 est
990 1362 1038 1397 qui
1065 1370 1130 1389 vero
1153 1362 1268 1390 tendunt
1290 1361 1324 1389 ad
1344 1362 1495 1396 Christum,
1513 1370 1590 1391 suam
1604 1364 1715 1392 carnem

926 1407 1133 1435 cruciﬁxerunt.

471 1463 510 1490 Ea:
525 1463 594 1491 libra
609 1463 640 1491 V.
656 1479 690 1484 ——
701 1464 751 1498 Ap.
768 1464 906 1492 Moschum
920 1464 993 1492 Prati
1007 1464 1159 1500 spiritualis
1174 1472 1232 1499 cap.
1252 1464 1316 1492 I76.

127 1520 174 1546 Ναὶ
186 1521 290 1556 ἀληθῶς
309 1511 511 1556 ἐϐαπτίσθησαν
529 1520 570 1555 (οἱ
587 1520 730 1548 ἀπόστολοι
744 1522 765 1555 ),
785 1521 876 1553 καθὼς
890 1526 908 1554 C

964 1520 1036 1549 Sane
1052 1521 1091 1548 illi
1106 1520 1262 1556 (apOStoli)
1276 1520 1408 1555 baptizati
1423 1525 1498 1553 sunt,
1514 1519 1586 1549 sicut
1608 1525 1636 1549 et
1656 1522 1719 1551 Cle-

98 1565 202 1601 Κλήμης
223 1567 237 1593 ὁ
259 1567 442 1602 Στρωματεὺς
466 1566 495 1592 ἐν
521 1565 561 1600 τῷ
585 1566 701 1601 πέμπτῳ
725 1566 800 1602 τόμῳ
825 1566 879 1594 τῶν

104 1611 323 1639 Ύποτυπώσεογν
336 1612 482 1648 μέμνηται.
498 1611 566 1646 Φησὶ
579 1611 644 1647 γὰρ,
659 1611 689 1638 τὸ
703 1611 879 1638 ἀποστολικὸν

99 1657 171 1692 ῥητὸν
191 1658 372 1694 ἐξηγούμενος
389 1658 420 1685 τὺ
440 1658 518 1692 λέγον
531 1678 538 1690 ,
555 1657 740 1692 Εὐχαριστῶ,
762 1657 806 1684 ὅτι
822 1667 879 1693 μη-

98 1700 161 1729 δένα
173 1703 252 1737 ὑμῶν
260 1703 416 1731 ἐϐάπτισα·
434 1713 443 1728 ι
459 1703 576 1739 Χριστὸς
592 1704 698 1738 λέγεται
711 1705 815 1740 Πέτρον
832 1697 880 1740 μό-

99 1754 136 1774 νον
151 1749 350 1784 βεϐαπικὲναι,
367 1751 470 1788 Πέτρος
483 1752 512 1779 δὲ
527 1751 664 1787 Ἀνδρέαν,
674 1750 800 1787 Ἀνδρέας
823 1750 876 1777 Ἰά-

99 1794 177 1822 κωϐον
189 1797 233 1823 καὶ
253 1796 393 1832 Ἰωάννην,
406 1798 504 1824 ἐκεῖνοι
521 1797 548 1824 δὲ
563 1797 625 1828 τοὺς
640 1796 760 1828 λοιπούς.
778 1802 787 1822 i

930 1575 1007 1595 mens
1024 1566 1195 1594 Stromateus
1208 1566 1332 1593 meminit
1349 1566 1376 1593 in
1392 1567 1488 1602 quinto
1504 1567 1718 1603 Hypotyposeom

931 1613 1117 1649 Apostolicum
1132 1613 1205 1641 enim
1222 1611 1289 1639 illud
1304 1612 1407 1640 dictum
1427 1621 1566 1648 exponens
1579 1621 1634 1649 quo
1650 1614 1719 1641 dicio'

931 1663 976 1686 tur
993 1669 999 1686 :
1019 1658 1127 1686 Gratias
1144 1666 1194 1694 ago
1205 1657 1271 1690 Deo,
1282 1658 1345 1693 quia
1361 1659 1489 1686 neminem
1502 1664 1617 1686 vestrum
1633 1659 1719 1694 bapti-

933 1700 1007 1735 zavi,
1032 1714 1041 1731 ι
1056 1704 1194 1737 Christus,
1213 1703 1313 1738 inquit,
1329 1703 1431 1731 dicitur
1441 1703 1550 1732 Petrum
1567 1705 1656 1732 solum
1671 1705 1720 1732 ba-

930 1751 1068 1785 ptizasse,
1094 1750 1192 1778 Petrus
1210 1749 1346 1777 Andream
1361 1770 1368 1783 ,
1391 1749 1515 1778 Andreas
1537 1750 1670 1778 Jacobum
1693 1755 1720 1778 et

929 1796 1074 1830 Joannem,
1090 1797 1131 1824 illi
1146 1801 1237 1824 autem
1251 1794 1384 1830 reliquos.
1406 1805 1415 1822 ι

563 1854 605 1881 Ea:
622 1854 669 1882 lib.
684 1853 767 1882 VL—
782 1854 831 1888 Ap.
850 1853 949 1882 Euseb.
965 1853 1036 1882 Hist.
1049 1853 1125 1887 eccl.,
1144 1862 1174 1886 ιι,
1193 1854 1219 1880 1.

127 1911 237 1948 Κλήμης
258 1912 287 1938 δὲ
305 1912 335 1938 ἐν
356 1911 428 1947 ἕκτῳ
449 1911 504 1938 τῶν
522 1911 752 1938 Ὑποτυπώσεων
767 1911 879 1947 γράφων

99 1951 142 1981 ὦδε
161 1957 318 1993 παρίστησι.
334 1957 438 1993 Πέτρον
462 1957 517 1992 γάρ
537 1965 604 1992 φησι
624 1956 672 1983 καὶ
688 1955 814 1983 Ἰάκωϐον
834 1957 880 1982 καὶ

104 2001 220 2038 Ἰωάννην
233 2002 304 2039 μετὰ
315 2002 365 2038 τὴν
376 2002 510 2038 ἀνάληψιν
525 2003 571 2029 τοῦ
587 2002 722 2038 Σωτῆρος,
739 2001 777 2033 ὡς
787 2001 820 2028 ἂν
833 2002 880 2028 καὶ

99 2045 145 2072 ὑπὸ
160 2047 205 2074 τοῦ
224 2049 329 2084 Κυρίου
346 2048 607 2084 προτετιμημένους,
625 2048 662 2083 μὴ
677 2048 879 2080 ἐπιδικάζεσθαι

98 2090 176 2127 δόξης,
188 2093 245 2133 ἀλλ’
264 2093 394 2121 Ἰάκωϐον
412 2093 458 2120 τὸν
481 2093 581 2120 δίκαιον
603 2092 750 2120 ἐπίσκοπον
767 2093 879 2128 Ἰεροσο-

98 2135 183 2172 λύμων
194 2139 313 2167 ἑλέσθαι.

967 1909 1093 1938 Clemens
1105 1913 1180 1938 certe
1190 1910 1217 1937 in
1228 1914 1306 1938 sexto
1318 1909 1521 1937 lnstitutiohum
1533 1908 1604 1936 libro
1616 1909 1652 1935 ita
1665 1912 1722 1935 tra-‘

932 1957 981 1984 dit.
997 1956 1043 1984 Ait
1066 1956 1227 1991 enim,post
1251 1955 1407 1984 Servaloris
1436 1953 1720 1990 ascensum,Petrum,

931 2002 1062 2030 Iacobum
1092 2006 1119 2030 et
1142 2002 1286 2035 Joannem,
1304 2002 1430 2037 quamﬁs
1458 2000 1590 2027 Dominus
1615 2001 1721 2027 caeteris

932 2048 1008 2083 ipsos
1036 2048 1212 2083 prmtulisset,
1228 2056 1284 2075 non
1313 2047 1416 2074 idcirco
1445 2045 1479 2073 de
1503 2046 1591 2080 primo
1607 2045 1721 2072 honoris

930 2095 1015 2129 gradu
1030 2095 1214 2128 contendisse,
1228 2095 1275 2122 sed
1287 2093 1418 2120 Jacobum
1435 2091 1598 2127 cognomine
1613 2090 1721 2119 Iustum

930 2140 1164 2177 Jerosolymorum
1179 2141 1338 2176 episcopum
1352 2138 1477 2174 elegisse.

519 2198 601 2235 ³⁷η
619 2196 661 2224 Ex
669 2197 758 2225 eodem
773 2197 840 2225 libro
856 2196 945 2225 VI.—
955 2199 1006 2234 Ap.
1023 2198 1131 2233 Euseb.,
1146 2198 1211 2226 ibid.
1223 2207 1247 2226 ε.
1265 2197 1308 2225 I5.

130 2254 202 2282 Οὕτω
224 2254 257 2291 δὴ
277 2251 324 2282 οὖν
341 2254 558 2290 ἐπιδημήσαντος
571 2254 663 2285 αὐτοῖς
683 2253 730 2280 τοῦ
746 2253 819 2280 θείου
834 2253 880 2280 λόὲ
895 2266 918 2293 D

99 2307 152 2334 γου,
166 2301 182 2336 ἡ
198 2301 247 2336 μὲν
258 2300 308 2327 τοῦ
324 2301 444 2336 Σίμωνος
462 2299 568 2335 ἀπέσϐη
585 2299 632 2326 καὶ
649 2300 818 2335 παραχρῆμα
833 2299 882 2326 καὶ

99 2343 134 2379 τῷ
155 2345 229 2380 ἀνδρὶ
244 2344 411 2372 καταλέλυτο
430 2344 544 2382 δύναμις
556 2353 562 2359 ·
578 2344 695 2371 τοσοῦτοι
706 2344 728 2371 δ’
741 2344 880 2380 ἐπέλαμψε

98 2382 152 2420 ταῖς
164 2390 217 2417 τῶν
237 2390 381 2425 ἀκροατῶν
400 2389 447 2417 τοῦ
471 2389 575 2425 Πέτρου
600 2383 729 2421 διανοίαις
740 2389 880 2421 εὐσεϐείας

99 2434 202 2468 φέγγος,
213 2436 252 2467 ὡς
276 2435 313 2471 μὴ
335 2436 368 2470 τῇ
386 2434 504 2467 είσάπαξ
526 2434 625 2466 ἱκανῶς
648 2434 717 2469 ἔχειν
739 2434 880 2471 ἀρκεῖσθαι

100 2479 172 2515 ἀκοῇ,
189 2481 256 2516 μηδὲ
279 2482 312 2517 τῇ
337 2481 453 2517 ἀγράφῳ
468 2480 516 2507 τοῦ
530 2480 601 2507 θείου
618 2480 793 2516 κηρύγματος
808 2481 880 2507 διδα-

102 2525 208 2562 σκαλίᾳ·
233 2527 426 2562 παρακλήσεσι
447 2527 475 2553 δὲ
497 2526 636 2558 παντοίαις
657 2527 780 2562 Μάρκον,
797 2523 828 2553 οὗ
851 2525 881 2554 τὸ

100 2570 258 2606 Εὐαγγέλιον
275 2572 398 2608 φέρεται,
413 2572 557 2599 ἀκόλουθον
571 2573 636 2599 ὄντα
647 2572 881 2609 Πέτρου,λιπαρῆ-

102 2624 151 2650 σαι,
165 2617 202 2649 ὡς
223 2618 257 2645 ἃν
278 2619 325 2645 καὶ
339 2619 383 2645 διὰ
395 2618 504 2654 γραφῆς
517 2619 666 2655 ὑπόμνημα
682 2619 732 2653 τῆς
745 2618 788 2645 διὰ
801 2619 880 2653 λόγου

101 2663 294 2700 παραδοθείσης
321 2665 412 2695 αὐτοῖς
437 2664 596 2699 καταλεῖψαι
623 2664 812 2695 διδασκαλίας”
843 2665 881 2700 μὴ

96 2699 225 2754 ἓπρότερόν
238 2718 268 2736 τε
284 2710 386 2737 ἀνιέναι
401 2710 418 2746 ἢ
433 2710 653 2746 κατεργάσασθαι
668 2710 713 2737 τὸν
729 2710 822 2746 ἄνδρα,
835 2699 882 2737 καί

96 2753 181 2795 ,ταῦτῃ
191 2755 295 2787 αἰτίους
309 2756 434 2790 γενέσθαι
444 2756 493 2791 τῆς
507 2756 554 2782 τοῦ
565 2756 710 2792 λεγομένου
725 2757 795 2784 κατὰ
804 2758 882 2793 Μάρ-

96 2798 145 2825 ⁵κον
166 2800 330 2835 Εὐαγγελίου
341 2802 458 2837 γραφῆς.
475 2802 574 2828 Γνόντα
584 2802 611 2828 δὲ
625 2803 653 2829 τὸ
667 2803 798 2838 πραχθὲν,
816 2803 881 2837 φασὶ

152 2879 180 2908 ιι(
200 2875 230 2903 Ρ.
254 2875 321 2904 1005
338 2877 392 2904 ED.
414 2877 561 2904 POTTER.

262 2925 395 2955 PATROL.
418 2926 476 2956 Gn.
502 2926 557 2956 IX.

967 2255 1052 2291 Igitur
1076 2263 1139 2283 cum
1165 2255 1212 2282 Dei
1236 2254 1359 2282 doctrina
1373 2253 1511 2281 Romanos
1534 2251 1651 2278 adventu
1669 2249 1721 2277 δύο

934 2301 1107 2334 illustrasset,
1125 2294 1246 2328 Simonis
1260 2299 1370 2335 quidem
1396 2299 1437 2327 vis
1462 2306 1495 2325 ac
1518 2297 1639 2332 potentia
1657 2303 1719 2324 cum

934 2349 995 2384 ipso
1009 2338 1090 2376 simul
1105 2352 1217 2376 auctore
1232 2347 1307 2374 brevi
1322 2346 1457 2373 exstincta
1473 2349 1554 2378 atque
1568 2343 1655 2370 deleta
1668 2348 1719 2370 est.

934 2385 1040 2422 Tantus
1056 2400 1146 2422 autem
1161 2393 1285 2421 veritatis
1304 2392 1394 2427 fulgor
1414 2390 1527 2419 emicuit
1543 2389 1570 2416 in
1584 2389 1722 2416 mentibus

933 2448 1039 2472 eorum,
1054 2439 1102 2474 qui
1123 2439 1231 2466 Petrum
1249 2438 1402 2469 audierant,
1423 2441 1451 2464 ut
1471 2443 1567 2471 parum
1589 2435 1721 2461 haberent

935 2486 1020 2514 semel
1034 2485 1153 2517 audisse,
1170 2492 1221 2512 nec
1241 2485 1363 2511 contenti
1384 2487 1477 2510 essent
1499 2481 1620 2509 caelestis
1644 2481 1720 2507 verbi

935 2533 1090 2560 doctrinam
1106 2532 1167 2558 viva
1182 2539 1258 2563 voce,
1274 2530 1357 2557 nullis
1374 2529 1501 2556 traditam
1517 2527 1630 2561 teriptis
1643 2532 1715 2553 acce.

935 2578 1029 2613 pisse:
1046 2577 1094 2605 sed
1116 2575 1237 2604 Marcum
1258 2575 1332 2603 Petri
1355 2575 1517 2602 sectatorem
1538 2573 1619 2606 cujus
1641 2571 1721 2598 hodie

935 2627 1025 2651 exstat
1033 2623 1220 2657 Evangelium,
1233 2621 1313 2649 enixe
1328 2623 1475 2648 orarentut
1488 2618 1619 2646 doctrinae
1635 2616 1718 2647 illius;

935 2671 1017 2703 quam‘
1037 2668 1132 2695 auditu
1150 2671 1323 2706 acceperant,
1338 2666 1470 2700 scriptum
1496 2663 1606 2698 aliquod
1622 2670 1720 2688 monu-

935 2718 1056 2742 mentum
1072 2713 1144 2748 apud
1156 2707 1378 2748 seirelinqueret.
1392 2711 1447 2738 Nec
1456 2710 1533 2745 prius
1545 2709 1718 2739 destiterunt,

934 2768 1015 2796 quam
1041 2761 1176 2787 hominem
1196 2761 1418 2794 expugnassent,
1448 2760 1627 2789 auctoresque
1651 2753 1722 2780 sc1i~

934 2803 1015 2831 bendi
1033 2804 1105 2831 illius
1118 2804 1189 2839 quod
1202 2802 1352 2832 secundum
1370 2801 1490 2828 Marcum
1501 2799 1613 2832 dicitur,
1630 2797 1718 2825 Evasi:

1523 2925 1562 2954 2h
