1927 3074
212 165 263 193 7H

773 162 968 191 CLEMENTIS
987 163 1221 192 ALEXANDRINI
1788 168 1834 196 748

211 221 274 257 gelii
295 221 476 249 exstitissent.
496 219 573 253 Quod
593 226 656 247 cum
678 219 776 247 Petrus
793 228 841 255 per
857 221 1013 251 revelatio,

1050 223 1090 249 τὸν
1099 223 1266 256 Ἀπόστολον,
1282 224 1506 259 ἁποκαλύψαντος
1517 226 1592 262 αὐτῷ
1612 227 1659 254 τοῦ
1671 227 1835 262 Πνεύματος,

212 276 273 295 nem
288 269 376 295 sancti
392 267 512 302 Spiritus
527 266 710 302 cognovisset,
723 266 876 294 delectatus
889 266 996 294 ardenti

211 313 352 340 hutltinum
365 313 465 346 studio,
479 314 578 340 librum
594 313 670 339 illum
686 312 849 340 auctoritate
862 320 911 341 sua
921 320 997 340 com-

211 360 342 393 probasse
360 359 471 392 dicitur,
488 364 518 386 ut
535 359 665 394 deinceps
691 359 719 386 in
744 359 870 386 ecclesiis
895 359 998 394 legere-

211 409 266 431 tur.
280 403 406 431 Refertur
420 404 445 431 id
464 411 479 430 a
489 403 629 431 Clemente
644 404 672 430 in
695 408 772 431 sexto
793 403 996 432 lnstitutionum

211 450 292 478 libro.

1049 269 1162 304 ἡσθῆναι
1179 271 1212 305 τῇ
1228 269 1281 296 τῶν
1298 271 1403 307 ἀνδρῶν
1424 272 1573 308 προθυμία,
1591 273 1715 309 κυρῶσαι
1739 281 1768 299 τε
1789 273 1835 309 τὴν

1048 314 1156 350 γραφὴν
1166 316 1205 346 είς
1219 315 1336 347 ἔντευξιν
1347 318 1405 348 ταῖς
1413 317 1656 353 Ἐκκλησίαις.Κλὴ
1661 326 1716 353 μης
1727 318 1757 344 ὲν
1768 319 1836 354 ἕκτῳ

1047 359 1103 386 τῶν
1116 360 1346 388 ’Υποτυπώσεων
1360 361 1553 398 παρατέθειται
1568 362 1617 398 τὴν
1635 363 1767 398 ἱστορίαν.

741 505 782 533 Ea:
798 506 887 533 eodem
904 506 982 533 libro.
996 521 1030 526 ——
1044 505 1093 540 Ap.
1113 504 1212 532 Euseb.
1228 504 1295 532 ibid.

244 567 274 597 ᾖ(
295 564 373 592 Tunc
386 564 479 596 etiam,
494 568 524 591 ut
535 563 628 591 divina
643 563 727 591 tradit
743 563 895 599 Scriptura,
908 562 994 591 Hero-

207 612 255 639 des
278 618 340 638 cum
367 609 461 638 Jacobi
487 610 589 638 eaedem
609 609 794 645 gratissimam
815 616 877 636 esse
893 607 996 636 Judaéis

207 657 318 688 videret,
335 655 446 683 Petrum
465 662 575 690 quoque
598 654 711 682 adortus
727 657 779 682 est.
795 652 882 687 Quem
897 654 925 681 in
936 654 997 681 vin-

205 704 267 731 cula
282 703 437 738 conjectum
465 702 574 737 capitali
599 700 734 736 supplicio
755 699 813 735 jam
838 699 997 728 addicturus

205 753 277 781 erat,
291 749 344 776 nisi
359 748 459 776 Petrus
474 748 567 775 divina
583 747 694 778 virtute,
711 746 800 781 angeli
815 746 919 774 scilicet
938 752 990 773 no-

203 799 249 822 ctu
265 795 422 829 apparentis
444 794 559 826 auxilio,
575 796 672 827 preter
695 791 818 819 omnium
841 799 917 827 spem
930 792 992 819 vin-

204 830 441 872 culis.liheratus,
457 839 491 866 ad
518 837 720 874 praedicationis
744 836 927 865 ministerium
949 837 992 865 di-

205 884 307 912 missus
320 884 427 912 fuisset.

1079 561 1267 598 Τοτ-ηνικαῦτα
1289 561 1328 595 δὲ,
1345 561 1384 594 ὥς
1406 570 1488 598 φησιν
1512 563 1529 598 ὴ
1555 562 1614 589 θεία
1641 563 1661 589 Γ
1663 563 1749 600 ραφὴ,
1776 564 1835 592 ἰδὼν

1049 608 1173 645 Ἡρώδης
1188 608 1235 634 ἐπὶ
1248 609 1281 644 τῇ
1294 607 1341 635 τοῦ
1361 607 1489 635 Ἰακώϐου
1506 609 1643 645 ἀναιρέσει
1663 611 1705 636 δτι
1723 610 1756 646 δὴ
1770 611 1834 646 πρὸς

1043 654 1140 691 ἡδονῆς
1152 655 1195 690 εἴη
1210 654 1241 680 τὸ
1257 653 1377 690 πραχθὲν
1389 655 1446 685 τοῖς
1463 654 1610 687 Ἰουδαίοις,
1627 655 1780 683 ἐπιτίθεται
1791 658 1836 684 καὶ

1045 699 1152 736 Πέτρῳ.
1169 701 1284 736 Δεσμοῖς
1304 708 1336 726 τε
1355 699 1438 726 αὑτὸν
1453 700 1598 736 παραδοὺς,
1614 701 1677 727 ὅσον
1691 701 1771 728 οὔπω
1791 702 1834 728 καὶ

1044 746 1089 774 τὸν
1104 747 1164 773 κατ’
1183 745 1266 773 αὐτοῦ
1285 746 1364 780 φόνον
1378 746 1532 783 ἐνήργησεν
1542 746 1586 779 ἂν,
1605 747 1630 772 εί
1646 746 1683 782 μὴ
1701 746 1747 774 διὰ
1761 747 1834 779 Θείας

1045 791 1205 827 ἐπιφανείας
1217 791 1377 823 ἐπιστάντος
1393 790 1467 826 αὐτῷ
1482 791 1590 827 νύκτωρ
1605 791 1735 826 ἀγγέλου,
1752 800 1834 827 παρα-

1043 837 1126 872 δόξως
1149 838 1204 865 τῶν
1226 838 1348 874 εἱργμῶν
1367 837 1542 873 ἀπαλλαγεὶς,
1557 838 1603 865 ἐπὶ
1617 837 1666 873 τὴν
1681 838 1728 865 τοῦ
1751 838 1833 874 κηρύ-

1008 880 1030 908 B
1047 891 1151 919 γματος
1163 883 1273 918 ἀφεῖται
1286 881 1433 909 διακονίαν.

627 939 670 966 Ea;
679 939 770 967 eodem
790 939 869 966 libro.
885 952 919 959 --
934 939 986 975 Ap.
1006 939 1106 968 Euseb.
1122 938 1196 968 Hist.
1213 939 1279 968 sccl.
1297 947 1336 972 Vl,
1356 939 1401 968 14.

239 997 313 1025 ldem
330 997 497 1032 (Clemens)
520 997 549 1024 in
567 996 646 1024 libris
666 995 906 1029 Ὑποτυπώσεων,
929 1004 989 1024 om-

203 1045 290 1075 nium,
309 1047 339 1070 ut
362 1051 416 1070 uno
439 1044 524 1071 verbo
546 1042 647 1076 dicam,
662 1043 807 1079 utriusque
822 1042 991 1071 Testamenti

204 1089 409 1125 Scripturarum
439 1089 662 1124 compendiosam
694 1089 815 1118 instituit
838 1090 991 1117 enarratio-

203 1143 282 1169 nem,
305 1143 340 1163 ne
364 1135 418 1163 illis
439 1135 549 1171 quidem
570 1136 763 1170 praetermissis
779 1135 939 1171 Scripturis.
957 1135 991 1164 de

201 1183 303 1218 quibus
317 1182 389 1209 inter
407 1181 508 1209 multos
529 1181 686 1217 ambigitur.
703 1180 781 1209 Iudae
795 1180 943 1217 Epistulam
963 1185 991 1209 et

202 1229 342 1261 Barnabas,
356 1235 388 1256 ac
405 1228 524 1263 reliquas
538 1227 689 1255 catholicas
704 1227 843 1263 Epistolas
856 1227 989 1263 intelligo,

200 1277 228 1300 et
238 1271 437 1303 Revelationem
445 1280 506 1308 quae
518 1272 620 1300 dicitur
635 1272 721 1301 Petri.
735 1272 885 1306 Epistolam
899 1278 989 1301 autem

200 1319 234 1347 ad
258 1319 386 1347 Hebraeos
411 1318 488 1347 Pauli
513 1319 624 1354 quidem
643 1327 706 1348 esse
720 1319 845 1354 allirmat,
865 1320 913 1348 sed
934 1319 990 1356 He-

199 1365 294 1392 liraico
310 1373 445 1398 sermone,
459 1369 553 1400 utpote
575 1366 609 1392 ad
629 1365 768 1398 Hebraeos,
785 1367 902 1401 primum
919 1365 991 1394 seri-

200 1415 274 1445 ptam
291 1410 393 1444 fuisse;
411 1410 513 1438 Lucam
532 1419 596 1439 vero
617 1412 740 1439 eamdem
756 1411 850 1439 Graeco
865 1419 991 1440 sermone

199 1456 322 1484 studiose
337 1457 555 1491 interpretatum,
568 1456 672 1486 Graecis
687 1457 845 1485 hominibus
859 1457 989 1485 edidisse.

1083 997 1128 1024 Ἐν
1147 997 1176 1024 δὲ
1191 998 1252 1029 ταῖς
1269 995 1649 1030 ’Υποτυπώσεσμξυνελόντα
1666 997 1768 1030 εἰπεῖν,
1784 999 1834 1026 πά-

1044 1051 1094 1078 σης
1102 1042 1151 1078 τῆς
1163 1041 1323 1077 ἐνδιαθήκου
1337 1042 1448 1078 Γραφῆς
1458 1042 1549 1069 ἐπιτετ
1553 1051 1589 1078 μη
1594 1042 1678 1078 μένας
1688 1044 1831 1079 πεποίηται

1043 1089 1181 1124 διηγήσεις
1192 1108 1199 1120 ,
1219 1088 1286 1124 μηδὲ
1306 1087 1357 1120 τὰς
1372 1087 1580 1124 ἀντιλεγομένας
1596 1088 1754 1124 παρελθών·
1787 1089 1831 1124 τὴν

1049 1134 1133 1161 Ἰούδα
1155 1134 1227 1169 λέγω
1242 1134 1289 1161 καὶ
1311 1133 1361 1166 τὰς
1380 1134 1476 1166 λοιπὰς
1497 1134 1644 1166 καθολικὰς
1661 1135 1831 1167 Ἐπιστολάς-

1041 1181 1091 1216 τὴν
1105 1189 1136 1207 τε
1151 1180 1278 1216 Βαρνάϐα
1290 1180 1337 1207 καὶ
1350 1180 1400 1216 τὴν
1412 1181 1517 1216 Πέτρου
1532 1180 1681 1216 λεγομένην
1697 1181 1833 1208 ἀποκάλυ·

1041 1227 1098 1262 ψιν.
1115 1227 1171 1253 Καὶ
1184 1226 1233 1262 τὴν
1247 1226 1315 1261 πρὸς
1337 1226 1479 1262 Ἐὃραίους
1498 1227 1527 1253 δὲ
1548 1226 1708 1262 Ἐπιστολὴν
1727 1227 1831 1254 Παύλυιι

1042 1273 1092 1308 μὲν
1117 1269 1187 1300 εἷναί
1213 1280 1290 1308 φησι⁹
1317 1271 1470 1307 γεγράφθαι
1499 1271 1528 1298 δὲ
1548 1271 1683 1307 Ἑϐραίοις
1702 1271 1830 1308 Ἐϐραὶκῇ

1042 1319 1134 1354 φωνῇ·
1151 1319 1258 1346 Λουκᾶν
1277 1317 1314 1351 δὲ,
1331 1317 1478 1352 φιλοτίμως
1495 1317 1578 1353 αὐτὴν
1595 1317 1830 1354 μεθερμηνεύσαν-

1040 1373 1085 1397 τα,
1102 1364 1227 1392 ἐκδοῦναι
1251 1366 1308 1396 τοϊς
1326 1363 1547 1399 ”Ελλησιν.Ὅθεν
1569 1363 1616 1390 τὸν
1639 1364 1720 1390 αὐτὸν
1741 1364 1830 1400 χρῶτα

1043 1410 1228 1447 εὑρίσκεσθαι,
1237 1410 1307 1437 κατὰ
1313 1409 1362 1446 τὴν
1371 1410 1529 1446 ἑρμηνείαν,
1541 1409 1643 1445 ταύτης
1655 1418 1686 1436 τε
1700 1410 1829 1446 τῆςἙπι-

1043 1456 1139 1492 στολῆς
1161 1457 1208 1483 καὶ
1227 1456 1281 1483 τῶν
1295 1455 1434 1490 Πράξεων
1445 1464 1453 1470 ·
1473 1455 1510 1492 μὴ
1524 1456 1733 1492 προγεγράφθαι
1748 1456 1776 1482 δὲ
1790 1457 1828 1484 τὸ.

199 1500 290 1534 Quare
314 1501 342 1528 in
366 1509 396 1529 ea
416 1501 532 1537 epistola
557 1505 585 1529 et
609 1502 637 1529 in
662 1502 777 1530 Actibus
801 1499 1013 1538 apostolorum(

1050 1502 1161 1536 Ίαῦλος
1173 1503 1355 1536 ἀπόστολος,
1368 1502 1489 1533 εἰκότως.

198 1547 324 1574 eumdem
342 1546 470 1574 dictionis
504 1547 622 1575 colorem
651 1548 775 1583 reperiri.
812 1547 888 1576 Hanc
919 1555 984 1576 vero
1009 1548 1216 1584 inscriptionem
1243 1548 1348 1576 Paulus
1374 1549 1521 1584 apostolus,
1537 1553 1612 1577 recte
1631 1553 1714 1585 atque
1736 1549 1830 1577 ordine

199 1593 330 1619 omissam
347 1592 434 1621 fuisse
449 1593 588 1620 observat.

641 1649 681 1676 Ea:
697 1649 743 1677 lib.
762 1649 818 1678 ΥΠ.
835 1666 870 1670 —
884 1650 936 1685 Ap.
950 1649 1081 1683 eumdem,
1097 1650 1126 1676 in
1143 1648 1157 1675 1
1172 1648 1206 1675 ad
1219 1648 1288 1676 Tim.
1308 1657 1339 1681 tt,
1355 1648 1381 1676 6.

235 1707 405 1742 Temporibus
419 1707 485 1735 suis.
505 1706 563 1734 Hoc
577 1711 620 1735 est
637 1708 747 1743 quando
761 1712 836 1736 recte
859 1717 889 1737 se
905 1708 989 1736 habe-

197 1753 265 1781 bant
280 1752 407 1780 homines
419 1752 452 1780 ad
466 1752 558 1780 ﬁdem.

1077 1707 1196 1743 Καιροῖς
1218 1707 1312 1741 ιὸιοις.
1333 1707 1487 1740 Τουτέστιν,
1503 1708 1546 1734 ὅτε
1574 1707 1735 1743 ἐπιτηδείως
1759 1707 1828 1743 εἶχον

1040 1753 1109 1789 πρὸς
1123 1753 1173 1788 τὴν
1190 1752 1280 1779 πίστιν
1290 1753 1315 1779 οί
1327 1752 1474 1788 ἄνθρωποι.

900 1811 966 1846 Cap.
982 1819 1023 1845 Ill,
1035 1811 1116 1839 ν.16.

235 1869 314 1896 Visus
333 1873 373 1896 est
396 1869 428 1896 ab
445 1870 558 1905 angelis.
581 1870 623 1906 (0
638 1870 814 1906 mysterium!
836 1870 985 1900 Nobiscum

196 1913 324 1942 viderunt
338 1914 425 1950 angeli
437 1914 587 1949 Christum,
597 1922 661 1942 cum
673 1915 750 1951 prius
761 1923 816 1943 non
826 1916 986 1952 vidissent.)

203 1959 260 1986 Non
268 1959 340 1988 sicut
353 1961 387 1988 ab
405 1961 571 1989 hominibus.

1077 1871 1171 1905 Ὠφθη
1183 1870 1330 1905 ἀγγέλοις.
1350 1870 1396 1905 (Ὢ
1407 1870 1556 1906 μυστήριον
1569 1871 1574 1897 l
1591 1870 1659 1898 Μεθ’
1670 1871 1687 1906 ἡ
1692 1870 1750 1906 μῶν
1760 1868 1826 1897 εἶδον

1038 1917 1062 1944 oi
1075 1917 1186 1951 ἄγγελοι
1199 1916 1244 1943 τὸν
1259 1916 1386 1952 Χριστὸν,
1403 1917 1534 1952 πρότερον
1549 1917 1598 1952 οὐχ
1618 1916 1764 1952 ὁρῶντες.)
1772 1917 1826 1951 οὒκ

1037 1962 1076 1994 ὡς
1087 1963 1143 1994 τοῖς
1160 1961 1324 1997 ἀνθρώποις.

899 2019 966 2054 Cap.
983 2028 1011 2052 ν,
1028 2027 1052 2047 υ.
1071 2020 1097 2047 8.

233 2077 266 2104 Et
281 2077 394 2104 maxime
408 2077 570 2104 domesticis.
593 2077 657 2105 Suis
670 2081 698 2106 et
711 2078 871 2107 domesticis
891 2079 983 2114 provi-

1072 2079 1124 2106 Καὶ
1139 2078 1273 2114 μάλιστα
1284 2078 1344 2106 τῶν
1354 2080 1479 2106 οἰκείων.
1500 2079 1561 2106 Τῶν
1578 2079 1651 2106 ἰδίων
1667 2080 1716 2107 καὶ
1724 2079 1825 2107 τῶνοίυ-

196 2123 252 2155 det,
271 2123 318 2158 qui
342 2130 395 2150 non
420 2123 508 2150 solum
526 2130 620 2150 curam
636 2123 718 2152 habet
733 2131 840 2157 eorum,
856 2132 917 2160 qua:
933 2124 983 2152 ali-
1000 2134 1013 2161 [

1050 2125 1116 2152 εείων
1138 2126 1256 2160 προνοεῖ,
1271 2126 1285 2152 ὁ
1301 2125 1338 2161 μὴ
1361 2125 1441 2161 μόνον
1463 2125 1518 2152 τῶν
1542 2126 1734 2162 προσηκόντων
1756 2135 1824 2162 προ-

195 2169 345 2205 quomodo
363 2169 533 2205 contingunt,
549 2170 597 2198 sed
621 2174 649 2198 et
672 2170 714 2198 sui
741 2170 840 2206 ipsius,
858 2172 984 2207 prnprios

196 2216 363 2251 amputando
378 2215 501 2244 allectus.

1036 2171 1114 2203 νοῶν,
1129 2171 1196 2198 ἀλλὰ
1217 2171 1262 2198 καὶ
1282 2171 1362 2203 αὐτὸς
1382 2172 1489 2205 ἐαυτοῦ,
1507 2171 1551 2199 διὰ
1566 2171 1612 2198 τοῦ
1632 2173 1776 2199 ἐκκόπτειν
1791 2173 1826 2198 τὰ

1037 2217 1121 2252 πάθη.

875 2309 878 2313 Ι
900 2274 967 2310 Cap.
981 2283 1008 2308 v,
1024 2283 1048 2302 υ.
1065 2275 1109 2302 10.

231 2330 261 2358 Si
271 2339 423 2358 sanctorum
434 2332 510 2366 pedes
521 2332 596 2360 lavit.
617 2331 674 2359 Hoc
694 2336 736 2360 est
752 2333 775 2360 si
794 2336 916 2360 extrema
931 2334 982 2361 mi-

195 2376 310 2403 nisteria
325 2377 430 2404 sanctis
444 2377 547 2412 absque
560 2377 661 2405 rubore
675 2377 808 2405 exhibuit.

1070 2334 1105 2360 El
1117 2333 1208 2368 ἁγίων
1220 2334 1315 2367 πόδας
1326 2333 1421 2367 ἕνιψε.
1441 2332 1586 2360 Τουτέστιν
1605 2334 1629 2360 εί
1644 2333 1695 2365 τὰς
1708 2334 1827 2369 ἐσχάτας

1036 2380 1188 2416 ὑπηρεσίας
1197 2382 1253 2412 τοῖς
1268 2381 1355 2415 ἁγίοις
1371 2380 1592 2415 ἀνεπαισχύντως
1604 2380 1769 2412 ἐξετέλεσεν.

905 2435 969 2470 Cap.
988 2445 1014 2469 v,
1032 2445 1056 2465 υ.
1069 2437 1113 2465 2i.

234 2477 296 2505 Sine
311 2479 519 2513 prwcipilatione
528 2481 636 2514 judicii.
660 2481 717 2509 lloc
731 2486 773 2510 est
787 2490 885 2511 cavens
899 2491 934 2510 ne
949 2484 983 2511 ad

197 2523 299 2558 aliquid
323 2523 509 2559 impingendo,
530 2525 686 2561 subjiciat-is
708 2527 813 2562 judicio
838 2532 864 2555 et
886 2528 982 2555 ultioni

197 2569 396 2597 inobedientim.

1070 2485 1163 2520 Χωρίς
1187 2486 1394 2520 προκρίματος.
1415 2486 1558 2513 Τουτέστιν
1576 2485 1642 2512 ἄνευ
1665 2485 1713 2512 τοῦ
1735 2485 1776 2517 εἷς
1799 2495 1826 2514 τι

1036 2530 1188 2557 πταίσαντα
1204 2531 1350 2559 ὑποπεσεῖν
1363 2532 1395 2567 τῇ
1409 2531 1500 2567 κρίσει
1512 2531 1560 2557 καὶ
1574 2531 1607 2566 τῇ
1623 2530 1674 2566 τῆς
1682 2531 1826 2566 παρακοῆς

1035 2584 1152 2602 κολασει.

899 2630 964 2666 Cap.
982 2639 1019 2664 vt,
1030 2640 1051 2659 υ.
1072 2633 1115 2660 15.

233 2682 285 2715 Qui
302 2686 411 2710 testatus
427 2688 466 2710 est
483 2683 530 2710 sub
556 2683 652 2712 Pontio
679 2685 777 2713 Pilato.
800 2687 927 2716 Testatus
939 2693 980 2716 est

197 2735 246 2764 per
263 2736 295 2756 ea
318 2736 393 2764 qua»
403 2728 476 2762 fecit,
490 2730 562 2768 quod
583 2730 640 2765 ipse
657 2736 728 2758 esset
753 2731 877 2761 Christus
896 2733 980 2762 Filius

198 2774 255 2801 Dei.

304 2854 332 2883 Et
353 2851 382 2879 Ρ.
404 2851 544 2890 ηοω-ΕΙ).
566 2853 714 2881 POTTER.

1071 2690 1126 2716 Τοῦ
1156 2690 1407 2725 μαρτυρήσαντος
1442 2689 1492 2717 ἐπὶ
1523 2689 1650 2716 Ποντίου
1680 2687 1825 2717 Πιλάτου.

1039 2735 1230 2777 Ἐμαρτύρησε
1244 2737 1298 2772 γὰρ
1314 2736 1346 2763 δι’
1361 2732 1398 2763 ὧν
1411 2735 1553 2772 ἔπραττεν,
1569 2736 1611 2762 ὃτι
1628 2735 1704 2766 ιὺτός
1719 2735 1796 2761 ἐστςν
1809 2734 1826 2763 ὀ

1034 2782 1149 2817 Χριστὸς
1164 2783 1177 2808 ό
1190 2782 1253 2813 Tib;
1270 2781 1316 2809 τοῦ
1332 2781 1408 2808 Θεοῦ.
