1927 3074
110 186 165 215 749

808 186 1032 215 FRAGMENTA.

1691 195 1741 223 730

733 246 806 274 Idem
822 249 848 274 in
863 246 885 274 ll
897 248 931 274 ad
943 248 1009 276 Tim.
1021 257 1050 280 ιι,
1063 249 1090 275 2.

149 305 201 333 Διά
216 304 340 333 πολλῶν
347 306 512 341 μαρτύρων.
532 305 659 333 Τουτέστι
675 305 756 342 νόμου
777 306 824 333 καὶ
838 315 901 342 προ-

991 306 1042 333 Per
1059 306 1154 333 multos
1170 311 1258 334 testas.
1280 306 1337 334 Hoc
1364 311 1406 335 est
1430 308 1516 343 legem
1532 316 1564 336 ac
1584 310 1739 344 prophetas.

112 350 218 385 φητῶν.
244 350 362 382 Τούτους
381 350 436 387 γὰρ
447 350 603 383 Ἀπόστολος
622 352 740 379 ἐποιεῖτο
762 351 902 386 μάρτυρας

110 396 160 423 τοῦ
177 397 243 423 ἰδίου
259 396 446 432 κηρύγματος.

955 351 1022 378 Nam
1043 351 1092 378 hos
1115 352 1143 379 in
1164 355 1247 380 testes
1265 353 1420 387 proferebat
1435 353 1582 388 Apostolus
1599 363 1655 382 sua:
1671 364 1741 391 prae-

956 397 1109 426 dicationis.

443 454 485 481 Ex
501 454 590 482 eodem
608 453 675 481 libro
688 453 743 480 VII.
759 469 793 473 —
812 453 863 487 Ap.
877 453 1021 481 Eusebium
1038 454 1110 482 Hist.
1125 455 1188 482 eccl.
1203 455 1221 482 Ι.
1239 464 1268 488 ιι,
1287 464 1310 482 c.
1334 456 1359 483 L

157 511 278 547 Ἰακώϐῳ
298 510 338 546 τῷ
350 510 453 547 Δικαίῳ
468 511 515 537 καὶ
533 509 644 546 Ἰωάννῃ
662 510 709 536 καὶ
724 510 819 545 Πέτρῳ
834 509 905 536 κατὰ

111 559 164 594 τὴν
178 558 323 584 ἀνάστασιν
339 556 479 592 παρέδωκε
493 557 543 592 τὴν
555 555 656 591 γνῶσιν
671 556 686 582 ὁ
697 555 808 592 Κύριος.
825 552 905 582 Οὗτοι

112 608 172 638 τοῖς
186 605 289 636 λοιποῖς
302 604 461 636 ἀποστόλοις
475 603 637 638 παρέδωκαν
647 611 654 618 θ
666 603 690 630 οἱ
700 603 729 630 δὲ
737 602 826 629 λοιποὶ
836 602 905 629 ἀπό-

115 652 206 679 στολοι
219 652 276 683 τοῖς
288 650 484 686 ἑϐδομήκοντα,
501 647 538 677 ὧν
556 648 596 682 εἷς
610 647 644 685 ἦν
661 649 708 676 καὶ
720 648 874 685 Βαρνάϐας.

989 509 1091 538 Jacobo
1103 509 1194 544 Justo,
1210 515 1237 538 et
1260 510 1369 543 Joanni,
1385 516 1413 539 et
1434 511 1515 540 Petro
1534 513 1666 543 Dominus
1680 522 1742 551 post

955 555 1183 582 resurrectionem
1201 555 1323 583 scientize
1336 556 1438 584 donum
1453 558 1595 593 impertiit.
1610 560 1689 594 Quod
1702 562 1741 589 illi

955 601 1060 628 caeteris
1083 600 1225 636 apostolis,
1248 601 1277 628 hi
1301 608 1366 629 vero
1388 603 1562 637 septuaginta
1584 604 1738 641 discipulis,

955 654 1072 682 quorum
1085 654 1157 674 unus
1171 646 1223 674 fuit
1236 646 1386 680 Barnabas,
1402 648 1582 677 tradiderunt.

599 706 642 733 Ea:
654 706 744 734 eodem
757 706 835 734 libro.
852 721 886 726 -—
902 705 952 742 Ap.
968 705 1088 733 eumdem
1106 705 1183 738 ibid.,
1196 713 1218 732 c.
1232 705 1260 732 2.

149 765 220 802 Περὶ
231 765 325 792 τούτου
341 766 369 792 δὲ
384 766 398 792 ό
414 765 531 802 Κλήμης
546 764 591 792 τοῦ
613 763 740 792 Ἰακώὸου
761 755 808 791 καί
830 765 902 790 ιστο-

112 812 176 848 ρίαν
188 813 298 849 μνήμης
311 812 389 845 ἀξίαν
403 813 431 839 ὲν
443 813 476 848 τῇ
490 812 543 839 τῶν
559 811 787 839 Ὑποτυπώσεων
801 810 903 846 ἐϐδόμῃ

112 858 303 894 παρατίθεται,
322 859 360 891 ὡς
379 859 410 885 ἐκ
428 857 602 894 παραδόσεως
619 857 673 884 τῶν
689 856 742 893 πρὸ
754 855 836 883 αὐτοῦ
851 855 903 890 φά-

113 913 204 939 σκων,
222 906 262 932 ὅτι
286 905 318 940 δὴ
339 905 354 930 ὁ
381 904 533 939 εἰσαγαγὼν
558 904 638 931 αὐτὸν
657 905 697 935 είς
717 902 900 938 δικαστήριον,

113 951 328 986 μαρτυρήσαντα
338 951 418 977 αὑτὸν
433 950 505 982 ίδὼν,
517 949 636 986 κινηθεὶς
647 948 821 984 ὡμολόγησεν
834 944 902 973 εῖναι

111 997 163 1023 καὶ
186 996 267 1029 αὐτὸς
292 996 386 1023 ἑαυτὸν
411 995 582 1031 Χριστιανόν.
616 993 827 1030 Συναπήχθησαν
854 990 902 1020 οὖν

111 1043 208 1078 ἄμφω,
226 1042 302 1078 φησὶ,
315 1042 363 1070 καὶ
387 1041 459 1070 κατὰ
478 1042 527 1077 τὴν
550 1041 608 1068 ὁδὸν
630 1040 745 1076 ἠξίωσεν
768 1038 900 1075 ἀφεθῆναι

112 1088 189 1123 αὐτῷ
203 1087 254 1115 ὑπὸ
269 1088 317 1115 τοῦ
325 1087 461 1115 Ἰακώϐου.
470 1087 499 1114 '0
511 1087 549 1119 δὲ,
565 1086 654 1121 ὀλίγον
667 1085 846 1121 σκεψάμενος,
857 1085 901 1111 Et-

114 1133 184 1170 ρήνη
206 1142 256 1166 σοι,
273 1132 343 1166 εἷπε,
361 1134 407 1160 καὶ
428 1132 606 1168 κατεφίλησεν
628 1131 718 1158 αὐτὸν.
741 1131 796 1158 Καὶ
817 1129 902 1162 οὕτως

112 1179 265 1216 ἀμφότεροι
278 1179 346 1215 ὁμοῦ
361 1178 615 1216 ὲκαρατομήθησαν.

990 763 1028 791 De
1041 763 1092 790 hoc
1104 762 1208 790 Iacobo
1220 770 1277 790 rem
1294 771 1407 798 prorsus
1422 767 1553 793 memoria
1570 767 1679 802 dignam
1696 776 1740 796 re-

954 809 1007 836 l‘ert
1022 809 1149 838 Clemens
1163 810 1190 837 in
1205 809 1321 845 septimo
1339 809 1540 839 Institutionum
1560 813 1639 847 libro,
1658 819 1740 850 prout

952 863 1012 883 eam
1027 863 1043 882 a
1058 856 1207 890 majoribus
1220 861 1372 891 acceperat.
1389 857 1434 884 Ait
1449 858 1520 886 enim
1542 867 1615 894 eum,
1635 862 1680 896 qui
1697 861 1742 888 Ja-

953 902 1052 930 cobum
1065 902 1169 937 judicio
1183 902 1330 936 obtulerat,
1345 911 1407 930 cum
1430 904 1506 932 illum
1521 905 1636 934 vidisset
1660 908 1741 935 Chri--

953 947 989 976 sti
1017 950 1047 979 ᾖ
1075 947 1154 975 [idem
1177 947 1262 975 libere
1284 947 1470 982 conﬁtentem,
1497 956 1664 979 commotum
1687 953 1738 979 viri

916 984 940 1014 Β
953 992 1108 1020 constantia
1136 999 1166 1020 se
1179 1000 1288 1027 quoque
1303 992 1490 1021 Christianum
1504 1002 1567 1023 esse
1578 995 1737 1025 aﬂirmasse.

954 1039 1042 1067 Ambo
1065 1039 1158 1074 igitur,
1181 1039 1281 1074 inquit,
1310 1040 1392 1067 simul
1419 1040 1453 1068 ad
1478 1041 1641 1077 supplicium
1664 1043 1738 1071 ducti

954 1089 1028 1114 sunt.
1045 1084 1169 1120 Cumque
1185 1084 1255 1112 inter
1271 1086 1392 1113 eundum
1406 1092 1531 1121 rogasset
1544 1086 1676 1116 Iacobum
1693 1097 1741 1116 co-

954 1139 1024 1165 mes,
1041 1135 1071 1159 ut
1086 1131 1139 1159 sibi
1153 1131 1259 1159 veniam
1279 1131 1357 1159 daret
1374 1141 1380 1159 :
1398 1133 1537 1169 paulisper
1554 1139 1676 1163 moratus
1693 1135 1741 1163 Ja-

955 1179 1051 1212 CObus,
1068 1176 1125 1204 Pax
1150 1177 1210 1211 tibi,
1228 1177 1328 1213 inquit,
1343 1179 1491 1214 statimque
1510 1180 1586 1207 illum
1601 1181 1742 1210 osculatus

956 1229 1008 1252 est.
1024 1223 1063 1251 Ita
1080 1223 1162 1251 simul
1177 1223 1258 1250 ambo
1271 1224 1360 1260 capite
1373 1226 1492 1252 truncati
1509 1226 1647 1255 interiere.

511 1288 554 1316 Ex
564 1289 654 1317 eodem
669 1289 746 1316 libro.
758 1303 793 1308 —
804 1286 880 1321 Apud
891 1289 1010 1313 eumdem
1022 1283 1093 1310 Hist.
1113 1281 1184 1309 Eccl.
1196 1290 1234 1315 v1,
1251 1290 1276 1310 c.
1294 1283 1337 1310 M.

149 1345 220 1381 Ἤδη
234 1345 272 1377 δὲ,
289 1345 327 1377 ὡς
340 1347 354 1372 ὁ
367 1345 501 1381 μακάριος
512 1345 588 1380 ἔλεγε
603 1345 797 1381 πρεσϐύτερος,
813 1343 874 1370 ἐπεὶ
888 1343 902 1370 ὁ

111 1391 218 1426 Κύριος
234 1391 384 1423 ἀπόστολος
397 1390 434 1418 ὢν
453 1391 499 1418 τοῦ
514 1391 746 1428 Παντοκράτορος,
761 1389 901 1425 ἀπεστάλη

111 1436 184 1473 πρὸς
203 1436 354 1472 Ἑϐραίους,
370 1437 413 1464 διὰ
427 1437 590 1474 μετριότητα
605 1439 619 1464 ὁ
631 1437 746 1471 Παῦλος,
762 1438 799 1469 ὡς
813 1437 846 1464 ἂν
862 1436 903 1468 εἰς

110 1483 146 1510 τὰ
158 1483 221 1519 ἔθνη
230 1483 444 1519 ἀπεσταλμένος,
456 1484 506 1511 οὐκ
517 1484 651 1520 ἐγγράφει
661 1483 756 1511 ἑαυτὸν
769 1482 902 1519 Ἑϐραίων

111 1529 322 1562 ἀπόστολον,διά
333 1538 363 1556 τε
379 1529 428 1565 τὴν
443 1529 511 1565 πρὸς
524 1530 571 1557 τὸν
583 1530 684 1566 Κύριον
700 1529 793 1565 τιμὴν,
811 1529 855 1555 διά
870 1537 901 1555 τε

110 1576 143 1602 τὸ
158 1576 190 1602 ὲκ
204 1576 362 1612 περιουσίας
377 1576 423 1603 καὶ
438 1578 494 1608 τοῖς
517 1576 650 1612 Ἑϐραίοις
666 1575 843 1609 ἐπιστέλλειν,
858 1575 903 1602 ιθ-

110 1622 167 1649 νῶν
181 1623 288 1658 κήρυκα
302 1623 367 1649 ὄντα
382 1623 429 1649 καὶ
447 1623 603 1650 ἀπόστολον.

989 1340 1049 1368 Jam
1063 1348 1139 1372 vero,
1157 1341 1229 1368 sicut
1250 1340 1345 1368 beatus
1360 1340 1468 1369 dicebat
1484 1342 1638 1377 presbyter,
1654 1349 1741 1377 quan-

954 1386 1099 1422 doquidem
1117 1386 1248 1414 Dominus
1262 1387 1456 1422 omnipotentis
1473 1388 1520 1416 Dei
1546 1389 1687 1423 apostolus
1707 1390 1742 1417 ad

954 1432 1083 1461 Hebraeos
1106 1433 1208 1460 missus
1227 1431 1326 1465 fuerat,
1344 1441 1399 1468 pra:
1422 1433 1556 1461 modestia
1569 1433 1680 1467 Paulus,
1698 1439 1742 1463 ut-

953 1481 1017 1514 pote
1032 1478 1078 1513 qui
1094 1478 1126 1505 ad
1146 1483 1240 1514 gentes
1260 1483 1319 1507 erat
1336 1479 1468 1514 directus,
1484 1479 1659 1508 Hebraeorum
1675 1489 1742 1517 apo.-

954 1525 1054 1554 stolum
1072 1527 1102 1553 se
1116 1525 1228 1552 minime
1241 1525 1368 1552 inscribit
1383 1535 1389 1552 :
1403 1528 1460 1553 tum
1473 1526 1508 1554 ob
1522 1535 1599 1555 suam
1613 1536 1677 1563 erga
1689 1528 1742 1555 Do-

954 1571 1059 1598 minum
1084 1571 1277 1603 reverentiam,
1296 1574 1352 1598 tum
1378 1571 1452 1606 quod
1475 1580 1509 1599 ex
1530 1573 1679 1601 abundanti
1706 1575 1741 1602 ad

955 1617 1082 1644 Hebraeos
1098 1617 1157 1652 ipse
1172 1616 1292 1652 gentium
1308 1625 1397 1652 przeco
1421 1622 1447 1645 et
1473 1619 1614 1653 apostolus
1640 1621 1742 1648 scribe-

954 1669 1007 1692 ret.

622 1721 665 1749 E1
675 1722 765 1749 eodem
777 1722 854 1749 libro.
873 1737 908 1742 —
921 1721 1023 1750 Ibidem
1041 1723 1121 1756 paulo
1138 1727 1206 1757 post.

148 1781 202 1808 Τοῦ
216 1782 321 1818 Πέτρου
338 1782 454 1818 δημοσίᾳ
468 1783 497 1808 ὲν
517 1782 610 1819 Ῥώμῃ
622 1780 787 1818 κηρύξαντος
801 1781 846 1808 τὸν
859 1780 901 1808 λό-

990 1781 1058 1809 Cum
1075 1781 1173 1810 Petrus
1190 1782 1218 1809 in
1238 1782 1304 1810 urbe
1322 1781 1408 1810 Roma
1422 1783 1535 1811 verbum
1561 1783 1608 1811 Dei
1633 1784 1741 1819 publice

110 1836 170 1862 γον,
189 1828 235 1854 καὶ
257 1827 398 1863 Πνεύματι
421 1828 452 1855 τὸ
477 1828 641 1863 Εὑαγγέλιον
662 1827 825 1860 ἐξειπόντος,
841 1827 904 1858 τοὺς

111 1873 250 1908 παρόντας
272 1873 386 1905 πολλοὺς
408 1874 486 1906 ὄντας
510 1873 698 1910 παρακαλέσαι
719 1873 764 1899 τὸν
780 1872 903 1909 Μάρκον,

110 1920 150 1952 ὡς
164 1919 198 1946 ἂν
215 1919 433 1955 ἀκολουθήσαντα
451 1920 525 1956 αύτῷ
544 1919 685 1956 πόρρωθεν
700 1919 748 1946 καὶ
764 1918 905 1954 μεμνημέ-

111 1974 157 1992 νον
173 1965 228 1992 τῶν
241 1966 402 2001 λεχθέντων,
416 1966 572 2002 ἀναγράψαι
593 1965 628 1992 τὰ
653 1964 800 2001 εἰρημένα·
825 1964 905 2000 ποιή-

112 2020 198 2039 σαντα
218 2012 248 2038 δὲ
268 2013 299 2038 τὸ
321 2012 496 2046 Εὑαγγέλιον,
514 2012 673 2048 μεταδοῦναι
693 2012 750 2043 τοῖς
768 2010 903 2046 δεομένοις

111 2057 298 2093 αὒτοῦ.”οπερ
321 2058 467 2092 ἐπιγνόντα
487 2058 532 2085 τὸν
556 2058 669 2094 Πέτρον,
697 2057 903 2093 προτρεπτικῶς

113 2104 182 2139 μήτε
196 2103 316 2130 κωλῦσαι
329 2104 398 2140 μήτε
413 2103 614 2140 προτρέψασθαι
625 2112 632 2118 ”
643 2103 689 2130 τὸν
707 2103 797 2138 μέντοι
812 2102 905 2129 Ἰωάν-

109 2157 160 2184 νην
185 2149 308 2184 ἐοχατον,
335 2149 474 2176 συνιδόντα
495 2150 536 2176 ὅτι
559 2149 594 2176 τὰ
617 2148 760 2185 σωματικὰ
788 2149 817 2176 ὲν
847 2149 905 2181 τοῖς

109 2194 288 2228 Εὐαγγελίοις
304 2195 461 2231 δεδήλωται,
476 2195 667 2232 προτραπέντα
689 2195 741 2222 ὑπὸ
762 2195 815 2222 τῶν
832 2203 902 2229 γνω-

111 2241 209 2276 ρίμων,
217 2241 360 2278 Πνεύματι
375 2242 581 2278 θεοφορηθέντα,
592 2242 775 2278 πἰευματικδν
787 2241 899 2276 ποιῆσαι

108 2286 285 2322 Εὐαγγέλιον.

952 1828 1140 1864 praedicasset,
1155 1831 1182 1855 et
1197 1827 1300 1863 Spiritu
1329 1833 1423 1856 sancto
1440 1829 1546 1856 al‘llatus
1565 1829 1742 1865 Evangelium

952 1874 1163 1909 promulgasset,
1181 1874 1260 1900 multi
1274 1874 1320 1908 qui
1337 1873 1452 1902 aderant
1467 1874 1588 1901 Marcum
1605 1875 1741 1903 cohortati

952 1924 1026 1952 sunt,
1043 1924 1138 1955 utpote
1152 1919 1198 1954 qui
1221 1919 1331 1947 Petrum
1345 1919 1507 1955 jamdudum
1530 1925 1649 1948 sectatus
1672 1922 1741 1949 fuis-

953 1970 1003 1997 set.
1021 1969 1049 1993 et
1063 1966 1137 1993 dicta
1149 1965 1209 2000 ejus
1223 1965 1354 1992 memoria
1369 1968 1484 1998 teneret,
1501 1970 1530 1993 ut
1543 1973 1604 2000 qua:
1620 1966 1654 1994 ab
1674 1974 1741 2001 apo-

954 2011 1024 2038 stolo
1043 2009 1189 2045 praedicata
1208 2013 1287 2037 erant
1311 2009 1507 2037 conscriberet.
1525 2010 1634 2037 Marcus
1657 2010 1741 2045 igitur

953 2055 1128 2090 Evangelium
1141 2055 1305 2090 composuit,
1321 2055 1409 2090 iisque
1424 2055 1471 2090 qui
1491 2054 1557 2082 illud
1569 2054 1603 2082 ab
1620 2054 1679 2089 ipso
1695 2062 1741 2082 ro-

952 2101 1053 2137 gabant
1066 2101 1204 2136 impertiit.
1218 2100 1295 2134 Quod
1311 2108 1372 2128 cum
1385 2100 1482 2128 Petrus
1491 2100 1680 2135 comperisset,
1689 2108 1740 2128 nec

952 2145 1092 2182 prohibuit
1104 2146 1216 2174 omnino
1232 2154 1289 2174 rem
1305 2145 1373 2178 ﬁeri,
1391 2153 1441 2173 nec
1458 2150 1488 2173 ut
1504 2145 1590 2177 ﬁeret,
1604 2145 1738 2172 incitavit.

952 2192 986 2219 At
1009 2191 1128 2219 Joannes
1153 2191 1275 2219 omnium
1300 2195 1466 2226 postremus,
1494 2198 1557 2219 cum
1585 2191 1687 2218 videret
1711 2192 1738 2219 in

953 2237 1092 2273 (aliorum)
1100 2238 1253 2273 Evangeliis
1266 2245 1308 2271 ea,
1318 2245 1378 2273 quae
1391 2238 1425 2264 ad
1441 2245 1543 2272 corpus
1557 2237 1659 2265 Christi
1675 2245 1738 2272 per-

952 2283 1051 2317 tinent,
1067 2283 1168 2311 tradita
1183 2291 1255 2316 esse,
1270 2284 1328 2319 ipse
1344 2283 1437 2311 divino
1450 2282 1555 2318 Spiritu
1566 2283 1671 2311 amatus
1682 2283 1739 2318 spi-

952 2329 1006 2356 tale
1032 2329 1209 2366 Evangelium
1234 2329 1410 2357 familiarium
1426 2337 1539 2357 suorum
1556 2332 1652 2364 rogatu
1672 2336 1739 2355 con~

952 2375 1071 2409 scripsit.

903 2489 933 2517 X

728 2555 730 2558 '
744 2546 824 2581 375
842 2548 1089 2579 FRAGMENTA

502 2611 547 2640 Ex
562 2609 734 2640 Clementis
750 2611 958 2644 Alexandrini
975 2613 1057 2644 libro
1069 2614 1112 2643 De
1124 2613 1338 2644 Providentia.

639 2670 688 2704 Ap.
705 2669 734 2697 S.
752 2670 911 2705 Maximum,
925 2672 991 2708 Opp.
1009 2679 1029 2701 ι.
1046 2672 1078 2705 ll,
1094 2681 1119 2708 ρ.
1138 2674 1199 2702 144.

141 2730 224 2758 Οὒσία
233 2729 311 2757 ἐστὶν
321 2728 369 2755 ἐπὶ
380 2727 457 2754 Θεοῦ.
471 2728 537 2760 Θεὸς
549 2729 628 2756 οὐσία
640 2728 700 2756 θεία
716 2729 799 2762 ἐστὶν,
813 2730 896 2757 ὰῖδιόν

106 2785 132 2804 τι
144 2777 190 2804 καὶ
204 2777 335 2812 ἄναρχον,
352 2773 496 2809 ἀσώματόν
519 2784 550 2803 τε
568 2775 615 2801 καὶ
637 2775 834 2810 ἀπερίγραφον,
850 2777 896 2803 καί

105 2823 157 2850 ὠν
177 2823 262 2849 ὅντων
287 2821 384 2848 αἴτιον.
403 2820 487 2847 Οὐσίσ.
509 2821 567 2847 ἐστὶ
591 2820 621 2846 τὺ
637 2820 670 2847 δι’
687 2821 747 2846 ὅλου
762 2821 894 2855 ὑφεστὼς.

142 2903 171 2932 ρει
193 2899 224 2926 P.
243 2898 314 2926 1007
333 2902 361 2926 et
375 2906 432 2933 scq.
452 2898 507 2925 El).
530 2897 682 2931 ror‘rnn,
699 2899 811 2932 passim.

987 2731 1144 2759 Substantia
1159 2733 1186 2760 in
1200 2732 1256 2760 Deo
1267 2738 1319 2761 est.
1333 2733 1404 2761 Deus
1417 2733 1506 2760 divina
1519 2733 1671 2760 substantia
1683 2737 1735 2764 est.

950 2778 1144 2812 sempiternum
1171 2778 1273 2813 aliquid
1299 2779 1443 2814 omnisque
1474 2779 1598 2813 principii
1627 2786 1735 2812 expers,

950 2822 1198 2859 incorporeumque
1225 2827 1252 2851 et
1277 2824 1555 2858 incircumscriptum,
1584 2831 1615 2851 ac
1645 2831 1736 2852 rerum
