1927 3074
209 184 252 211 ἶῦΙ
773 186 968 215 CLEMENTIS
987 187 1221 216 ALEXANDRINI

1788 194 1836 221 752

204 246 312 269 auctor.
335 241 492 270 Substantia
505 248 558 275 est,
569 243 642 279 quod
653 244 773 280 undiquc
786 251 850 273 vere
864 246 999 274 exsistens

1051 248 1134 279 Φύσις
1151 247 1225 274 εστὶν
1243 246 1329 282 ή’τῶν
1343 249 1511 284 πραγμάτων
1522 249 1646 285 ἀλήθεια,
1662 250 1679 285 ἦ
1693 250 1796 277 τούτων
1810 252 1837 278 τὺ

203 288 242 324 (id
259 293 302 317 est
317 289 481 324 subsistens)
493 293 523 321 >11
542 293 594 318 est.
606 289 707 318 Natura
733 297 826 318 rerum
842 292 943 319 veritas
953 297 995 319 est

204 336 246 364 vel
264 343 357 364 rerum
374 336 543 368 substantia,
563 336 630 368 sive,
649 339 678 364 ut
690 336 737 363 alii
754 336 886 370 sentiunt,
902 345 998 365 eorum

204 389 264 417 qua:
281 382 308 410 in
331 389 423 410 rerum
441 385 568 409 naturam
583 382 783 417 producuntur,
802 383 942 418 generatio
958 387 1000 410 at-

203 437 257 464 que
273 429 370 464 origo;
392 432 422 455 ut
446 433 536 456 autem
551 428 608 461 alii,
637 427 684 455 Dei
711 428 892 463 providentia,
916 429 1002 456 rebus

203 482 264 510 quae
280 475 349 503 ﬁunt
365 475 418 502 hoc
432 474 540 506 indens,
554 474 627 509 quod
643 478 685 502 est
701 481 772 507 esse,
792 476 820 502 et
846 474 893 501 tali
918 474 999 502 modo

203 528 275 549 εςεῑ.

1047 294 1168 321 ἑνούσιον
1180 302 1187 309 ·
1203 293 1274 331 κατὰ
1297 294 1326 321 δὲ
1347 295 1409 328 τοὺς
1430 295 1537 329 ἄλλους,
1558 296 1575 331 ἡ
1591 295 1647 322 τῶν
1668 297 1709 328 εἰς
1727 297 1758 323 τδ
1771 294 1834 324 εἶναι

1049 340 1278 376 παραγενομένων
1292 341 1412 375 γένεσις’
1426 341 1487 368 καθ’
1501 341 1611 378 ἑτέρους
1625 342 1666 375 δὲ,
1678 342 1697 378 ἡ
1711 342 1758 369 τοῦ
1772 342 1835 371 Θεοῦ

1050 386 1162 422 πρόνοια
1183 386 1334 422 ἐμποιοῦσα
1355 388 1412 420 τοῖς
1432 387 1584 423 γινομένοις
1603 388 1635 415 τὸ
1652 385 1735 422 εἶναι,
1751 388 1836 416 καὶτὸ

1049 441 1109 464 πως
1124 442 1137 459 ε
1143 442 1193 460 ,ναι
1198 454 1203 460 .

805 590 856 625 Ap.
874 591 1005 623 eumdem,
1021 589 1086 617 ibid.
1102 596 1128 623 ρ.
1145 587 1208 616 152.

240 659 373 689 Voluntas
385 663 428 688 es't
443 661 577 689 naturalis
597 660 714 688 facultas
739 659 799 695 ejus
813 658 887 695 quod
902 662 944 687 est
959 666 993 686 ex

201 711 301 735 natura
315 707 459 742 appetendi
476 707 532 735 vim
547 707 661 735 habens.
674 706 808 734 Voluntas
823 709 866 734 est
880 710 993 732 natura-

200 753 235 780 !is
251 753 399 788 appetitus,
414 757 519 781 natura:
531 753 618 781 utenti
633 753 741 780 ratione
755 750 990 780 conveniens.Vo-

201 797 294 826 lnntas
310 798 444 826 naturalis
460 802 502 826 est
517 798 618 825 mentis
641 797 684 826 sui
711 797 821 825 arbitra!
851 800 942 824 motus
957 796 992 823 li-

201 843 264 877 ber;
283 843 340 871 sive
357 851 436 871 mens
450 851 511 879 quae
527 844 600 872 circa
612 843 714 879 aliquid
730 843 814 871 libere
831 846 989 876 m0veatur;

200 893 248 916 aut
266 889 442 925 intelligentis
453 889 536 917 animi
551 892 643 918 motus
657 889 700 917 sui
715 888 816 917 arbiter
833 895 864 916 ac
879 892 985 924 potens.

975 1065 1031 1095 XI.

1080 657 1195 694 Θέλησίς
1216 658 1275 684 ἐστι
1291 657 1392 693 φυσικὴ
1412 657 1527 693 δύναμις
1541 656 1589 684 τοῦ
1612 658 1685 685 κατὰ
1699 658 1783 692 φύσιν
1797 659 1837 685 δν.

1044 711 1090 735 τος
1099 702 1243 738 ὀρεκτική.
1260 702 1375 738 Θέλησίς
1385 703 1444 729 ἐστι
1452 702 1555 738 φυσικὴ
1574 702 1676 738 ὄρεξις,
1691 702 1784 739 τῇτοῦ
1797 703 1826 730 λο

1044 747 1124 784 γικοῦ
1134 747 1214 783 φύσει
1222 747 1515 785 κατάλληλος.Θέλησίς
1521 749 1579 775 ἐστι
1588 748 1692 785 φυσικὴ
1700 749 1834 785 αὐτοκρὰ-

1042 801 1122 829 τορος
1129 792 1175 820 νοῦ
1186 792 1318 830 [κίνησις]
1335 793 1518 827 αὑτεξούσιος,
1530 794 1546 830 ἢ
1556 793 1688 831 νοῦςπερί
1699 803 1727 821 τι
1743 795 1834 822 αὐθαι-

1042 838 1128 874 ρέτως
1143 837 1310 874 κινούμενος.
1328 838 1539 875 Δὺτεξουσιότης
1549 839 1608 866 ἐστὶ
1623 839 1688 872 νοῦς
1698 842 1772 868 κατὰ
1787 840 1834 875 φύ-

1041 892 1084 911 σιν
1103 884 1279 921 κινούμενος,
1304 885 1322 921 ἢ
1344 885 1425 921 νοερὰ
1449 886 1499 921 τῆς
1523 885 1612 922 ψυχῆς
1633 887 1743 923 κίνησις
1759 887 1834 915 αὐτο-

1041 930 1157 965 κρατής.

881 1137 1144 1170 FRAGMENTA.

635 1207 684 1238 Ex
701 1206 875 1239 Clementis
890 1207 1102 1240 Alexandrini
1115 1208 1197 1241 libro
1218 1209 1262 1240 De
1277 1209 1394 1241 anima.

518 1282 579 1317 (Αρ.
598 1281 843 1317 unimanum.
858 1283 902 1316 55,
923 1283 962 1311 De
979 1291 1005 1311 at

1043 1290 1083 1315 ua,
1105 1291 1133 1318 ρ.
1146 1282 1208 1317 156,
1224 1288 1249 1312 et
1259 1284 1405 1312 Antonium
1418 1282 1579 1322 Μειίεωηις)

234 1344 370 1374 Omnibus
387 1344 483 1374 solulm
500 1353 532 1373 ac
547 1346 716 1381 respirantes
730 1346 828 1373 animae
847 1345 931 1373 vitam
945 1345 992 1373 ha-

1077 1345 1190 1373 Πάντων
1206 1346 1388 1374 ἀναπνέωσαι
1403 1346 1433 1374 αι
1448 1345 1534 1383 ψυχαὶ
1549 1345 1581 1373 τὸ
1592 1344 1642 1382 ζῇν
1655 1346 1760 1382 ἔχουσι,
1781 1346 1826 1374 κᾶν

200 1391 275 1424 bent,
294 1395 321 1419 et
345 1391 408 1419 licet
423 1399 438 1418 a
452 1399 568 1426 corpore
589 1395 720 1427 separata:
741 1391 890 1423 exsistant.
906 1392 989 1427 inque

196 1439 266 1467 illud
288 1440 425 1467 desiderio
449 1438 585 1472 ferantur,
600 1439 629 1466 in
645 1438 692 1466 Dei
707 1443 798 1466 tamen
817 1439 907 1466 sinum
921 1446 988 1466 evo-

198 1487 256 1513 lant
270 1486 456 1519 immortales;
472 1485 546 1513 haud
561 1493 643 1513 secus
655 1492 688 1512 ac
699 1485 816 1513 hiberna
828 1488 989 1520 tempestate

196 1531 299 1559 terreni
312 1539 430 1568 vapores
453 1530 538 1560 radiis
559 1531 627 1560 solis
649 1530 770 1564 attracti,
787 1538 883 1559 versus
897 1530 988 1567 ipsum

198 1577 334 1606 feruntur.

1039 1391 1194 1428 χωρισθῶσι
1215 1391 1262 1419 τοῦ
1280 1391 1406 1428 σώματος
1423 1392 1471 1420 καὶ
1487 1392 1533 1419 τὸν
1549 1393 1589 1425 εἰς
1610 1393 1678 1420 αὐτὸ
1700 1393 1828 1429 comam

1037 1438 1122 1466 πόθον
1134 1438 1254 1474 ἔχουσαι,
1271 1438 1312 1470 εις
1321 1438 1368 1466 τὸν
1377 1438 1424 1466 τοῦ
1437 1438 1504 1466 Θεοῦ
1515 1438 1615 1466 κόλπον
1627 1439 1757 1475 φέρονται
1767 1439 1829 1467 ἀθᾶ-

1038 1491 1128 1511 νατοιθ
1145 1483 1184 1516 ὡς
1209 1484 1240 1510 ὲν
1264 1483 1398 1520 χειμῶνος
1413 1483 1517 1521 ὥρα¹οῐ
1539 1485 1621 1520 ἀτμοὶ
1636 1485 1688 1521 τῆς
1701 1485 1766 1521 γῆς,
1779 1485 1828 1511 ὑπὸ

1037 1529 1093 1556 τῶν
1117 1527 1165 1556 τοῦ
1187 1529 1264 1565 ἡλίου
1279 1529 1396 1558 ἀκτίνων
1411 1530 1597 1566 ἐφελκόμενοι,
1614 1531 1747 1566 φέρονται
1764 1530 1828 1566 πρὸς

1039 1575 1131 1603 αὐτόν.

317 1645 382 1673 Hec
396 1646 528 1673 sententia
537 1653 639 1681 quoque
654 1645 751 1681 legitur
765 1644 823 1672 cod.
842 1644 905 1678 145,
922 1643 1005 1673 Barot

1043 1664 1048 1677 ,
1064 1652 1120 1680 cap.
1141 1644 1210 1681 Περὶ
1222 1645 1367 1682 ὲπιμελὶας
1383 1645 1483 1682 ψυχῆς,
1499 1646 1547 1682 fol.
1567 1646 1630 1680 181,
1643 1654 1670 1682 p.
1686 1647 1719 1674 L~

232 1717 403 1745 [mmortales
416 1718 481 1744 sunt
494 1722 590 1743 omnes
602 1714 713 1748 animae,
725 1714 807 1742 etiam
819 1713 965 1750 impiorum
978 1735 987 1749 ,

196 1765 298 1801 quibus
319 1765 471 1799 praestaret,
487 1761 561 1789 haud
581 1769 643 1790 esse
665 1760 898 1797 incorruptibiles.
919 1760 989 1789 Dum

195 1810 271 1839 enim
299 1809 371 1846 ignis
402 1807 633 1844 inexstinguibilis
659 1811 798 1844 .perpetuo
827 1811 990 1844 torquentur

196 1856 341 1892 supplicio,
357 1863 409 1883 nec
437 1862 559 1891 unquam
585 1854 753 1888 moriuntur,
782 1854 888 1883 nullum
915 1855 989 1883 malo

195 1909 248 1931 suo
259 1903 340 1931 linem
355 1901 478 1930 nancisci
493 1905 619 1938 possunt.

1081 1715 1221 1744 Ἀθάνατοι
1242 1717 1329 1745 πᾶσαι
1356 1718 1384 1745 αἱ
1406 1717 1500 1754 ψυχαὶ,
1516 1718 1564 1746 καὶ
1583 1718 1639 1745 τῶν
1653 1719 1770 1753 ἀσεϐῶν,
1786 1717 1828 1752 αἷς

1038 1762 1149 1798 ἄμεινον
1170 1760 1205 1799 ἦν
1227 1762 1266 1800 μὴ
1289 1763 1444 1800 ἀφθάρτους
1465 1763 1543 1791 εἶναι.
1564 1765 1754 1801 Κολαζόμεναι
1775 1766 1826 1801 γὰρ

1039 1808 1093 1836 ὑπὸ
1106 1808 1154 1836 τοῦ
1168 1809 1301 1837 ἀσϐέστου
1318 1809 1404 1846 πυρὸς
1420 1810 1566 1847 ἀπεράντῳ
1577 1811 1699 1848 τιμωρίᾳ
1721 1812 1768 1839 καὶ
1790 1812 1825 1848 μὴ

1039 1854 1214 1892 θνήσκουσαι,
1230 1856 1277 1884 ὲπὶ
1299 1856 1377 1893 κακῷ
1398 1856 1438 1893 τῷ
1461 1856 1564 1885 ἑαυτῶν
1578 1858 1654 1891 τέλος
1668 1856 1763 1886 λαϐεῖν
1778 1859 1824 1885 οὐκ

1038 1900 1158 1936 ἔχουσιν.

975 2042 1046 2074 ΧΠ.

448 2115 678 2154 Fragmentum
694 2121 734 2144 ex
749 2111 924 2144 Clementis
937 2111 1150 2145 Alexandrini
1162 2113 1248 2145 libro
1265 2111 1309 2144 De
1324 2110 1562 2146 obtrectatione.

281 2192 329 2226 Ap.
346 2191 445 2219 Anton.
462 2189 577 2223 Malim,
591 2189 639 2219 lib.
654 2188 689 2223 ll,
704 2197 784 2217 term.
797 2189 842 2225 69,
861 2189 900 2218 De
913 2190 1146 2220 obtrectatoribus
1158 2194 1186 2219 et
1198 2190 1375 2225 contumelia,
1391 2189 1478 2219 Grec.
1493 2198 1576 2218 :erm.
1592 2189 1637 2223 54,
1655 2197 1683 2225 ρ.
1697 2189 1744 2218 87.

229 2259 283 2289 Fac
297 2268 437 2296 nunquam
451 2261 604 2289 reverearis
620 2268 695 2294 eum,
710 2260 758 2296 qui
775 2259 847 2296 apud
864 2265 890 2288 te
908 2259 987 2287 alteri
1001 2270 1005 2290 ι

1075 2261 1218 2297 Μηδέποτε
1243 2261 1369 2297 αἰδεσθῇς
1395 2260 1441 2288 τὸν
1464 2260 1532 2298 πρὸς
1559 2260 1590 2287 σὲ
1611 2258 1824 2290 καταλαλῶν-ια,

194 2306 322 2338 detrahit,
337 2306 385 2334 sed
407 2306 498 2342 potius
514 2306 591 2334 illum
606 2307 647 2334 sic
660 2313 782 2339 moneas,
800 2306 895 2334 dicens
911 2315 917 2333 :
936 2305 985 2334 De-

195 2353 266 2384 sine,
280 2352 381 2385 frater;
396 2359 446 2387 ego
471 2350 594 2387 quotidie
616 2352 728 2389 gravius
749 2352 827 2380 labor
846 2356 874 2380 et
888 2359 983 2388 pecco,

194 2401 222 2424 et
243 2397 291 2433 qui
305 2405 417 2433 possum
434 2398 511 2425 illum
530 2398 731 2426 condemnare?
755 2398 829 2426 Duos
854 2400 926 2425 enim
943 2397 985 2424 Iu-

193 2443 325 2476 craberis,
343 2451 397 2471 uno
419 2444 570 2478 emplastro
585 2448 612 2472 et
625 2447 653 2472 te
668 2445 770 2480 ipsum,
785 2448 812 2472 et
828 2444 984 2480 proximum

193 2496 309 2517 sanans.

1035 2307 1134 2342 μᾶλλον
1156 2307 1185 2334 δὲ
1205 2307 1268 2342 λέγε
1280 2316 1287 2323 ·
1311 2307 1428 2339 Παῦσαι,
1442 2306 1556 2341 ἀδελφέ·
1575 2306 1631 2341 ἐγὼ
1643 2305 1706 2332 καθ’
1717 2303 1826 2341 ἡμέραν

1034 2352 1211 2389 χαλεπώτερα
1225 2353 1324 2387 πταίω,
1338 2353 1385 2380 καὶ
1407 2353 1466 2385 πῶς
1484 2354 1588 2380 ἐκεῖνον
1604 2352 1767 2388 ητακρῖναι
1779 2352 1826 2378 δύ-

1035 2407 1134 2435 ναμαις
1158 2400 1210 2426 Δύο
1223 2399 1277 2436 γὰρ
1301 2400 1449 2436 κερδανεῖς,
1463 2400 1493 2427 ὲν
1516 2400 1566 2436 μιᾷ
1591 2398 1759 2436 ἐμπλάατρῳ
1778 2398 1826 2426 καὶ

1037 2445 1148 2472 σεαυτὸν
1164 2444 1269 2472 καὶτὸν
1285 2444 1397 2481 πλησίον
1413 2444 1568 2480 ἰασάμενος.

227 2577 290 2615 llaec
313 2577 342 2606 in
359 2578 394 2606 iis
421 2577 571 2606 Clementis
588 2579 678 2615 libris,
693 2587 763 2615 quos
787 2580 950 2614 supersmes
967 2578 1116 2615 habemus,
1131 2586 1267 2614 nusquam
1292 2579 1421 2615 reperire;
1440 2582 1500 2615 est,
1521 2585 1554 2606 ac
1577 2577 1693 2614 proinde
1708 2585 1825 2614 pronum

192 2614 334 2650 colligere,
350 2615 427 2650 quod
449 2615 585 2641 sententia
605 2614 658 2642 ista
678 2613 714 2642 sit
735 2613 919 2650 fragmentum
935 2614 1068 2649 deperditi
1090 2614 1152 2641 libri
1172 2613 1243 2648 Περὶ
1256 2613 1450 2647 κατάλαλιᾶς,
1467 2614 1505 2641 De
1522 2613 1723 2650 coniectatione,

191 2648 330 2685 Eusebius
348 2649 591 2685 irite‘riclemcntis
611 2647 791 2677 Alexandrini
813 2658 896 2685 opera
910 2647 1047 2682 recenset,
1066 2650 1194 2684 quoniam
1211 2647 1245 2676 ab
1266 2649 1385 2676 Antonio
1408 2650 1442 2685 in
1455 2657 1539 2676 serm.
1560 2649 1629 2684 Περὶ
1644 2647 1827 2685 καταλαλούν-

189 2692 245 2720 των
258 2684 305 2710 καὶ
324 2684 387 2719 περὶ
404 2683 511 2720 ὖᾷρεως
522 2685 813 2718 allegatur.C2eterum
830 2683 877 2720 qui
889 2685 1049 2719 praescripta
1066 2683 1083 2711 τί
1101 2685 1246 2720 Clementer
1264 2685 1347 2712 verba
1368 2685 1396 2711 in
1416 2684 1491 2712 dicto
1505 2691 1571 2720 casu
1588 2683 1712 2720 adhibet,
1731 2688 1759 2712 et
1779 2691 1825 2712 Se-

193 2719 283 2754 ipsum
302 2726 403 2747 sanare
416 2718 530 2753 dicitur,
550 2719 614 2746 dum
629 2725 742 2754 peccata
761 2727 811 2748 sua
823 2718 981 2753 confitetur,
1002 2718 1029 2747 et
1042 2719 1210 2755 proximum,
1231 2719 1298 2747 dum
1317 2727 1379 2748 eum
1396 2719 1467 2748 bene
1479 2718 1678 2754 reprehendit:

195 2806 315 2834 ostendit
337 2807 410 2842 quod
426 2815 490 2836 vere
507 2808 608 2836 malum
624 2813 675 2837 est.
693 2808 828 2842 Quocirca
845 2809 983 2844 sapienter

195 2852 331 2888 disposuit
359 2853 441 2886 Deus,
458 2858 488 2881 ut
514 2855 557 2884 his
582 2855 762 2888 argumentis.
788 2863 842 2884 uuo
865 2855 981 2891 quisque

194 2899 285 2928 animo
299 2901 344 2934 sit,
363 2905 540 2931 monstretur.
828 2901 835 2904 ⁷

1034 2809 1151 2836 δεικνύει
1174 2809 1205 2836 τδ
1227 2809 1311 2842 ὅντως
1336 2810 1513 2837 κακόν.”ΟΘεν
1532 2810 1576 2850 διᾲ
1595 2809 1650 2837 τῶν
1671 2808 1824 2837 ὑποθέσεων

1033 2854 1134 2881 τούτων
1156 2856 1345 2891 ἐπιμνήσατο
1360 2856 1375 2882 ὁ
1390 2856 1456 2888 Θεὸς
1471 2856 1626 2892 φανερῶσαι
1642 2856 1692 2884 τὶν
1708 2854 1821 2883 ἐκμάσέαί

1032 2901 1161 2930 διάθεσιν.
