1927 3074
208 160 262 187 ’75ἰί

825 159 1020 187 CLEMENTIS
1040 159 1269 187 ALEXANDRINI

1779 162 1826 191 736

207 220 272 247 bum
287 219 389 253 ipsum,
402 217 454 245 hoc
468 221 512 246 est
525 216 611 245 Filius
627 217 675 246 Dei
691 218 840 246 secundum
854 219 993 254 tequalita-
1008 221 1030 249 Α
1045 219 1172 246 stantiam
1201 221 1228 245 et
1255 225 1316 244 cum
1334 217 1466 252 subjectis
1481 217 1582 252 angelis
1599 221 1625 243 et
1645 217 1825 252 archangelis,

208 270 263 293 tem
275 265 434 293 substantiae
446 272 529 292 unum
542 272 602 291 cum
613 264 693 292 Patre
703 266 837 296 consistit.
850 266 992 301 sempiter—

209 319 275 339 num
289 314 331 339 est
349 314 376 338 et
391 310 519 338 infectum
538 320 544 337 :
561 310 633 345 quod
654 319 762 346 semper
787 315 845 338 erat
860 311 989 345 Verbum,

209 356 379 391 signiﬁcatur
393 356 507 383 dicendo
520 375 527 387 ,
545 356 571 382 in
595 357 724 391 principio
747 361 804 382 erat
834 355 948 383 Verbum
964 363 989 384 α.

210 401 287 436 Quod
313 409 376 429 vero
401 401 488 433 dixit,
501 402 570 436 quod
585 402 696 429 uidimus
711 402 795 429 oculis
810 403 923 434 nostris,
936 402 991 429 Do-

210 448 275 475 mini
291 447 424 483 signiﬁcat
439 448 466 474 in
483 455 566 474 carne
581 448 753 482 praesentiam
766 467 773 480 ,
790 453 815 474 et
829 457 933 479 manus,
949 449 992 476 in-

209 493 269 528 quit
297 492 397 528 (ibid.),
418 497 515 520 nostra:
531 498 758 520 coutrcctaueruut
773 493 805 520 de
829 493 905 521 verba
921 495 989 522 vilw.

209 537 268 565 Non
285 539 372 565 solum
385 545 494 565 carnem
503 539 573 573 ejus,
582 539 629 566 sed
644 539 725 566 etiam
741 539 855 568 virtutes
868 540 990 574 ejusdem

210 583 270 610 Filii
288 584 433 619 significat,
447 585 518 612 sicut
534 584 627 612 radius
644 585 711 612 solis
726 593 812 620 usque
827 585 860 612 ad
879 586 934 613 haec
950 587 992 612 in-

209 629 271 656 ﬁma
287 630 345 656 loca
360 630 557 664 pertransiens,
571 630 618 665 qui
635 629 727 658 radius
743 631 768 657 in
784 638 866 658 carne
882 631 992 659 veniens

209 675 352 710 palpabilis
364 675 452 703 factus
467 681 508 703 est
524 676 675 710 discipulis.
692 675 790 702 Fertur
809 683 874 711 ergo
895 677 922 703 in
938 681 992 703 tra-

209 721 367 752 ditionibus,
383 721 513 756 quoniam
537 721 658 749 Joannes
680 721 768 756 ipsum
793 729 895 756 corpus
919 723 992 757 quod

209 770 268 793 erat
281 767 453 794 extrinsecus
465 771 590 802 tangens,
602 775 711 794 manum
725 775 802 794 suam
819 767 846 794 in
858 767 993 802 profunda

208 811 326 844 misisse,
343 816 370 839 et
382 812 407 840 ei
422 812 550 839 duritiam
567 812 658 840 carnis
680 813 755 839 nullo
779 813 859 840 modo
876 814 993 841 relucta-

209 861 264 884 tam
281 865 351 890 esse,
368 858 416 885 sed
444 858 532 885 locum
562 858 654 885 manui
681 859 830 894 przebuisse
854 859 990 894 discipuli.

1041 272 1103 290 cum
1118 264 1218 298 qni-bus
1238 267 1370 290 vocantur
1388 264 1536 298 aequivoce,
1553 263 1676 290 diversas
1692 264 1826 298 operatio-

1041 317 1090 336 nes
1105 309 1235 336 elﬁciunt.
1254 308 1299 336 Sic
1318 309 1401 336 etiam
1427 313 1454 336 et
1478 308 1584 344 Moyses
1602 309 1716 336 Michael
1741 311 1825 345 angeli

1041 355 1169 382 virtutem
1185 363 1233 390 per
1247 355 1368 382 vicinum
1390 355 1441 383 sibi
1457 359 1483 382 et
1501 355 1621 382 inﬁmum
1638 356 1766 389 angelum
1782 364 1825 383 vo-

1041 405 1094 427 cat.
1105 400 1238 428 Similiter
1248 409 1359 436 quoque
1368 401 1396 428 in
1407 402 1545 436 prophetis
1554 403 1655 429 sanctis
1663 402 1825 435 invenimus,

1041 446 1089 473 sed
1104 445 1188 482 Moysi
1213 446 1323 481 quidem
1349 447 1519 482 propinquus
1539 455 1571 474 ac
1592 447 1701 475 vicinus
1715 449 1826 482 angelus

1042 491 1176 526 apparuit.
1193 491 1336 519 Exaudivit
1351 500 1425 525 eum,
1441 496 1468 520 et
1480 493 1588 520 locutus
1601 493 1626 520 ei
1640 492 1762 528 Moyses,
1774 502 1827 520 ma-

1041 537 1139 565 nifeste
1154 537 1223 565 facie
1238 537 1271 565 ad
1298 538 1405 565 faciem.
1427 538 1496 565 Aliis
1521 543 1608 566 autem
1632 539 1777 574 prophetis
1787 547 1826 567 ses

1041 582 1160 610 cundum
1189 583 1374 618 operationem
1408 585 1565 619 angelorum
1595 588 1692 611 motus’
1719 585 1826 620 quidam

1043 627 1140 660 ﬁebat,
1158 629 1240 656 veluti
1265 629 1433 656 audientium
1450 637 1481 656 ae
1497 630 1657 657 videntium.
1682 630 1789 658 Idcirco
1802 636 1827 658 et

1042 673 1093 700 soli
1108 674 1275 705 audiebant,
1291 675 1396 709 solique
1422 675 1584 707 cernebant,
1607 675 1681 703 sicut
1696 681 1724 703 et
1741 677 1767 703 in
1781 676 1827 703 Sa~

1042 718 1131 746 muele
1157 719 1346 747 manifestatur
1359 725 1391 753 ες
1409 719 1523 748 Eliszeus
1544 721 1624 748 etiam
1641 722 1718 748 solus
1734 723 1826 750 audie-

1042 764 1088 791 bat
1100 772 1191 792 vocem
1202 785 1210 798 ,
1225 773 1279 800 qua
1293 771 1405 794 vocatus
1419 770 1461 794 est
1479 767 1502 792 τ.
1531 765 1559 793 Si
1577 771 1667 795 autem
1687 773 1763 796 esset
1778 777 1828 795 ma-

1043 810 1141 838 nifesta
1158 815 1184 838 et
1201 813 1354 840 communis
1375 820 1438 844 vox,
1454 812 1489 839 ab
1504 812 1631 840 omnibus
1647 815 1828 848 praesentibus

1044 856 1200 889 audiretur;
1227 865 1301 883 nunc
1331 861 1420 884 autem
1444 865 1458 884 a
1475 857 1534 884 solo
1551 858 1579 884 in
1595 865 1649 893 quo
1664 859 1829 893 operabatur

209 902 324 938 Propter
337 903 410 938 quod
426 907 453 930 et
469 903 570 931 infert:
587 902 621 930 Et
632 912 724 931 manus
740 909 836 932 nostra
847 909 992 932 contrecta-
1010 897 1029 926 Β
1043 904 1134 929 motus
1149 901 1196 936 qui
1211 902 1245 929 ab
1272 903 1369 937 angelo
1385 902 1476 933 flebat,
1493 903 1585 930 audita
1600 908 1652 931 est.
1668 902 1732 930 Non
1746 904 1828 931 solum

210 954 300 976 verunt
315 948 347 976 de
362 948 438 976 verbo
461 949 520 976 vitae
535 956 544 975 :
559 950 763 978 contrectabilis
790 950 882 985 utique
905 951 993 978 factus

209 998 253 1021 est
267 994 313 1029 qui
331 994 404 1021 venit
418 994 445 1020 in
460 1002 552 1026 carne,
572 995 643 1022 sicut
659 1000 683 1022 et
698 996 750 1022 vita
765 1004 822 1031 qua:
836 996 993 1031 manifesta-

211 1045 237 1065 ιιι
253 1044 292 1066 est
302 1040 338 1074 (v.
351 1039 390 1075 2).
402 1039 468 1067 Nam
484 1045 511 1068 et
523 1041 550 1068 in
565 1041 711 1076 Evangelia
727 1042 766 1069 sic
783 1042 865 1069 dicit:
882 1042 915 1069 Et
925 1043 994 1078 quod

211 1085 310 1120 factum
322 1090 377 1117 est,
393 1086 419 1112 in
436 1087 492 1121 ipso
509 1087 562 1114 vita
582 1093 649 1119 erat,
666 1093 690 1115 et
705 1089 757 1115 vita
772 1093 829 1115 erat
847 1089 893 1115 (ua:
910 1089 995 1116 Itami-

210 1139 273 1157 num
290 1131 315 1159 1³.
330 1131 364 1158 Et
391 1133 559 1165 nuntiamus,
592 1134 679 1168 inquit
699 1134 801 1170 (ibid.),
818 1136 888 1163 vobis
913 1137 995 1163 vitam

210 1181 336 1203 aeternam
349 1185 406 1212 qua
416 1181 471 1204 erat
479 1178 550 1212 apud
563 1178 683 1212 Patrem,
696 1180 816 1214 etpalam
830 1181 902 1215 facta
913 1181 994 1209 vobis.

210 1221 300 1250 Patris
324 1224 504 1258 appellatione
534 1225 691 1259 signiﬁcat,
712 1226 841 1260 quoniam
865 1231 891 1254 et
910 1227 994 1255 Filius

210 1276 317 1304 semper
343 1274 401 1298 erat
418 1271 477 1298 sine
497 1270 584 1298 initio.
607 1271 678 1304 Quia
696 1272 784 1306 Deus,
801 1273 889 1308 inquit
904 1274 940 1308 (ν.
956 1274 995 1308 5),

210 1314 296 1341 lumini
311 1320 370 1348 est;
397 1323 452 1343 non
478 1319 625 1345 essentiam
642 1317 760 1345 divinam
789 1319 927 1353 exprimit,
948 1319 995 1347 sed

210 1359 348 1389 declarare
362 1362 456 1390 volens
473 1363 642 1397 majestalem
661 1364 718 1396 Dei,
745 1364 817 1399 quod
834 1365 930 1392 melius
955 1369 996 1392 est

209 1409 238 1432 et
261 1407 439 1434 excellentius
471 1409 542 1443 apud
569 1408 693 1436 homines
722 1410 831 1444 proprie
861 1410 996 1437 divinitati

209 1452 354 1486 eoaptavit.
369 1452 414 1480 Sic
425 1458 451 1480 et
464 1453 563 1481 Paulus
579 1455 663 1481 lumen
679 1455 994 1483 vocansinaccessibilet.

211 1496 265 1525 Sed
279 1501 307 1526 et
323 1499 380 1533 ipse
398 1498 518 1528 Joannes
543 1501 571 1528 in
593 1501 686 1528 eadem
709 1501 766 1535 ipsa
784 1501 915 1536 Epistola,
931 1500 997 1529 C’ia-

210 1544 295 1576 ritas,
317 1545 422 1580 inquit,
441 1545 510 1572 Deus
528 1546 606 1579 estd;
627 1547 743 1573 virtutes
762 1547 919 1582 signiﬁcans
934 1548 994 1579 Dei.

210 1591 339 1624 quoniam
356 1591 476 1619 clemens
490 1597 531 1619 est
548 1596 574 1619 et
589 1593 755 1622 misericors.
773 1597 799 1619 et
814 1594 875 1628 quia
893 1594 994 1628 lumen,

211 1635 263 1662 hoc
279 1641 321 1663 est
343 1636 434 1671 justos
451 1637 600 1664 secundum
613 1637 764 1672 profectum
779 1638 862 1665 animi
875 1647 922 1673 per
932 1640 996 1667 cha-

212 1681 319 1708 ritatcm
340 1682 494 1709 constituit.
511 1681 614 1709 Lumen
631 1690 696 1718 ergo
727 1682 798 1710 Deus
820 1684 866 1718 qui
890 1688 931 1711 est
951 1685 993 1711 in-

212 1727 378 1755 enarrabilis
393 1727 542 1754 secundum
558 1729 690 1755 rationein
709 1729 870 1756 substantia:
885 1739 890 1756 :
915 1729 948 1756 Et
961 1735 997 1757 te-

212 1771 309 1802 nebris.
326 1772 414 1806 inquit
427 1772 528 1807 (ibid.),
542 1773 569 1800 in
579 1782 609 1800 eo
622 1779 683 1801 sunt
703 1774 793 1805 nullae.
808 1775 859 1801 hoc
871 1780 912 1802 est
923 1776 996 1802 nulla

213 1817 364 1849 iracundia,
393 1818 465 1845 nulla
491 1819 601 1853 passio,
628 1820 701 1846 nulla
731 1821 803 1848 circa
831 1829 996 1856 quemquam

213 1863 277 1890 mali
304 1864 420 1891 retentio
446 1865 549 1891 nullum
580 1866 712 1900 perdens,
741 1866 789 1893 sed
815 1866 923 1893 eunetis
951 1874 996 1894 sa-

213 1909 295 1936 lutem
330 1909 464 1938 tribuens.
506 1909 608 1937 Lumen
643 1915 733 1938 autem
763 1912 918 1946 signiﬁcat,
954 1913 997 1940 vel

213 1958 346 1991 praecepta
378 1955 455 1990 legis,
485 1956 526 1983 Vel
547 1956 636 1987 fidem,
659 1957 700 1984 vel
721 1957 884 1984 doctrinam.
909 1957 996 1985 Tenc-

213 2001 269 2029 brte
283 2008 347 2029 vero
363 2001 459 2028 horum
472 2003 620 2034 contraria,
636 2010 690 2029 non
703 2003 784 2030 veluti
801 2004 884 2030 altera
898 2004 940 2030 via
951 2004 995 2030 sit.

214 2047 274 2075 Una
295 2049 396 2084 quippe
426 2048 467 2075 via
496 2052 538 2076 est
563 2049 711 2076 secundum
736 2053 869 2084 praecepta
895 2050 996 2079 divina.

214 2094 308 2122 Monas
325 2102 442 2130 namque
464 2094 510 2122 Dei
526 2103 594 2130 opus
609 2099 651 2123 est
663 2115 670 2127 ,
688 2095 755 2130 dyas
772 2100 860 2122 autem
876 2099 902 2123 et
917 2096 997 2130 quid-

213 2141 279 2175 quid
293 2145 392 2176 prmter
402 2141 545 2168 monadem
561 2145 680 2173 constat,
696 2149 730 2168 ex
744 2142 806 2169 vita:
820 2143 998 2177 perversitate

214 2187 357 2222 contingit.
370 2187 404 2214 Et
412 2188 519 2222 sanguis
530 2186 594 2214 Filii
608 2187 675 2222 ejus.
688 2187 775 2222 inquit
792 2187 828 2223 (ν.
842 2187 879 2222 7),
889 2188 998 2215 mundat

1045 952 1143 979 autem,
1165 947 1252 982 inquit
1270 947 1306 983 (ν.
1322 948 1362 983 2),
1386 956 1433 983 pro
1450 949 1547 975 nostris
1562 949 1674 983 peccatis
1699 949 1828 976 Dominus

1045 993 1208 1028 propitiator
1221 999 1274 1024 est.
1290 994 1343 1022 hoc
1359 999 1400 1021 est
1415 994 1545 1024 ﬁdelium.
1559 995 1604 1021 sed
1619 996 1699 1022 etiam
1715 1004 1765 1030 pro
1778 1000 1829 1023 toto

1045 1038 1157 1069 mundo;
1174 1040 1287 1074 proinde
1303 1040 1446 1067 universos
1460 1040 1569 1075 quidem
1585 1041 1682 1072 salvat,
1696 1041 1744 1068 sed
1763 1041 1828 1069 alios

1046 1091 1094 1118 per
1110 1084 1244 1118 supplicia
1261 1089 1424 1112 convertens
1437 1106 1444 1118 ,
1472 1085 1542 1113 alios
1567 1090 1656 1113 autem
1680 1091 1828 1120 spontanea

1045 1134 1222 1164 assequentes
1239 1131 1387 1162 voluntate,
1403 1136 1427 1158 et
1440 1139 1501 1158 cum
1515 1131 1628 1159 honoris
1643 1131 1788 1167 dignitate,
1802 1138 1828 1159 ut

1046 1183 1120 1202 omne
1133 1184 1198 1210 genu
1215 1177 1338 1210 ﬂectatur
1351 1178 1385 1210 ei,
1401 1177 1542 1204 cmlestiunt
1553 1197 1560 1210 ,
1576 1178 1742 1204 terrestrium
1759 1179 1829 1205 etin-

1045 1221 1179 1255 femorum
1195 1223 1226 1252 8;
1245 1223 1294 1249 hoc
1309 1227 1351 1250 est
1374 1223 1473 1258 angeli,
1490 1223 1614 1250 homines
1627 1227 1654 1251 et
1665 1224 1765 1251 anima!
1773 1232 1830 1259 qua:

1047 1273 1110 1295 ante
1125 1268 1273 1295 adventrum
1289 1268 1348 1302 ejus
1364 1269 1397 1296 de
1414 1269 1465 1296 hac
1480 1270 1534 1296 vita
1556 1269 1709 1304 migravere
1731 1275 1829 1304 tempo-

1046 1313 1105 1340 rali.
1125 1313 1157 1340 Et
1173 1314 1198 1340 in
1212 1314 1260 1341 hoc
1271 1316 1449 1349 cognoscimus
1464 1315 1588 1350 quoniam
1613 1316 1733 1343 novimus
1762 1325 1827 1345 eum,

1046 1359 1070 1385 si
1082 1359 1207 1386 mandata
1221 1360 1277 1394 ejus
1295 1361 1474 1388 custodiamus
1490 1362 1527 1395 (ν.
1543 1361 1586 1395 5);
1603 1362 1651 1396 qui
1664 1362 1738 1389 enim
1756 1362 1829 1388 intel—

1047 1404 1187 1437 lectam-st,
1198 1411 1222 1431 ul
1229 1407 1291 1440 ique
1297 1411 1410 1441 etopera
1420 1406 1589 1441 perﬁcitquze
1598 1407 1774 1441 pertinentad
1783 1408 1830 1434 vir-

1047 1451 1113 1478 tutis
1130 1451 1257 1478 ofﬁcium.
1273 1451 1324 1484 Qui
1341 1460 1403 1478 vero
1417 1460 1498 1486 opera
1512 1451 1626 1486 perﬁcit,
1636 1455 1665 1483 ›Ῑ‹
1682 1461 1737 1479 non
1747 1455 1829 1479 conti-

1047 1505 1102 1524 nuo
1115 1497 1196 1524 etiam
1205 1497 1349 1524 iutellector
1358 1497 1413 1532 (87)
1422 1501 1473 1525 est.
1483 1497 1574 1525 Potest
1585 1499 1657 1525 enim
1669 1506 1731 1526 esse
1744 1504 1829 1526 recta-

1047 1551 1107 1570 rum
1121 1543 1321 1578 operationum,
1337 1552 1390 1571 non
1405 1547 1494 1571 tamen
1512 1544 1720 1579 intelligibilium
1737 1553 1828 1573 sacra-

1047 1593 1199 1616 mentorum
1215 1590 1358 1624 cognitor;
1374 1590 1482 1617 demum
1497 1591 1587 1618 sciens
1608 1591 1730 1626 quaedam
1750 1599 1830 1626 opera

1047 1635 1138 1670 perﬁci
1162 1635 1259 1663 timore
1280 1636 1417 1671 supplicii,
1443 1637 1566 1671 quaedam
1582 1645 1648 1664 vero
1661 1641 1776 1672 propter
1789 1645 1830 1665 re-

1047 1681 1255 1715 promissioncm
1272 1674 1511 1714 remunerationis,
1527 1682 1616 1711 docet.
1636 1683 1830 1718 perfectionem

1047 1726 1240 1754 intellectualis
1255 1727 1375 1754 hominis
1401 1735 1449 1762 per
1474 1728 1634 1755 cliaritatem
1657 1736 1740 1762 opera
1757 1736 1831 1755 com-

1048 1773 1163 1808 plentis:
1182 1772 1297 1808 proinde
1313 1773 1454 1808 subiungit
1467 1781 1499 1800 ac
1514 1774 1579 1800 dicit
1594 1775 1632 1808 (ν.
1650 1774 1676 1807 5)
1689 1784 1694 1800 ;
1709 1775 1762 1807 Qui
1774 1783 1830 1801 rere

1047 1819 1161 1846 custodit
1186 1819 1289 1846 verbum
1303 1819 1360 1854 ejus
1377 1827 1452 1851 rere;
1470 1820 1497 1846 in
1517 1819 1564 1846 hoc
1577 1820 1694 1847 (lmrilas
1711 1821 1760 1847 Dei
1775 1828 1831 1854 per-

1048 1865 1116 1899 fecta
1131 1870 1179 1892 est.
1202 1864 1232 1891 In
1244 1865 1291 1891 hoc
1305 1865 1372 1892 enim
1385 1866 1575 1900 cognoscimus,
1591 1867 1716 1901 quoniam
1734 1867 1762 1893 in
1776 1867 1830 1900 ipso

1047 1919 1136 1938 sumus
1157 1912 1306 1939 secundum
1332 1911 1410 1939 ﬁdem
1439 1917 1465 1939 et
1490 1913 1639 1939 secundum
1657 1913 1829 1940 cliariratem.

1049 1955 1109 1983 Non
1124 1957 1279 1984 mandatum
1300 1966 1393 1984 novum
1415 1957 1501 1984 scribo
1515 1958 1597 1989 vobis,
1616 1958 1661 1984 sed
1677 1958 1831 1984 "laudatum

1047 2008 1118 2030 uetus
1141 2003 1209 2038 quod
1233 2003 1361 2030 habuistis
1378 2012 1394 2029 a
1417 2004 1545 2038 principio
1560 2004 1596 2039 (v.
1618 2004 1643 2038 '7)
1658 2024 1664 2035 ,
1682 2012 1731 2039 per
1747 2005 1830 2039 legem

1048 2048 1151 2075 scilicet
1178 2052 1204 2075 et
1227 2049 1381 2084 prophetas.
1408 2048 1459 2076 Ubi
1486 2049 1587 2076 dicitur
1601 2057 1669 2075 unus
1685 2054 1725 2076 est
1751 2049 1829 2076 Deus.

1047 2094 1152 2122 Idcirco
1167 2101 1192 2121 et
1206 2095 1288 2122 infert
1305 2095 1393 2130 (ibid.)
1409 2104 1415 2121 :
1432 2095 1564 2128 Quoniam
1583 2095 1739 2122 mandatum
1761 2102 1830 2122 tctus

1047 2146 1085 2167 est
1096 2141 1200 2167 verbum
1213 2141 1281 2176 quod
1301 2141 1423 2168 audistis.
1441 2141 1541 2168 lterum
1557 2145 1645 2168 autem
1662 2141 1727 2167 dicit
1741 2142 1777 2174 (ν.
1791 2141 1829 2173 8);

1049 2186 1206 2213 Mandatum
1223 2191 1309 2213 autem
1326 2187 1373 2214 hoc
1386 2192 1423 2214 est
1440 2187 1508 2221 quod
1530 2187 1641 2214 tenebrw
1658 2188 1830 2217 lransierllnf,

215 2241 273 2260 nos.
291 2233 370 2268 371
384 2232 512 2260 Doctrina
523 2234 622 2268 quippe
639 2233 746 2260 Domini
760 2242 821 2268 quae
829 2234 906 2261 valde
919 2233 997 2262 fortis
1012 2238 1034 2266 ῐ)
1049 2233 1231 2268 perversionis
1255 2233 1361 2261 scilicet
1374 2253 1380 2265 ,
1395 2238 1419 2260 et
1435 2233 1521 2260 lumen
1537 2242 1622 2260 verum
1637 2241 1694 2260 ecce
1703 2233 1763 2267 jam
1777 2233 1832 2259 cla-

214 2283 268 2312 est,
295 2279 406 2314 sanguis
422 2279 482 2314 ejus
505 2280 638 2314 appellata
651 2284 704 2306 est.
723 2279 800 2312 Quod
819 2279 842 2306 si
854 2279 997 2308 dixerimus

214 2324 283 2360 quod
296 2334 346 2352 non
359 2326 530 2360 peccavimus,
543 2325 691 2353 mendacem
706 2325 819 2361 facimus
828 2330 930 2358 eum,et
942 2334 998 2353 ver-

216 2369 276 2397 bum
286 2370 342 2405 ejus
363 2379 413 2397 non
424 2375 463 2398 est
477 2372 504 2398 in
527 2371 601 2398 nobis
614 2373 651 2404 (ν.
666 2370 704 2405 9).
721 2370 850 2397 Doctrina
868 2371 939 2405 ejus,
956 2372 997 2398 vi-

215 2416 312 2443 delicet
326 2416 383 2443 sive
400 2417 511 2443 verbum
522 2437 529 2447 ,
543 2417 644 2444 veritas
666 2420 717 2443 est.
737 2415 768 2442 Et
787 2417 810 2443 si
828 2417 897 2452 quis,
910 2417 998 2452 inquit

215 2461 289 2494 (cap.
299 2467 328 2492 ll,
344 2468 370 2488 v.
389 2460 425 2496 η,
440 2462 600 2495 peccaverit,
614 2462 806 2489 consolatorem
821 2462 945 2490 habemus
961 2463 996 2489 ad

216 2504 325 2532 Patrem
338 2504 430 2532 Jesum
446 2505 591 2534 Christum.
610 2506 687 2534 Sicut
709 2508 780 2535 enim
796 2508 867 2543 apud
885 2507 994 2535 Patrem

217 2551 374 2578 consolator
388 2556 431 2579 est
445 2560 495 2587 pro
510 2553 590 2581 nobis
604 2552 751 2587 Dominus;
767 2555 807 2581 sic
832 2554 914 2581 etiam
929 2562 996 2581 con-

217 2595 320 2624 solator
332 2601 374 2623 est
388 2604 466 2631 quem
492 2601 554 2632 post
581 2599 793 2633 assumptionem
809 2607 885 2626 suam
901 2599 998 2633 digna-

216 2644 262 2668 tus
276 2646 318 2668 est
332 2642 447 2670 mittere.
466 2641 512 2669 lla:
531 2650 649 2677 namque
672 2643 816 2678 primitiva:
832 2643 946 2671 virtutes
965 2651 997 2671 ac

217 2687 305 2722 primo
315 2692 421 2720 creatae,
435 2688 587 2716 immobiles
594 2688 757 2716 exsistentes
769 2689 928 2720 secundum.
934 2689 999 2718 sub-

1049 2280 1121 2312 ruit;
1148 2280 1297 2307 secundum
1323 2280 1401 2307 ﬁdem
1426 2280 1549 2311 scilicet,
1575 2280 1725 2307 secundum
1751 2280 1831 2307 intel-

1048 2324 1160 2356 lectum,
1178 2325 1327 2352 secundum
1343 2329 1546 2357 testamentum,
1563 2325 1711 2352 secundum
1729 2333 1830 2360 prmpa—

1048 2375 1106 2397 rata
1117 2371 1220 2404 judicia
1236 2371 1262 2397 in
1277 2371 1436 2398 hominibus
1451 2379 1577 2406 operans.
1591 2370 1643 2403 Qui
1656 2370 1721 2396 dicit
1738 2379 1775 2401 se.
1790 2371 1831 2396 in-

1048 2415 1108 2449 quit
1123 2413 1160 2449 (v.
1176 2414 1215 2449 9),
1228 2415 1255 2441 in
1273 2415 1369 2442 lumine
1383 2424 1448 2447 esse,
1464 2416 1490 2442 in
1511 2415 1614 2442 lumine
1629 2415 1697 2442 dicit
1719 2415 1746 2442 in
1761 2415 1830 2442 veri-

1047 2467 1112 2490 tate.
1132 2462 1165 2489 Et
1177 2462 1288 2496 fratrem
1299 2471 1387 2495 suum,
1403 2463 1488 2497 inquit
1508 2462 1608 2497 (ibid.),
1628 2461 1692 2489 odit.
1708 2461 1830 2489 Fratrem

1047 2509 1172 2537 videlicet
1185 2509 1250 2536 dicit
1269 2517 1322 2536 non
1347 2510 1434 2536 solum
1457 2511 1619 2543 proximum.
1633 2508 1680 2536 sed
1696 2512 1724 2536 et
1740 2507 1828 2535 Domi-

1050 2555 1256 2582 num.0derunt
1271 2555 1341 2582 enim
1352 2553 1553 2586 euminlideles,
1568 2558 1659 2581 etnon
1676 2553 1830 2581 custodian-

1049 2603 1090 2626 tes
1103 2599 1229 2625 mandata
1240 2599 1310 2634 ejus.
1323 2599 1437 2634 Propter
1448 2598 1518 2634 quod
1529 2598 1613 2626 etiam
1627 2598 1709 2626 infert
1722 2598 1758 2633 (v.
1772 2597 1827 2630 l0):

1051 2645 1103 2678 Qui
1115 2645 1201 2680 diligit
1223 2645 1334 2679 fratrem
1362 2653 1450 2675 suum,
1472 2645 1498 2671 in
1522 2644 1619 2671 lumine
1641 2649 1791 2679 permanet.
1805 2647 1829 2669 et

1049 2691 1205 2719 scandalum
1220 2692 1247 2718 in
1266 2699 1295 2718 eo
1318 2699 1369 2718 non
1383 2694 1431 2718 est.
1455 2690 1559 2718 Deinde
1573 2690 1714 2725 proiectus
1728 2694 1755 2716 et
1770 2695 1829 2724 pro-

256 2769 284 2796 ›Ῑ‹
297 2764 325 2792 P.
338 2763 414 2792 1000.
429 2765 481 2791 ΕΙ).
496 2765 642 2793 POTTEB.
665 2765 764 2792 aJoan.
779 2774 797 2794 I.
814 2766 824 2792 Ι
867 2766 880 2786 ιν
898 2759 994 2795 fbid.5

1045 2788 1049 2794 .
1089 2775 1099 2788 ε
1118 2768 1127 2794 l
1144 2768 1214 2796 Tim.
1229 2777 1266 2799 vr.
1284 2767 1326 2795 16.
1364 2767 1375 2787 ἀ
1399 2767 1496 2795 lJoan.
1516 2776 1551 2800 Iv,
1568 2768 1610 2795 l6.
1650 2772 1662 2785 ε
1683 2765 1772 2800 IBeg.
1788 2772 1826 2795 tu.

217 2799 236 2827 5
250 2808 326 2836 seqq.
367 2802 377 2820 l’
398 2801 429 2827 ll
446 2800 512 2833 lteg.
534 2809 588 2840 in}.
628 2802 641 2822 ε
660 2801 729 2828 Phil.
745 2809 774 2833 II,
791 2801 834 2828 10.

253 2848 309 2883 (87)
327 2847 488 2881 Gnosticus,
503 2856 536 2876 ex
551 2848 697 2877 Clementis
715 2848 839 2876 dialecto.
