1927 3074
97 145 142 172 ΠΙ

776 147 996 176 FRAGMENTA.

1675 154 1726 182 7H

92 211 150 239 τερ,
166 203 217 238 τὴν
235 203 312 240 ζωὴν
328 203 494 240 άπεκύησας,
513 204 542 230 ὲν
557 200 631 242 ᾖτοῦ
648 203 697 240 ζῇν
709 204 726 239 ἡ
746 203 874 239 προσθήκ-

940 211 1017 231 mora
1045 207 1215 231 mortuorum
1245 203 1344 239 pannis
1367 205 1518 233 amicitur:
1536 210 1633 233 natura
1651 214 1724 235 enim

93 249 223 285 προκοπὴ
234 250 308 285 πρὸς
319 250 363 276 τὸν
377 249 490 276 θάνατον
500 250 551 282 ςςΤι
565 259 598 285 με
611 249 679 285 πρὸς
696 249 885 284 πολυτάραχον

93 296 180 322 αἰῶνα
197 297 374 332 παρήγαγες,
387 297 416 322 ὲν
430 293 452 330 ᾧ
465 295 586 331 τεχθέντι
601 305 645 331 μοι
660 296 693 322 τὰ
709 295 839 331 προοίμια
852 295 886 322 τὰ

93 343 254 378 σπάργανα;
268 342 302 368 Τί
311 351 345 377 με
355 341 467 377 τοιούτῳ
483 339 676 377 παραδέδωκας
690 341 750 376 βίῳ.
762 342 791 367 ὲν
806 338 828 375 ᾧ
841 342 886 368 καὶ.

92 389 187 423 νεότης
203 388 312 424 ἐλεεινὴ
339 386 492 423 τρυχομὲνη
515 387 568 423 πρὸ
592 387 694 422 γήρως,
726 386 773 413 καὶ
798 386 886 422 γῆρας

91 434 219 468 φευκτὸν,
237 434 278 465 ὡς
293 433 483 466 ἑπιθανάτιον;
501 433 602 464 Δεινὸν,
618 430 640 460 ὦ
658 434 753 470 μῆτερ,
769 434 815 460 τοῦ
828 434 885 469 βίου

938 249 999 277 ﬁnis
1010 251 1166 276 memoriam
1180 255 1292 277 revocat
1313 250 1347 277 iis
1366 250 1411 285 qui
1423 256 1585 280 nascuntur.
1597 251 1655 279 Huc
1668 261 1726 288 per-

936 297 1004 323 tinet
1018 295 1083 323 editi
1095 296 1207 324 infantis
1223 296 1352 331 ejulatus.
1366 297 1447 326 ﬂebili
1464 299 1543 333 quasi
1558 307 1635 332 voce,
1653 300 1724 334 apud

935 345 1049 368 matrem
1062 342 1237 369 lamentantis
1250 341 1322 369 :Cur
1333 351 1376 370 me
1388 343 1415 370 in
1431 344 1501 371 hanc
1513 345 1608 375 vitam,
1624 349 1723 379 mater,

934 388 1015 415 enixa
1029 395 1077 421 es,
1104 387 1132 415 in
1161 395 1214 423 qua
1241 388 1303 415 vitae
1325 390 1483 424 prorogatio
1505 390 1538 417 ad
1555 395 1670 418 mortem
1681 395 1725 419 est

935 433 1111 468 progressio?
1130 433 1186 460 Cur
1201 441 1244 461 me
1259 433 1286 460 in
1302 434 1450 461 multarum
1472 435 1613 462 turbarum
1636 444 1724 463 διεθη-

89 480 120 506 τδ
135 479 257 511 στάδιον,
276 479 388 506 θάνατον
403 480 463 515 Ξχον
480 479 534 506 τῶν
559 480 708 516 τρεχόντων
723 481 873 515 καμπτῆρα

936 479 990 505 lum
1007 479 1202 512 introduxisti,
1230 480 1258 506 in
1286 487 1340 514 quo
1361 480 1427 507 mihi
1450 484 1514 508 nato
1542 481 1634 508 fasciae
1658 487 1722 509 sunt

90 525 196 561 Πικρὰν
231 526 286 561 τὴν
318 526 448 562 βιωτικὴν
472 526 665 562 ὁδοιποροῦμεν
695 526 771 558 ὁδὸν,
801 527 885 561 τάφον

90 571 204 606 ἔχουσαν
220 572 280 598 τῶν
294 571 438 599 ὁδευόντων
465 572 618 608 κατάλυμιιι
636 572 752 607 χαλεπὸν
778 572 808 598 τὺ
835 571 885 606 τῆς

89 617 160 653 ζωῆς
175 618 346 655 διατελέομεν
362 620 488 654 πέλαγος,
512 619 578 655 ᾅδην
599 619 653 654 γὰρ
667 619 723 653 ἕχει
752 618 884 654 πειρατὴν

90 664 242 699 ἐφεστῶτα.
263 665 352 698 Μόνος
363 667 391 692 ὲν
406 666 490 692 ἅπασι
504 665 605 700 γυμνὸς
616 667 741 699 γεννᾶται
755 666 768 691 ὁ
778 665 882 701 ἅνθρω-

89 717 148 740 πος,
163 710 214 745 οὐχ
241 710 337 743 ὅπλον,
360 711 410 738 οὐκ
430 711 532 746 ἔνδυμα
555 710 775 746 ωγγεννιῦμενον
801 710 881 746 σχών’

89 756 137 791 οὐχ
150 756 187 788 ὡς
208 757 267 784 τῶν
287 757 374 784 ἄλλων
390 756 468 789 ζώων
482 756 611 789 ἐλάττων,
627 756 684 783 ἀλλ’
700 757 773 788 ὅπως
790 757 807 792 ἡ
834 756 883 791 μὲν

89 801 239 837 γύμνωσις,
253 803 305 830 καὶ
316 803 346 829 τὸ
358 803 441 838 μηδὲν
455 802 665 836 συνεπάγεσθαι,
687 801 881 837 κατασκευάζῃ

89 855 128 874 σοι
141 848 291 884 μέριμναν⁸
308 849 324 884 ὴ
348 849 466 886 μέριμνα
482 849 510 876 δὲ
537 848 567 875 τὸ
586 848 667 882 σοφὸν
691 847 880 884 ὲκπομπεύσῃ,

933 525 1064 552 exordia?
1078 524 1134 552 Cur
1148 525 1305 560 huiusmodi
1330 533 1374 553 me
1387 526 1451 553 vitae
1471 526 1609 559 addixisti,
1628 528 1654 554 iu
1668 536 1720 562 qua

933 575 961 598 et
975 571 1105 606 juventus
1121 571 1294 603 miseranda,
1318 576 1383 599 ante
1406 572 1512 600 senium
1535 574 1614 600 malis
1630 575 1721 601 attrita

932 621 960 645 et
976 617 1099 645 confecta
1112 639 1120 651 ,
1135 621 1162 645 et
1177 622 1315 650 senectus,
1325 621 1356 645 ut
1367 619 1493 651 exitiosa,
1506 619 1649 654 fugientla‘.|
1658 620 1720 647 For-

932 663 1074 696 midabile,
1090 671 1106 691 ο
1121 668 1219 695 mater,
1231 668 1257 691 et
1267 671 1350 699 grave
1364 668 1406 692 est
1420 665 1502 700 hujus
1513 666 1576 693 vitae
1590 666 1719 699 stadium,

932 709 1012 744 cujus
1032 713 1102 736 meta
1118 714 1159 738 est
1170 710 1339 737 currentium
1365 710 1501 739 interitus.
1526 711 1719 740 Calamitosam

932 756 992 783 vitae
1007 756 1078 782 viam
1103 755 1359 792 ambulamus,quaa
1384 758 1549 792 sepulturam
1574 758 1654 785 habet
1670 766 1720 793 pro

931 800 1100 834 diversorio;
1116 801 1224 829 difficile
1232 807 1314 837 atque
1329 802 1458 830 infestum
1472 803 1532 830 vitae
1546 804 1657 838 pelagus
1670 811 1719 831 na-

931 846 1068 881 vigamus,
1091 847 1135 874 cui
1153 847 1278 875 infernus
1306 853 1435 883 tanquam
1456 848 1562 883 pirata,
1583 849 1716 877 imminet.

87 895 135 929 τὴν
149 894 251 929 ἀργίαν
268 895 382 931 ἐκϐάλῃ,
398 895 532 930 εἰσαγάγῃ
545 894 595 926 τὰς
607 893 703 929 τέχνας
717 893 751 919 δι’
765 892 874 924 ἔνδειαν,

930 890 1010 919 Solus
1020 900 1054 920 ex
1065 892 1193 920 omnibus
1208 893 1289 920 homo
1299 893 1390 921 nudus
1401 894 1531 929 gignitur,
1545 895 1619 922 nullo
1629 895 1718 922 velar-

89 940 203 975 γεννήσῃ
219 940 353 975 μηχανῶν
383 940 526 972 ποικιλίας.
548 940 577 967 '0
600 940 654 976 γὰρ
669 940 773 975 γυμνὸς
797 939 879 966 πολυ-

91 987 219 1022 μῆχανος.
246 987 345 1022 ὥσπερ
366 987 471 1023 κέντρῳ
484 989 517 1023 τῇ
539 987 618 1023 χρείᾳ
631 987 803 1022 νυσσόμενος,
819 986 879 1019 πῶς

89 1031 180 1064 ὑετοὺς
196 1032 341 1069 ἀποφύγῃ,
354 1031 412 1064 πῶς
424 1032 566 1068 σοφίσηται
583 1033 675 1069 κρύος,
699 1033 758 1064 πῶς
774 1032 878 1066 πληγὰς

89 1077 301 1112 ἀντιφράξηται,
317 1076 375 1108 πῶς
389 1078 536 1113 γεωργήσῃ
551 1077 602 1113 τὴν
617 1077 679 1112 γῆν,
698 1076 757 1108 πῶς
772 1076 878 1113 φοϐήσῃ

89 1120 177 1157 θηρία,
206 1123 268 1154 πῶς
299 1123 407 1159 δαμάσῃ
427 1123 461 1150 τὰ
484 1123 665 1159 δυνατώτερα.
696 1123 876 1159 Βρεχόμενος,

90 1168 185 1203 ὀροφὴν
213 1169 396 1204 ὲτεχνήσατο’
423 1169 559 1204 ῥιγώσας,
583 1169 730 1205 ἐπενόησεν
763 1168 874 1204 ἔνδυμα·

90 1213 271 1249 πληττόμενος
297 1215 489 1250 μεμηχάνηται
513 1214 634 1250 θώρακα·
669 1213 800 1245 ἀκάνθαις
827 1214 876 1246 τὰς

91 1261 178 1294 χεῖρας
192 1260 303 1296 γυμνὰς
322 1262 351 1287 ὲν
375 1262 523 1297 γεωργίαις
543 1261 696 1296 αἱμάσσων,
714 1260 876 1296 ὲμελέτησεν

90 1305 207 1341 ὀργάνων
218 1307 349 1342 βοήθειαν
359 1316 366 1323 ο
376 1308 586 1343 γεγυμνωμένος
600 1307 632 1342 θη
638 1306 755 1343 ρίοιςιεῑς
766 1306 873 1343 βρῶμα,

91 1347 118 1376 εὖ
123 1360 164 1386 ρξν
179 1351 211 1378 ὲκ
220 1352 306 1386 φόῧου
315 1353 422 1388 τέχνην,
431 1352 465 1379 τὰ
475 1352 608 1386 φοϐοῦνται
618 1351 762 1386 φοὸοὖσαν.
775 1351 875 1387 Ἄλλην

91 1396 118 1429 ἐξ
133 1396 212 1432 ἄλλης
237 1396 384 1432 ἐγέννησεν
407 1399 423 1432 ἡ
440 1398 578 1434 γύμνωσις
603 1397 721 1429 σύνεσιν,
744 1397 782 1429 ὡς
805 1394 874 1424 εἶναι

92 1442 134 1467 καὶ
146 1443 194 1477 τὴν
206 1442 350 1477 γύμνωσιν
361 1442 446 1478 δῶρον
466 1443 511 1470 καὶ
523 1443 602 1478 χάριν
614 1444 787 1480 δεσποτικήν.
798 1444 872 1479 Γυμ-

91 1488 131 1519 vo;
147 1487 191 1515 οὖν
204 1490 252 1516 καὶ
277 1490 292 1516 6
313 1489 372 1516 Ἰὼϐ
389 1490 524 1522 καταστὰς
539 1491 697 1526 χρημάτων,
715 1491 874 1526 κτημάτων,

92 1535 236 1567 εὐτεκνίας,
252 1535 445 1568 πολυτεκνίας,
457 1537 505 1564 καὶ
522 1537 611 1564 πάντα
621 1538 649 1563 ὲν
666 1536 761 1572 βραχεῖ
772 1537 874 1563 ἀποὸα-
886 1556 908 1586 c

91 1578 150 1611 λὼν,
166 1581 214 1616 τὴν
229 1581 397 1616 εὐχάριστον
407 1581 508 1618 ταύτην
519 1582 608 1618 φωνὴν
625 1582 776 1617 ἐξεϐόησεν·
795 1583 874 1617 Γυμ-

92 1625 140 1658 νὸς
153 1626 286 1661 ἐξῆλθεν
301 1627 334 1653 ἐκ
347 1626 467 1660 νηδύος,
479 1627 591 1662 γυμνὸς
604 1627 654 1654 καὶ
670 1627 874 1661 ἀπελεύσομαι

91 1669 156 1701 ἐκεῖ,
171 1672 239 1707 πρὸς
249 1672 319 1698 Θεὸν
335 1672 434 1709 δηλαδὴ
447 1674 494 1700 καὶ
506 1673 555 1709 τὴν
567 1673 706 1708 μακαρίαν
718 1672 794 1708 λῆξιν
804 1673 874 1700 ὲκεί-

92 1724 136 1751 νην
152 1718 197 1744 καὶ
213 1718 382 1745 ἀνάπαυσιν.

930 946 1035 965 morum
1063 939 1104 966 vel
1128 939 1351 968 indumentorum
1378 945 1496 968 eonnato
1513 949 1610 976 genere
1624 946 1718 977 prote—

928 988 1009 1018 ctus;
1027 993 1080 1012 non
1092 985 1170 1017 ideo,
1186 985 1257 1019 quod
1274 983 1432 1014 sit‘ca‘teris
1447 988 1630 1016 animantibus
1648 988 1717 1016 infe~

928 1029 995 1063 rior,
1011 1029 1058 1057 sed
1074 1034 1102 1056 ut
1119 1030 1252 1058 nuditatis
1275 1035 1378 1058 nostra:
1392 1031 1589 1064 consideratio,
1605 1036 1632 1059 et
1643 1033 1716 1067 quod

927 1076 995 1102 nihil
1016 1076 1043 1103 in
1068 1076 1198 1103 mundmn
1222 1076 1416 1109 iuvexerimus,
1445 1078 1566 1105 studium
1588 1078 1615 1105 in
1637 1078 1716 1107 nobis

927 1125 1066 1156 procreet;
1089 1122 1208 1149 studium
1231 1129 1295 1149 vero
1319 1126 1346 1149 et
1370 1123 1526 1150 sollicitudo
1544 1124 1716 1159 prudentiam

926 1167 1036 1202 pandat.
1049 1167 1201 1195 socordiam
1214 1167 1308 1201 procul
1325 1168 1430 1203 ableget
1441 1188 1448 1200 ,
1465 1173 1538 1196 artes
1563 1170 1596 1197 ad
1626 1171 1715 1198 vitan-

926 1212 987 1238 dam
1001 1216 1148 1247 egestatem
1161 1212 1312 1240 iutr'oducal
1331 1218 1359 1240 ct
1376 1214 1553 1241 artificiorum
1570 1215 1714 1244 diversita-

926 1261 967 1284 tes
980 1257 1135 1293 progignat.
1151 1257 1202 1291 Qui
1222 1259 1296 1286 enim
1311 1259 1400 1286 nudus
1414 1264 1466 1292 est,
1486 1260 1635 1295 indigentia
1651 1265 1713 1289 tan-

925 1311 1007 1338 quam
1024 1303 1134 1331 stimulo
1154 1304 1288 1338 impulsus
1300 1324 1307 1335 ,
1324 1305 1409 1331 multa
1426 1305 1530 1332 invenit
1545 1311 1571 1334 et
1594 1306 1713 1334 fabrica-

925 1353 986 1381 tur,
1003 1349 1139 1384 quomodo
1158 1350 1255 1385 pluvia:
1275 1350 1452 1382 declinanda},
1474 1353 1610 1386 quomodo
1626 1353 1712 1388 frigus

907 1395 1074 1430 ,prudenter
1104 1395 1272 1428 arcendum.
1304 1396 1442 1431 quomodo
1469 1397 1504 1425 ad
1540 1399 1712 1432 repellendos

924 1441 996 1469 ictus
1011 1441 1111 1468 muniri
1121 1444 1237 1476 oportet,
1253 1442 1390 1476 quomodo
1408 1445 1481 1469 terra
1496 1442 1608 1470 colenda
1620 1463 1628 1474 ,
1643 1450 1712 1478 quo-

925 1487 1006 1514 modo
1020 1486 1084 1515 feris
1108 1491 1196 1515 metus
1218 1487 1407 1520 incutiendus,
1427 1491 1454 1515 et
1476 1489 1612 1523 quomodo
1628 1490 1712 1516 robu~

925 1533 1009 1559 stiora
1034 1533 1162 1559 animalia
1191 1532 1327 1560 domanda
1344 1534 1409 1561 sint.
1424 1533 1605 1566 Quamobrem
1619 1535 1710 1570 pluvia

926 1577 1055 1613 perfusus
1081 1583 1153 1606 tecta
1184 1579 1352 1612 fabricavit;
1381 1579 1482 1615 frigore
1509 1581 1711 1608 vehementiore

926 1624 1053 1656 afflictus,
1069 1625 1226 1652 indumenta
1255 1625 1432 1660 excogitavit;
1453 1626 1523 1653 ictus
1539 1633 1571 1653 ac
1584 1626 1711 1653 vulnera-

926 1674 981 1702 tus,
994 1671 1262 1705 thnracemiuvenit;
1278 1679 1339 1699 eum
1360 1680 1459 1700 manus
1475 1673 1501 1700 in
1517 1673 1711 1708 agricolatione

925 1721 1065 1752 occupata:
1080 1718 1165 1753 spinis
1187 1723 1411 1752 cruentarentur,
1427 1719 1591 1746 rusticorum
1606 1719 1710 1746 instru-

93 1766 237 1790 mentorum
254 1763 455 1791 adminiculum
472 1764 652 1800 exeogitavit;
674 1763 765 1791 nudus
782 1767 811 1795 ἧς
849 1762 985 1790 exsistens
996 1767 1023 1789 et
1038 1770 1100 1790 esca
1116 1763 1214 1791 belluis
1225 1784 1233 1796 ,
1250 1768 1334 1791 artem
1360 1768 1531 1792 commentus
1564 1768 1616 1797 est,
1649 1772 1710 1799 qua

94 1805 307 1837 formidabilibus
321 1810 493 1838 formidinem
517 1811 662 1838 incuteret.
678 1810 765 1838 Aliam
781 1818 813 1838 ex
826 1810 878 1837 alia
899 1809 1039 1838 solertiam
1055 1809 1164 1837 nuditas
1175 1810 1285 1844 genuit,
1302 1814 1332 1836 ut
1342 1810 1398 1844 jam
1414 1810 1524 1838 nuditas
1539 1809 1641 1837 donum
1672 1810 1709 1837 sit

93 1852 203 1887 Domini,
220 1862 247 1884 et
261 1857 352 1892 gratia
377 1857 410 1884 ab
434 1857 480 1884 illo
495 1864 637 1885 concessa.
653 1856 778 1884 Nudatus
795 1857 878 1891 igitur
896 1855 948 1883 Job
959 1855 1056 1890 opibus
1067 1856 1135 1888 suis,
1152 1856 1385 1890 possessionibus,
1401 1856 1531 1891 praeclara
1557 1859 1584 1883 et
1612 1863 1709 1882 nume-

93 1908 148 1928 rosa
163 1903 257 1931 sobole
267 1924 275 1937 ,
291 1907 318 1930 et
335 1903 409 1931 brevi
423 1905 511 1939 spatio
527 1904 571 1932 his
585 1904 712 1932 omnibus
724 1903 867 1938 spoliatus,
889 1902 941 1929 hac
952 1903 1030 1937 plena
1045 1902 1113 1937 grati
1127 1902 1210 1928 animi
1221 1910 1285 1929 voee
1295 1903 1456 1942 exclamavit
1479 1911 1485 1928 :
1508 1901 1603 1928 Nudus
1621 1909 1707 1937 egres-

95 1955 132 1973 su
143 1956 199 1975 sum
211 1957 245 1976 ea:
267 1954 354 1982 utero,
370 1948 455 1976 nudus
472 1950 551 1977 etiam
569 1954 684 1976 revertar
701 1949 775 1981 illuc,
794 1948 923 1975 nimirum
935 1947 968 1974 ad
982 1947 1064 1974 Deum
1079 1951 1106 1974 et
1118 1947 1257 1975 beatorqu
1273 1950 1375 1974 sortem
1389 1951 1416 1974 et
1430 1955 1560 1982 requiem.

858 2103 912 2133 Vl.

577 2173 632 2203 ΕΧ
645 2173 801 2204 NlCET/E
817 2173 974 2204 CATENA
992 2173 1030 2203 IN
1049 2172 1118 2202 JOB
1134 2169 1207 2210 (90).

754 2231 833 2267 (Cap.
857 2238 932 2262 μιν,
956 2239 982 2258 v.
1000 2231 1037 2264 7.)

123 2318 217 2356 Χρῆμα
237 2320 293 2347 τῶν
306 2320 392 2348 ἄλλων
408 2320 533 2347 ἁπάντων
547 2321 587 2348 ὃτι
602 2321 717 2356 μάλιστα
730 2322 864 2356 τιμαλφὲ-

945 2321 1025 2356 373
1032 2321 1120 2348 Animi
1131 2320 1314 2355 tranquillitas
1323 2325 1412 2346 rerum
1419 2319 1540 2346 omnium
1549 2319 1627 2355 longe
1642 2327 1704 2354 pre-

95 2371 180 2391 στατον
190 2367 206 2400 ἡ
223 2365 367 2402 ἀταραξία·
380 2367 498 2393 τοιοῦτον
511 2367 576 2401 ἡμῖν
596 2367 609 2392 ὁ
622 2366 699 2401 λόγος
711 2367 866 2402 ὑπογράφει

94 2409 132 2435 τὸν
153 2412 283 2447 μακάριον
311 2412 381 2440 Ἰὼϐ.
402 2413 515 2448 Εἴρηται
535 2412 590 2448 γὰρ
611 2412 674 2447 περ).
697 2411 788 2438 αὑτοῦ·
817 2412 865 2445 Τίς

95 2455 163 2490 ἀνὴρ
180 2457 279 2493 ὥσπερ
305 2458 373 2489 Ἰὼϐ,
391 2459 485 2485 πίνων
493 2458 703 2493 μυχτηρισμὸν
715 2458 754 2490 ὡς
767 2457 863 2491 ὕδωρ;

103 2502 278 2540 ’Δξιοζήλωτος
302 2504 354 2540 γὰρ
371 2504 487 2540 ἀληθῶς,
510 2504 557 2531 καὶ
571 2504 681 2536 παντὸς,
697 2503 783 2539 οἶμαι,
801 2503 866 2529 θαύ-

96 2556 169 2582 ματος
180 2552 261 2585 ἄξιος,
276 2553 299 2577 ει
312 2551 380 2586 πρὸς
394 2551 471 2578 τοῦτό
484 2559 526 2581 τις
537 2551 599 2586 ἥκει
614 2550 813 2586 μακροθυμίας,
826 2550 864 2582 ὡς

95 2594 199 2628 εὐκόλως
211 2596 338 2624 δύνασθαι
351 2596 466 2623 διαθλεῖν
481 2597 529 2632 τὴν
539 2598 570 2623 ὲκ
582 2596 628 2623 τοῦ
645 2596 863 2624 πλεονεκτεῖσθαι

95 2637 205 2674 δριμεῖαν
220 2642 337 2678 ἀληθῶς,
354 2635 448 2669 καὶᾟύ
463 2644 517 2673 τοῖς
532 2640 657 2676 τυχοῦσιν
680 2640 864 2683 εὐκαττξίῶνι-

96 2691 149 2712 στον
159 2687 251 2723 λύπην.

127 2765 152 2793 ἦ(
165 2763 191 2791 Ρ.
207 2764 275 2792 1005
294 2764 346 2792 ED.
367 2763 514 2792 POTTER.

126 2838 175 2874 (90)
188 2839 245 2876 Alizr
257 2840 338 2875 hujus
357 2845 384 2868 et
407 2840 584 2876 praecedentis
603 2839 747 2876 fragmenti
766 2839 858 2876 versio

97 2879 174 2901 exuat
193 2884 216 2902 ltl
237 2875 310 2903 Pauli
325 2875 450 2903 Collutoli
461 2876 563 2903 Catena
588 2878 614 2902 iu
629 2875 738 2905 Jobum.
759 2875 804 2901 ubi
823 2875 857 2901 de

98 2911 263 2946 pustcriorip.
278 2912 326 2939 451
349 2911 486 2944 observat,
512 2911 762 2947 interpretationem
786 2911 857 2937 hanc

919 2368 1067 2396 tiosissima
1094 2371 1136 2395 est
1153 2377 1160 2394 :
1177 2367 1259 2394 talem
1284 2366 1364 2393 nobis
1386 2365 1430 2392 hic
1453 2369 1585 2394 tractatus
1603 2365 1702 2393 Jobum

915 2423 966 2449 pro
978 2414 1129 2449 exemplari
1145 2413 1290 2448 proponit:
1305 2412 1409 2439 dictum
1425 2413 1497 2440 enim
1520 2416 1562 2440 est
1591 2412 1624 2440 de
1646 2420 1679 2440 eo
1693 2421 1700 2440 :

917 2461 982 2493 Qui:
996 2461 1034 2487 vir
1046 2459 1143 2492 utJob,
1159 2459 1246 2486 bibens
1259 2458 1493 2486 subsannaliouem
1507 2459 1575 2485 sicut
1586 2459 1703 2493 aquam?

917 2504 986 2532 Vere
996 2505 1077 2532 etiam
1091 2504 1262 2532 mmulatione
1272 2508 1298 2531 et
1310 2503 1385 2531 omni
1401 2503 1581 2530 admiratione
1601 2503 1701 2539 dignus

915 2551 1068 2579 censendus
1081 2554 1133 2582 est,
1150 2551 1171 2578 si
1192 2558 1224 2577 eo
1239 2550 1388 2577 tolerantia:
1409 2549 1471 2584 quis
1488 2549 1653 2585 pervenerit,
1671 2554 1700 2576 ut

915 2603 976 2622 cum
992 2602 1117 2627 interere,
1138 2603 1168 2621 ex
1182 2594 1281 2628 injuria
1296 2594 1369 2620 illata
1385 2595 1474 2628 reipsa
1490 2594 1599 2626 acerbo,
1614 2597 1641 2620 et
1653 2593 1701 2628 qui

915 2641 1002 2668 obviis
1017 2641 1168 2676 quibusque
1186 2640 1266 2668 rebus
1277 2640 1426 2675 expugnari
1444 2647 1498 2667 non
1512 2643 1611 2674 potest,
1621 2639 1701 2666 facile

916 2692 1020 2713 certare
1038 2687 1135 2714 valeat.

911 2840 1059 2868 Clementis
1078 2841 1190 2867 totidem
1208 2840 1298 2867 verbis
1320 2843 1478 2875 usurpatam
1494 2847 1554 2867 esse
1566 2847 1579 2865 τι
1595 2839 1698 2874 Cyrillo

911 2875 1000 2910 Alex.,
1017 2877 1067 2903 sub
1078 2876 1156 2910 cujus
1172 2877 1282 2903 nomine
1298 2879 1385 2903 exstat
1399 2875 1536 2903 iuCatwra
1549 2875 1658 2902 Nicena.
