1927 3074
90 185 137 211 763
756 188 893 217 FRAGME

923 190 977 217 TA.

1654 190 1704 228 τιό
1725 241 1728 245 ’

87 245 155 270 νείαν
190 245 289 276 αὐτοὺς
318 245 490 283 σκανδαλίσῃ·
520 247 544 272 οἱ
572 247 625 283 γὰρ
653 248 736 280 ὅντως
766 250 813 275 καὶ
839 250 893 287 ὲνλι

920 251 1000 277 culo:
1020 259 1082 278 nam
1092 255 1118 278 et
1132 251 1178 286 qui
1195 260 1256 280 vere
1272 254 1300 280 in
1319 255 1396 282 canis
1408 260 1473 283 sunt
1487 258 1587 292 angeli,
1618 258 1704 293 ipsanl

86 290 205 325 οὐρανοῖς
219 290 328 324 ἄγγελοι
350 291 396 318 καὶ
416 293 698 330 κατακεκαλυμμένην
711 295 795 330 αὐτὴν
808 295 867 330 βλέ-

87 344 187 362 πουσιν.

920 297 981 324 licet
998 302 1098 324 tectam
1113 298 1263 327 intuentur.

529 396 572 424 Ea:
587 397 634 425 lib.
647 397 692 425 IV.
704 399 796 433 -—Ap.
813 398 933 425 eumdem
957 399 982 424 in
997 398 1027 424 II
1041 398 1075 425 ad
1090 399 1151 425 Cor.
1167 407 1192 425 ν.
1210 399 1255 426 16.

117 450 151 476 Et
175 449 210 476 δὲ
229 450 288 477 ’καὶ
311 450 481 487 ἐγνώκαμεν
504 454 579 480 κατὰ
603 454 703 489 σάρκα
727 456 864 490 Χριστόν.

87 494 185 530 Ὠσπερ
200 495 280 531 ἡμῶν
297 496 328 523 τὸ
342 497 412 524 κατὰ
431 498 520 534 σάρκα
537 500 596 526 ἐστὶ
614 501 644 526 τὸ
658 501 687 527 ὲν
707 501 865 536 ἁμαρτίαις,

85 539 130 565 καὶ
140 539 170 565 τὸ
185 539 238 573 ἔξω
248 540 351 568 τούτων
363 542 394 568 οὐ
408 542 478 570 κατὰ
492 542 590 579 σάρκα·
601 543 673 571 οὕτω
687 545 733 571 καὶ
746 545 793 572 τοῦ
805 545 867 582 Χρι-

86 585 144 612 στοῦ
153 585 184 612 τὺ
193 586 264 612 κατὰ
285 587 374 623 σάρκα
387 587 419 614 τὸ
442 587 526 616 εἴκειν
542 590 599 621 τοῖς
616 592 739 624 φυσικοῖς
755 591 865 624 πάθεσι,

85 630 111 657 τὺ
126 630 160 667 μὴ
174 630 262 659 εἴκειν
279 632 308 659 δὲ
330 633 360 659 οὐ
378 633 449 661 κατὰ
464 633 562 670 σάρκα·
577 635 635 662 ἀλλ’
653 636 756 672 ὥσπερ,
773 639 864 674 φησὶν,

85 677 179 709 ἐκεῖνος
190 678 347 715 ἀπηλλάγη,
362 679 433 707 οὕτω
444 680 492 707 καὶ
504 681 592 716 ἡμεῖς.

955 453 1041 481 Porro
1069 455 1148 481 etiam
1173 455 1196 481 si
1223 456 1390 490 cognovimus
1409 456 1546 485 Christum
1562 459 1705 488 secundum

920 508 1034 528 carnem.
1048 500 1281 534 Quemadmodum
1292 503 1364 537 apud
1374 511 1426 532 nos
1437 505 1587 533 secundum
1594 512 1705 534 carnem

921 553 993 576 esse,
1007 546 1107 573 dicitur
1126 553 1187 574 esse
1207 546 1236 573 in
1255 549 1391 581 peccatis;
1406 554 1434 577 et
1451 551 1510 579 sine
1522 551 1566 580 liis
1579 559 1652 586 esse,
1663 553 1706 580 di-

918 589 989 617 citur
1001 597 1063 618 esse
1075 598 1130 617 non
1146 593 1296 621 secundum
1313 601 1425 622 carnem
1441 606 1448 623 :
1465 596 1500 623 ita
1515 605 1623 633 quoque
1633 597 1706 634 apud

917 634 1057 663 Christum
1073 637 1223 665 secundum
1242 646 1352 667 carnem
1364 648 1424 668 esse
1437 642 1549 676 dicitur,
1572 644 1706 671 naturali-

916 680 969 708 bus
982 681 1081 716 subjici
1097 680 1303 719 atiectionibus;
1319 693 1374 713 non
1386 686 1484 722 subjici
1495 696 1570 721 vero,
1579 697 1704 718 essenon

918 726 1069 754 secundum
1089 734 1210 756 carnem.
1230 729 1283 757 Sed
1291 732 1520 766 quemadmodum
1537 734 1592 767 ille,
1604 735 1704 771 inquit;

919 772 1051 802 liberatus
1062 779 1116 808 est,
1134 775 1175 803 sic
1186 780 1213 804 et
1224 785 1285 806 nos.

515 818 558 845 Ea:
568 819 614 847 lib.
627 819 671 848 IV.
685 821 781 856 —Ap.
800 823 920 851 eamdem
930 826 958 853 in
971 825 1004 853 II
1019 827 1054 855 ad
1066 827 1130 856 Cor.
1144 836 1182 861 vr,
1200 829 1243 857 11.

120 872 149 901 Ἠ
162 873 268 908 καρδία
284 874 368 909 ἡμῶν·
384 875 599 904 πεπλάτυνται.
616 877 663 909 El;
676 878 707 905 τὸ
726 879 815 906 πάντα
829 880 868 907 δι-
882 887 893 914 1

953 884 1007 912 Cor
1021 889 1141 913 nostram
1152 886 1296 915 dilatatam
1306 895 1356 917 est.
1371 889 1406 918 Ut
1421 898 1470 919 vos
1483 893 1576 920 omnia
1593 894 1706 922 docere-

84 918 156 953 δάξαι
171 920 254 955 ὑμᾶς.
275 919 371 956 Ὑμεῖς
385 921 414 948 δέ
436 922 645 958 στενοχωρεῖσθε
658 923 687 951 έν
699 925 756 956 τοῖς
769 925 870 961 σπλάγ-

84 975 150 1002 χνοις
163 966 250 1003 ὑμῶν,
274 968 422 1002 τουτέστιν,
438 970 467 996 ὲν
486 971 519 1006 τῇ
545 970 614 1006 πρὸς
638 971 706 999 Θεὸν
716 973 823 1011 ἀγάπῃ,

84 1013 185 1047 ἀγαπᾷν
202 1021 236 1040 με
251 1012 383 1047 ὀφείλετε.

921 937 1003 965 mus;
1025 931 1074 959 sed
1096 940 1145 960 vos
1167 935 1277 969 angusti
1299 936 1366 963 estis
1387 936 1416 963 in
1428 937 1580 967 visceribus
1595 942 1702 972 vestris,

920 975 972 1003 hoc
986 981 1039 1010 est,
1054 977 1083 1004 in
1095 977 1241 1007 dilectione
1263 987 1328 1016 erga
1349 981 1446 1016 Deum,
1461 991 1515 1019 qua
1534 993 1577 1013 me
1591 986 1703 1023 diligere

919 1021 1035 1050 debetis.

472 1075 501 1104 ἧς
519 1072 561 1100 Ex
575 1073 623 1100 lib.
642 1074 674 1102 Υ,
693 1090 728 1096 —-
742 1076 791 1111 Ap.
802 1077 922 1105 eumdem
938 1078 965 1105 in
977 1077 1028 1114 Ep.
1046 1079 1082 1106 ad
1096 1078 1218 1115 Galatas,
1233 1089 1259 1114 ν,
1274 1081 1319 1109 ει.

116 1131 145 1156 οι
156 1129 189 1157 δὲ
200 1131 255 1158 τοῦ
270 1131 402 1166 Χριστοῦ
415 1131 474 1168 τὴν
488 1132 597 1167 σάρκα.
618 1134 673 1161 Καὶ
686 1135 713 1161 τί
724 1134 803 1170 λέγω,
816 1145 867 1172 φη-

85 1175 130 1207 σὶν,
150 1175 177 1202 ἓν
195 1176 256 1204 καθ’
271 1176 302 1204 ἓν
321 1178 422 1214 ἀρετῆς
439 1176 523 1211 cibat;
539 1179 592 1205 εἰσὶ
605 1179 661 1216 γάρ
675 1187 746 1214 τινες
769 1182 794 1209 οἳ
818 1183 866 1210 καὶ

84 1221 248 1258 ἐσταύρωσαν
257 1223 384 1255 ἑαυτοὺς,
393 1224 454 1250 ὅσον
465 1223 533 1259 πρὸς
543 1224 577 1251 τὰ
589 1225 672 1261 πάθη,
684 1227 732 1254 καὶ
743 1227 776 1254 τὰ
790 1227 863 1264 πάθη

83 1266 137 1294 ὅσον
155 1268 221 1304 πρὸς
241 1269 366 1301 ἑαυτούς.
385 1268 463 1296 Κατὰ
484 1270 586 1306 ταύτην
607 1271 656 1306 τὴν
672 1272 820 1308 ἑρμηνείαν
833 1274 863 1300 οὐ

84 1313 236 1349 παρέλκεται
249 1314 281 1341 τὸ
293 1315 336 1343 δέ.
350 1317 381 1342 ΟΖ
396 1311 430 1342 δὲ
445 1316 498 1343 τοῦ
514 1317 654 1351 Χριστοῦ,
665 1318 798 1351 τουτέστι,
810 1319 864 1346 τεί-

84 1360 219 1397 voveam-qv
229 1361 335 1388 ἑαυτῶν
349 1361 439 1397 σάρκα
453 1362 637 1399 ἐσταύρωσαν.

956 1136 993 1164 Hi
1007 1142 1097 1165 autem
1113 1138 1213 1167 Christi
1227 1147 1343 1168 carnem.
1363 1141 1397 1169 Et
1407 1143 1472 1177 quid
1483 1143 1651 1180 singulatim,
1663 1147 1691 1174 iii
1704 1164 1707 1167 -

917 1184 987 1219 quit,
1001 1185 1133 1213 virtutum
1148 1187 1253 1221 species
1266 1190 1416 1216 recenseo?
1427 1189 1496 1217 Sunt
1509 1191 1583 1219 enim
1594 1193 1705 1228 quidam

915 1230 963 1264 qui
977 1231 1085 1266 seipsos
1097 1232 1294 1261 cruciﬁxerunt
1306 1234 1395 1270 quoad
1408 1236 1532 1269 allectus,
1548 1242 1575 1265 et
1592 1239 1706 1267 atl‘ectus

915 1275 1007 1309 quoad
1018 1277 1133 1312 seipsos.
1145 1278 1226 1306 Juxta
1242 1279 1314 1307 hanc
1337 1281 1588 1316 interpretationem
1605 1285 1633 1311 δέ
1649 1290 1705 1313 non

914 1328 956 1351 est
972 1323 1111 1358 parelcon,
1129 1325 1175 1352 sed
1193 1332 1290 1354 sensus
1305 1330 1345 1353 est
1361 1336 1367 1353 :
1383 1328 1407 1353 ot
1424 1327 1453 1354 δὲ
1463 1328 1510 1356 τοῦ
1527 1329 1657 1365 Χριστοῦ,
1678 1332 1705 1359 id

916 1373 957 1396 est
979 1369 1027 1404 qui
1055 1378 1119 1398 vero
1142 1371 1258 1398 tendunt
1279 1371 1313 1399 ad
1333 1372 1484 1408 Christum,
1502 1383 1579 1404 suam
1594 1379 1705 1406 carneni

915 1414 1122 1442 cruciﬁxerunt.

458 1465 498 1492 Ea:
514 1466 582 1494 libro
597 1466 628 1494 V.
644 1483 678 1487 —
689 1469 739 1502 Ap.
755 1469 894 1498 Moschum
908 1470 982 1499 Prati
995 1472 1147 1507 spiritualis
1162 1481 1220 1508 cap.
1240 1473 1304 1502 l76.

113 1518 161 1545 Ναὶ
173 1520 279 1555 άληθῶς
297 1512 499 1557 ἐϐαπτίσθησαν
517 1523 557 1558 (οἱ
574 1524 717 1552 ἀπόστολοι
732 1525 752 1559 ),
772 1526 863 1559 καθὼς
877 1532 893 1561 (ξ

951 1527 1023 1556 Sane
1040 1529 1079 1565 illi
1093 1529 1103 1564 (
1115 1530 1250 1565 ap05toli)
1265 1530 1395 1566 baptizati
1411 1536 1486 1565 sunt,
1501 1532 1573 1561 sicut
1596 1539 1623 1562 et
1643 1535 1706 1565 Cle‘

83 1563 188 1600 Κλήμης
209 1567 224 1592 ὁ
246 1566 429 1602 Στρωματεὺς
453 1568 483 1594 ὲν
509 1567 548 1602 τῷ
572 1569 688 1604 πέμπτῳ
712 1570 787 1607 τόμῳ
812 1571 866 1599 τῶν

89 1609 309 1638 Ύποτυπώσεων
323 1612 469 1648 μέμνηται.
485 1614 552 1649 Φησὶ
566 1613 630 1650 γὰρ,
645 1615 676 1641 τὸ
690 1616 865 1644 άποστολικὺν

84 1655 156 1690 ῥητὸν
177 1657 358 1693 ἐξηγούμενος
375 1659 405 1686 τὸ
427 1659 504 1693 λέγον
517 1680 524 1692 ,
540 1661 726 1695 Εὐχαριστῶ,
748 1662 792 1690 ὅτι
808 1672 865 1698 μη-

84 1698 147 1727 δένα
159 1702 238 1736 ὑμῶν
246 1703 402 1731 ἐϐάπτισα·
420 1714 428 1730 ι
445 1705 562 1740 Χριστὸς
578 1707 684 1742 λέγεται
697 1709 801 1745 Πέτρον
818 1703 865 1745 μό-

84 1753 122 1773 νον
137 1748 335 1783 βεϐαπικέναι,
353 1751 456 1789 Πέτρος
468 1754 497 1780 δὲ
512 1754 649 1790 Ἀνδρέαν,
660 1754 785 1790 Ἀνδρέας
809 1756 861 1782 Ἰά-

85 1793 162 1821 κωϐον
174 1796 218 1822 καὶ
239 1797 378 1832 Ἰωάννην,
391 1799 489 1826 ἐκεῖνοι
505 1799 533 1826 δὲ
548 1801 610 1832 τοὺς
625 1799 745 1832 λοιπούς.
762 1807 772 1827 ἡ

917 1582 994 1602 mens
1010 1574 1181 1603 Stromateus
1195 1576 1319 1603 meminit
1335 1577 1363 1604 in
1379 1578 1475 1613 quinto
1491 1579 1705 1616 Hypotypouom

918 1620 1103 1655 Apostolicum
1118 1622 1192 1650 enim
1209 1621 1275 1649 illud
1291 1622 1393 1650 dictum
1413 1632 1553 1660 exponens
1566 1635 1620 1662 quo
1637 1627 1706 1655 dici-‘

917 1670 963 1693 tur
979 1676 985 1694 :
1005 1666 1114 1694 Gratias
1131 1675 1180 1703 ago
1191 1667 1257 1699 Deo,
1268 1669 1332 1703 quia
1347 1670 1475 1697 neminem
1488 1677 1603 1699 vestrum
1620 1673 1706 1709 bapti-

919 1708 993 1742 zavi,
1018 1721 1027 1738 ι
1042 1707 1180 1746 Christus,
1199 1713 1298 1748 inquit,
1315 1713 1416 1742 dicitur
1426 1715 1536 1744 Petrum
1553 1718 1641 1746 solum
1654 1707 1705 1746 ba-

915 1757 1053 1792 ptizasse,
1079 1758 1176 1786 Petrus
1195 1759 1331 1787 Andream
1345 1781 1353 1794 ,
1376 1761 1500 1791 Andreas
1523 1762 1654 1792 Iacobum
1678 1769 1706 1792 et

914 1802 1058 1838 Joannem,
1075 1805 1116 1832 illi
1131 1809 1221 1832 autem
1235 1805 1368 1840 reliquos.
1390 1817 1400 1833 ι

547 1856 590 1884 Ea:
606 1857 653 1886 tib.
669 1857 750 1886 VL—
766 1859 815 1893 Ap.
834 1859 932 1888 Euseb.
949 1860 1020 1890 Hist.
1033 1861 1110 1895 eccl.,
1128 1870 1158 1894 ιι,
1177 1863 1203 1889 Ι.

113 1909 222 1946 Κλήμης
242 1912 272 1938 δὲ
288 1912 318 1938 ἐν
340 1912 411 1948 ἕκτῳ
433 1912 487 1940 τῶν
506 1913 736 1942 Ὑποτυπώσεων
750 1916 863 1951 γράφων

84 1949 127 1979 ὧδέ
146 1956 301 1992 παρίστησι.
317 1957 420 1993 Πέτρον
445 1959 500 1994 γάρ
520 1967 586 1994 φησι
608 1960 655 1985 καὶ
671 1949 797 1987 Ἰάκωϐον
812 1949 863 1988 ’καὶ

90 1999 204 2036 Ἰωάννην
217 2002 288 2037 μετὰ
297 2002 347 2038 τὴν
359 2003 493 2040 ἀνάληψιν
507 2005 554 2031 τοῦ
570 2005 705 2041 Σωτῆρος,
722 2006 760 2038 ὡς
770 2006 803 2033 ἂν
816 2007 863 2034 καὶ

85 2043 130 2070 ὑπὸ
145 2046 189 2072 τοῦ
208 2048 311 2084 Κυρίου
329 2050 589 2086 προτετιμημένους,
607 2051 644 2087 μὴ
659 2052 861 2084 ἐπιδικάζεσθαι

85 2088 161 2133 δόξης,
173 2092 228 2132 ἀλλ’
247 2093 376 2121 Ἰάκωὸον
393 2094 440 2122 τδν
463 2095 563 2123 δίκαιον
585 2095 732 2124 ἐπίσκοπον
749 2097 861 2133 Ἱεροσο-

84 2132 167 2170 λύμων
178 2130 294 2166 ἑλέσθαι.

951 1916 1077 1945 Clemens
1089 1921 1164 1946 certe
1173 1919 1201 1946 in
1211 1924 1290 1948 sexto
1302 1920 1504 1948 lnstitutiohum
1517 1921 1588 1949 libl-o
1599 1922 1636 1949 ita
1649 1926 1705 1949 tra-

915 1963 964 1990 dit.
980 1963 1026 1990 Ait
1049 1964 1210 2000 enim,post
1234 1965 1390 1994 Servatoris
1418 1966 1703 2003 ascensumJ’etrum,

913 2008 1045 2037 Iacobum
1074 2014 1102 2038 et
1125 2010 1269 2044 Joannem,
1287 2012 1412 2047 quamvis
1441 2012 1573 2040 Daminus
1598 2015 1704 2041 caeteris

914 2055 991 2090 ipsos
1018 2056 1194 2091 prtetulisset,
1210 2065 1266 2085 non
1295 2058 1398 2085 idcirco
1427 2057 1460 2085 de
1485 2058 1573 2092 primo
1590 2059 1703 2086 honoris

912 2102 996 2136 gradu
1012 2103 1195 2137 contendisse,
1209 2104 1256 2131 sed
1269 2103 1400 2131 Jacobum
1417 2104 1580 2139 cognomine
1595 2104 1702 2133 Justuul

911 2146 1145 2184 Jerosolymorum
1160 2150 1320 2185 episcopum
1334 2150 1459 2185 elegisse.

499 2200 582 2237 ³⁷η
600 2200 642 2227 Ea;
650 2201 738 2229 eodem
753 2201 821 2230 libro
837 2202 881 2230 VI.
891 2220 925 2225 —
936 2205 987 2241 Ap.
1003 2205 1111 2241 Euseb.,
1125 2207 1192 2235 ibid.
1203 2216 1227 2234 ε,
1245 2207 1288 2235 15.

116 2251 186 2279 Οὕτω
206 2253 238 2290 δὴ
257 2251 304 2281 οὖν
321 2255 538 2291 ἐπιδημήσαντος
552 2256 644 2289 αὐτοῖς
663 2257 710 2284 τοῦ
726 2258 799 2285 Θείου
814 2258 860 2286 λόὲο
875 2272 898 2299 D

85 2304 137 2330 γου,
151 2299 166 2333 ἡ
181 2299 228 2334 μὲν
239 2299 288 2327 τοῦ
303 2300 423 2336 Σίμωνος
442 2301 548 2338 ἀπέσϐη
565 2302 611 2329 καὶ
628 2304 797 2339 παραχρῆμα
813 2305 861 2332 καὶ

85 2340 123 2382 τῷ.
139 2342 210 2378 ἀνδρὶ
225 2344 390 2372 καταλέλυτο
410 2345 523 2382 δύναμις
535 2355 541 2362 ·
557 2347 675 2374 τοσοῦτοί
686 2348 707 2374 δ’
720 2349 859 2384 ἐπέλαμψε

85 2379 137 2418 τσῗς
149 2388 200 2415 τῶν
217 2389 359 2424 ἀκροατῶν
379 2390 426 2417 τοῦ
450 2391 554 2427 Πέτρου
579 2386 707 2425 διανοίαις
719 2394 859 2426 εὐσεϐείας

85 2431 184 2465 φέγγος,
195 2434 231 2466 ὡς
255 2434 291 2470 μὴ
313 2437 346 2471 τῇ
364 2436 482 2468 εἰσάπαξ
504 2436 604 2469 ἱκανῶς
626 2437 696 2472 ἔχειν
716 2439 858 2475 ἀρκεῖσθαι

86 2475 155 2512 ἀκοῇ,
172 2480 235 2515 μηδὲ
257 2482 290 2516 τῇ
314 2481 430 2517 ἀγράφῳ
446 2482 493 2508 τοῦ
508 2482 580 2509 θείου
595 2483 770 2519 κηρύγματος
786 2486 858 2512 διδα-

88 2522 189 2559 σκαλίᾳ’
213 2525 403 2562 παρακλήσεσι
424 2528 452 2554 δὲ
474 2529 614 2561 παντοίαις
634 2530 757 2565 Μάρκον,
774 2528 805 2558 οὗ
828 2532 858 2559 τὸ

87 2566 236 2603 Εὑαγγέλιον
252 2572 374 2608 φέρεται,
390 2574 534 2601 ἀκόλουθον
548 2575 613 2602 ὄντα
624 2575 858 2613 Πέτρου,λιπαρῆ-ι

87 2621 134 2646 σαι,
148 2615 183 2647 ὡς
203 2617 235 2643 ἂν
255 2619 301 2645 καὶ
315 2618 359 2645 διὰ
372 2620 479 2655 γραφῆς
493 2621 642 2657 ὑπόμνημα
659 2622 709 2657 τῆς
721 2622 764 2649 διὰ
778 2623 857 2658 λόγου

82 2661 269 2701 παραδοθείσης
296 2665 388 2696 αὐτοῖς
412 2666 571 2701 καταλεῖψαι
599 2667 787 2700 διδασκαλίας·
819 2670 856 2705 μὴ

81 2705 203 2749 ἔπρότερόν
216 2717 244 2735 τε
259 2710 361 2737 ἀνιέναι
376 2711 393 2746 ἢ
408 2712 628 2748 κατεργάσασθαι
643 2713 688 2740 τὸν
704 2714 798 2750 ἄνδρα,
810 2716 857 2742 καὶ

81 2746 162 2801 reum
171 2754 270 2786 αἰτίους
284 2756 408 2790 γενέσθαι
419 2758 468 2793 τῆς
476 2746 528 2784 -τοῦ
540 2759 685 2795 λεγομένου
700 2746 770 2788 κατά
779 2763 857 2798 Μάρ-

87 2802 127 2821 κον
148 2798 305 2833 Εὑαγγελίου
316 2803 432 2837 γραφῆς.
449 2804 548 2838 Γνόντα
558 2805 586 2831 δὲ
599 2806 628 2831 τὸ
641 2807 773 2842 πραχθὲν,
790 2808 855 2842 φασὶ

134 2876 160 2904 ’14
179 2873 207 2901 Ρ.
230 2875 294 2904 1003
311 2877 366 2904 ED.
387 2877 535 2906 POTTER.

236 2923 368 2956 Peraea.
391 2927 450 2957 Gn.
475 2928 530 2958 IX.

947 2262 1032 2297 Igitur
1055 2270 1119 2290 cum
1145 2263 1191 2291 Dei
1215 2264 1338 2291 doctrina
1353 2264 1491 2292 Romanos
1514 2264 1631 2291 adirentu
1649 2264 1701 2292 suo

913 2307 1086 2341 illustrasset,
1105 2302 1225 2337 Simonis
1240 2309 1350 2345 quidem
1375 2311 1417 2338 vis
1442 2318 1475 2337 ac
1498 2310 1619 2345 potentia
1636 2317 1699 2338 cum

913 2355 974 2390 ipso
988 2357 1069 2383 simul
1085 2360 1195 2384 auctore
1211 2357 1286 2384 brevi
1301 2357 1436 2384 exstincta
1452 2361 1533 2391 atque
1547 2356 1634 2383 deleta
1647 2363 1698 2384 est.

913 2390 1019 2429 Tantus
1034 2407 1124 2429 autem
1139 2402 1263 2430 veritatis
1282 2402 1372 2437 fulgor
1393 2402 1506 2430 emicuit
1521 2402 1549 2428 in
1563 2402 1700 2430 mentibus

911 2455 1017 2478 eorum,
1033 2447 1080 2482 qui
1101 2447 1210 2475 Petrum
1226 2448 1380 2480 audierant,
1401 2452 1430 2475 ut
1449 2456 1545 2483 parum
1567 2448 1699 2475 haberent

913 2493 997 2520 semel
1012 2493 1131 2525 audisse,
1148 2501 1199 2521 nec
1219 2495 1340 2521 contenti
1361 2499 1454 2521 essent
1477 2494 1598 2521 caelestis
1622 2495 1697 2521 verlii

913 2539 1067 2567 doctrinam
1083 2539 1144 2567 viva
1159 2547 1235 2572 voce,
1252 2540 1334 2567 nullis
1351 2541 1478 2567 traditam
1494 2540 1607 2574 scriptis
1620 2547 1692 2566 acce’

912 2585 1005 2619 pisse:
1023 2585 1071 2612 sed
1092 2583 1213 2613 Marcum
1235 2584 1309 2613 Petri
1332 2586 1494 2613 sectatorem
1515 2586 1596 2619 cujus
1617 2585 1698 2612 hodie

911 2629 1196 2665 exstatEvangelium,
1210 2631 1290 2658 enixe
1304 2634 1451 2658 orarentnt
1464 2631 1595 2658 doctrinae
1611 2630 1694 2661 illius;

911 2678 993 2710 quam‘
1013 2675 1108 2703 auditu
1125 2681 1298 2718 ammperant,
1314 2677 1446 2711 scriptum
1471 2676 1581 2711 aliquod
1598 2683 1696 2702 monu-

910 2725 1032 2749 mentum
1047 2722 1119 2756 apud
1132 2729 1162 2750 se
1177 2722 1353 2757 relinqueret.
1367 2722 1422 2749 Nec
1432 2722 1508 2757 prius
1520 2721 1694 2753 destiterunt,

909 2775 990 2802 quam
1015 2768 1151 2795 hominem
1171 2772 1392 2803 expugnassent,
1423 2772 1602 2802 auctoresque
1625 2768 1696 2793 scvia

908 2809 991 2838 bendi
1007 2811 1079 2839 illius
1092 2812 1163 2847 quod
1177 2811 1327 2840 secundum
1344 2812 1464 2839 Marcum
1476 2812 1587 2844 dicitur,
1604 2810 1693 2839 Eva-.1:

1497 2937 1535 2966 Ωἷι
