1927 3074
209 172 259 200 7H

769 170 965 198 CLEMENTIS
983 171 1217 200 ALEXANDRINI
1785 176 1831 204 743

207 229 270 264 gelii
291 229 472 257 exstitissent.
492 227 570 261 Quod
590 233 652 254 cum
675 227 772 255 Petrus
789 235 837 262 per
853 228 1009 259 revelatio,

1046 231 1086 257 τὸν
1095 231 1262 263 Ἀπόστολον,
1278 232 1502 268 ἀποκαλύψαντος
1512 234 1588 270 αὐτῷ
1608 234 1655 261 τοῦ
1666 234 1832 270 Πνεύματος,

208 283 269 303 nem
284 276 372 303 sancti
389 275 508 310 Spiritus
523 274 707 310 cognovisset,
720 274 872 302 delectatus
885 274 992 302 ardenti

207 320 348 348 hominum
361 321 462 353 studio,
475 321 574 347 librum
590 320 666 346 illum
682 320 845 347 auctoritate
858 328 908 348 sua
918 328 993 348 com-

207 367 338 401 probasse
357 367 467 399 dicitur,
485 372 514 394 ut
532 366 661 401 deinceps
688 366 715 393 in
740 366 866 394 ecclesiis
891 367 994 402 legere-

207 416 262 438 tur.
276 411 402 438 Refertur
416 411 442 438 id
459 419 475 438 a
485 411 625 438 Clemente
640 411 668 438 in
691 415 769 439 sexto
789 411 992 439 [mutationum

207 457 288 485 libro.

1045 277 1158 312 ἡσθῆναι
1174 279 1207 313 τῇ
1224 277 1277 304 τῶν
1294 279 1399 315 ἀνδρῶν
1420 280 1569 316 προθυμίᾳ,
1587 281 1710 316 χυρῶσαί
1735 289 1764 307 τε
1786 281 1832 317 τὴν

1044 322 1151 358 γραφὴν
1162 323 1201 354 είς
1215 322 1332 355 ἔντευξιν
1342 325 1401 355 ταῖς
1409 325 1711 361 Ἐκκλησίαις.Κλήμης
1723 326 1753 352 ἐν
1765 327 1833 362 ἕκτῳ

1043 367 1098 394 τῶν
1112 367 1342 396 Ύποτυπώσεων
1355 370 1548 405 παρατέθειται
1563 370 1613 406 τὴν
1630 370 1764 406 ἱστορίαν.

737 513 779 541 Ea:
794 513 883 541 eodem
900 513 978 541 libro.
992 529 1027 534 —
1040 513 1089 548 Ap.
1110 512 1208 540 Euseb.
1224 512 1291 540 ibid.

240 575 269 605 »ῃ
291 571 369 600 Tunc
382 571 475 604 etiam,
490 576 520 599 ut
531 571 624 599 divina
639 570 723 598 tradit
739 571 892 606 Scriptura,
904 570 990 598 Hero-

202 619 251 646 des
274 625 336 645 eum
363 616 457 645 Jacobi
483 617 585 645 caedem
605 616 790 653 gratissimam
811 624 873 644 esse
889 615 992 644 Judae'is

202 664 314 695 videret,
332 663 442 691 Petrum
461 670 571 698 quoque
594 662 707 690 adortus
723 665 775 689 est.
791 660 878 694 Quem
893 661 921 688 in
932 662 993 688 vin-

201 711 264 738 cula
278 711 434 745 conjectum
461 709 571 744 capitali
595 708 730 743 supplicio
752 707 809 742 jam
834 707 993 736 addicturus

201 760 272 789 erat,
287 756 340 784 nisi
356 755 455 784 Petrus
470 755 563 783 divina
578 755 691 786 virtute,
707 753 796 788 angeli
811 754 915 782 scilicet
935 760 987 781 no-

200 807 245 829 ctu
261 802 418 837 apparentis
441 801 555 833 auxilio,
571 803 668 835 praeter
691 799 814 826 omnium
837 806 913 834 spem
926 800 987 827 vin-

200 837 282 875 culis.
295 848 437 879 liberatus,
453 847 487 874 ad
514 845 716 882 pradicationis
739 844 923 872 ministerium
945 845 988 872 di-

201 892 303 920 missus
316 892 424 919 fuisset.

1075 568 1262 605 Τοτηνικαῦτα
1284 569 1324 602 δὲ,
1341 569 1379 602 ὥς
1402 578 1484 606 φησιν
1508 571 1525 606 ὴ
1551 570 1610 597 θεία
1636 570 1745 607 Γραφὴ,
1774 572 1833 599 ίδὼν

1045 616 1169 652 Ἡρώδης
1184 615 1231 642 ἐπὶ
1244 617 1277 651 τῇ
1290 615 1337 642 τοῦ
1357 615 1486 643 Ἰακώϐου
1502 617 1638 653 ἀναιρέσει
1659 618 1700 644 ᾶτι
1719 617 1752 653 δὴ
1767 619 1833 654 πρὸς

1039 662 1136 698 ἡδονῆς
1148 663 1191 698 εἴη
1206 662 1237 688 τὸ
1253 661 1373 697 πραχθὲν
1386 663 1442 693 τοῖς
1459 662 1606 694 Ἰουδαίοις,
1623 663 1777 690 ἐπιτίθεται
1789 665 1834 692 καὶ

1041 707 1147 744 Πέτρῳ.
1165 709 1280 743 Δεσμοῖς
1300 715 1332 734 τε
1351 707 1433 734 αὑτὸν
1448 708 1594 744 παραδοὺς,
1610 708 1673 735 ὅσον
1686 708 1768 735 οὔπω
1788 710 1833 736 καὶ

1040 754 1085 781 τὸν
1100 754 1160 781 κατ’
1179 753 1262 780 αῦτοῦ
1281 754 1359 788 φόνον
1374 754 1528 791 ἐνήργησεν
1538 753 1582 786 ἂν,
1601 755 1626 780 εἰ
1641 754 1679 790 μὴ
1696 754 1744 781 διὰ
1758 754 1832 786 θείας

1041 799 1201 835 ἐπιφανείας
1213 798 1373 831 ἐπιστάντος
1389 798 1463 834 αὐτῷ
1478 798 1585 835 νύκτωρ
1600 799 1731 834 ἀγγέλου,
1748 808 1832 835 παρα-

1039 845 1123 880 δόξως
1145 845 1200 873 τῶν
1222 845 1343 881 εἱργμῶν
1363 845 1538 880 ἀπαλλαγεὶς,
1552 846 1599 872 ἐπὶ
1613 845 1662 881 τὴν
1677 846 1725 872 τοῦ
1747 846 1831 882 κηρύ-

1004 887 1026 915 Β
1043 899 1147 927 γματος
1159 891 1269 926 ἀφεῖται
1281 889 1429 917 διακονίαν.

623 946 766 975 Εωοοάενη
787 946 865 974 libro.
881 960 916 967 —-
930 947 982 983 Ap.
1002 947 1102 975 Euseb.
1118 946 1192 975 Ηίιι.
1208 947 1275 975 eccl.
1293 955 1332 980 vr,
1352 947 1397 975 ﬂ.

235 1005 309 1032 Idem
327 1004 493 1040 (Clemens)
516 1004 544 1032 in
563 1004 643 1032 libris
662 1002 901 1037 Ύποτυπώσεων,
925 1012 985 1032 om-

199 1052 287 1083 nium,
305 1054 335 1078 ut
359 1058 412 1078 uno
436 1051 520 1078 verbo
541 1050 643 1083 dicam,
659 1050 803 1086 utriusque
819 1050 987 1079 Testamenti

200 1097 405 1132 Seripturarum
435 1097 658 1132 compendiosam
691 1097 811 1125 instituit
834 1098 987 1125 enarratio-

199 1151 278 1176 nem,
302 1150 336 1170 nc
360 1143 414 1170 illis
435 1143 545 1178 quidem
566 1143 759 1178 praetermissis
775 1142 935 1178 Scripturis,
953 1143 987 1171 de

197 1190 298 1225 quibus
313 1190 385 1217 inter
403 1189 503 1217 multos
525 1188 683 1225 ambigitur.
699 1188 777 1216 Judae
791 1188 940 1224 Epistulam
959 1192 988 1216 et

197 1236 338 1268 Barnabaz,
353 1243 384 1262 ac
401 1235 520 1270 reliquas
534 1235 684 1262 catholicas
700 1234 838 1270 Epistolas
853 1235 984 1270 intelligo,

196 1285 224 1308 et
234 1279 433 1310 llevelationem
441 1288 502 1315 quae
513 1279 616 1308 dicitur
632 1280 717 1308 Petri.
731 1280 881 1314 Epistolam
895 1286 985 1308 autem

196 1326 229 1354 ad
255 1326 382 1354 Hebraeos
407 1326 484 1354 Pauli
509 1326 619 1362 quidem
639 1335 701 1356 esse
716 1326 841 1361 allirmat,
861 1327 909 1356 sed
930 1327 986 1363 lle-

195 1372 290 1400 braico
305 1380 442 1405 sermone,
456 1377 549 1408 utpote
571 1373 605 1400 ad
625 1373 764 1406 Hebraeos,
781 1374 899 1409 primum
915 1373 987 1401 scri-

196 1423 269 1452 ptam
287 1417 390 1452 fuisse;
407 1418 509 1446 Lucam
528 1427 592 1446 vero
613 1420 736 1447 eamdem
752 1418 847 1446 Graeco
861 1427 986 1447 sermone

195 1463 318 1491 studiose
333 1465 551 1499 interpretatum,
564 1464 667 1493 Graecis
682 1464 841 1493 hominibus
855 1465 985 1493 edidisse.

1079 1005 1124 1032 Ἐν
1143 1005 1172 1032 δέ
1187 1006 1247 1037 ταῖς
1265 1003 1645 1038 ’Υποτυπώσεσι,ξυνελ6ντα
1661 1005 1765 1038 εἰπεῖν,
1782 1007 1831 1033 πά-

1040 1059 1090 1086 σης
1098 1050 1147 1085 τῆς
1158 1049 1318 1085 ἐνδιαθήκου
1333 1050 1443 1086 Γραφῆς
1455 1049 1674 1086 ἐπιτετμημένας
1683 1052 1828 1087 πεποίηται

1039 1096 1177 1132 διηγήσεις
1187 1115 1196 1128 ,
1215 1095 1282 1132 μηδὲ
1302 1095 1353 1127 τὰς
1368 1095 1576 1131 ἀντιλεγομένας
1592 1095 1751 1131 παρελθών·
1783 1097 1828 1132 τὴν

1046 1142 1129 1169 Ἰούδα
1151 1141 1223 1176 λέγω
1238 1141 1285 1168 καὶ
1307 1141 1357 1174 τὰς
1376 1141 1472 1173 λοιπὰς
1493 1141 1639 1174 καθολικὰς
1657 1143 1827 1174 Ἐπιστολάς·

1037 1189 1087 1224 τήν
1101 1197 1132 1214 τε
1147 1187 1275 1224 Βαρνάϐα
1286 1188 1333 1215 καὶ
1346 1187 1396 1224 τὴν
1408 1188 1513 1224 Πέτρου
1528 1188 1677 1224 λεγομένην
1692 1188 1829 1216 ἀποκάλυ-

1036 1234 1094 1269 ψιν.
1111 1234 1167 1261 Καὶ
1180 1233 1228 1270 τὴν
1242 1233 1312 1269 πρὸς
1333 1233 1475 1270 Ἑϐραίους
1494 1234 1523 1260 δὲ
1543 1234 1704 1270 Ἐπιστολὴν
1722 1235 1827 1261 Παύλου

1038 1280 1087 1315 μὲν
1113 1276 1183 1307 εἷναί
1208 1287 1285 1315 φησι,
1313 1278 1465 1314 γεγράφθαι
1495 1279 1524 1305 δὲ
1543 1279 1679 1315 Έῦραίοις
1697 1279 1826 1315 Ἐὕραίκῇ

1038 1327 1130 1362 φωνῇ-
1147 1326 1253 1353 Λουκᾶν
1273 1325 1310 1358 δὲ,
1327 1325 1474 1360 φιλοτίμως
1491 1324 1574 1360 αὐτὴν
1590 1324 1827 1362 μεθερμηνεύσαν.

1036 1381 1081 1405 τα,
1098 1372 1223 1399 ἐκδοῦναι
1247 1373 1304 1404 τοῖς
1322 1370 1543 1407 Ἕλλησιν.”0οεν
1565 1370 1611 1398 τὸν
1635 1371 1717 1398 αὑτὸν
1737 1372 1827 1407 χρῶτα

1039 1418 1224 1455 εὑρίσκεσθαι,
1233 1417 1302 1445 κατὰ
1309 1417 1358 1453 τὴν
1367 1417 1525 1453 ἑρμηνείαν,
1537 1416 1639 1452 ταύτης
1651 1426 1681 1443 τε
1696 1417 1747 1453 τῆς
1755 1418 1826 1444 Ἐπι-

1039 1463 1135 1499 στολῆς
1157 1464 1204 1491 καὶ
1223 1463 1276 1491 τῶν
1291 1462 1430 1498 Πράξεων
1441 1471 1448 1478 ·
1468 1462 1506 1499 μὴ
1520 1463 1729 1499 προγεγράφθαι
1787 1464 1825 1492 τὸ.

195 1508 286 1541 Quare
310 1509 337 1536 in
362 1516 392 1536 ea
412 1509 527 1544 epistola
553 1512 581 1536 et
605 1509 633 1536 in
658 1509 773 1538 Actibus
797 1507 1009 1545 apostolorum(

1046 1509 1157 1544 Ἰαῦλος
1169 1510 1351 1543 ἀπόστολος,
1363 1509 1485 1541 εἰκότως.

194 1554 320 1582 eumdem
338 1553 466 1582 dictionis
500 1555 618 1582 colorem
647 1555 771 1590 reperiri.
808 1555 884 1583 Hanc
915 1563 980 1584 vero
1005 1555 1212 1592 inscriptionem
1239 1556 1344 1584 Paulus
1370 1556 1517 1591 apostolus,
1533 1560 1608 1584 recte
1627 1561 1710 1592 atque
1732 1556 1827 1584 ordino

195 1600 325 1627 omissam
343 1599 430 1628 fuiSse
445 1601 583 1628 observat.

636 1656 677 1683 En:
694 1657 739 1684 lib.
758 1656 814 1685 Vll.
831 1673 866 1678 -—
880 1657 931 1692 Ap.
946 1657 1077 1690 eumdem,
1093 1657 1122 1683 in
1139 1655 1154 1683 1
1168 1656 1202 1683 ad
1215 1655 1284 1684 Tim.
1304 1664 1334 1689 ll,
1351 1655 1377 1683 6.

231 1714 401 1750 Temporibus
415 1715 481 1742 suis.
501 1713 559 1741 Hoc
573 1718 616 1742 est
633 1715 743 1750 quando
758 1719 832 1744 recte
854 1724 884 1744 se
901 1715 985 1744 habe-

193 1760 261 1788 bant
276 1759 403 1787 homines
414 1759 448 1787 ad
462 1759 554 1788 ﬁdem.

1073 1714 1192 1750 Καιροῖς
1214 1715 1308 1748 ιδίοις.
1328 1715 1482 1747 Τουτέστιν,
1499 1715 1543 1742 ὅτε
1569 1715 1731 1751 ἐπιτηδείως
1755 1714 1823 1751 εἶχον

1036 1760 1105 1796 πρὸς
1119 1761 1169 1796 τὴν
1186 1760 1275 1786 πίστιν
1286 1760 1310 1787 οί
1323 1759 1470 1796 ἄνθρωποι.

895 1819 961 1854 Cap.
978 1827 1055 1852 111,υ.
1068 1819 1113 1846 16.

231 1876 310 1904 Virus
329 1881 369 1904 est
391 1876 554 1912 ab‘augelis.
577 1877 619 1913 (0
634 1878 810 1913 mysterium!
832 1878 981 1907 Nobiscum

192 1921 320 1949 viderunt
334 1922 421 1957 angeli
433 1921 583 1956 Christum,
593 1929 657 1950 cum
669 1922 746 1958 prius
757 1930 812 1951 non
822 1923 981 1959 vidissent.)

198 1966 256 1993 Non
263 1966 336 1995 sicut
349 1969 383 1995 ab
401 1968 567 1996 hominibus.

1073 1878 1167 1912 Ὠφθη
1179 1877 1326 1912 ἀγγέλοις.
1347 1877 1392 1912 (Ὣ
1403 1878 1552 1914 μυστήριον
1564 1878 1570 1904 1
1587 1877 1654 1905 Μεθ’
1666 1879 1683 1914 ἡ
1688 1877 1746 1913 μῶν
1755 1875 1822 1905 εἶδον

1034 1925 1058 1951 οἰ
1071 1924 1181 1958 ἄγγελοι
1195 1924 1240 1951 τὸν
1255 1924 1382 1959 Χριστὸν,
1399 1924 1529 1960 πρότερον
1545 1924 1594 1959 οὐχ
1614 1923 1760 1959 ὁρῶντες.)
1768 1924 1821 1958 υῦχ

1033 1970 1072 2002 ὡς
1083 1970 1139 2001 τοῖς
1156 1968 1320 2005 ἀνθρώποις,

895 2027 962 2062 Cap.
979 2035 1007 2060 v,
1024 2035 1048 2055 υ.
1066 2027 1093 2054 8.

229 2084 262 2111 Et
277 2085 390 2111 maxime
404 2084 566 2112 domesticis.
589 2085 653 2112 Suis
667 2088 694 2114 et
707 2085 867 2114 domesticis
886 2086 979 2122 provi-

1067 2087 1120 2113 Καὶ
1135 2086 1268 2121 μάλιστα
1280 2086 1339 2113 τῶν
1350 2087 1475 2114 οἰκείων.
1496 2086 1557 2114 Τῶν
1573 2086 1646 2114 ίδίων
1662 2088 1711 2114 καὶ
1719 2086 1772 2113 τῶν
1779 2088 1820 2115 οι·-

192 2130 248 2162 ειοι,
267 2130 314 2165 qui
338 2137 391 2157 non
416 2130 504 2158 solum
522 2138 616 2158 curam
632 2131 714 2159 habet
729 2139 836 2164 eorum,
852 2139 912 2167 qua:
929 2132 979 2159 ali-
996 2141 1009 2169 [

1046 2132 1111 2159 τίων
1134 2134 1252 2168 προνοεῖ,
1266 2133 1280 2159 ὸ
1297 2132 1334 2169 μὴ
1357 2133 1437 2168 μόνον
1460 2133 1514 2160 τῶν
1538 2133 1730 2170 προσηκόντων
1751 2142 1818 2169 προ-

191 2185 246 2212 quo
261 2177 341 2204 modo
359 2177 529 2213 contingunt,
545 2177 593 2206 sed
618 2181 645 2205 et
668 2177 710 2206 sui
737 2178 836 2213 ipsius,
854 2179 979 2214 proprios

191 2223 359 2258 amputando
374 2222 497 2251 allectus.

1031 2178 1110 2210 νοῶν,
1124 2178 1192 2206 ἀλλὰ
1213 2179 1258 2206 καὶ
1278 2179 1358 2211 αὐτὸς
1378 2179 1484 2212 ἑαυτοῦ,
1503 2179 1547 2206 διὰ
1562 2179 1608 2206 τοῦ
1628 2180 1771 2207 ἐκκόπτειν
1786 2180 1819 2206 τὰ

1033 2224 1117 2260 πάθη.

871 2316 874 2321 _
896 2281 962 2317 Cap.
977 2290 1004 2315 ν,
1020 2290 1044 2309 υ.
1061 2282 1104 2309 10.

228 2337 257 2364 Si
268 2345 418 2365 sanctorum
429 2339 506 2373 pedes
517 2339 592 2368 lavit.
612 2338 670 2367 Iloc
690 2344 731 2368 est
747 2340 770 2367 si
790 2344 912 2368 extrema
926 2341 978 2368 mi-

192 2383 306 2410 nisteria
322 2384 426 2411 sanctis
440 2385 543 2419 absque
556 2385 656 2412 rubore
671 2385 804 2412 exhibuit.

1066 2341 1101 2367 El
1112 2340 1204 2376 ἁγίων
1216 2341 1310 2374 πόδας
1321 2341 1417 2375 mos.
1437 2340 1582 2368 Τουτέστιν
1601 2342 1626 2367 εί
1640 2341 1690 2372 τὰς
1703 2341 1819 2376 ἐσχάτας

1031 2387 1184 2424 ὑπηρεσίας
1192 2389 1249 2420 τοῖς
1264 2388 1351 2422 ἁγίοις
1368 2387 1588 2423 ἀνεπαισχύντως
1600 2387 1763 2420 ἐξετέλεσεν.

901 2442 965 2477 Cap.
983 2452 1010 2477 ν,
1028 2452 1052 2472 υ.
1064 2444 1109 2472 21.

230 2484 292 2512 Sine
308 2487 515 2520 prmeipitatione
524 2488 631 2522 judicii.
656 2488 712 2517 lloe
726 2493 769 2517 est
782 2498 881 2518 carens
896 2498 929 2518 ne
945 2491 978 2518 ad

194 2529 296 2564 aliquid
319 2530 505 2566 impingendo,
526 2533 682 2568 subjiciaris
704 2535 809 2569 judicio
833 2539 859 2562 et
882 2536 978 2562 ultioni

194 2576 392 2604 inobcdicntiaz.

1066 2492 1159 2527 Χωρὶς
1183 2494 1390 2528 προκρίματος.
1412 2494 1555 2520 Τουτέστιν
1573 2492 1638 2520 ἄνευ
1661 2493 1708 2520 τοῦ
1730 2492 1769 2525 εἴς
1790 2501 1817 2520 τι

1031 2537 1183 2565 πταίσαντα
1200 2539 1346 2566 ὑποπεσεῖν
1359 2539 1391 2574 τῇ
1406 2539 1496 2574 κρίσει
1508 2538 1555 2565 καὶ
1570 2539 1603 2574 τῇ
1619 2538 1669 2573 τῆς
1678 2537 1816 2573 παρακοῆς

1031 2591 1148 2609 κολασει.

895 2637 960 2673 Cap.
978 2646 1015 2672 γι,
1026 2648 1047 2666 υ.
1068 2641 1111 2667 l5.

230 2689 282 2722 Qui
299 2692 407 2716 testatus
424 2694 463 2716 est
479 2690 527 2717 sub
553 2690 648 2718 Pontio
675 2692 773 2720 Pilato.
796 2693 923 2723 Testatus
934 2700 976 2723 est

194 2742 244 2770 per
260 2742 292 2762 ea
315 2742 390 2769 qua!»
400 2734 473 2768 fecit,
487 2736 559 2774 quod
579 2737 636 2771 ipse
653 2743 724 2765 esset
748 2739 873 2768 Christus
892 2740 976 2769 Filius

196 2780 241 2807 Dei
246 2800 252 2807 .

302 2860 330 2889 α
350 2856 380 2885 P.
400 2857 541 2896 magno.
563 2859 710 2888 POTTER.

1067 2697 1122 2724 Τοῦ
1152 2697 1403 2732 μαρτυρήσαντος
1438 2697 1487 2724 ἐπί
1520 2697 1646 2724 Ποντίου
1675 2695 1811 2723 Πιλάτου.

1035 2743 1226 2784 Ἐμαρτύρῃσε
1241 2744 1294 2779 γὰρ
1309 2744 1343 2770 δι’
1357 2740 1394 2771 ὧν
1407 2743 1550 2779 ἔπραττεν,
1565 2743 1607 2769 ὅτι
1625 2742 1700 2774 ιὺτός
1715 2743 1784 2768 ἐσπν
1796 2740 1813 2769 ὁ

1030 2789 1145 2824 Χριστὸς
1160 2790 1174 2816 ὁ
1186 2789 1249 2820 Υἱὸς
1266 2789 1312 2816 τοῦ
1328 2789 1404 2815 Θεοῦ.
