1927 3074
113 211 160 240 Τὲθ

792 209 1016 238 FRAGMENTA.

1674 218 1725 245 Ίῑῖῗ)

717 269 791 298 Idem
805 271 832 296 in
848 269 869 297 ll
881 271 915 297 ad
927 271 994 298 Ti-n.
1005 279 1035 303 ιι,
1048 271 1074 298 2.

143 329 191 357 Διά
204 327 324 356 πολλῶν
331 329 496 364 μαρτύρων.
517 329 644 356 Τουτὲστι
660 328 740 364 νόμου
761 329 808 356 καὶ
822 337 886 365 προ-

975 329 1026 356 Per
1043 329 1139 356 nmltos
1154 334 1242 356 testes.
1265 329 1322 356 Hoc
1348 334 1390 358 est
1415 331 1500 366 legem
1516 338 1548 358 ac
1568 332 1723 367 prophetas.

113 374 206 409 φητῶν.
231 373 346 406 Τούτους
365 373 420 410 γὰρ
432 373 587 406 Ἀτοόστολος
607 375 724 402 ἐποιεῖτο
747 374 886 410 μάρτυρας

942 374 1006 401 Nam
1027 374 1077 401 hos
1099 375 1127 401 in
1148 378 1232 402 testes
1249 376 1404 410 proferebat
1419 375 1566 410 Apostolus
1583 385 1639 405 sum
1655 386 1725 413 prse-

111 420 153 447 τοῦ
168 420 229 447 ἰδίου
245 419 430 456 κηρύγματος.

940 420 1093 448 dicatiouis.

426 477 470 504 EI
485 477 575 504 eodem
592 477 659 504 libro
673 476 728 503 VII.
743 492 777 496 —
797 477 847 509 Ap.
862 476 1005 504 Eusebium
1022 477 1094 505 Hist.
1110 478 1172 504 θεοί.
1188 478 1205 504 Ι.
1223 486 1252 511 n,
1271 487 1294 505 c.
1318 479 1343 505 i.

149 535 263 570 Ἰακώϐῳ
282 533 323 570 τῷ
334 534 437 570 Δικαίῳ
452 534 499 560 καὶ
517 532 628 569 Ἰωάννῃ
647 533 694 559 καὶ
709 533 804 568 Πέτρῳ
818 532 889 559 κατὰ

110 582 155 618 τὴν
167 581 307 608 ἀνάστασιν
324 579 463 616 παρέδωκε
478 580 528 615 τὴν
540 578 640 614 γνῶσιν
656 579 670 605 ὁ
682 578 793 615 Κύριος.
810 575 890 605 Οὗτοι

111 631 162 661 τοῖς
174 629 273 660 λοιποῖς
286 627 445 659 ἀποστόλοις
460 626 621 661 παρέδωκαν
631 635 638 641 ·
650 626 675 652 οἱ
685 625 714 653 δὲ
722 625 810 652 λοιποὶ
821 625 889 652 ἀπό-

113 675 191 702 στολοι
204 675 260 706 τοῖς
272 673 468 709 ἑϐδομήκοντα,
485 670 523 700 ὧν
540 671 580 705 εἷς
595 670 629 708 ἧν
646 672 693 699 καὶ
705 671 857 708 Βαρνάϐας.

974 532 1076 560 Iacobo
1087 532 1178 566 Justo,
1194 537 1221 560 et
1244 532 1354 566 Joanni,
1369 538 1397 562 et
1418 534 1500 563 Petro
1518 535 1650 566 Dominus
1664 544 1725 573 post

939 578 1168 605 resurrectionem
1185 578 1307 606 scientim
1320 578 1422 606 donum
1437 580 1580 616 impertiit.
1594 582 1673 616 Quod
1685 585 1725 612 illi

939 624 1045 651 caeteris
1068 623 1210 659 apostolis,
1232 623 1261 650 hi
1285 631 1350 651 vero
1373 626 1546 660 septuaginta
1569 627 1722 663 discipulis,

939 677 1056 705 quorum
1069 677 1142 697 unus
1156 669 1208 696 fuit
1220 669 1370 703 Barnabas,
1385 671 1566 699 tradiderunt.

584 729 626 757 Ea:
639 729 729 757 eodem
742 729 819 757 libra.
837 744 871 750 ——-
886 728 937 764 Ap.
953 728 1072 756 eumdem
1091 727 1168 761 Μαίη
1180 736 1203 754 ε.
1217 728 1244 755 2.

140 789 204 825 Περὶ
215 788 309 816 τούτου
325 789 354 816 δὲ
369 790 383 815 ὁ
399 788 516 824 Κλήμης
531 787 576 815 τοῦ
597 786 725 815 Ἰακώϐου
745 777 793 814 καὶ
814 788 886 813 ἱστο-

975 786 1012 813 De
1025 785 1077 813 hoc
1089 785 1192 814 Jacobo
1205 793 1261 813 rem
1279 793 1392 821 prorsus
1407 790 1538 816 memoria
1554 789 1664 825 dignam
1680 798 1724 818 re-

110 835 164 871 ρίαν
175 836 281 872 μνήμης
296 835 373 868 ἀξίαν
387 836 415 862 ὲν
427 837 460 871 τῇ
474 835 528 862 τῶν
543 834 772 862 Ὑποτυπώσεων
786 832 886 869 ἐϐδόμῃ

942 832 992 859 iert
1006 832 1133 860 Clemens
1147 832 1175 859 in
1190 832 1306 867 septimo
1323 832 1524 861 [mutationum
1544 836 1623 869 libro,
1642 841 1724 872 prout

109 882 288 917 παρατίθεται,
307 882 344 914 ὡς
363 882 395 908 ἐκ
412 880 586 917 παραδόσεως
604 879 658 907 τῶν
674 879 727 916 πρὸ
739 878 820 906 αὑτοῦ
836 878 888 913 φά-

110 936 188 962 σκων,
206 929 245 955 ὃτι
269 927 302 963 δὴ
324 928 338 954 ὁ
365 927 518 962 εἰσαγαγὼν
543 927 622 954 αὑτὸν
642 927 682 958 είς
702 925 884 960 δικαστήριον,

936 885 997 906 eam
1011 886 1027 906 a
1042 879 1192 913 majoribus
1205 884 1357 914 acceperat.
1374 880 1418 906 Ait
1433 881 1505 908 enim
1526 889 1599 916 eum,
1619 885 1665 919 qui
1682 883 1726 911 Ja-

937 925 1037 952 cobum
1049 925 1154 960 judicio
1168 925 1315 958 obtulerat,
1330 933 1391 953 cum
1415 927 1491 954 illum
1506 927 1619 956 vidisset
1645 930 1726 958 Chri»

110 974 312 1010 μαρτυρήσαντα
322 974 403 1000 αὐτὸν
418 973 489 1005 ἰδὼν,
501 972 621 1008 κινηθεὶς
631 971 805 1007 ὡμολόγησεν
818 967 886 996 εἷναι

942 970 974 998 sti
1002 973 1031 1002 ᾖ
1059 970 1139 998 ﬁdem
1161 969 1246 998 libere
1269 970 1455 1004 conﬁtentem,
1482 979 1648 1001 commotum
1671 975 1723 1002 viri

107 1007 151 1046 ita).
172 1007 250 1052 uini);
275 1019 370 1047 ἑαυτὸν
396 1007 567 1054 Χριστιανόνγ.
600 1016 812 1052 Συναπήχθησαν
839 1013 886 1042 οὖν

942 1015 1093 1042 constantia
1121 1022 1151 1042 se
1163 1022 1272 1050 quoque
1288 1015 1475 1043 Christianum
1488 1025 1551 1046 esse
1563 1018 1721 1048 ailirmasse.

108 1066 191 1101 ἄμφω,
209 1065 286 1101 φησὶ,
300 1065 347 1093 καὶ
372 1064 443 1092 κατὰ
463 1065 512 1100 τὴν
535 1064 593 1091 ὁδὸν
615 1063 730 1099 ἠξίωσεν
753 1061 885 1097 ἀφεθῆναι

109 1110 174 1146 αὐτῷ
187 1110 237 1138 ὑπὸ
251 1111 301 1138 τοῦ
309 1110 446 1139 Ἰακώϐου.
455 1110 483 1137 '0
496 1110 534 1142 δὲ,
550 1109 639 1143 ὀλίγον
652 1108 831 1144 σκεψάμενος,
841 1108 886 1134 Εἰ-

110 1157 169 1191 ρήνη
189 1165 239 1189 σοι,
255 1155 328 1189 εἷπε,
345 1156 391 1183 καὶ
413 1155 592 1191 κατεφίλησεν
613 1154 703 1181 αὑτὸν.
726 1154 781 1180 Καὶ
801 1152 887 1185 οὕτως

109 1202 247 1239 ἀμφότεροι
260 1202 330 1238 ὁμοῦ
346 1201 600 1238 ἐκαρατομήθησαν.

939 1062 1027 1090 Ambo
1050 1062 1143 1097 igitur,
1166 1061 1266 1096 inquit,
1294 1062 1376 1089 simul
1403 1063 1437 1090 ad
1463 1064 1626 1099 supplicium
1648 1065 1723 1093 dueli

939 1112 1013 1136 sunt.
1030 1107 1153 1142 Cumque
1169 1107 1241 1135 inter
1256 1108 1376 1135 eundum
1391 1114 1516 1144 rogasset
1529 1109 1661 1138 Jacobum
1678 1119 1726 1139 co—

939 1161 1009 1187 mes,
1025 1158 1056 1181 ut
1071 1153 1123 1181 sibi
1138 1154 1244 1181 veniam
1264 1154 1341 1181 daret
1359 1164 1365 1181 :
1383 1155 1522 1191 paulisper
1538 1162 1661 1185 moratus
1678 1157 1726 1185 Ja-

940 1201 1036 1234 cobus,
1053 1199 1110 1227 Pax
1134 1200 1194 1233 tibi,
1212 1200 1312 1235 inquit,
1328 1201 1476 1236 statimque
1495 1202 1571 1230 illum
1586 1204 1726 1232 osculatus

941 1251 993 1275 est.
1008 1246 1048 1274 Ita
1065 1246 1147 1274 simul
1162 1246 1243 1273 ambo
1256 1247 1344 1282 capite
1358 1248 1477 1274 truncati
1493 1248 1632 1277 interiere.

496 1311 538 1339 Ea:
549 1312 638 1340 eodem
654 1311 731 1339 libro.
743 1325 778 1331 —
789 1309 865 1344 Apud
876 1311 995 1336 eumdem
1007 1305 1078 1333 Hist.
1097 1304 1170 1331 Eccl.
1182 1313 1219 1337 vl,
1236 1313 1261 1333 c.
1279 1305 1322 1333 14.

138 1367 202 1404 Ἤδη
216 1368 254 1401 δὲ,
271 1368 312 1400 ὡς
324 1370 338 1395 ὁ
352 1368 486 1404 μακάριος
497 1368 573 1403 ἔλεγε
588 1368 782 1404 πρεσϐύτερος,
798 1366 858 1394 ἐπεὶ
872 1366 887 1393 ό

107 1413 201 1449 Κύριος
216 1413 368 1446 ἀπόστολος
382 1413 420 1441 ὢν
438 1414 484 1441 τοῦ
499 1415 731 1451 Παντοκράτορος,
746 1412 886 1449 ἀπεστάλη

107 1459 168 1495 πρὸς
185 1459 338 1496 Ἑϐραίους,
355 1460 398 1487 διὰ
412 1461 575 1497 μετριότητα
589 1461 604 1487 ὁ
616 1460 731 1494 Παῦλος,
747 1461 784 1492 ὼς
798 1460 831 1488 ἂν
847 1459 888 1490 εἰς

105 1505 135 1532 τὰ
145 1505 204 1542 έθνη
213 1506 430 1542 ἀπεσταλμένος,
441 1507 490 1534 οὐκ
502 1507 636 1542 ἐγγράφει
646 1506 741 1534 ἑαυτὸν
754 1505 887 1542 Ἐϐραίων

105 1552 252 1585 ἀπόστολον,
260 1552 308 1580 διά
318 1561 347 1579 τε
364 1552 412 1588 τὴν
428 1553 496 1588 πρὸς
510 1553 556 1580 τὸν
569 1553 669 1589 Κύριον
685 1552 778 1588 τιμὴν,
796 1551 840 1578 διά
856 1560 887 1578 τε

105 1598 132 1624 τὸ
145 1598 174 1625 ἐκ
187 1599 347 1635 περιουσίας
361 1599 408 1625 καὶ
423 1601 479 1631 τοῖς
502 1599 635 1635 Ἑϐραίοις
651 1598 828 1631 ἐπιστέλλειν,
843 1597 887 1624 E0-

105 1645 152 1671 νῶν
165 1647 270 1682 κήρυκα
284 1646 352 1673 ὄντα
368 1646 414 1672 καὶ
433 1645 588 1672 ἀπόστολον.

974 1362 1034 1391 Jam
1048 1371 1124 1395 vero,
1142 1363 1213 1391 sicut
1235 1363 1330 1391 beatus
1345 1363 1454 1391 dicebat
1469 1364 1622 1400 presbyter,
1639 1372 1726 1400 quan~

940 1409 1084 1445 doquidem
1102 1409 1233 1437 Dominus
1247 1409 1440 1445 omnipotentis
1458 1411 1505 1438 Dei
1531 1411 1672 1445 apostolus
1692 1412 1726 1439 ad

939 1454 1068 1484 Hebraeos
1091 1455 1193 1483 missus
1211 1454 1311 1488 fuerat,
1329 1463 1384 1490 prae
1407 1456 1541 1483 modestia
1555 1456 1665 1490 Paulus,
1683 1462 1727 1485 ut-

938 1505 1002 1537 pote
1017 1501 1063 1536 qui
1079 1501 1111 1528 ad
1131 1505 1225 1537 gentes
1245 1505 1304 1529 erat
1321 1501 1453 1536 directus,
1470 1501 1644 1530 Hebraeorum
1660 1511 1728 1539 apo-

939 1548 1040 1576 stolum
1057 1550 1087 1576 se
1102 1548 1213 1575 minime
1227 1547 1353 1575 inscribit
1369 1557 1374 1574 ε
1388 1551 1445 1575 tum
1458 1549 1493 1576 ob
1507 1557 1584 1577 suam
1598 1558 1662 1585 erga
1673 1550 1727 1578 Do-

939 1594 1044 1621 minum
1069 1593 1262 1626 reverentiam,
1281 1597 1337 1620 tum
1364 1593 1437 1628 quod
1460 1602 1495 1622 ex
1515 1595 1664 1623 abundanti
1691 1597 1726 1624 ad

939 1639 1067 1667 Hebraeos
1084 1640 1142 1674 ipse
1157 1639 1278 1675 gentium
1293 1647 1382 1674 przeco
1406 1644 1432 1666 et
1458 1641 1599 1675 apostolus
1625 1643 1728 1670 scribe-

941 1692 992 1714 ret.

608 1745 650 1772 Ea:
661 1745 750 1772 eodem
762 1745 840 1772 libro.
858 1759 893 1764 —
906 1744 1008 1772 Ibidem
1026 1745 1106 1778 paulo
1123 1750 1191 1780 post.

136 1804 184 1831 Τοῦ
199 1805 306 1842 Πέτρου
322 1805 440 1841 δημοσίᾳ
453 1806 482 1831 ὲν
502 1805 596 1842 Ῥώμῃ
607 1803 773 1841 κηρύξαντος
786 1804 831 1831 τὸν
845 1803 886 1830 λό-

975 1804 1043 1832 Cum
1060 1804 1159 1832 Petrus
1176 1805 1203 1832 in
1223 1805 1289 1832 urbe
1306 1804 1393 1832 Roma
1407 1805 1520 1833 verbum
1546 1805 1593 1833 Dei
1619 1806 1727 1841 publice

103 1858 155 1883 γον,
171 1852 217 1877 καὶ.
239 1850 383 1886 Πνεύματι
406 1851 437 1878 τὸ
462 1851 626 1886 Εὐαγγέλιον
647 1850 810 1883 ἐξειπόντος,
826 1850 890 1881 τοὺς

105 1896 231 1930 παρόντας
254 1896 371 1928 πολλοὺς
393 1897 472 1929 ὄντας
495 1896 683 1933 παρακαλέσαι
704 1895 750 1922 τὸν
765 1895 888 1931 Μάρκον,

104 1941 137 1974 ὡς
149 1942 180 1969 ἂν
196 1943 419 1978 ἀκολουθήσαντα
437 1943 510 1978 αὐτῷ
530 1942 670 1980 πόρρωθεν
686 1942 733 1969 καὶ
750 1941 890 1977 μεμνημέ-

104 1996 143 2014 νον
156 1988 208 2016 τῶν
222 1989 386 2025 λεχθέντων,
401 1989 557 2025 ἀναγράψαι
579 1988 613 2015 τὰ
639 1987 785 2024 εἰρημένα·
811 1987 890 2022 ποιή-

105 2041 180 2061 σαντα
200 2035 229 2062 δὲ
250 2036 282 2062 τὺ
305 2035 481 2069 Εὑαγγέλιον,
500 2034 659 2071 μεταδοῦναι
679 2035 735 2066 τοῖς
753 2033 888 2069 δεομένοις

104 2080 280 2116 αὑτοῠ.”¹οπερ
306 2081 452 2115 ἐπιγνόντα
472 2081 517 2108 τὸν
541 2081 655 2117 Πέτρον,
682 2079 888 2116 προτρεπτικῶς

106 2126 166 2160 μήτε
179 2126 300 2153 κωλῦσαι
315 2127 383 2162 μήτε
398 2126 600 2163 προτρέψασθαι
611 2135 617 2141 ·
628 2126 674 2153 τὸν
692 2125 782 2161 μέντοι
797 2125 890 2151 Ἰωάν-

103 2178 147 2206 νην
169 2172 291 2207 ἔσχατον,
321 2172 460 2199 συνιδόντα
480 2173 521 2200 ὅτι
545 2172 579 2199 τὰ
603 2171 745 2207 σωματικὰ
773 2172 802 2198 ὲν
833 2172 890 2203 τοῖς

103 2215 271 2251 Εὐαγγελίοις
287 2218 446 2254 δεδήλωται,
462 2218 652 2255 προτραπέντα
674 2218 727 2245 ὑπὸ
747 2218 801 2244 τῶν
817 2226 888 2252 γνω-

105 2261 193 2297 ρίμων,
202 2265 345 2301 Πνεύματι
360 2265 566 2301 θεοφορηθέντα,
577 2265 761 2301 πνευματικὸν
773 2264 885 2300 ποιῆσαι

102 2307 269 2344 Εὑαγγέλιον.

938 1851 1125 1887 praedicasset,
1140 1854 1167 1877 et
1183 1849 1286 1885 Spiritu
1314 1855 1409 1878 sancto
1425 1851 1531 1879 alilatus
1550 1851 1726 1887 Evangelium

938 1897 1149 1932 promulgasset,
1167 1896 1246 1923 multi
1260 1896 1306 1931 qui
1323 1896 1437 1924 aderant
1453 1896 1573 1924 Marcum
1590 1897 1725 1925 cohortati

938 1946 1012 1975 sunt,
1028 1946 1123 1977 utpote
1137 1942 1184 1977 qui
1206 1941 1316 1970 Petrum
1331 1942 1492 1977 jamdudum
1515 1947 1634 1971 sectatus
1657 1944 1727 1971 fuis-

938 1992 989 2020 set,
1007 1992 1035 2016 et
1049 1988 1122 2015 dicta
1135 1987 1194 2022 ejus
1209 1988 1340 2015 memoria
1355 1990 1469 2020 teneret,
1486 1993 1516 2015 ut
1528 1996 1589 2023 quae
1606 1988 1640 2016 ab
1659 1996 1726 2023 apo-

939 2033 1010 2060 stolo
1029 2032 1175 2068 praedicata
1194 2035 1272 2060 erant
1296 2031 1492 2060 conscriberet.
1511 2032 1619 2060 Marcus
1643 2032 1726 2067 igitur

938 2077 1114 2113 Evangelium
1127 2077 1291 2113 composuit,
1307 2078 1394 2112 iisque
1410 2077 1456 2112 qui
1476 2077 1543 2104 illud
1555 2077 1589 2103 ab
1606 2077 1665 2111 ipso
1681 2084 1726 2104 ro-

937 2124 1038 2160 gabant
1051 2123 1190 2159 impertiit.
1204 2123 1281 2156 Quod
1296 2130 1357 2151 cum
1370 2123 1467 2150 Petrus
1477 2122 1665 2158 comperisset.
1675 2129 1725 2150 nec

938 2168 1078 2204 prohibuit
1089 2169 1202 2196 omnino
1218 2177 1275 2196 rem
1291 2168 1358 2200 ﬁeri,
1377 2176 1427 2196 nec
1443 2173 1473 2195 ut
1490 2168 1575 2200 ﬁeret,
1589 2167 1723 2194 incitavit.

937 2215 972 2242 At
994 2213 1114 2242 Joannes
1139 2214 1261 2242 omnium
1286 2217 1452 2249 postremus,
1480 2221 1542 2241 cum
1570 2213 1673 2241 videret
1696 2214 1724 2241 iu

938 2260 1077 2296 (aliorum)
1086 2261 1239 2296 Evangeliis
1251 2268 1294 2294 ea,
1304 2268 1364 2296 qum
1377 2260 1411 2287 ad
1427 2267 1528 2295 corpus
1542 2259 1645 2287 Christi
1660 2267 1724 2294 per-

938 2306 1036 2339 tinent,
1053 2306 1154 2334 tradita
1169 2314 1241 2339 esse,
1255 2306 1314 2341 ipse
1330 2306 1423 2334 divino
1436 2304 1540 2341 Spiritu
1552 2305 1657 2333 amatus
1668 2306 1724 2340 spi—

937 2352 991 2379 tale
1017 2352 1195 2388 Evangelium
1221 2352 1396 2379 familiarium
1412 2359 1525 2380 suorum
1541 2355 1638 2387 rogatu
1657 2358 1725 2377 con~

938 2397 1056 2432 scripsit.

889 2511 918 2540 X

713 2578 716 2581 “
730 2569 810 2604 375
828 2571 1075 2602 FRAGMENTA

487 2634 533 2663 Ex
548 2633 720 2664 Clementis
736 2634 944 2666 Alexandrini
960 2636 1043 2667 libro
1055 2637 1098 2666 De
1110 2636 1323 2667 Providentia.

624 2693 673 2727 Ap.
691 2692 719 2720 S.
737 2693 896 2728 Maximum,
911 2695 977 2732 Opp.
994 2702 1015 2724 ι.
1031 2695 1064 2727 ll,
1079 2705 1105 2731 p.
1124 2697 1185 2725 LM.

131 2751 213 2778 Οὒσία
222 2751 298 2778 ἐστὶν
310 2751 355 2777 ἐπὶ
366 2751 443 2777 Θεοῦ.
456 2751 523 2783 Θεὸς
535 2751 614 2778 οὐσία
626 2751 685 2778 θεία
701 2752 785 2784 ἐστὶν,
799 2753 882 2780 ἀΐδιόν

100 2805 122 2823 τι
135 2798 179 2824 καὶ
192 2798 323 2833 ἄναρχον,
339 2797 482 2833 ἀσώματόν
504 2807 535 2826 τε
555 2798 601 2824 καὶ
623 2798 820 2833 ὰπερίγραφον,
836 2799 882 2825 καὶ

99 2843 147 2870 τῶν
167 2844 251 2870 ὅντων
276 2843 370 2870 αἴτιον.
389 2843 473 2870 Οὐσία
495 2844 553 2870 ἐστὶ
577 2843 607 2869 τὸ
623 2843 656 2870 δι’
672 2844 733 2870 ὅλου
748 2844 880 2878 ὑφεστὼς.

132 2923 160 2953 :11
183 2920 212 2947 P.
232 2919 303 2948 i007
322 2924 348 2949 et
361 2929 418 2956 seq.
438 2921 492 2948 El).
516 2920 668 2954 POTTER,
685 2922 797 2955 passim.

973 2754 1130 2783 Substantia
1145 2756 1172 2783 in
1186 2755 1241 2783 Deo
1253 2760 1304 2784 est.
1319 2755 1390 2783 Deus
1402 2755 1492 2783 divina
1506 2755 1657 2783 substantia
1669 2758 1721 2787 est,

936 2801 1130 2835 sempiternum
1157 2801 1259 2836 aliquid
1285 2802 1428 2836 omnisque
1459 2801 1584 2835 principii
1613 2808 1721 2835 etpers,

936 2845 1184 2881 incorporeumque
1210 2850 1237 2874 et
1262 2846 1541 2881 incircumscripttuin,
1570 2853 1601 2873 ac
1631 2854 1722 2874 rerum
