1927 3074
206 190 250 218 ῖῦΙ

771 192 966 221 CLEMENTIS
985 194 1219 222 ALEXANDRINI
1787 200 1836 228 752

202 252 310 275 auctor.
333 248 491 276 Substantia
503 254 556 281 cst.
567 250 639 285 quod
650 250 770 286 undique
784 257 848 280 vere
862 252 996 280 exsistens

1049 254 1131 285 Φύσις
1148 254 1223 280 ἐστὶν
1241 253 1327 289 ὴ”τῶν
1341 256 1508 291 πραγμάτων
1520 255 1643 291 ἀλήθεια,
1659 257 1676 292 ἦ
1690 257 1794 284 τούτων
1808 259 1836 285 τὲ

201 295 240 331 (id
257 299 300 323 est
315 295 479 331 subsistens)
492 299 521 327 εί(
540 300 592 324 est.
604 295 705 324 Natura
730 304 824 324 rerum
840 298 941 325 veritas
951 303 993 326 est

201 343 243 370 vel
262 350 355 370 rerum
371 342 540 374 substantia.
561 342 627 374 sive,
646 345 676 369 ut
688 342 734 369 alii
751 343 884 376 sentiunt,
900 351 995 371 eorum

201 396 262 423 qua:
279 389 306 416 in
328 396 421 416 rerum
439 392 565 415 naturam
581 388 781 423 producuntur,
800 390 940 425 generatio
955 394 998 416 at.-

201 443 254 471 que
271 436 368 471 origo;
390 438 419 462 ut
444 439 534 462 autem
549 434 605 468 alii,
635 433 682 461 Dei
709 435 889 469 providentia,
914 435 997 462 rebus

200 489 261 516 quae
278 481 346 509 ﬁunt
363 481 416 509 hoc
430 481 538 513 indens,
551 480 625 515 quod
641 485 682 508 est
698 488 770 514 esse,
790 484 817 508 et
844 480 890 508 tali
915 481 996 508 modo

201 535 272 555 εςεῑ.

1045 300 1166 328 ὲνούσιον
1178 308 1185 316 ο
1201 300 1272 327 κατά
1295 300 1324 327 δὲ
1345 302 1407 334 τοὺς
1428 302 1534 336 ἄλλους,
1555 303 1573 338 ὴ
1588 302 1644 329 τῶν
1665 303 1705 334 εις
1724 303 1757 330 τδ
1770 301 1833 331 εἶναι

1046 347 1276 382 παραγενομένων
1289 348 1410 382 γένεσις·
1424 348 1485 375 καθ’
1499 348 1608 384 ἑτέρους
1622 348 1662 381 δὲ,
1675 349 1694 385 ἡ
1708 349 1756 376 τοῦ
1771 349 1834 377 Θεοῦ

1047 393 1160 429 πρόνοια
1181 393 1332 428 ἐμποιοῦσα
1353 395 1410 426 τοῖς
1430 394 1582 430 γινομένοις
1600 394 1632 421 τὸ
1649 392 1732 428 εἶναι,
1748 395 1795 423 καὶ
1807 395 1834 423 τδ

1047 448 1106 471 πως
1121 448 1134 466 ε
1140 448 1201 467 Nat.

802 596 854 632 Ap.
871 597 1002 630 eumdem,
1019 595 1084 623 ibid.
1099 602 1126 630 ρ.
1143 594 1206 622 152.

237 665 370 695 Voluntas
383 670 425 695 es’t
441 667 575 695 naturalis
595 667 711 695 facultas
736 665 797 702 ejus
811 665 885 702 quod
899 669 942 693 est
957 672 991 693 ex

198 718 297 741 natura
313 713 457 749 appetendi
474 714 529 741 vim
545 713 659 741 habens.
671 713 805 741 Voluntas
821 715 864 740 est
877 716 991 739 natura-

197 759 233 787 lis
249 759 397 794 appetitus.
412 764 516 787 natura;
528 759 616 787 utenti
631 760 739 787 ratione
753 756 988 786 conveniens.Vo-

198 804 290 832 luntas
307 804 442 832 naturalis
457 808 499 832 est
515 804 616 832 mentis
639 804 682 832 sui
709 804 819 831 arbitra:
848 807 939 831 motus
955 803 990 830 li~

198 850 261 883 ber;
280 850 338 878 sive
354 858 433 878 mens
447 857 508 885 qua:
524 850 598 878 circa
610 849 712 885 aliquid
727 849 812 877 libere
827 853 987 883 moveatur;

197 899 245 922 aut
263 895 439 931 intelligentis
451 895 534 923 animi
549 899 640 924 motus
655 895 697 924 sui
713 895 814 924 arbiter
830 902 862 923 ac
876 898 982 931 potens.

972 1072 1029 1102 XI.

1078 664 1193 701 Θέλησίς
1214 665 1273 692 ἐστι
1289 664 1390 700 φυσικὴ
1410 663 1524 700 δύναμις
1539 663 1588 692 τοῦ
1609 665 1681 692 κατά
1697 665 1780 699 φύσιν
1795 666 1835 692 δν-

1041 717 1088 741 τος
1097 709 1241 745 ὸρεκτική.
1258 708 1373 745 Θέλησίς
1383 708 1553 745 ὲστιφυσικὴ
1571 709 1673 745 ὄρεξις,
1689 709 1782 746 τῇτοῦ
1795 710 1825 737 λο

1042 754 1122 790 γικοῦ
1132 754 1212 790 φύσει
1220 754 1514 791 κατάλληλοςβέλησις
1519 755 1577 782 ἐστι
1586 755 1689 792 φυσικὴ
1697 756 1832 792 αὐτοιρὰ-

1039 808 1119 835 τορος
1127 799 1173 827 νοῦ
1183 799 1316 836 [κίνησις]
1333 799 1516 833 αὐτεξούσιος,
1527 801 1544 837 ἢ
1554 800 1685 837 νοῦςπερί
1696 810 1724 828 τι
1740 802 1832 829 ἀῡθαι

1040 844 1125 881 ρέτως
1141 844 1308 881 κινούμενος.
1326 845 1537 882 Ᾱὺτεξουσιότης
1547 846 1606 873 ἐστὶ
1620 846 1684 878 νοῦς
1696 848 1770 874 κατὰ
1785 847 1833 882 φύ·

1039 899 1082 918 σιν
1101 891 1277 928 κινούμενος,
1303 892 1320 928 ἢ
1342 891 1423 928 νοερὰ
1447 892 1496 928 τῆς
1521 892 1610 928 ψυχῆς
1631 893 1740 930 κίνησις
1757 894 1833 922 αὑτο-

1038 936 1154 972 κρατής.

878 1144 1142 1176 FRAGMENTA.

633 1214 681 1245 Ex
698 1213 872 1246 Clementis
887 1214 1100 1247 Alexandrini
1112 1214 1195 1248 libro
1215 1216 1259 1247 De
1275 1215 1392 1248 anima.

516 1289 577 1324 (Ap.
596 1288 840 1324 Mazimum,rerm.
855 1289 900 1322 53,
921 1290 959 1318 De
977 1290 1081 1321 anima,
1103 1297 1130 1325 p.
1143 1289 1206 1324 156,
1222 1290 1403 1319 “Antonium
1415 1289 1576 1329 Melinum)

232 1350 368 1380 Omnibus
385 1351 480 1380 solutae
497 1360 530 1380 ac
545 1353 714 1388 respirantes
728 1353 826 1380 animae
844 1351 928 1380 vitam
943 1351 989 1379 ba-

1074 1351 1188 1380 Πάντων
1203 1352 1386 1381 ἀναπνέωσαι
1401 1352 1430 1380 αι
1446 1352 1531 1390 ψυχαὶ
1547 1352 1578 1380 τὸ
1590 1351 1640 1389 ζῇν
1652 1352 1758 1388 έχουσι,
1779 1353 1826 1380 κᾶν

198 1398 273 1430 bent,
291 1401 318 1425 et
342 1398 405 1426 licet
421 1405 435 1425 a
449 1405 565 1433 corpore
586 1402 718 1434 separata:
739 1398 888 1430 exsistant,
904 1398 986 1433 inque

193 1445 263 1474 illud
286 1446 422 1474 desiderio
446 1445 582 1479 ferantur,
598 1446 626 1472 in
642 1445 689 1473 Dei
705 1449 796 1473 tamen
814 1446 904 1473 sinum
919 1452 985 1472 evo-

195 1493 253 1520 lant
267 1492 454 1525 immortales;
469 1492 543 1519 haud
558 1500 640 1519 secus
652 1499 685 1519 ac
696 1491 813 1520 hiberna
825 1494 987 1527 tempestate

193 1538 297 1565 terreni
310 1546 428 1574 vapores
450 1537 535 1566 radiis
557 1537 624 1566 solis
647 1537 767 1571 attracti,
784 1545 880 1565 versus
894 1537 985 1573 ipsum

195 1583 320 1612 feruntur
325 1606 331 1612 .

1036 1398 1192 1434 χωρισθῶσι
1212 1397 1260 1425 τοῦ
1277 1397 1404 1435 σώματος
1422 1399 1469 1426 καὶ
1484 1398 1531 1426 τὸν
1547 1400 1587 1432 εἰς
1608 1399 1675 1426 αὐτὸ
1697 1399 1827 1436 εὐρεθῶαι

1034 1444 1119 1472 πόθον
1131 1444 1252 1480 ἔχουσαι,
1269 1445 1309 1477 εἰς
1318 1445 1366 1472 τὸν
1375 1445 1422 1472 τοῦ
1434 1444 1502 1472 Θεοῦ
1513 1445 1613 1472 κόλπον
1624 1445 1754 1482 φέρονται
1764 1446 1827 1473 ἀθά-

1035 1498 1125 1518 νατοι·
1143 1490 1182 1522 ὡς
1207 1491 1237 1517 ὲν
1262 1490 1395 1526 χειμῶνος
1410 1490 1515 1527 ὢρᾳ¹οἱ
1537 1491 1619 1526 ἀτμοὶ
1633 1492 1685 1528 τῆς
1698 1491 1763 1527 γῆς,
1777 1491 1826 1518 ὑπὸ

1035 1535 1091 1563 τῶν
1115 1534 1162 1563 τοῦ
1184 1535 1261 1572 ἡλίου
1277 1536 1394 1564 ἀκτίνων
1409 1536 1595 1573 ἐφελκόμενοι,
1612 1537 1744 1573 φέρονται
1761 1537 1826 1572 πρὸς

1036 1582 1128 1609 αὐτόν.

313 1652 379 1680 Hec
393 1653 526 1680 sententia
534 1659 636 1688 quoque
652 1651 749 1687 legitur
763 1651 820 1679 cod.
840 1651 903 1684 “5,
919 1650 1002 1679 Baro:

1040 1670 1045 1684 ,
1061 1658 1118 1686 cap.
1138 1651 1208 1688 Περὶ
1220 1651 1364 1689 ἐπιμελίας
1380 1652 1481 1689 ψυχῆς,
1497 1653 1545 1688 fal.
1565 1653 1627 1686 181,
1641 1661 1668 1688 p.
1684 1654 1716 1681 Ι.-

229 1723 400 1752 lmmortales
413 1725 478 1750 sunt
491 1729 587 1749 omnes
600 1721 710 1755 animm,
723 1721 804 1749 etiam
817 1719 962 1757 impiorum
976 1741 984 1756 ,

193 1771 295 1807 quibus
316 1772 469 1805 praestaret,
484 1768 557 1796 haud
578 1775 641 1796 esse
662 1767 896 1803 incorruptibiles.
916 1767 986 1796 Dum

192 1817 268 1845 enim
297 1816 368 1852 ignis
399 1814 631 1850 inexstinguibilis
656 1817 795 1850 .perpetuo
825 1818 987 1850 torquentur

193 1862 338 1898 supplicio.
354 1869 406 1890 nec
434 1868 556 1897 unquam
582 1860 751 1895 moriuntur,
779 1861 886 1889 nullum
912 1861 986 1890 malo

193 1916 246 1937 suo
257 1909 338 1937 linem
353 1908 476 1936 nancisci
491 1911 617 1944 possunt.

1078 1721 1218 1750 ’Δθάνατοι
1239 1723 1327 1751 πᾶσαι
1353 1725 1381 1751 αἱ
1403 1723 1498 1760 ψυχαὶ,
1514 1725 1561 1752 καὶ
1581 1724 1636 1751 τῶν
1650 1726 1768 1759 ἀσεϐῶν,
1783 1723 1825 1758 αἷς

1035 1769 1147 1805 ἄμεινον
1167 1766 1203 1805 ἦν
1225 1769 1264 1806 μὴ
1286 1769 1441 1806 ἀφθάρτους
1463 1769 1542 1798 εἶναι.
1561 1771 1751 1807 Κολαζόμεναι
1772 1772 1825 1808 γὰρ

1035 1815 1090 1842 ὑπὸ
1104 1814 1151 1842 τοῦ
1165 1815 1298 1844 ἀσϐέστου
1315 1816 1402 1853 πυρὸς
1418 1816 1563 1854 ἀπεράντῳ
1574 1818 1696 1855 τιμωρίᾳ
1718 1819 1766 1846 καὶ
1789 1819 1826 1854 μὴ

1036 1861 1212 1898 θνήσκουσαι,
1228 1862 1274 1890 ἐπὶ
1295 1862 1374 1900 κα.κῷ
1396 1863 1436 1900 τῷ
1458 1863 1562 1891 ἑαυτῶν
1576 1863 1652 1897 τέλος
1666 1862 1761 1892 λαϐεῖν
1776 1865 1826 1892 οὐκ

1035 1906 1155 1943 ἔχουσιν.

973 2049 1044 2081 ΧΗ.

446 2122 675 2160 Fragmentum
691 2128 732 2151 ex
746 2117 922 2151 Clementis
934 2118 1148 2151 Alexandrini
1160 2119 1245 2152 libro
1262 2117 1307 2151 De
1321 2117 1560 2152 obtrectatione.

278 2198 326 2233 Ap.
343 2198 442 2225 Anton.
459 2196 575 2230 Heliam,
589 2196 636 2226 lib.
652 2195 686 2230 ll,
701 2203 782 2224 term.
794 2196 840 2231 69,
858 2195 898 2224 De
910 2196 1143 2226 obtrectatoribus
1155 2200 1183 2225 et
1195 2197 1372 2231 contumelia,
1389 2196 1476 2225 Graec.
1490 2204 1573 2225 term.
1589 2196 1635 2230 54,
1653 2204 1680 2231 ρ.
1695 2195 1742 2224 87.

225 2266 280 2295 Fac
294 2275 434 2303 nunquam
449 2267 602 2296 reverearis
617 2274 692 2300 eum,
707 2266 755 2302 qui
772 2266 844 2302 apud
861 2271 888 2294 te
906 2266 984 2294 alteri
998 2276 1002 2296 1

1072 2267 1215 2303 Μηδέποτε
1240 2267 1366 2304 αἰδεσθῇς
1393 2267 1438 2295 τὸν
1461 2267 1530 2304 πρὸς
1557 2266 1588 2294 σὲ
1608 2265 1823 2297 καταλαλοῦντα,

190 2313 318 2346 detrahit,
333 2313 382 2341 sed
404 2313 496 2349 potius
512 2313 589 2340 illum
604 2313 644 2341 sic
657 2320 779 2346 moneas,
797 2312 892 2340 dicens
908 2321 915 2339 :
934 2311 983 2340 De-

190 2360 262 2392 sine.
276 2359 378 2392 frater;
393 2366 443 2394 ego
468 2357 591 2393 quotidie
613 2359 725 2395 gravius
746 2359 824 2386 labor
844 2362 871 2386 et
885 2366 981 2394 pecco,

189 2409 217 2432 et
239 2404 287 2440 qui
302 2412 414 2440 possum
432 2405 508 2432 illum
528 2404 729 2432 condemnare?
753 2404 827 2432 Duos
851 2406 924 2432 enim
940 2404 982 2431 ln-

189 2450 321 2483 craberis.
339 2458 394 2478 uno
416 2451 567 2485 emplastro
582 2455 610 2478 et
623 2454 650 2478 te
665 2451 768 2486 ipsum,
782 2454 810 2478 et
824 2450 981 2486 proximum

189 2503 305 2524 sanans.

1033 2313 1132 2349 μᾶλλον
1153 2313 1182 2340 δὲ
1202 2313 1265 2348 λέγε
1277 2322 1284 2329 ·
1309 2313 1426 2346 Παῦσαι,
1440 2312 1554 2347 ἀδελφέ·
1572 2312 1628 2347 ἐγὼ
1640 2311 1704 2339 καθ’
1714 2309 1825 2347 ἡμέραν

1032 2359 1208 2396 χαλεπώτερα
1222 2359 1322 2393 πταιω,
1335 2359 1383 2386 καὶ
1404 2359 1463 2392 πῶς
1481 2360 1585 2386 ἐκεῖνον
1601 2359 1765 2395 ητακρῖνάι
1777 2358 1824 2384 δύ-

1033 2414 1132 2441 vapor;
1156 2406 1207 2433 Δύο
1220 2406 1275 2442 γὰρ
1298 2406 1446 2442 κερδανεῖς,
1461 2407 1490 2434 ἐν
1514 2406 1563 2442 μιᾷ
1588 2405 1757 2443 ὲμπλάστρῳ
1776 2405 1824 2432 καὶ

1034 2451 1145 2478 σεαυτὸν
1161 2451 1266 2478 καὶτὸν
1282 2451 1395 2487 πλησίον
1410 2450 1565 2487 ἰασάμενος.

224 2584 287 2612 Haec
310 2584 339 2612 in
356 2585 390 2612 iis
418 2584 568 2613 Clementis
586 2585 676 2621 libris,
690 2593 760 2621 quos
784 2586 948 2620 superstites
964 2585 1108 2617 habemus.
1128 2593 1264 2620 nusquam
1289 2585 1420 2621 reperire
1437 2588 1498 2621 est.
1519 2591 1551 2612 ac
1574 2584 1690 2620 proinde
1705 2591 1822 2620 pronum

189 2621 332 2661 Eolligere,
346 2621 425 2661 ‘quoil
439 2621 582 2661 {sententia
603 2620 656 2661 ista
676 2620 712 2648 sit
724 2621 916 2661 fragmentum
932 2620 1066 2655 deperditi
1087 2621 1150 2661 libri
1169 2621 1240 2661 Περ).
1254 2620 1448 2661 κριζαλᾳλιᾷς,
1464 2620 1503 2647 De
1519 2621 1722 2661 obtrectatione2
1742 2626 1822 2661 quem

188 2653 327 2682 Eusebius
346 2653 417 2691 inter
427 2656 589 2691 iClementis
609 2653 789 2683 Alexandrini
811 2663 893 2691 opera
908 2653 1045 2688 recenset,
1063 2657 1191 2691 quoniam
1209 2653 1242 2682 ab
1262 2655 1382 2682 Antonio
1406 2656 1439 2691 in
1452 2663 1536 2682 serm.
1558 2655 1626 2690 Περὶ
1642 2653 1823 2691 καταλαλούν-

187 2698 243 2730 ’ξων
255 2690 302 2717 καὶ
321 2691 384 2725 περὶ
401 2689 508 2730 Stipes);
519 2692 665 2730 allegatur.
676 2691 811 2718 Czcterum
828 2689 1046 2730 qui_praascripta
1063 2689 1080 2717 εἰ
1098 2691 1244 2730 Qietnente
1261 2691 1345 2718 verba
1366 2691 1401 2730 in_
1414 2690 1489 2717 dicto
1503 2697 1568 2730 casu
1586 2689 1710 2730 adhibet,
1728 2694 1756 2718 et
1776 2697 1822 2718 Se-

190 2725 280 2760 ipsum
300 2724 401 2753 sanare
414 2724 527 2759 dicitur,
547 2724 612 2752 dum
626 2731 739 2761 peccata
759 2733 809 2754 sua
820 2724 978 2759 comitetur,
1000 2724 1026 2753 et
1039 2726 1207 2761 proximum,
1228 2725 1295 2753 dum
1314 2733 1377 2754 eum
1394 2726 1464 2754 bene
1476 2724 1676 2760 reprehendit:

193 2812 312 2840 ostendit
335 2813 408 2848 quod
424 2821 488 2842 vere
504 2815 605 2842 malum
622 2819 673 2842 est.
690 2813 825 2848 Quocirca
843 2815 981 2850 sapienter

193 2857 330 2893 disposuit
357 2859 439 2891 Deus,
456 2864 485 2887 ut
511 2861 554 2889 his
579 2861 759 2894 argumentis.
786 2869 840 2889 uuo
863 2861 979 2897 quisque

193 2904 284 2932 animo
298 2906 343 2939 sit,
361 2910 538 2936 monstretur.
825 2906 833 2910 ’

1031 2814 1148 2842 δεικνύει
1172 2815 1203 2842 τὸ
1224 2815 1308 2848 ὕντως
1333 2816 1511 2843 κακόν.’⁷ΟΘεν
1529 2815 1574 2855 διᾲ
1592 2815 1648 2843 τῶν
1668 2814 1820 2843 ὑποθέσεων

1030 2859 1131 2887 τούτων
1153 2861 1342 2897 ἐμυκήσατο
1357 2862 1372 2889 ό
1387 2861 1453 2894 Θεὸς
1468 2861 1624 2897 φανερῶσαι
1641 2862 1690 2890 τὶν
1706 2861 1817 2889 ὲκάσὺω

1030 2906 1158 2936 διᾰιοεςτιν⁴
