1927 3074
81 172 122 203 76f
742 170 963 200 FRAGMENTA.

1645 169 1698 197 702

79 222 166 270 Harii?
181 232 226 260 τὸν
248 232 344 269 μόσχον
353 232 454 265 δίδωσι,
466 233 514 259 καὶ
530 231 633 266 θύεται,
646 232 693 260 καὶ
708 231 854 268 τρώγεταν

915 240 953 259 .ur
963 236 988 259 et
996 231 1159 260 comedltur.
1170 231 1230 259 Non
1239 231 1414 259 accedentem
1427 234 1516 258 autem
1525 230 1697 267 persequitur

79 280 136 312 τοὺς
155 279 183 307 δὲ
196 279 233 316 μὴ
248 279 409 315 προσιόντας
423 277 515 305 διώκει
528 279 576 305 καὶ
597 278 792 314 ἀποκηρύττει,
809 279 857 305 καὶ

78 325 257 360 ἀλκιμώτατος
268 325 366 361 ταῦρος
382 325 549 360 εὑρίσκεται·
561 324 605 352 διὰ
617 324 671 362 γὰρ
690 326 721 352 τὸ
745 325 858 360 μέγεθος

79 371 121 398 καὶ
142 371 189 407 τὴν
205 371 330 407 ἀνδρείαν
347 371 470 397 λέλεκται
483 371 547 406 περὶ
565 370 714 404 αὑτοῠ,Ὠς
724 370 798 403 δόξα
808 379 860 405 μο-

79 417 231 452 νοκέρωτος
257 417 346 450 αὐτῷ.
367 418 434 454 Ὁρᾷ.
454 417 482 444 δὲ
498 417 579 444 αὐτὸν
604 418 652 444 καὶ
679 417 694 444 6
715 417 858 453 προφήτης

85 461 227 489 ’Δϐσακοὺκ
242 461 485 498 κέραςιφοροῦντα,
500 463 548 489 καὶ
561 461 608 489 τὸν
621 462 788 498 ἀμυντήριον
801 462 858 498 ᾄδει

79 507 178 543 τρόπον·
195 507 312 542 Κέρατιι
324 508 358 534 ἐν
371 507 478 542 χερσὶν
492 506 596 534 αὐτοῦ.
612 507 661 534 Διὰ
672 507 752 535 τοῦτο
762 508 809 535 κα)⁵
828 507 859 534 τδ

81 554 182 589 σημεῖον
204 553 340 584 δείκνυσιν
357 553 440 581 αὐτοῦ
455 553 505 590 τὴν
525 553 639 590 δύναμιν
659 554 706 581 καὶ
722 554 771 590 τὴν
785 554 859 588 ἐξου-

81 598 143 630 σίαν,
165 599 334 636 ἑκατέρωθεν
363 600 462 635 μᾶλλον
489 600 518 627 δὲ
545 600 713 635 πανταχόθεν
744 601 793 627 καὶ
816 600 859 627 διὰ

81 643 178 670 πάντων
195 643 322 679 διήκοντα
337 644 370 671 τὰ
386 644 501 681 κέρατα.
524 645 748 681 Ἑνδυναμοῦνται
763 645 791 672 δὲ
812 644 859 672 οὓ-

79 696 127 720 τως
140 689 163 715 οι
181 688 325 721 ἐσθίοντες,
341 689 388 716 καὶ
400 689 534 725 τοσαύτην
542 690 619 725 ἰσχὺν
633 690 666 717 ὲκ
675 690 725 726 τῆς
741 689 859 725 ζωτικῆς

79 735 106 761 ιν
118 734 218 766 ἑαυτοῖς
233 733 355 769 ἰσχύουσι
373 734 487 770 τροφῆς,
504 734 568 761 ὥστ’
580 735 658 762 αὐτοὶ
677 735 725 761 καὶ
739 735 799 761 κατ’
814 735 860 769 ἐχ-

80 780 144 815 θρῶν
155 778 222 807 εἶναι
234 780 364 817 καρτεροὶ
378 780 425 807 καὶ
441 780 582 816 μονονουχὶ
600 781 648 807 τοῦ
663 780 763 817 ταύρου
776 780 858 817 κέρα-

81 831 118 849 σιν
137 822 311 859 ὡπλισμένοι.
338 824 382 856 Ὠς
407 824 491 858 λέγει·
517 825 564 852 Ἑν
579 825 629 852 σοὶ
649 825 721 859 τοὺς
733 825 859 860 ἐχθροὺς

81 868 156 903 ἡμῶν
168 870 369 905 ημτωῦμεν.

910 279 1062 314 rejicitque,
1080 283 1108 307 et
1126 278 1338 307 robustissimus
1355 281 1452 305 taurus
1467 277 1613 317 reperitur.
1630 276 1699 304 Pro-

910 329 970 361 pter
991 324 1208 360 magnitudinem
1229 324 1304 352 enim
1320 331 1352 350 ac
1366 323 1452 351 robur
1474 322 1578 350 dictum
1598 321 1632 349 de
1652 328 1698 354 eo,

909 373 980 408 quod
997 373 1085 409 gloria
1100 373 1157 405 eius
1176 373 1210 400 sit
1225 372 1293 400 velut
1307 372 1443 404 unicorm's
1458 377 1483 399 α.
1499 370 1567 398 Nam
1591 374 1618 398 et
1631 377 1697 410 pro-

909 419 990 454 pheta
1018 419 1145 447 Habacuc
1171 427 1234 447 eum
1252 426 1338 446 cornu
1361 417 1493 446 ferentem
1510 417 1656 452 conspicit,
1670 419 1700 445 et

909 464 1037 493 vindictae
1048 465 1109 500 ejus
1125 464 1235 495 modum
1251 465 1411 496 decantans,
1421 462 1539 496 Cornua,
1556 463 1655 498 inquit,
1671 463 1700 489 in

909 511 1032 539 manibus
1051 511 1108 546 ejus
1123 509 1148 537 δ.
1166 509 1315 546 Propterea
1330 513 1357 537 et
1372 509 1424 537 hoc
1451 509 1559 544 signum
1585 508 1700 535 denotat

908 557 969 592 ejus
980 557 1126 592 potentiam
1140 559 1167 584 et
1178 560 1340 592 potestatem
1349 562 1463 583 :cornua
1471 555 1543 587 enim
1555 555 1695 589 utrinque,

909 603 950 630 vel
962 603 1054 638 potius
1069 609 1264 637 usquequaque
1273 601 1384 629 feriunt.
1400 600 1451 634 Qui
1463 607 1529 628 vero
1540 599 1697 631 comedunt,

910 649 947 676 ita
959 648 1182 680 corroborantur,
1193 653 1220 676 et
1232 651 1323 675 tantas
1336 647 1409 674 vires
1420 655 1453 674 ex
1464 646 1572 675 vivifico
1581 645 1628 673 illo
1637 645 1699 673 cibo

910 695 938 722 in
955 702 985 723 se
1011 694 1134 730 capiunt,
1159 697 1189 721 ut
1216 698 1244 721 et
1269 697 1365 721 contra
1388 693 1514 721 inimicos
1533 692 1589 719 sint
1614 690 1698 718 validi

910 745 937 769 et
951 744 1058 768 tantum
1085 748 1139 768 non
1162 744 1304 767 taurorum
1326 739 1423 767 armati
1446 739 1586 768 cornibus.
1621 738 1700 766 Unde

910 787 948 814 ait
965 797 971 814 :
1001 786 1034 814 1η
1054 791 1079 814 te
1111 785 1231 814 inimicos
1251 790 1357 813 nostros
1374 785 1561 825 pentitabimus
1578 793 1661 813 cornu
1673 789 1697 813 ε.

111 915 135 942 5.
149 915 310 952 Εὑφροσύνη
325 917 372 944 καὶ
388 917 503 954 συνῳδία
520 917 566 945 καὶ
579 918 664 954 χοροῦ
683 918 733 946 κᾶν
746 918 761 945 6
776 925 860 954 πρεσ-

945 918 1030 955 378
1038 918 1065 946 3.
1079 917 1186 946 Laetitia
1198 917 1263 945 hinc
1274 920 1301 946 et
1313 921 1465 946 concentus
1477 916 1618 952 cinerique,
1629 924 1702 953 aegre

81 959 192 996 ὂύτερος,
209 961 223 988 ὁ
237 961 374 998 πάρεδρος
386 963 429 990 ἀεὶ
455 964 502 990 καὶ
518 964 687 1000 καταπειθὴς
708 964 748 1000 τῷ
775 964 860 1000 πατρὶ

80 1005 206 1042 δυσχερῶς
230 1006 321 1042 φέρει,
346 1008 482 1044 μηδέποτε
511 1009 562 1045 μὲν
577 1009 659 1041 αὐτὸς
681 1010 711 1037 ὲν
734 1009 860 1046 (ἀσωτίᾳ)

82 1051 140 1086 μηδὲ
162 1051 191 1079 ὲν
218 1051 344 1087 διαχ⁰ύσει
369 1054 527 1089 γινόμενος,
564 1055 805 1091 μεμακαρισμένον
832 1054 861 1081 δὲ

79 1096 142 1131 ὀρῶν
166 1097 209 1125 τὸν
231 1098 453 1135 ὲκδεδικημένον.
479 1100 639 1136 Παρακαλεῖ
667 1098 713 1128 οὖν
738 1101 832 1128 τοῦτον
847 1102 861 1128 6

81 1141 171 1177 πατὴρ,
186 1142 284 1177 λέγων’
305 1143 424 1176 Τέκνον,
440 1145 482 1172 σὺ
495 1145 624 1173 πάντοτε
642 1147 706 1182 μετ’
729 1147 802 1182 ἐμοῦ
823 1145 859 1174 εἴ.

82 1187 129 1213 Καὶ
142 1187 182 1219 τίς
199 1188 303 1224 μείζων
318 1190 473 1226 εὐφροσύνη
491 1191 538 1218 καὶ
552 1192 632 1228 ἑορτὴ
649 1192 696 1219 καὶ
709 1193 862 1230 πανήγυρις

81 1230 122 1265 τοῦ
139 1232 284 1265 διαπαντὸς
302 1236 421 1262 συνεῖναι
432 1236 478 1262 καὶ
498 1237 666 1273 παρεστάναι
682 1239 730 1266 καὶ
741 1238 862 1275 λειτουρ-

81 1278 132 1311 γεῖν
148 1278 184 1314 τῷ
202 1279 277 1315 Θεῷ;
302 1280 358 1308 Καὶ
374 1281 473 1308 πάντα
487 1282 525 1309 τὰ
548 1283 604 1318 ἐμὲ
620 1283 661 1311 σά
670 1284 746 1311 ἐστι.
763 1284 861 1312 Μακά-

82 1331 132 1358 ριος
143 1324 170 1351 δὲ
185 1325 198 1352 ό
211 1325 384 1362 κληρονόμος
396 1328 443 1355 τοῦ
459 1329 538 1362 Θεοῦ,
551 1326 574 1364 ᾦ
586 1324 834 1366 πατὴρξκτήσατο·
848 1332 863 1357 ό

81 1369 175 1403 πιστὸς,
195 1369 225 1399 οὗ
239 1373 295 1404 πᾶς
310 1373 384 1400 ἐστιν
400 1375 415 1400 6
438 1374 540 1410 κόσμος
556 1375 610 1402 τῶν
627 1376 785 1412 χρημάτων.
803 1378 863 1404 E1?)-

81 1417 236 1451 φρανθῆναι
251 1418 289 1445 δὲ
304 1420 353 1446 καὶ
383 1420 512 1455 χαρῆναι
537 1421 609 1454 ἔδει,
637 1422 682 1449 ὅτι
699 1424 716 1450 ὀ
732 1423 864 1458 ἀδελφός

80 1471 132 1490 σου
146 1462 232 1498 οὗτος
258 1465 370 1500 νεκρὸς
385 1465 434 1501 ἦν,
453 1468 501 1495 καὶ
525 1468 666 1503 ἀνέζησεί
678 1469 788 1505 Χρηστὲ
809 1470 864 1497 Πά-

81 1517 131 1546 τερ,
145 1511 158 1538 6
173 1509 315 1546 ζωογονῶν
330 1512 366 1539 τὰ
378 1513 477 1546 πάντα,
492 1515 506 1541 6
523 1515 638 1550 ἐγείρων
655 1515 717 1547 τοὺς
739 1515 863 1552 νεκρούςῑ

910 965 1016 993 ferente
1033 964 1099 993 licet
1118 963 1203 992 fratre
1229 963 1333 999 majore
1348 967 1424 996 natu,
1440 962 1487 999 qui
1506 963 1577 998 patri
1593 970 1702 998 semper

911 1010 1063 1039 adhaeserat
1075 1010 1155 1046 eique
1166 1010 1322 1045 obsequens
1335 1008 1434 1041 fuerat,
1459 1009 1619 1042 neutiquam
1636 1016 1703 1037 vero

911 1057 970 1093 ipse
983 1057 1093 1093 flagitiis
1107 1064 1137 1085 se
1151 1061 1178 1084 et
1197 1056 1360 1084 libidinibus
1380 1055 1503 1089 dederat,
1514 1055 1572 1091 jam
1585 1062 1651 1083 vero
1665 1055 1704 1083 vi-

911 1104 993 1132 debat
1007 1103 1135 1135 alterum,
1151 1110 1262 1139 ptnnam
1277 1102 1325 1138 qui
1351 1107 1499 1135 meruerat,
1515 1102 1594 1130 beate
1611 1109 1703 1138 ageret

911 1149 1012 1178 Blande
1029 1149 1112 1186 igitur
1125 1149 1201 1177 illum
1217 1149 1389 1184 compellans
1413 1152 1502 1184 pater.
1518 1148 1583 1181 Fili,
1600 1149 1702 1184 inquit,

913 1201 940 1223 tu
957 1204 1058 1231 semper
1086 1204 1187 1223 mecum
1216 1204 1254 1223 es.
1285 1195 1319 1222 Et
1340 1202 1465 1230 quaenam
1490 1194 1580 1229 major
1608 1195 1704 1222 lzetitia

913 1243 1047 1271 festumve
1075 1246 1123 1269 aut
1141 1241 1298 1277 pancgyris,
1325 1248 1407 1276 quam
1434 1248 1543 1276 semper
1567 1240 1664 1269 adesse
1676 1243 1705 1268 ct

913 1289 1044 1317 assistere
1055 1288 1111 1316 Deo
1128 1288 1209 1323 eique
1224 1287 1375 1315 inservire?
1394 1286 1428 1313 Et
1452 1287 1542 1313 omnia
1560 1294 1619 1313 mea
1656 1291 1704 1313 tua

913 1340 984 1363 sunt.
998 1335 1099 1362 Beatus
1112 1334 1158 1370 qui
1172 1334 1259 1362 hatres
1271 1337 1315 1361 est
1331 1333 1389 1368 Dei,
1405 1333 1433 1360 in
1451 1333 1531 1368 cujus
1546 1341 1613 1360 usus
1623 1332 1706 1360 Pater

914 1386 963 1406 sua
977 1378 1101 1413 possidet
1113 1387 1121 1407 :
1137 1377 1239 1410 fidelis,
1257 1378 1338 1413 cujus
1353 1381 1396 1405 est
1407 1377 1551 1405 universus
1560 1385 1641 1412 opum
1654 1377 1705 1404 bo-

914 1431 1067 1460 norumque
1092 1424 1223 1452 mundus.
1255 1424 1400 1451 Exsultare
1427 1428 1515 1451 autem
1541 1428 1566 1450 et
1590 1423 1705 1459 gaudere

915 1470 1062 1506 oportebat,
1079 1470 1148 1506 quod
1163 1470 1248 1505 frater
1262 1470 1303 1497 hic
1326 1474 1387 1497 tuus
1402 1474 1522 1497 mortuus
1535 1474 1602 1503 erat,
1616 1474 1641 1497 ει
1664 1478 1706 1496 re-

915 1518 989 1545 vixit.
1010 1516 1086 1545 Bone
1100 1516 1193 1550 Pater,
1223 1516 1270 1552 qui
1294 1516 1418 1544 vivificas
1432 1515 1533 1548 omnia,
1559 1520 1586 1542 et
1599 1514 1704 1544 excitus

82 1557 129 1604 Ital
140 1557 303 1604 datolmdic
314 1556 372 1594 ἦν,
388 1559 439 1586 καὶ
461 1560 578 1594 εὑρέθη.
596 1561 748 1595 Μακάριος
769 1561 804 1588 δὲ
827 1562 861 1589 ὃν

915 1562 1054 1591 mortuos!
1069 1562 1104 1590 Et
1117 1562 1236 1598 perditus
1258 1567 1327 1595 erat,
1353 1570 1385 1589 ac
1407 1566 1525 1596 repertus
1539 1566 1587 1588 est.
1604 1560 1704 1588 Beatus

81 1601 216 1635 ἐξελέξω,
242 1604 295 1632 καὶ
323 1605 526 1639 προσελάϐου,
553 1608 600 1634 καὶ
616 1606 646 1634 ὃν
672 1606 794 1643 ζητήσας
817 1608 862 1634 εὑ-

83 1647 185 1682 ρίσκεις.
199 1650 347 1685 Μακάριοι
362 1648 407 1678 ὧν
431 1653 591 1688 ἀφέθησαν
611 1655 642 1681 αἱ
663 1655 794 1689 ἀνομίαι,
812 1656 863 1682 καὶ

81 1691 119 1719 ὧν
132 1694 388 1731 ἐπεκαλύφθησαν
408 1699 438 1725 at
468 1698 617 1733 ἁμαρτίαι.
647 1699 727 1727 Ἀλλὰ
758 1700 789 1727 τὸ
814 1700 863 1736 μὲν

83 1743 210 1773 μετανοεῖν
220 1742 249 1775 ἐξ
269 1743 479 1779 ἁμαρτημάτων
490 1744 670 1780 ἀνθρώπινον·
687 1745 735 1773 καὶ
747 1746 864 1781 γινέσθω

82 1785 152 1813 τοῦτο
166 1788 223 1823 μεθ’
243 1789 421 1825 ὑποστροφῆς
448 1790 577 1827 ἀσχέτουο
592 1792 606 1818 ό
631 1791 686 1828 γὰρ
705 1791 742 1828 μὴ
765 1791 862 1825 οὕτως,

82 1832 296 1868 ὁνειδισθήσεται,
315 1835 356 1862 ὅτι
374 1836 412 1872 μὴ
438 1836 468 1870 ἐξ
497 1837 563 1872 ὅλης
589 1838 714 1874 καρδίας,
732 1838 790 1865 ἀλλ’
813 1841 860 1867 ἐπὶ

84 1875 264 1906 σπεύδει“.Καὶ
279 1879 311 1906 τὺ
327 1881 497 1914 καταφυγεῖν
512 1881 558 1907 ἐπὶ
571 1881 618 1908 τὸν
637 1881 861 1918 θεὸν,ἡμέτερον·

83 1921 199 1959 καὶπρὸς
216 1924 291 1951 τοῦτ’
306 1924 486 1958 ἀδιαλείπτως
517 1926 565 1953 καὶ
589 1927 723 1959 συντόνως
748 1926 864 1961 ἐπειγώ-

85 1968 154 2001 μεθα.
170 1970 268 2003 Δεῦτε,
300 1971 357 2007 γὰρ
382 1971 465 2006 λέγει,
483 1972 559 2013 πρὸς
575 1973 624 2008 μὲ,
643 1972 755 2007 πάντες
765 1974 793 2000 οι
813 1982 863 2000 κο·-

83 2014 197 2049 ιιῶντες
221 2017 273 2044 καὶ
312 2017 561 2053 πεφορτισμένοι,
591 2019 671 2054 κάγὼ
698 2019 864 2047 ἀναπαύσω

84 2059 161 2094 ὑμᾶς.
182 2062 236 2089 Καὶ
256 2062 289 2089 τὸ
302 2062 407 2090 δεῖσθαι
434 2063 482 2090 καὶ
506 2064 537 2091 τὺ
558 2064 778 2100 ἐξομολογεῖσθαι
796 2065 864 2101 μετὰ

83 2108 322 2145 ταπεινοφροσύνης
332 2108 465 2136 ἑκούσιον.
484 2109 530 2136 Διὸ
553 2110 715 2138 ἐντέλλεται·
733 2110 808 2146 Λέγε
822 2111 864 2139 σὺ

85 2151 187 2186 πρῶτος
200 2154 254 2188 τὰς
269 2155 415 2190 ἁμαρτίας
440 2163 508 2189 σου,
536 2157 586 2183 ἵνα
611 2156 776 2192 δικαιωθῇς.
803 2158 865 2185 Ἐπὶ

84 2197 109 2222 δὲ
123 2198 220 2232 τούτοις
237 2201 320 2228 τινων
350 2201 512 2237 τευξόμεθα,
539 2203 586 2230 καὶ
615 2203 641 2230 τί
657 2203 786 2240 ἐσόμεθα,
814 2204 864 2240 οὐχ

85 2243 156 2278 ἡμεῖς
174 2247 276 2282 κριταί.

115 2289 139 2316 4.
153 2291 244 2325 Οὕτως
256 2292 296 2328 (7)
313 2292 370 2329 ἔχει
388 2294 434 2320 καὶ
449 2294 571 2330 ἀκριϐῶς
585 2296 602 2331 ἡ
614 2294 763 2331 παραϐολή·
773 2294 861 2324 Ἧκεν

85 2336 99 2362 6
112 2338 170 2370 παῖς
182 2339 196 2365 ό
207 2340 346 2374 μετανοῶν
360 2340 428 2376 πρὸς
441 2341 487 2368 τὸν
503 2340 689 2377 εὖσπλαγχνον
705 2342 822 2379 πατέρα,
830 2342 862 2369 οὐ

86 2381 163 2409 ταῦτα
174 2383 287 2416 ἐλπίσας
312 2385 390 2417 ποτὲ,
411 2385 460 2421 τὴν
475 2385 572 2422 στολὴν
588 2385 637 2422 τὴν
664 2386 786 2423 πρώτην,
815 2388 864 2414 καὶ

84 2426 126 2454 τὸν
141 2428 289 2463 δακτύλιον,
310 2431 358 2457 καὶ
389 2431 424 2458 τὰ
451 2431 622 2467 ὑποδήματα,
637 2432 699 2459 οὐδὲ
715 2432 864 2467 γεύσασθαι

85 2473 127 2520 τοῦ
141 2475 238 2520 μόσχου
252 2476 300 2504 τοῦ
315 2478 448 2512 σιτευτοῦ,
464 2479 525 2505 οὐδὲ
548 2478 669 2514 μεθέξειν
682 2479 862 2516 εὐφροσύνης,

85 2519 139 2547 οὐδὲ
153 2519 282 2558 συνῳδίας
298 2523 345 2550 καὶ
357 2524 446 2561 χορῶν
462 2524 635 2551 ἀπολαύσειν·
653 2524 712 2552 ἀλλ’
723 2525 864 2562 ἀγαπητὸν

88 2565 132 2600 μὲν
141 2565 173 2603 ἦν
188 2569 263 2605 αὐτῷ
277 2571 367 2605 τυχεῖν
382 2567 404 2604 ᾧ
422 2570 499 2605 ἠξίου
516 2570 578 2598 καθ’
593 2571 708 2598 ἑαυτόν·
730 2571 865 2605 Ποίησόν

84 2620 127 2645 με,
143 2612 300 2649 βεϐούλευτο
317 2617 416 2649 εἰπεῖν,
443 2611 483 2649 ὡς
494 2617 548 2644 ἕνα
565 2617 625 2644 τῶν
651 2618 781 2652 μισθίων
795 2626 862 2645 σου.

87 2658 136 2695 Τὴν
164 2661 192 2688 δὲ
225 2662 423 2704 φιλοφροσύνην
453 2662 513 2690 ἰδὼν
545 2663 794 2700 προὺπαντήσασαν
818 2663 864 2691 τοῦ

118 2736 225 2775 ι-ῌιιιη.
239 2747 316 2771 xxiii,
332 2739 377 2768 22.
411 2740 425 2760 δ
445 2739 548 2768 Habac.
566 2748 608 2774 Ill,
624 2742 651 2769 4.
672 2750 675 2752 ·
691 2747 701 2760 ε
723 2741 796 2769 Psal.
813 2749 890 2775 xuii,
903 2741 929 2769 6.

87 2778 121 2802 ιι,
136 2772 178 2801 9.8.
217 2775 230 2794 ε
250 2776 300 2803 lsa.
320 2783 398 2808 xuii,
413 2775 459 2803 26.

119 2831 155 2867 (7)
166 2833 265 2872 οὕτως
277 2843 304 2872 κΪ
321 2844 347 2862 τ.
364 2837 394 2862 λ.
412 2835 569 2872 [lucusque
589 2836 733 2865 Clemens:
748 2844 808 2872 quae
820 2844 864 2864 se-

89 2872 212 2906 quuntur,
228 2870 340 2906 alterius
355 2871 448 2906 procul
468 2871 552 2898 dubio
563 2875 628 2899 sunt
640 2870 771 2901 auctoris.
785 2872 865 2906 cujus

89 2907 179 2930 nomen
193 2905 282 2932 scriba
306 2907 332 2933 in
350 2905 471 2943 margine
494 2914 629 2945 apponere
655 2908 780 2946 neglexit.
796 2907 862 2935 Nam

913 1616 990 1644 quem
1012 1608 1125 1643 elegisti,
1145 1612 1170 1635 et
1193 1607 1364 1642 assumpsit-ti
1381 1606 1407 1641 δ,
1434 1614 1569 1642 quemque
1580 1613 1705 1641 qumrcns

914 1653 1028 1689 reperis.
1043 1653 1121 1680 Beati
1141 1661 1253 1689 quorum
1273 1653 1390 1680 remissa:
1419 1656 1481 1679 sunt
1502 1652 1666 1687 iniquitates,
1679 1655 1704 1678 et

913 1707 1026 1735 quorum
1051 1703 1120 1726 tecta
1146 1703 1208 1726 sunt
1232 1703 1340 1734 peccata
1375 1703 1399 1726 ο.
1431 1696 1485 1725 Sed
1505 1697 1668 1732 resipiscere
1689 1704 1706 1723 a

914 1744 1048 1781 peccatis,
1065 1743 1187 1772 hominis
1201 1747 1244 1772 est
1259 1752 1265 1770 :
1283 1743 1365 1779 idque
1390 1742 1438 1770 fiat
1472 1749 1527 1769 non
1552 1741 1704 1769 revocanda

914 1791 1103 1820 conversione.
1124 1790 1192 1818 Nam
1206 1790 1253 1826 qui
1267 1790 1320 1818 hoc
1336 1797 1392 1817 non
1416 1789 1492 1821 facit,
1510 1788 1657 1824 ignominia
1669 1787 1708 1815 af-

915 1837 1031 1871 ficietur,
1051 1837 1180 1874 quoniam
1203 1844 1259 1864 non
1276 1844 1309 1863 ex
1332 1839 1390 1863 toto
1405 1836 1510 1868 animo,
1526 1835 1574 1864 sed
1591 1843 1640 1870 per
1654 1835 1706 1862 im-

914 1889 1010 1922 petum
1024 1884 1106 1912 modo
1119 1884 1212 1912 rediit.
1228 1883 1283 1911 Nos
1298 1883 1377 1911 decet
1389 1883 1424 1910 ad
1447 1882 1532 1910 Deum
1548 1882 1704 1917 confugere.

915 1931 973 1959 Hoc
986 1935 1119 1967 perpetuo
1132 1934 1159 1958 ct
1176 1930 1286 1958 assidue
1314 1935 1439 1964 agamus.
1461 1928 1554 1955 Venite
1565 1928 1648 1958 enim,
1663 1928 1706 1954 in-

914 1977 984 2014 quit,
1002 1976 1037 2004 ad
1053 1985 1094 2004 me
1119 1984 1207 2004 omnes
1221 1975 1266 2011 qui
1283 1975 1411 2002 laboratis
1434 1978 1460 2001 et
1479 1974 1581 2001 onerati
1592 1973 1666 2005 estis,
1680 1977 1705 2000 et

914 2031 961 2059 ego
973 2023 1093 2058 reﬁciam
1108 2030 1154 2050 vos
1169 2021 1192 2049 ί.
1208 2021 1242 2048 Et
1266 2027 1365 2055 rogare
1388 2023 1416 2048 et
1433 2019 1557 2047 conﬁteri
1574 2027 1636 2047 cum
1653 2019 1705 2049 hu-

914 2069 1041 2101 militate,
1054 2068 1081 2096 in
1095 2071 1190 2096 nostra
1204 2067 1345 2095 voluntate
1360 2065 1481 2101 positum
1497 2069 1547 2093 est.
1562 2064 1625 2093 ldeo
1636 2073 1706 2100 prae-

915 2115 1001 2151 cipit:
1019 2114 1070 2142 Die
1086 2119 1115 2141 tu
1142 2114 1216 2149 prius
1243 2117 1350 2148 peccata
1368 2117 1426 2145 tua,
1451 2116 1481 2139 ut
1503 2112 1660 2148 justi/Soeris
1680 2114 1704 2141 ⁸.

915 2160 1021 2189 Exinde
1042 2164 1132 2188 autem
1146 2159 1398 2195 quichonseeuturi
1415 2162 1442 2188 et
1457 2158 1524 2193 quid
1539 2158 1634 2192 futuri,
1649 2167 1703 2187 non

916 2214 968 2235 nos
979 2206 1086 2242 iudices
1103 2213 1210 2235 sumus.

950 2295 978 2323 4.
996 2294 1043 2322 Sic
1056 2299 1183 2322 accurate
1200 2301 1230 2322 se
1244 2293 1326 2322 habet
1346 2294 1483 2329 parabolae
1498 2292 1706 2322 sententia;Ve-

915 2342 957 2369 nit
971 2341 1042 2370 filius
1055 2341 1191 2376 pmnitens
1218 2340 1252 2368 ad
1275 2340 1481 2368 misericordem
1505 2345 1628 2376 patrem,
1651 2347 1707 2367 non

916 2387 963 2415 illa
983 2395 1111 2424 sperans,
1126 2387 1245 2423 priorem
1276 2385 1375 2413 stolam
1400 2386 1587 2421 annulumque
1608 2389 1636 2413 ct
1650 2385 1707 2413 cal-

917 2436 1070 2466 ceamenta,
1087 2439 1178 2467 neque
1210 2432 1244 2462 de
1274 2431 1361 2458 vitulo
1389 2431 1515 2466 saginata
1526 2438 1556 2459 se
1569 2434 1708 2459 comestu-

917 2487 989 2510 rum,
1005 2486 1094 2514 neque
1110 2477 1212 2505 laetitiae
1236 2477 1359 2504 futurum
1386 2477 1558 2512 participem,
1579 2481 1626 2504 aut
1640 2483 1708 2504 con-

917 2525 1045 2553 centibus
1057 2527 1084 2552 et
1106 2523 1200 2551 choris
1227 2530 1257 2550 se
1279 2522 1438 2549 fruiturum.
1461 2521 1513 2550 Sed
1532 2521 1599 2550 illud
1625 2521 1709 2549 modo

918 2571 1092 2599 desiderabat
1105 2569 1248 2604 consequi,
1266 2568 1338 2604 quod
1356 2567 1427 2602 apud
1440 2575 1470 2595 se
1496 2567 1618 2602 optabat.
1634 2566 1707 2595 vole-

918 2618 1019 2653 batque
1034 2624 1131 2652 rogare
1149 2623 1157 2642 :
1188 2614 1244 2642 Fac
1259 2623 1300 2642 me
1314 2615 1383 2642 sicut
1395 2622 1477 2641 unum
1494 2614 1526 2641 de
1539 2613 1707 2641 mercenariis

920 2665 984 2692 tuis.
1004 2663 1073 2691 Cum
1088 2670 1153 2690 vero
1168 2663 1318 2690 bonitatem
1345 2661 1449 2689 videret
1472 2661 1560 2696 patris
1579 2659 1632 2688 sibi
1646 2661 1709 2686 ante

980 2741 992 2761 δ
1014 2740 1086 2769 Psal.
1105 2748 1178 2773 thv,
1194 2740 1221 2768 5.
1281 2745 1293 2759 ο
1313 2738 1386 2767 Psal.
1417 2745 1492 2772 xm,
1512 2746 1533 2765 ι.
1577 2737 1586 2756 ί
1609 2735 1706 2763 Matth.

919 2844 987 2864 nova
1004 2835 1127 2872 sequitur
1142 2834 1278 2870 expositio
1292 2834 1446 2872 parabolae;
1469 2841 1556 2872 eaque
1578 2835 1708 2872 cei-tenes:

919 2866 1191 2935 au‘ctot'isglemcnte
1205 2866 1376 2903 recentioris,
1394 2869 1456 2904 quia
1470 2866 1604 2899 Noratu‘m
1614 2867 1641 2894 in
1654 2866 1710 2897 ﬁne

918 2915 946 2934 l't.‘
962 2911 1024 2934 utut.
1068 2914 1128 2933 Rm.
