1927 3074
221 156 275 184 763

769 153 963 182 CLEMENTIS
982 153 1214 181 ALEXANDBINI

1801 155 1851 182 τῦὶ

221 215 374 242 venientem
394 213 514 245 obviam,
531 213 565 241 de
581 213 633 240 hac
646 213 722 241 siluit
734 222 742 246 ;
755 213 825 241 dixit
850 221 916 241 vero
949 220 1008 248 qua:

1061 212 1176 248 Πατρὺς,
1193 212 1271 239 τοῦτο
1285 212 1333 247 μὲν
1352 211 1515 247 ἐσιώπησεν,
1532 210 1592 238 εἷπε
1610 211 1640 238 δὲ
1655 212 1674 238 ἃ
1689 211 1742 247 πρὸ
1752 212 1854 239 τούτων

221 265 301 288 antea
313 259 458 287 meditatus
474 259 565 286 animo
586 259 693 286 fuerat:
713 259 824 286 Peccavi
840 260 866 286 in
883 259 974 286 cwlum
985 263 1009 285 et

221 314 312 333 coram
327 310 360 333 te.
386 304 448 332 Hac
468 304 608 332 humilitas
625 308 652 331 et
671 305 714 332 sui
741 304 829 339 ipsius
845 304 1011 332 condemna-

221 352 262 378 tio
276 351 347 378 facta
364 350 415 383 ipsi
444 353 487 377 est
503 357 586 377 causa
608 349 814 384 iustificationis
839 354 866 377 et
896 350 1007 385 gloriae:

221 397 314 431 justus
327 395 399 423 enim
413 395 490 430 prius
510 403 539 423 se
557 395 646 430 ipsum
663 395 836 423 condemnat.
863 396 902 423 Ita
915 399 942 423 et
959 404 1010 431 pu-

222 441 345 468 blicanus
359 447 414 475 pra:
425 440 563 467 Pharisaeo
582 441 751 475 justificatus
765 441 905 469 discessit.
916 441 1010 476 Neque

222 487 298 514 novit
318 486 389 514 filius
403 494 434 514 ea
447 494 508 521 qua:
524 487 744 522 consequebatur
765 487 807 515 vel
830 487 952 523 acciperc
968 488 1009 516 vel

221 532 255 559 iis
269 532 320 564 uti.
335 535 382 559 aut
406 532 469 560 data
496 532 548 560 sibi
579 533 726 568 applicare.
754 533 822 561 Nam
837 542 889 562 nec
911 535 1010 562 stolam

221 578 280 612 ipse
303 578 409 613 accepit
424 581 452 605 et
479 578 584 612 induit;
597 578 785 611 sedJnduite,
804 579 903 614 inquit,
921 580 1008 607 illum.

221 622 313 658 Neque
326 623 456 650 annulum
471 623 530 658 ipse
550 624 642 651 manui
655 624 779 652 induxit:
804 625 852 652 sed
879 626 925 660 qui
938 625 1009 661 jussi

221 674 299 695 erant
312 666 395 695 :Date
412 668 541 695 annulum
552 669 580 696 in
595 677 702 696 manum
717 669 784 704 ejus.
799 669 893 705 Neque
910 679 939 699 se
951 671 1009 707 ipse

221 713 364 747 calceavit,
382 713 430 742 sed
444 714 547 749 quibus
568 719 628 742 erat
642 715 745 742 dictum
759 725 765 742 :
792 720 818 743 et
832 716 1008 744 calceamenta

220 759 249 784 in
262 758 339 793 pedes
353 759 422 794 ejus.
439 758 502 786 llaec
518 759 569 794 ipsi
584 759 710 788 fortassis
725 764 752 788 et
777 761 839 789 aliis
860 761 1008 790 incredibi-

220 803 258 830 lia
272 807 300 832 et
317 804 467 839 insperata,
493 811 639 840 antequam
658 805 764 839 ﬁerent,
779 807 838 835 visa
853 812 926 836 sunt.
940 807 1008 835 Gra-

221 850 330 877 tissima
344 858 410 878 vero
427 854 454 878 et
469 850 630 878 admiranda
645 858 708 878 cum
721 851 776 879 illis
788 852 906 880 donatus
919 855 971 880 est.

259 978 286 1006 5.
302 977 382 1006 Hunc
398 986 509 1007 sensum
527 980 656 1015 parabola
684 985 828 1015 monstrat,
845 989 1008 1010 concessum

223 1024 340 1058 singulis
353 1031 415 1052 esse
430 1025 544 1052 rationis
559 1026 731 1054 exercitium.
760 1026 823 1054 ldeo
848 1027 1009 1055 luxuriosus

223 1070 373 1102 inducitur,
390 1071 542 1105 portionem
559 1071 717 1099 facultatum
734 1080 749 1099 a
762 1077 840 1108 patre
854 1073 1008 1108 postulans,

223 1115 275 1142 hoc
290 1119 331 1142 est
341 1115 448 1142 ratione
470 1116 576 1144 utentis
595 1115 769 1144 conditionis.
786 1116 920 1145 Omnibus
935 1119 1008 1145 enim

222 1161 287 1188 data
301 1164 344 1188 est
358 1161 528 1189 rationabilis
551 1161 690 1191 facultatis
714 1164 865 1198 possessio,
884 1168 914 1192 ut
937 1164 1009 1191 bona

223 1207 370 1235 observent
383 1210 409 1234 et
424 1214 439 1234 a
464 1208 544 1236 malis
560 1208 727 1236 abstineant.
751 1209 804 1236 Sed
821 1209 873 1236 hac
889 1211 978 1237 ornati
993 1218 1009 1238 a

223 1253 277 1279 lico
289 1252 378 1284 multi,
393 1252 456 1279 data
471 1253 628 1289 cognitione
644 1256 715 1282 male
729 1259 854 1288 utuntur,
871 1259 902 1282 ut
917 1257 1009 1291 pravis

222 1298 376 1325 actionibus
392 1298 564 1326 luxurientur
575 1307 712 1335 ,opesque
735 1301 907 1330 rationabilis
924 1301 1010 1330 facul-

223 1345 285 1372 tatis
300 1345 371 1373 male
385 1345 520 1382 dissipant
536 1356 542 1374 :
564 1346 653 1374 visum
679 1348 712 1374 ad
732 1351 826 1383 turpes
843 1349 1009 1385 contempla-

221 1391 321 1423 tiones,
352 1391 473 1426 linguam
501 1392 535 1419 ad
559 1400 641 1421 voces
668 1393 854 1429 blasphemas,
878 1394 1009 1422 olfactum

222 1438 256 1464 ad
271 1437 382 1465 foetidas
396 1438 569 1473 voluptatum
590 1439 729 1473 libidines,
756 1447 787 1468 os
812 1441 846 1468 ad
869 1441 1009 1476 porcinam

222 1485 412 1517 voracitatcm,
439 1492 537 1513 manus
562 1485 596 1512 ad
611 1486 733 1521 rapinas,
758 1487 841 1522 pedes
868 1489 961 1516 cursui
975 1488 1009 1516 ad

223 1531 348 1563 insidias,
379 1531 560 1566 cogitationes
578 1532 611 1558 ad
629 1533 743 1559 consilia
767 1533 860 1568 impia,
876 1533 1009 1561 rationem

223 1577 257 1604 ad
283 1577 396 1605 desidiae
420 1577 662 1612 consuetudinem,
683 1582 800 1606 mentem
825 1579 859 1606 ad
884 1579 1010 1608 bestialia

223 1624 447 1651 oblectamenta:
474 1623 542 1651 nihil
571 1623 639 1651 adeo
674 1625 847 1653 rationabilis
872 1624 1010 1653 facultatis

223 1674 335 1697 servant
350 1671 423 1706 quod
435 1678 490 1698 non
505 1670 651 1705 dissipent.
663 1670 756 1697 Talem
773 1671 856 1705 igitur
873 1671 1009 1704 Christus,

223 1716 306 1743 veluti
322 1717 439 1744 obscura
468 1717 583 1744 rationis
610 1721 731 1744 utentem
759 1717 831 1749 luce,
856 1722 883 1745 et
910 1718 1010 1745 rationi

224 1762 404 1795 congruentia
420 1769 434 1788 a
451 1765 549 1789 natura
561 1762 652 1789 divina
667 1766 815 1798 petentem,
832 1763 860 1790 in
881 1763 1011 1798 parabola

224 1807 396 1841 introducit;
413 1808 592 1842 eamdemque
616 1808 714 1835 deinde
729 1807 787 1835 lucc
803 1815 818 1834 a
842 1807 898 1835 Deo
913 1815 1011 1837 conse-

224 1855 329 1884 cutum,
347 1852 471 1888 datisque
496 1861 574 1881 usum
594 1854 674 1886 male,
697 1854 814 1881 maxime
839 1861 906 1881 vero
931 1854 1010 1882 b0nis

223 1899 352 1934 baptismi
368 1899 519 1931 concessis.
532 1899 603 1927 unde
618 1900 699 1927 etiam
714 1907 775 1927 eum
787 1907 904 1934 nequam
919 1901 1011 1935 appel-

223 1945 272 1972 lat.
289 1944 392 1974 Deinde
419 1952 481 1981 post
506 1945 632 1973 datorum
661 1945 882 1981 dissipationem,
911 1946 1010 1974 iterum

224 1991 288 2018 hinc
302 1992 501 2027 reparationem
512 2000 559 2027 per
570 1992 759 2028 paenitentiam
774 1995 801 2020 et
815 1992 1010 2028 benignitatem

223 2045 239 2064 a
257 2036 312 2065 Deo
323 2037 374 2074 ipsi
390 2038 550 2073 praestitum.

257 2168 285 2196 6.
302 2168 442 2202 Adducile,
468 2168 566 2204 inquit,
583 2169 696 2195 vitulum
726 2169 894 2203 saginatum,
911 2171 936 2194 et
951 2176 1010 2195 ma—

1062 258 1184 284 ὲσκόπει-
1203 257 1309 292 Πάτερ,
1340 258 1474 292 ἥμαρτον
1495 258 1538 291 είς
1565 257 1619 284 τὸν
1648 257 1783 292 οὐρανὸν
1804 259 1854 284 καὶ

1061 302 1189 330 ἐνώπιόν
1201 311 1269 330 σου.
1284 303 1377 330 Ταῦτα
1395 303 1424 330 δὲ
1438 303 1512 338 αὐτῷ
1530 303 1547 338 ἥ
1569 311 1599 329 τε
1615 303 1852 338 ταπεινοφροσύνη

1063 349 1110 376 καὶ
1125 349 1142 384 ἡ
1157 349 1254 376 ἑαυτοῦ
1272 349 1424 385 κατηγορία
1439 349 1534 384 γέγονε
1556 350 1606 385 τῆς
1621 349 1792 380 δικαιώσεως
1807 350 1854 375 καὶ

1061 395 1111 430 τῆς
1130 394 1210 430 δόξης
1224 395 1307 422 αίτία·
1328 395 1431 426 δίκαιος
1456 395 1509 431 γὰρ
1538 394 1636 422 ἑαυτοῦ
1657 394 1811 429 κατήγορος
1823 394 1853 420 ἐν

1061 440 1242 476 πρωτολογίᾳ.
1260 440 1340 468 Οῦτω
1368 440 1414 468 καὶ
1436 441 1450 467 ὁ
1471 439 1588 475 τελώνης
1607 440 1678 475 ὑπὲρ
1700 440 1747 466 τὸν
1769 441 1852 475 Φαρε-

1060 487 1136 512 σαῖον
1153 486 1256 522 ἀπῆλθε
1281 486 1499 521 δεδικαιωμένος.
1524 486 1587 513 Οὖτ¹
1613 483 1660 513 οὗν
1682 485 1819 520 ἠπίστατο
1835 487 1850 511 ὁ

1060 532 1124 563 παῖς
1139 528 1176 558 ὧν
1190 531 1324 564 τεύξεται,
1340 531 1403 558 οὗτε
1425 531 1561 564 δέξασθαι,
1590 531 1652 558 οὔτε
1682 530 1849 567 χρήσασθαι,

1059 576 1120 602 οὔτε
1138 576 1255 612 ἁρμόσαι
1286 576 1361 612 αὑτῷ
1384 576 1418 603 τὰ
1433 576 1568 611 διδόμενα.
1607 576 1685 603 Ἐπεὶ
1714 576 1785 611 μήτε
1802 576 1852 610 τὴν

1060 621 1156 657 στολὴν
1183 621 1272 648 λαϐὼν
1295 621 1376 653 αὐτὸς
1407 621 1564 648 ἐνεδύσατο·
1581 621 1649 654 ἀλλ’,
1663 620 1850 652 Ὲνδύσιιτε,

1059 667 1151 703 φησὶν,
1165 668 1266 695 αὐτόν.
1281 668 1318 694 Οὐ
1334 667 1379 694 τὸν
1394 667 1536 694 δακτύλιον
1551 666 1632 698 αὐτὸς
1646 667 1687 698 είς
1711 666 1762 701 τὴν
1773 667 1851 701 χεῖρα

1058 713 1183 748 ἤνεγκεν,
1200 713 1257 740 ἀλλ’
1273 714 1297 740 οἰ
1312 713 1532 749 κεκελευσμένοι·
1548 712 1618 739 Δότε
1630 711 1798 738 δακτύλιον
1808 713 1853 744 εις

1059 759 1116 793 τὴν
1140 758 1224 794 χεῖρα
1249 759 1352 786 αὐτοῦ’
1378 759 1439 785 οὐδὲ
1459 758 1555 785 ἑαυτὸν
1583 758 1728 788 ὑπέδυσεν,
1756 757 1814 783 ἀλλ’
1829 758 1852 783 οἱ

1058 805 1232 837 ἀκούσαντες
1246 804 1295 832 καὶ
1308 804 1487 840 ὑποδήματα
1506 806 1551 837 εὶς
1574 803 1646 837 τοὺς
1672 804 1781 836 πόδας.
1798 804 1854 830 Καὶ

1058 850 1145 877 ταῦτα
1155 849 1189 886 ἦν
1205 851 1270 882 ἴσως
1296 850 1370 885 αὐτῷ
1385 859 1415 877 τε
1431 850 1478 877 καὶ
1493 850 1550 881 τοῖς
1564 849 1654 881 ἄλλοις
1674 849 1781 876 ἄπιστα
1806 848 1854 874 καὶ

1058 897 1207 924 ἀνέλπιστα
1236 897 1300 933 πρὶν
1329 896 1401 924 οὕτω
1425 896 1561 931 γενέσθαι·
1591 895 1722 922 ἀσπαστὰ
1751 895 1781 921 δὲ
1807 895 1852 921 καὶ

1059 942 1212 978 θαυμαστὰ,
1229 944 1258 970 ὲν
1273 940 1315 974 οἷς
1332 942 1456 978 ἐδωρήθη
1472 942 1615 977 γενόμενα.

1093 991 1121 1018 5.
1134 990 1241 1025 Ταύτην
1257 990 1307 1025 τὴν
1326 989 1431 1016 ἔννοιαν
1452 990 1468 1024 ἡ
1487 988 1628 1024 παραϐολὴ
1656 988 1792 1018 δείκνυσι,
1805 987 1852 1021 τὴν

1058 1035 1202 1073 δεδομένην
1221 1036 1328 1071 ἑκάστῳ
1339 1035 1385 1062 τοῦ
1399 1035 1507 1069 λογικοῦ
1524 1033 1687 1069 γυμνασίαν.
1702 1032 1756 1059 Διὰ
1772 1032 1851 1060 τοῦτο

1059 1082 1073 1108 ό
1085 1081 1188 1113 ἄσωτος
1199 1082 1338 1115 εἰσάγεται
1352 1080 1402 1116 τῆς
1417 1080 1511 1112 οὐσίας
1535 1079 1658 1106 ἀπαιτῶν
1684 1078 1732 1104 τὸν
1749 1078 1853 1111 πατέρα

1059 1127 1089 1154 τὸ
1103 1128 1193 1163 μέρος·
1207 1127 1331 1154 τουτέστι
1343 1127 1392 1162 τῆς
1402 1125 1514 1161 λογικῆς
1524 1125 1730 1155 καταστάσεως.
1744 1124 1849 1150 Ἅπασι

1059 1172 1114 1208 γὰρ
1128 1173 1144 1208 ἡ
1160 1171 1207 1199 τοῦ
1223 1171 1331 1206 λογικοῦ
1349 1171 1530 1207 παραδέδοται
1547 1171 1655 1205 κτῆσις,
1683 1170 1725 1201 εἷς
1748 1178 1780 1195 τε
1803 1169 1852 1204 τὴν

1059 1218 1111 1245 τῶν
1124 1217 1214 1245 καλῶν
1243 1217 1402 1253 ἐπιμέλειαν
1417 1217 1465 1243 καὶ
1481 1216 1530 1252 τὴν
1550 1216 1605 1243 τῶν
1624 1216 1720 1243 κακῶν
1734 1217 1850 1250 ἁποχήν.

1065 1263 1144 1290 Ἀλλὰ
1167 1263 1247 1290 τοῦτο
1270 1262 1346 1298 παρὰ
1367 1261 1433 1288 Θεοῦ
1457 1261 1658 1296 κεκοσμημένοι
1686 1260 1783 1287 πολλοὶ
1809 1260 1853 1286 κέ-

1059 1317 1172 1344 χρηνται
1188 1310 1220 1344 τῇ
1234 1308 1334 1343 γνώσει
1351 1309 1384 1343 τῇ
1395 1307 1523 1343 δεδομένῃ
1536 1307 1628 1338 κακῶς
1640 1306 1710 1342 πρὸς
1727 1306 1853 1342 πράξεων

1059 1353 1186 1390 πονηρῶν
1214 1353 1343 1380 ἀσωτίαν·
1363 1352 1410 1379 καὶ
1435 1352 1528 1384 κακῶς
1550 1351 1596 1378 τοῦ
1612 1350 1724 1385 λογικοῦ
1739 1351 1791 1386 τὴν
1807 1352 1852 1377 οὐ-

1060 1399 1120 1426 σίαν
1147 1398 1405 1426 καταναλίσκουσιν·
1444 1397 1474 1423 τὸ
1504 1396 1612 1432 βλέμμα
1642 1396 1713 1432 πρὸς
1736 1395 1854 1431 αἰσχρὰς

1059 1443 1186 1479 θεωρίας.
1203 1443 1253 1479 τὴν
1284 1442 1410 1477 γλῶσσαν
1434 1443 1474 1473 εἰς
1492 1441 1669 1477 βλασφήμους
1686 1441 1792 1475 φωνὰς,
1805 1442 1853 1475 τὴν

1058 1489 1191 1526 ὄσφρησιν
1211 1491 1250 1521 εἰς
1263 1488 1389 1520 δυσώδεις
1412 1487 1513 1523 ἡδονῶν
1532 1487 1686 1521 ἀσελγείας,
1707 1487 1740 1513 τὸ
1767 1486 1854 1521 στόμα

1022 1552 1043 1581 c
1060 1535 1128 1581 πρὸς
1140 1535 1255 1570 xamen
1277 1533 1507 1581 summa»
1531 1532 1580 1581 es
1600 1534 1695 1581 ea“;
1804 1532 1852 1581 se

1060 1580 1162 1614 παγὰς,
1188 1582 1251 1612 τοὺς
1266 1579 1349 1611 πόδας
1369 1578 1435 1614 πρὸς
1448 1578 1547 1614 δρόμον
1557 1577 1725 1620 ἐπιϐουλῶνι
1731 1579 1797 1608 τοὺς
1808 1577 1854 1603 λος

1060 1627 1176 1661 γισμοὺς
1203 1625 1271 1662 πρὸς
1296 1624 1423 1656 ἀσεϐείας
1457 1623 1563 1659 βουλὰς,
1586 1623 1636 1658 τὴν
1667 1621 1783 1658 γνώμην
1813 1623 1854 1654 εἰς

1062 1671 1196 1707 ῥᾳθυμίας
1211 1671 1371 1708 ἐμφόρησιν,
1387 1670 1432 1697 τὸν
1448 1669 1510 1696 νοῦν
1534 1669 1573 1700 εἰς
1597 1668 1722 1704 κτηνώδη
1752 1669 1855 1702 διαγω-

1061 1718 1121 1752 γήν·
1135 1716 1210 1743 οὐδὲν
1227 1715 1280 1742 τῶν
1296 1716 1345 1751 τῆς
1357 1715 1467 1750 λογικῆς
1483 1713 1578 1745 οὐσίας
1600 1713 1731 1750 τηροῦσιν
1750 1713 1854 1748 ἀσκόρ-

1062 1770 1166 1789 πιστον.
1195 1761 1246 1789 Τδν
1262 1761 1381 1788 τοιοῦτον
1407 1758 1454 1787 οὖν
1481 1761 1495 1787 ὁ
1521 1759 1648 1795 Χριστὸς,
1677 1759 1716 1791 ὡς
1743 1759 1854 1792 λογικὸν

1061 1807 1261 1842 ἐσκοτισμένον,
1275 1807 1322 1833 καὶ
1342 1806 1377 1834 τὰ
1401 1805 1541 1842 πρέποντα
1553 1804 1593 1840 τῷ
1616 1804 1688 1840 λόγῳ
1702 1805 1781 1840 παρὰ
1799 1805 1852 1838 τῆς

1061 1852 1168 1887 φύσεως
1195 1852 1362 1879 ἀπαιτοῦντα
1383 1851 1434 1886 τῆς
1462 1851 1547 1883 Θείας,
1564 1850 1607 1876 διὰ
1624 1850 1674 1885 τῆς
1689 1849 1852 1886 παραϐολῆς

1061 1898 1228 1925 ὑποτίθεται·
1249 1896 1310 1925 εἶτα
1333 1898 1409 1934 παρὰ
1422 1896 1489 1924 Θεοῦ
1506 1896 1694 1933 κομιζόμενον,
1713 1896 1761 1923 καὶ
1781 1895 1855 1932 χρὼ-

1062 1953 1143 1980 μενον
1158 1945 1214 1976 τοῖς
1228 1943 1380 1978 δεδομένοις
1406 1943 1510 1975 κακῶς,
1531 1942 1578 1969 καὶ
1598 1942 1714 1977 μάλιστα
1726 1941 1781 1968 τῶν
1804 1941 1854 1968 τοῦ

1061 1990 1248 2026 βαπτίσματος
1264 1990 1413 2025 ἠξιωμένον
1444 1989 1552 2020 καλῶν,
1582 1988 1643 2015 ὅθεν
1675 1988 1721 2015 καὶ
1746 1988 1856 2015 ἄσωτον

1060 2035 1196 2072 ὀνομάζει.
1214 2034 1280 2062 Εἶτα
1310 2035 1379 2070 μετὰ
1393 2035 1442 2070 τὴν
1465 2034 1519 2061 τῶν
1539 2034 1686 2069 δεδομένων
1701 2033 1855 2065 ἀπώλειαν,

1061 2081 1107 2107 καὶ
1124 2079 1204 2107 πάλιν
1219 2079 1267 2115 τὴν
1282 2079 1325 2106 διὰ
1344 2079 1487 2115 μετανοίας
1515 2079 1677 2113 ἀνάκτησιν,
1701 2078 1751 2114 τὴν
1774 2077 1855 2114 παρὰ

1059 2127 1106 2153 τοῦ
1118 2126 1184 2153 Θεοῦ
1198 2125 1402 2162 φιλανθρωπίαν
1415 2125 1455 2157 εἰς
1474 2125 1555 2152 αὑτὸν
1568 2124 1724 2160 γινομένην.

1097 2171 1122 2199 6.
1143 2171 1332 2207 Ένεγκόντες
1357 2171 1422 2206 γὰρ,
1441 2171 1518 2206 φησὶ,
1540 2169 1594 2197 τὸν
1605 2170 1726 2204 μόσχον
1738 2170 1794 2196 τὼ·
1807 2177 1857 2196 ενι-ε

221 2220 301 2247 etate,
322 2220 347 2242 et
374 2215 560 2243 manducemus
575 2220 599 2242 et
629 2215 685 2241 ια’ιί
704 2214 859 2248 epulemur:
884 2215 946 2249 quia
968 2213 1008 2241 hic

1062 2218 1177 2250 τευτὸν,
1191 2219 1312 2250 θύσατε,
1331 2218 1379 2245 καί
1398 2218 1546 2252 φαγόντες
1561 2216 1786 2251 εὐφρανθῶμεν·
1806 2216 1854 2243 ὅτι

221 2261 294 2296 [illus
310 2269 394 2294 meus,
409 2269 523 2289 summa:
538 2261 681 2288 charitatis
710 2268 811 2287 nomen
833 2260 907 2295 quod
922 2260 1009 2288 ﬁdeli-

221 2308 274 2336 bus
287 2308 380 2335 datum
396 2308 496 2340 innuit,
511 2312 633 2334 mortuus
647 2311 705 2333 erat
721 2311 746 2334 et
758 2307 882 2340 perierat,
897 2314 1010 2334 summa:

222 2352 396 2380 alienationis
425 2352 580 2387 appellatio.
608 2350 679 2384 Quid
705 2350 777 2378 enim
807 2359 823 2378 a
854 2351 1009 2379 viventibus

223 2397 350 2429 alienius,
369 2405 450 2432 quam
473 2398 546 2432 quod
572 2402 709 2426 mortuum
725 2402 768 2426 est
778 2406 809 2425 ac
826 2397 1009 2432 periitineu-

222 2447 296 2470 trum
311 2443 384 2470 enim
401 2443 536 2478 possideri
556 2444 672 2479 amplius
687 2447 786 2479 potest.
804 2443 856 2471 Sed
871 2451 886 2471 e
902 2451 1009 2471 summa

223 2489 366 2516 charitatis
382 2489 586 2517 necessitudine
598 2489 626 2517 in
652 2497 757 2517 summe
771 2490 887 2517 alienam
901 2489 1009 2516 excide-

222 2538 266 2562 rat
281 2534 465 2563 conditionem
482 2535 536 2563 :ad
562 2543 696 2563 summam
713 2535 857 2563 charitatis
868 2534 1011 2562 familiari-

224 2585 307 2609 tatem
322 2581 421 2608 iterum
436 2582 582 2609 revcrtitur
607 2590 656 2616 per
679 2582 878 2617 paenitentiam.
903 2580 1010 2608 Induile

224 2627 297 2655 enim
315 2627 403 2661 illum,
420 2628 519 2663 inquit,
535 2629 631 2655 stolam
659 2629 790 2662 primum,
810 2635 891 2663 quam
915 2627 1011 2654 habuit

224 2678 289 2700 tunc
300 2673 406 2707 statim,
422 2681 484 2701 cum
499 2674 651 2709 baptismus
676 2673 727 2708 ipsi
750 2674 874 2709 contigit.
889 2672 1009 2700 Gloriam

225 2719 347 2755 intelligo
361 2719 546 2755 baptismatis,
575 2720 764 2748 remissionem
780 2725 965 2756 peccatorum,
983 2724 1011 2747 et

224 2766 340 2793 aliorum
356 2765 491 2794 bonorum
511 2766 718 2799 exliibitionem,
732 2775 813 2801 quam
833 2766 925 2802 statim
947 2773 1010 2793 cum

225 2811 362 2839 lavacrum
373 2812 473 2847 attigit,
489 2816 532 2840 est
557 2816 732 2840 consecutus.
760 2812 793 2839 Et
807 2812 868 2839 date
881 2811 1009 2839 annulum

225 2857 251 2884 in
263 2866 368 2886 manum
388 2858 465 2893 ejus;
492 2867 539 2895 per
567 2859 619 2887 hoc
645 2858 780 2887 iudicatur
809 2858 836 2886 S.
867 2857 1006 2887 Trinitas:

1060 2263 1178 2297 οὗτοςδ
1194 2265 1258 2297 υἱός
1282 2273 1352 2298 μου,
1378 2263 1465 2299 ἄκρας
1488 2262 1654 2298 οἰκειότητος
1679 2262 1775 2296 ὄνομα,
1804 2262 1853 2289 καὶ

1061 2310 1206 2346 μηνυτικδν
1233 2311 1289 2341 τοῖς
1308 2310 1414 2341 πιστοῖς
1430 2308 1583 2344 δεδομένου,
1609 2308 1717 2342 νεκρὸς
1740 2306 1781 2342 ἦν
1798 2309 1851 2335 καὶ

1059 2355 1234 2388 ἀπολωλὼς,
1251 2355 1339 2390 ἄκρας
1355 2354 1559 2390 ἀλλοτριότητος
1573 2354 1660 2389 ρἦις·
1674 2354 1700 2380 τί
1713 2353 1768 2389 γὰρ
1782 2354 1853 2380 ἀπο-

1059 2402 1174 2433 λωλότος
1190 2402 1238 2428 καὶ
1251 2400 1348 2436 νεκροῦ
1368 2402 1425 2432 τοῖς
1442 2399 1524 2431 ζῶσιν
1548 2399 1777 2434 ἀλλοτριώτερον;
1806 2408 1854 2426 κε-

1060 2448 1177 2484 κτῆσθαι
1191 2448 1245 2484 γὰρ
1258 2447 1351 2474 οὐκέτι
1362 2446 1511 2482 οὐδέτερον.
1527 2445 1596 2473 Ἀλλ’
1608 2445 1655 2472 ἀπ’
1667 2445 1757 2481 ἄκρας
1767 2447 1852 2472 ἐκπε-

1061 2494 1114 2520 σὼν
1128 2494 1294 2528 οἰκειότητος
1306 2494 1346 2525 εἰς
1360 2492 1448 2528 ἄκραν
1464 2492 1668 2528 ἀλλοτριότητα,
1685 2492 1754 2528 πρὸς
1763 2492 1853 2527 ἄκραν

1060 2539 1093 2566 ὲκ
1112 2539 1255 2574 μετανοίας
1275 2537 1427 2573 ἐπανῆλθεν
1454 2537 1609 2573 οίκειότητα
1631 2537 1724 2566 πάλιν,
1748 2537 1852 2564 Ἐνδύ-

1060 2593 1134 2611 σατε
1149 2585 1206 2620 γὰρ
1214 2584 1318 2616 αὐτὸν,
1335 2583 1413 2619 φησὶ,
1427 2581 1484 2617 τὴν
1506 2582 1624 2616 στολὴν
1640 2582 1699 2616 τὴν
1718 2581 1851 2615 πρώτην,

1060 2631 1093 2665 ἢν
1109 2630 1189 2661 εὐθὺς
1203 2628 1359 2665 τετυχηκὼς
1370 2628 1417 2655 τοῦ
1436 2627 1625 2663 βαπτίσματος
1642 2626 1706 2661 ἔσχε
1717 2631 1725 2639 ⁸
1742 2626 1789 2661 τὴν
1807 2625 1851 2652 δό-

1060 2675 1108 2708 ξαν
1122 2675 1192 2711 φημὶ
1211 2675 1258 2710 τὴν
1276 2673 1323 2700 τοῦ
1342 2673 1539 2708 βαπτίσματος,
1562 2671 1615 2698 τῶν
1641 2671 1849 2707 ἁμαρτημάτων

1060 2721 1107 2756 τὴν
1124 2720 1229 2754 ἄφεσιν,
1244 2720 1294 2755 τήν
1309 2727 1339 2745 τε
1353 2718 1407 2744 τῶν
1422 2717 1509 2745 ἄλλων
1532 2716 1642 2750 ἀγαθῶν
1662 2716 1804 2752 χορηγίαν,
1815 2713 1847 2750 ἧς

1060 2766 1152 2801 ἔτυχεν
1169 2765 1248 2797 εὐθὺς
1266 2765 1316 2800 τῆς
1330 2763 1521 2799 κολυμϐήθρας
1539 2762 1690 2797 ἁψάμενος.
1706 2761 1760 2789 Καὶ
1780 2761 1848 2788 δότε

1060 2812 1222 2839 δακτύλιον
1246 2812 1290 2843 εὶς
1315 2809 1372 2844 τὴν
1393 2809 1476 2844 χεῖρα
1492 2808 1594 2835 αὑτοῦ·
1609 2808 1658 2842 τῆς
1676 2807 1792 2842 Τριάδος
1806 2808 1846 2832 ὲν-

1061 2857 1146 2884 τιῦθα
1163 2857 1192 2884 τὸ
1207 2856 1329 2892 αἴνιγμα·
1346 2855 1436 2891 ἐκείνη
1450 2853 1503 2890 γὰρ
1526 2855 1580 2885 τοῖς
1601 2854 1708 2886 πιστοῖς
1731 2855 1847 2889 ἐπισφρα-
