1927 3074
59 166 117 196 τω

737 167 957 196 FRAGMENTA.

1643 166 1696 195 766

59 227 181 262 τίςεται.
201 229 258 255 Καὶ
280 229 453 256 ὑποδύσατε
478 229 571 256 αὐτοῦ
596 229 666 262 τοὺς
693 229 799 262 πόδας,
817 230 856 260 εἰς

909 228 953 255 illa
969 227 1043 255 enim
1058 226 1183 254 tidelibus
1207 226 1382 261 imprimitur.
1411 226 1444 253 Et
1460 226 1576 254 inducite
1593 227 1696 254 calcea-

59 272 112 308 τὴν
127 273 290 308 ἐτοιμασίαν
309 274 363 301 τοῦ
380 275 566 309 Ebur-rellon
584 274 641 308 τῆς
659 274 790 308 εὶρήνης,
807 275 856 310 τήν

59 327 93 345 τε
113 319 183 355 πρὸς
202 319 253 351 τὰς
270 320 356 352 καλὰς
369 320 482 356 πράξεις
499 321 669 356 όλοόρομίαν.

100 365 126 391 7.
150 365 220 391 Ἀλλ’
244 365 291 397 οὓς
309 366 431 402 εὑρίσκει
447 366 564 401 Χριστὸς
591 365 763 397 ἀπολωλότας
787 365 856 401 μετὰ

59 410 113 446 τὴν
129 410 268 447 ἁμαρτίαν
287 410 336 447 τὴν
349 413 389 444 είς
405 411 556 447 βάπτισμα,
569 411 681 443 τούτους
697 412 711 442 ό
724 411 856 447 θεομάχος

60 457 191 489 Noua-.0;
211 457 353 484 ἀπόλλυσι.
375 458 465 494 Μηδὲν
485 458 575 485 τοίνυν
589 458 656 494 μηδὲ
681 458 760 485 αὐτοὶ
775 466 857 494 μετα-

60 501 189 533 νοοῦντες
213 501 383 537 λογιζώμεθα
401 504 535 538 πταῖσμα·
553 503 748 538 φυλαττόμενοι
764 503 794 530 τὸ
810 503 855 530 πί-

61 556 156 579 πτειν,
170 547 346 580 πεπτωκότες
362 548 552 584 ἀναπηδῶμεν.
574 549 629 576 Καὶ
645 548 796 581 δειλιῶντες
808 549 856 584 τὴν

60 593 259 628 πρόσκρουσιν,
278 593 347 628 μετὰ
360 593 409 629 τὴν
432 594 612 630 πρόσκρουσιν
621 594 773 628 ἀπόγνωσιν
789 594 855 629 φεύ-

59 647 170 673 γωμεν,
186 638 346 674 ἐστηρίχθαι
373 638 577 671 σπουδάζοντες·
597 639 803 675 κατενεχθέντες
816 641 856 671 είς

59 683 215 719 ἁνόρθωσιν
238 683 408 720 σπεύδωμεν.
437 684 600 720 Πειθώμεθα
623 684 692 721 πρὸς
719 685 792 720 ἡμᾶς
817 684 856 720 τῷ

59 729 190 766 Δεσπότῃ
224 729 336 765 βοῶντι·
370 730 460 757 Δεῦτε
488 730 600 764 πάντες
624 732 652 757 οἱ
676 729 854 764 κοπιῶντες,

59 775 147 810 κάγὼ
163 775 331 802 ἀναπαύσω
347 775 433 810 ὑμᾶς.
454 775 628 812 κτησώμεθα
654 776 703 812 τὴν
715 776 761 803 τοῦ
776 776 855 811 λόγου

58 821 170 856 δωρεὰν
187 821 255 856 πρὸς
270 821 385 857 πράξεις
409 821 628 858 εὐγνωμοσύνης.
655 822 793 858 Μάθωμεν
812 824 856 850 ἐν-

59 865 153 892 ταῦθα
166 866 215 901 τὴν
229 866 283 893 τῶν
299 867 392 893 κακῶν
411 866 527 902 ἀποχὴν,
550 867 593 894 ἵνα
607 867 636 893 ἐν
656 869 712 900 τοῖς
729 868 854 904 μέλλουσι

62 912 101 947 μὴ
120 911 254 947 μάθωμεν
269 912 390 944 ἄκοντες.
407 912 581 949 Χρησώμεθα
595 912 644 948 βίῳ
659 914 727 949 πρὸς
742 913 776 940 τὰ
786 914 855 941 καλὰ
871 906 892 935 η

59 957 223 997 γυμναξίῳ·
242 958 311 994 πρὸς
325 957 355 984 τὸ
366 958 415 993 τῆς
430 958 567 994 ἁμαρτιας
581 958 796 995 παροξυνώμεθα
813 961 856 995 μῖ-

61 1012 119 1034 σος.
149 1002 240 1029 Βαούν
272 1011 333 1030 τινα
365 1003 410 1030 τὸν
439 1003 486 1030 τοῦ
515 1003 634 1030 Κτίστου
660 1005 855 1041 περιφέρωμεν

60 1048 166 1083 ἔρωτα,
182 1047 231 1084 ὅλῃ
250 1048 318 1084 πρὸς
332 1048 412 1075 αὐτὸν
427 1047 600 1084 κολληοῶμεν
621 1049 728 1085 καρδίᾳ,
740 1049 789 1086 τὴν
808 1050 854 1077 τοῦ

60 1092 143 1127 λόγου
163 1093 200 1128 μὴ
215 1093 308 1124 κακῶς
324 1093 395 1120 κατὰ
406 1093 451 1119 τὸν
465 1093 568 1120 ἄσωτον
583 1093 681 1120 οὐσίαν
696 1094 854 1121 καταναλώ-

62 1147 168 1173 σωμεν.
197 1138 253 1174 Τὴν
275 1138 458 1174 ἀποκειμένην
489 1138 596 1174 ἐκείνην
613 1139 777 1175 κτησώμεθα
793 1140 856 1167 καύ-

60 1191 155 1218 χησιν,
173 1183 206 1218 ἢν
223 1183 237 1209 ὁ
265 1182 371 1214 Παῦλος
400 1182 465 1208 ἐϐόα
497 1181 682 1218 καυχώμενος
709 1183 756 1216 Τίς
778 1182 857 1218 ἡμᾶς

60 1229 188 1262 χωρίσει
218 1228 278 1255 ἀπὸ
308 1228 364 1262 τῆς
383 1227 504 1263 ἀγάπης
530 1227 584 1255 τοῦ
605 1229 752 1263 Χριστοῦ;
778 1229 857 1266 Αὐτῷ

63 1273 167 1308 πρέπει
181 1273 245 1306 δόξα
266 1273 313 1300 καὶ
337 1273 403 1308 τιμὴ
421 1273 469 1299 σὺν
481 1272 521 1308 τῷ
543 1273 630 1309 Πατρὶ
656 1274 703 1301 καὶ
730 1274 769 1310 τῷ
786 1273 857 1310 ἁγιῳ

61 1318 207 1353 Πνεύματι
224 1319 264 1350 εἰς
275 1318 339 1349 τοὺς
358 1317 459 1350 αἰῶνας
478 1317 532 1343 τῶν
541 1316 655 1345 αἰώνων·
667 1318 750 1354 ἀμήν.

907 278 994 300 menta
1010 273 1037 299 in
1056 271 1131 306 pedes
1142 272 1209 306 ejus,
1223 275 1252 298 ut
1267 272 1354 306 parati
1382 273 1437 300 sint
1464 273 1498 299 ad
1524 272 1694 307 Evangelium

906 319 978 352 pacis
988 325 1012 351 ι,
1024 323 1052 345 et
1066 318 1202 354 integrum
1215 318 1348 346 bonarum
1364 319 1501 347 actionum
1517 326 1640 346 cursum.

943 366 968 392 7.
998 365 1053 393 Sed
1071 373 1142 400 quos
1170 368 1232 399 post
1259 368 1399 399 peccatum
1415 365 1445 392 in‘
1468 365 1604 400 baptisma
1620 372 1697 392 com-

906 411 1021 439 missum
1034 411 1156 446 perditos
1173 410 1301 439 Christus
1324 411 1424 439 iterum
1439 411 1549 446 reperit,
1575 411 1626 438 hos
1640 411 1696 438 No-

906 460 984 484 vatus
996 455 1042 484 Dei
1059 456 1233 483 adversarius
1247 456 1305 483 vult
1328 456 1451 491 perdere.
1469 456 1506 484 De
1522 456 1597 483 nullo
1611 456 1696 491 igitur

905 506 933 529 et
945 509 995 529 nos
1008 502 1087 537 lapsu
1118 501 1142 529 si
1156 502 1191 529 ab
1214 510 1247 530 eo
1272 502 1470 537 resipuerimus
1497 502 1694 537 desperemus;

907 555 1051 575 caveamus
1066 551 1155 574 tamen
1170 547 1235 580 labi,
1250 547 1319 583 lapsi
1332 551 1424 576 autem
1442 552 1622 575 revertamur.
1641 546 1696 575 Ve-

906 596 1050 628 rentesque
1062 592 1223 628 impingere,
1246 596 1390 627 postquam
1414 592 1588 628 impegimus,
1607 592 1696 628 fugia-

906 646 967 665 mus
981 638 1136 674 desperare,
1150 642 1231 673 atque
1243 638 1361 666 stabiliri
1378 643 1559 670 maturemus,
1571 639 1695 674 erigique

905 692 1082 720 properemus
1095 685 1272 720 supplantati.
1288 684 1439 712 Credamus
1453 685 1580 712 clamanti
1597 685 1630 712 ad
1644 693 1694 713 nos

905 729 1041 757 Domino:
1071 730 1172 764 Venite,
1188 738 1275 757 omnes
1303 738 1347 766 qui
1374 729 1511 764 laboratis,
1532 735 1557 758 et
1576 731 1693 765 reﬁciant

906 784 949 804 vos
973 775 999 804 ι).
1020 775 1206 804 Adhibeamus
1235 775 1351 804 rationis
1378 775 1479 804 donum
1510 776 1545 804 ad
1571 777 1693 804 actiones

905 821 1043 849 decentes.
1056 821 1202 852 Discamus
1218 829 1280 849 cum
1299 815 1418 849 inaxime
1432 822 1568 850 abstinere
1583 829 1597 849 a
1609 822 1692 854 malo,

905 875 940 895 ne
955 867 984 894 in
994 866 1116 894 futurum
1132 867 1292 895 discendum
1304 867 1357 894 hoc
1373 867 1453 895 nobis
1463 869 1499 895 sit
1513 868 1615 896 invitis.
1631 867 1694 894 Vita

907 917 1015 940 utamur
1028 916 1058 941 ut
1073 914 1100 940 in
1112 913 1185 941 bono
1201 921 1252 941 nos
1272 920 1461 945 exerceamus,
1477 917 1504 941 et
1519 917 1694 948 peccatorum

905 959 992 994 magis
1009 960 1151 994 magisque
1163 959 1192 986 in
1211 959 1290 987 nobis
1319 959 1502 986 accendamus
1513 959 1616 986 odium.
1645 959 1694 986 Al-

905 1007 963 1030 tum
989 1003 1146 1031 Conditoris
1162 1011 1283 1031 amorem
1309 1003 1547 1036 circumferamus,
1574 1008 1630 1032 toto
1654 1005 1694 1032 illi

906 1050 1093 1078 adhaereamus
1107 1050 1200 1082 corde,
1217 1058 1278 1082 nec,
1293 1051 1341 1077 ﬁlii
1358 1059 1474 1086 nequam
1490 1051 1625 1085 exemplo,
1650 1059 1694 1078 ra-

905 1095 990 1123 tionis
1015 1096 1171 1123 facultatem
1201 1096 1271 1123 male
1302 1103 1507 1124 consumamus.
1535 1096 1693 1132 Repositam

908 1141 981 1168 illam
994 1141 1073 1169 nobis
1088 1148 1278 1176 comparemus
1292 1142 1493 1177 gloriationem,
1511 1150 1564 1177 qua
1578 1142 1694 1169 cﬁ'erens

908 1193 938 1214 se
950 1185 1052 1214 Paulus
1078 1186 1197 1213 clamat:
1225 1186 1290 1219 Quis
1310 1195 1358 1214 nos
1385 1187 1518 1220 separabit
1543 1187 1575 1213 ab
1605 1196 1695 1214 amare

909 1231 1009 1259 Christi
1033 1232 1068 1258 οἳ
1098 1231 1152 1266 Ipsi
1180 1231 1311 1266 competit
1344 1232 1430 1267 gloria
1461 1236 1487 1259 et
1516 1232 1604 1259 honor
1631 1240 1693 1260 cum

908 1275 989 1303 Patre
1012 1279 1040 1304 et
1066 1279 1161 1304 sancto
1189 1275 1309 1311 Spiritu,
1336 1285 1363 1303 ιιι
1393 1277 1492 1304 saecula
1519 1278 1691 1305 saeculorum.

908 1320 1005 1351 Amen.

61 1376 143 1410 Apud
157 1376 278 1403 eumdem
289 1375 440 1403 Macarium
453 1375 703 1414 Chrysocephalum.
722 1382 792 1404 arat.
810 1386 859 1405 vtn
881 1379 908 1406 in
925 1379 1023 1406 Matth.
1044 1387 1101 1414 cap.
1118 1387 1177 1411 VIII,
1195 1387 1208 1406 e
1223 1379 1281 1408 cod.
1298 1379 1410 1408 Barocc.
1427 1379 1489 1414 156,
1503 1384 1527 1407 et
1547 1380 1592 1409 lib.
1609 1388 1648 1408 vu
1665 1381 1694 1408 in

579 1384 703 1438 ignotum,
722 1384 792 1404 arat.
810 1386 859 1405 vm
881 1384 908 1406 in
925 1384 1023 1406 Matth.
1044 1387 1101 1414 cap.
1118 1387 1165 1406 VIII

604 1420 693 1445 ucam,
709 1420 768 1447 cap.
789 1420 849 1448 xln,
866 1422 880 1441 e
894 1415 956 1444 cod.
978 1415 1089 1442 Barocc.
1104 1414 1166 1442 ΞΗ.

96 1469 157 1496 Οὐκ
171 1468 344 1504 ἀνθρωπίνην
358 1465 405 1495 οὖν
420 1469 550 1504 ὁμοίωσιν
564 1470 578 1497 ὁ
599 1469 666 1502 Θεὸς
681 1468 720 1507 (8)
735 1469 853 1497 ἐνταῦθα

59 1514 212 1549 λαμϐάνει,
227 1514 295 1542 ἀλλὰ
311 1516 485 1551 περιστερᾶς,
501 1515 543 1542 ὅτι
558 1515 605 1550 τὴν
621 1514 747 1549 ἀφέλειαν
762 1515 810 1542 καὶ
825 1516 856 1543 τὸ
869 1508 892 1539 C

61 1560 154 1596 πρᾶον
170 1560 221 1595 τῆς
236 1559 299 1591 νέας
318 1559 479 1594 ἐπιφανείας
497 1559 544 1586 τοῦ
559 1559 718 1595 Πνεύματος
732 1560 857 1588 ἐϐούλετο

58 1606 149 1639 δεῖξαι
169 1605 210 1641 τῷ
232 1605 282 1640 τῆς
309 1606 474 1641 περιστερᾶς
498 1604 661 1641 ὁμοιώματι.
688 1606 718 1632 '0
735 1606 784 1641 μὲν
803 1606 857 1642 γὰρ

60 1655 147 1689 νόμος
162 1653 247 1688 βαρὺς
260 1651 294 1688 ἦν
318 1653 364 1680 καὶ
383 1653 504 1688 μαχαίρᾳ.
523 1652 663 1685 κολάζων,
688 1654 705 1688 ὴ
734 1653 763 1680 δὲ
777 1654 857 1689 χάρις

61 1701 147 1736 ἱλαρὰ
162 1701 209 1727 καὶ
224 1700 296 1735 λόγῳ
314 1699 481 1735 ῥυθμίζουσα
507 1699 671 1735 πραότητος.
698 1698 792 1727 Ταῦτά
817 1708 858 1726 τοι

61 1748 112 1774 καὶ
140 1746 156 1772 ὁ
178 1745 281 1781 Κύριος
306 1745 374 1780 πρὸς
395 1746 458 1777 τοὺς
485 1745 651 1777 ἀποστόλους
688 1745 814 1777 εἰπόντας
828 1746 858 1773 ἐν

61 1793 133 1828 πδρὶ
146 1792 261 1819 κολάσαι
280 1792 344 1823 τοὺς
367 1791 404 1826 μὴ
426 1791 588 1827 δεξαμένους
606 1791 704 1822 αὐτοὺς
729 1791 800 1818 κατὰ
812 1791 857 1819 τὸν

67 1837 183 1864 Ἠλίαν·
212 1838 272 1864 Οὐκ
304 1836 419 1868 οἴδατε,
452 1837 533 1872 φησὶ,
562 1836 650 1864 ποίου
681 1837 857 1871 Πνεύματός

61 1892 145 1910 εστε.

940 1471 1086 1507 379Non
1096 1471 1244 1499 humanam
1257 1472 1312 1504 hic,
1329 1472 1376 1500 sed
1389 1472 1522 1500 columbae
1537 1472 1693 1500 similitudi-

907 1525 969 1545 nem
980 1518 1128 1552 assumpsit
1136 1517 1219 1551 Deus,
1233 1518 1297 1553 quia
1306 1518 1508 1553 simplicitatem
1520 1525 1552 1545 ac
1567 1526 1694 1545 mansue-

907 1563 1030 1590 tudinem
1041 1571 1117 1591 novse
1125 1563 1303 1599 apparitionis
1314 1562 1432 1599 Spiritus
1442 1563 1548 1591 volebat
1556 1564 1690 1591 columba!

908 1607 1026 1644 imagine
1040 1608 1203 1643 signiﬁcare.
1223 1608 1279 1636 Lex
1298 1609 1370 1636 enim
1382 1608 1472 1644 gravis
1489 1608 1577 1636 fuerat
1591 1612 1617 1636 et
1633 1609 1692 1644 gla-

909 1653 954 1681 dio
969 1653 1116 1689 puniebat;
1136 1657 1164 1681 at
1181 1654 1268 1688 gratia
1292 1655 1385 1682 suavis
1403 1658 1430 1682 et
1454 1662 1521 1682 voce
1552 1660 1694 1682 mansueta

909 1704 989 1727 utens
1003 1699 1036 1726 ad
1051 1700 1252 1735 corrigendum.
1266 1699 1336 1727 Hinc
1352 1699 1483 1728 Dominus
1498 1700 1532 1727 ad
1544 1700 1693 1735 apostolos,

910 1752 973 1773 cum
988 1745 1123 1773 dixissent
1134 1750 1165 1773 ut
1183 1745 1248 1773 Elia:
1262 1747 1387 1782 exemplo
1401 1746 1452 1773 hos
1475 1753 1490 1773 a
1503 1746 1602 1781 quibus
1618 1753 1696 1774 rece-

910 1790 950 1826 pti
963 1798 1018 1818 non
1035 1789 1144 1818 fuerant
1167 1791 1230 1827 igne
1257 1792 1367 1827 puniret
1393 1801 1400 1819 :
1427 1791 1555 1825 Nescitis,
1589 1793 1692 1828 inquit,

910 1836 986 1871 cujus
998 1837 1113 1872 Spiritus
1126 1837 1189 1864 estis
1201 1836 1226 1864 ἀ.

465 1937 541 1972 Apud
555 1938 674 1965 eumdem
689 1936 839 1965 Macarium
853 1936 900 1964 tib.
917 1943 979 1968 xut,
994 1935 1021 1962 in
1038 1934 1136 1962 Matth.
1153 1942 1211 1969 cap.
1227 1943 1254 1962 ix

100 1996 180 2031 Τάχα
196 1996 225 2022 δὲ
240 1996 286 2023 διὰ
304 1996 352 2023 τοῦ
370 1996 435 2024 ἰῶτα
455 1997 503 2023 καὶ
521 1997 571 2032 τῆς
589 1997 703 2033 κεραίας
722 1998 739 2032 ή
760 1997 859 2024 δικαιο-

64 2043 133 2077 σύνη
151 2042 288 2077 κέκραγεν
306 2042 404 2069 αὐτοῦ·
427 2042 494 2070 Ἐὰν
509 2043 589 2077 ὀρθοὶ
604 2043 679 2077 πρὸς
698 2043 737 2078 μὲ
751 2043 855 2077 ἥκητε,

63 2086 148 2121 κάγὼ
165 2086 252 2120 ὀρθὸς
265 2086 341 2120 πρὸς
357 2086 435 2121 ὑμᾶς
447 2095 453 2101 ·
476 2086 530 2113 ἐὰν
543 2086 664 2122 πλάγιοι
678 2088 856 2122 πορεύησθε,

62 2132 148 2167 κάγὼ
171 2131 308 2167 πλάγιος,
327 2131 529 2166 λέψιᾙύριος
549 2131 608 2159 τῶν
623 2132 786 2166 δυνάμεων.
802 2133 857 2164 Τὰς

63 2176 230 2213 ἐπιπλήξεις
254 2178 308 2205 τῶν
334 2178 503 2215 ἁμαρτωλῶν
531 2178 648 2212 πλαγίας
675 2178 858 2213 αἰνιττόμενος

62 2223 161 2255 ὀδούς⁴
178 2224 195 2258 ἡ
207 2222 262 2259 γὰρ
283 2223 374 2251 εὐθεῖα
392 2225 439 2251 καὶ
457 2224 527 2251 κατὰ
550 2223 641 2259 φύσιν,
656 2223 689 2260 ἣν
709 2223 858 2251 αἰνίττεται

63 2271 96 2296 τὸ
109 2270 180 2297 ἰῶτα
192 2268 238 2296 τοῦ
250 2268 388 2306 Ἰησοῦ,ή
402 2270 565 2305 ἀγαθωσύνη
577 2270 670 2301 αὐτοῦ,
684 2270 700 2305 ή
716 2269 784 2305 πρὸς
795 2270 858 2302 τοὺς

63 2315 95 2348 ἐξ
113 2315 238 2350 ὑπακοῆς
251 2316 476 2349 πεπιστευκότας,
492 2317 690 2352 ἀμετακίνητός
704 2325 734 2343 τε
751 2317 798 2344 καὶ
812 2317 859 2353 ἀρ-

66 2360 166 2396 ρεπής.
181 2359 218 2386 0'3
237 2360 274 2395 μὴ
287 2358 333 2388 οὖν
356 2361 478 2398 παρέλθῃ
500 2362 554 2389 ἀπὸ
575 2362 621 2388 τοῦ
649 2362 730 2398 νόμου
750 2362 813 2389 οὕτε
826 2363 858 2389 τὸ

65 2406 146 2436 ἰῶτα,
170 2404 232 2432 οὔτε
250 2407 267 2441 ή
289 2406 398 2442 κεραία,
417 2407 556 2434 τουτέστιν
576 2406 638 2434 οὔτε
656 2408 673 2442 ἡ
691 2408 748 2439 τοῖς
765 2407 857 2434 εὐθέσι

101 2487 116 2501 δ
135 2481 207 2516 Eph.
223 2489 263 2514 v1,
280 2482 324 2510 15.
363 2482 377 2503 b
397 2482 492 2510 Matth.
507 2492 544 2518 xi,
560 2483 605 2511 28.
644 2489 655 2504 ο
677 2483 758 2514 Rom.
772 2493 831 2518 vnt,
848 2485 892 2513 55.

101 2540 141 2578 (8)
154 2540 193 2578 _'0
209 2541 290 2578 ΘεόςΪ
309 2541 363 2578 AL,
377 2543 392 2568 ό
408 2542 596 2578 Παράκλητος.
608 2542 718 2570 ΡΛοιιιο.
737 2542 856 2570 Primam

63 2575 211 2610 periodum
226 2576 308 2610 paulo
322 2577 402 2604 aliter
416 2581 442 2604 et
453 2575 621 2605 'accnratius
634 2578 700 2605 citat
717 2578 787 2605 idem
805 2578 859 2605 Ma—

63 2611 160 2638 carius
175 2616 246 2647 orat.
258 2619 298 2647 in
314 2612 341 2638 in
355 2611 467 2643 Lucam,
486 2612 567 2646 cujus
581 2613 724 2647 inscriptio
739 2617 798 2640 est:
811 2614 858 2645 Εἰς

63 2645 231 2681 παραμρνὴν
244 2646 300 2672 τῶν
315 2647 423 2681 φώτων,
431 2654 492 2681 cap.
507 2645 569 2678 illi,
580 2648 642 2675 cod.
656 2645 719 2679 ΞΗ.
731 2647 856 2679 Barocc..

62 2681 257 2718 bnnc__nemp_e
272 2681 302 2718 in
318 2682 447 2718 modum:
467 2682 523 2708 Οὐκ
545 2682 718 2718 ἀνθρωπίνην
728 2682 857 2718 ὁμοίωσιν

61 2715 248 2754 ἐνταῦοίξαιτοῇ
267 2715 334 2754 Θεοῦ
352 2716 564 2754 παρειληφότος,
589 2715 657 2744 ἀλλὰ
684 2715 715 2744 τὸ
731 2715 858 2754 περιστε-

64 2749 210 2787 ρὶςνεῖδος,
227 2751 268 2776 ὅτι
294 2751 343 2786 τὴν
370 2749 508 2786 ἁᾲέλειαν,
524 2757 589 2785 etc.,
615 2756 644 2780 ut
668 2760 750 2785 supra
768 2749 858 2787 usque

63 2786 96 2812 ad
115 2785 467 2822 ὁμοιώματιηΑιῳιοιιιιιιε
486 2787 629 2815 lectionem
639 2788 784 2822 genuinam
796 2785 858 2815 esse

63 2825 139 2855 patet
156 2829 213 2856 non
231 2820 359 2856 modoicx
374 2821 467 2856 Graeca
480 2822 583 2849 Catena
599 2823 626 2849 in
641 2820 746 2849 Lucam
762 2831 812 2850 ms.
829 2823 856 2849 in

65 2855 235 2891 bibliotheca
254 2854 458 2891 Yimlobon'ensi
480 2857 539 2883 eod.
562 2857 597 2884 42
622 2857 794 2891 theol.juxta
812 2865 856 2884 or-

68 2889 160 2916 dinem
188 2889 339 2923 Lambecii,
366 2891 412 2918 ubi
439 2892 532 2919 eodem
559 2892 639 2920 modo
665 2889 772 2929 legitur,
804 2892 857 2920 nisi

944 1995 1071 2023 Fortasse
1094 2002 1142 2030 per
1165 2000 1268 2022 rectum
1295 1995 1350 2022 iota
1373 1999 1401 2022 et
1424 1990 1564 2030 obliquum
1589 1995 1694 2029 apicem

907 2042 1013 2077 justitia
1028 2042 1088 2077 ejus
1108 2041 1261 2069 exclamat:
1278 2041 1308 2068 Si
1322 2042 1387 2068 recti
1407 2041 1441 2067 ad
1466 2049 1506 2068 me
1526 2041 1657 2071 veneritis,
1671 2046 1696 2068 et

909 2097 955 2124 ego
965 2093 1050 2115 rectus
1064 2089 1099 2114 ad
1113 2096 1156 2114 vos
1169 2095 1178 2114 :
1193 2087 1217 2114 si
1230 2087 1329 2122 obliqui
1343 2087 1514 2119 incesseritis,
1528 2091 1553 2114 et
1571 2095 1616 2122 ego
1631 2086 1696 2113 obli-

907 2142 986 2169 quus,
1009 2133 1094 2168 inquit
1118 2132 1247 2160 Dominus
1273 2133 1436 2159 exercituum
1463 2137 1486 2159 θ.
1517 2130 1696 2158 Peccantium

906 2180 980 2207 enim
1004 2179 1169 2207 oﬁensiones
1194 2186 1243 2214 per
1268 2178 1393 2213 obliquas
1417 2177 1477 2205 vias
1494 2177 1695 2212 signiﬁcantur.

906 2225 991 2252 Recta
1007 2233 1071 2252 vero
1083 2228 1110 2252 et
1126 2224 1259 2252 naturalis
1271 2228 1314 2252 est
1330 2231 1412 2259 quam
1426 2224 1481 2251 iota
1496 2223 1616 2250 nominis
1631 2222 1697 2250 Jesn

907 2271 1018 2303 indicat,
1033 2271 1141 2299 bonitas
1153 2270 1213 2305 ejus
1228 2277 1289 2305 qute
1305 2277 1368 2305 erga
1380 2269 1540 2299 obedientes
1554 2276 1586 2295 ac
1602 2268 1699 2295 ﬁdeles

907 2317 1018 2344 immota
1040 2319 1083 2344 est
1109 2324 1141 2344 ac
1159 2315 1276 2344 stabilis.
1297 2315 1358 2342 Non
1381 2315 1465 2350 igitur
1489 2313 1638 2349 praeteribit
1662 2312 1699 2340 de

906 2361 965 2396 lege
986 2369 1037 2389 nec
1055 2369 1123 2397 apex
1139 2368 1189 2388 nec
1210 2361 1282 2394 iota,
1300 2360 1351 2387 hoc
1370 2364 1423 2392 est,
1446 2367 1535 2394 neque
1554 2358 1637 2386 rectis
1652 2366 1697 2385 re-

906 2407 1045 2443 spondens
1060 2406 1218 2443 promissio.
1234 2414 1323 2442 neque
1341 2413 1423 2442 quam
1442 2405 1553 2441 oblique
1566 2404 1696 2432 inceden-

930 2485 944 2505 ά
965 2484 1034 2514 Luc.
1049 2493 1087 2517 lx,
1102 2485 1147 2513 55.
1188 2490 1200 2505 ο
1221 2484 1310 2512 Levit.
1328 2491 1403 2516 xxvt,
1422 2483 1468 2512 2t.

909 2543 982 2579 quod
999 2551 1050 2579 pro
1060 2544 1127 2571 ἀλλὰ
1146 2543 1177 2570 τὺ
1198 2543 1348 2579 περιστερᾶ
1380 2539 1460 2579 εἶδος,
1488 2540 1648 2579 simpliciter:
1661 2541 1696 2568 sit

909 2575 976 2607 ἀλλὰ
992 2575 1042 2614 τῆς
1055 2575 1294 2614 περιπερᾶςιέεό
1309 2575 1337 2605 et
1353 2584 1385 2604 ex
1402 2576 1498 2604 Latine
1513 2575 1585 2614 edita
1595 2583 1619 2614 _a_
1629 2575 1700 2614 Cor—

909 2615 986 2641 derio
1000 2610 1103 2641 Catena
1118 2614 1145 2641 in
1163 2610 1262 2640 Lucam
1285 2620 1344 2647 cap.
1364 2620 1405 2642 ιιι,
1426 2619 1502 2638 num.
1516 2611 1561 2647 55,
1574 2610 1621 2647 ubi
1639 2610 1695 2647 haec

909 2649 1057 2677 Clementis
1070 2649 1106 2675 ita
1120 2652 1232 2676 sonant:
1247 2647 1308 2674 Non
1319 2644 1361 2674 hic
1375 2647 1497 2678 hominis,
1511 2645 1556 2673 sed
1568 2644 1697 2672 columba:

909 2684 1110 2720 similitudinem
1128 2683 1211 2720 ρεαδ
1224 2683 1399 2720 ‘assumpsit‘;
1418 2682 1481 2720 quia
1495 2680 1695 2720 .ooleba‘tuno‘ua

909 2719 1024 2755 quadam
1036 2719 1204 2755 apparitione
1219 2714 1335 2750 Spiritus
1346 2725 1391 2752 per
1403 2714 1531 2755 columba:
1539 2714 1694 2755 similitudi-

909 2750 978 2787 hem,
1010 2750 1206 2787 simplicitatem
1231 2761 1261 2779 ac
1293 2750 1520 2779 mansuetudinem
1547 2750 1692 2787 declarare.

909 2783 1034 2817 Ceterum
1050 2783 1145 2825 liquet,
1175 2787 1321 2825 Macariunl
1342 2787 1431 2821 priore
1456 2787 1516 2825 loco
1535 2785 1616 2825 verba
1630 2783 1692 2825 Cie:

910 2825 1009 2852 mentis
1035 2821 1175 2858 paululum
1199 2824 1369 2855 immutasse,
1399 2826 1429 2849 ut
1457 2821 1534 2856 plena
1560 2821 1694 2853 incipeuet

910 2860 1046 2894 periodus.
1064 2858 1147 2886 Cum.
