1927 3074
48 192 106 221 7‘69

736 195 959 224 FRAGMENTA.

1648 201 1699 229 770

47 253 142 282 αὐτοῦ
166 255 337 290 παρουσίαν,
361 255 425 283 ἔνθα
451 256 642 292 καθιδρύεσθαι
675 257 801 293 καθάπερ
825 266 848 284 τι

903 256 981 290 tiam,
999 264 1047 293 per
1060 264 1143 293 quam
1159 257 1336 286 constituerat
1352 258 1476 295 aliquam
1492 260 1575 288 velutt
1589 261 1700 289 anima-

47 300 171 336 ἄγαλμα
185 300 307 337 ἔμψυχον
332 301 484 336 διεγνώκει,
500 302 539 334 είς
557 310 587 328 τε
600 301 648 338 τὴν
661 301 731 329 κατά
745 302 853 330 σύνοδον

49 345 181 378 πίστεως
196 346 377 382 ἐγειρομένην
395 346 569 382 Ἐκκλησίαν,
586 347 656 374 κατά
673 347 745 380 λέξιν
759 347 833 383 λέγει
844 357 852 365 ·

51 392 89 418 El
104 391 229 425 ἀληθῶς
245 391 303 425 ἆρα
317 392 491 426 κατοικήσει
505 392 578 426 Θεὸς
598 393 674 428 μετὰ
691 393 854 428 ἀνθρώπων

47 436 104 463 ἐπὶ
122 435 181 471 τῆς
195 437 271 472 τῆς
286 439 418 466 Κατοικεῑ
430 439 459 466 δὲ
472 439 519 466 ἐπὶ
531 441 581 476 τῆς
594 440 657 476 γῆς,
674 440 764 476 σάρκα
775 449 853 476 περι-

49 482 244 518 εαλλόμενος,
266 484 315 511 καὶ
335 484 404 520 μετά
424 485 575 521 ἀνθρώπων
598 485 673 521 αὑτῷ
695 486 852 522 κατοίκησις

48 528 165 561 γίνεται
185 530 216 556 ἐν
236 530 269 565 τῇ
288 529 360 556 κατά
377 530 438 563 τοὺς
459 530 582 562 δικαίους
610 531 732 558 συνθέσει
752 540 783 558 τε
803 532 853 559 καὶ

49 573 189 610 ἁρμονίᾳ,
204 574 272 601 νεὼν
288 575 366 609 ἆγιον
388 575 565 612 ἐργαζομένῳ
584 585 614 604 τε
635 577 682 604 καὶ
700 577 850 605 ἀνιστάντι.

49 619 95 655 Γῆ
110 620 169 655 γάρ
180 621 204 647 οἱ
218 620 327 655 δίκαιοι,
340 621 392 657 τὴν
406 622 459 657 γῆν
472 622 512 648 ἔτι
528 622 730 659 περικείμενοι·
743 623 791 650 καὶ
804 623 851 659 γῆ,

49 665 94 697 ὡς
118 666 191 702 πρὸς
213 666 244 693 τὸ
268 667 384 702 μέγεθος
406 667 643 704 παραϐαλλόμενοι
664 668 712 695 τοῦ
737 668 850 704 Κυρίου.

51 712 155 740 Ταῦτά
166 721 208 739 τοι
228 714 275 740 καὶ
293 715 308 740 ὁ
321 713 456 750 μακάριος
473 713 576 749 Πέτρος
592 714 643 741 οὑκ
657 714 732 741 ὀκνεῖ
744 714 833 750 λέγειν
842 723 849 730 ⁸

50 759 113 786 Καὶ
131 759 220 786 αὐτοὶ
240 760 282 793 ὠς
303 760 382 788 λίθοι
404 759 509 793 ζῶντες
530 760 745 795 οἰκοδομεῖσθε,
768 759 852 794 οἶκος

52 805 275 841 πνευματικὸς,
297 807 457 842 ἱεράτευμα
475 807 571 843 ἅγιον,
587 806 745 841 ἀνενέγκαι
761 814 852 834 πνευ-

50 853 187 888 ματικὰς
202 853 312 887 θυσίας
330 854 384 886 τὰς
398 853 586 888 προσδεκτάς
599 853 640 886 τῷ
657 853 718 886 Θεῷ
739 853 788 881 διὰ
805 853 853 888 ’1η-

52 899 117 927 σοῦ
130 900 273 935 Χριστοῦ.
289 901 351 927 Ἐπὶ¹
363 900 391 928 δὲ
403 901 451 927 τοῦ
465 901 600 936 σώματος,
612 900 626 927 ὃ
639 900 710 928 κατὰ
723 909 853 937 περιγρα-

53 944 112 982 φὴν
125 945 211 972 τόπον
231 945 322 973 ἔνθεον
344 945 434 981 ἑαυτῷ
454 945 623 982 καθιέρωσεν
642 946 687 973 ἐπὶ
705 946 757 981 γῆς
769 947 784 973 ὁ
802 945 855 973 Κύ-

55 999 128 1027 ριος,
144 992 276 1024 Λύσατε,
290 989 362 1024 εἷπε,
377 992 432 1019 τὸν
450 991 525 1019 ναὸν
539 991 656 1025 τοῦτον,
678 992 727 1019 καὶ
745 992 780 1019 ἐν
797 1000 852 1026 τρι-

51 1037 110 1064 σὶν
121 1037 248 1072 ἡμέραις
262 1037 354 1073 ἐγερῶ
368 1039 472 1065 αὐτόν,
485 1038 582 1065 Εἶπον
597 1035 654 1066 οὖν
663 1039 690 1065 ol
703 1037 846 1065 Ἰουδαῖοι·

55 1083 293 1118 Τεσσαράκοντα
307 1083 357 1111 καὶ
372 1083 406 1117 ἓξ
425 1084 526 1112 ἐτεσιν
544 1086 561 1112 ὀ
578 1085 651 1118 ναὸς
670 1082 760 1118 οὗτος
774 1085 849 1117 ᾠκο-

52 1130 185 1165 δομήθη,
206 1131 255 1158 καὶ
278 1130 319 1158 σὺ
338 1131 374 1157 ἐν
394 1130 494 1165 τρισὶν
517 1130 643 1166 ἡμέραις
662 1130 774 1166 ἐγερεῖς
794 1131 848 1158 αὐ-

52 1177 127 1210 τάν;
146 1177 277 1210 Ἐκεῖνος
291 1176 327 1204 δὲ
337 1177 424 1212 ἔλεγε
437 1177 503 1212 περὶ
522 1177 576 1205 τοῦ
590 1177 667 1204 ναοῦ
681 1178 735 1205 τοῦ
752 1176 851 1212 σώμα-

52 1231 108 1257 τος
118 1222 226 1251 αὐτοῦ.

906 307 961 329 tam
976 303 1105 330 collocari
1120 307 1250 337 statuam,
1272 304 1410 340 simulque
1432 305 1466 333 ad
1483 305 1631 334 Ecclesiam
1652 315 1699 336 se-

905 349 1025 376 cundum
1041 349 1103 377 ﬁdei
1114 357 1280 378 consensum
1292 348 1436 378 excitatam
1451 352 1588 387 pertinere
1598 361 1700 389 cogno-

905 399 1009 429 sceret;
1024 395 1067 423 his
1081 396 1168 424 utitur
1181 396 1272 424 verbis
1286 406 1292 424 :
1312 395 1384 423 Num
1405 405 1462 424 vere
1477 397 1548 425 Deus
1568 398 1699 426 habitabit

905 449 964 467 cum
987 441 1137 469 hominibus
1162 450 1240 477 super
1263 447 1361 470 terram
1381 443 1417 472 ιζ)
1442 443 1568 472 ProfeCto
1592 445 1699 473 habitat

904 493 988 522 super
1000 490 1114 520 terram,
1131 495 1215 516 carne
1229 488 1360 523 indutus;
1376 497 1481 525 suaque
1493 497 1556 518 cum
1570 491 1654 525 justis
1670 495 1698 519 et

904 532 1099 563 coniunctione
1112 537 1139 560 et
1158 534 1306 561 concordia
1321 534 1350 561 ﬁt
1371 542 1434 562 cum
1459 535 1616 565 hominibus
1636 537 1698 572 ejus

904 577 1048 611 habitatio,
1078 581 1224 613 postquam
1249 583 1376 607 sanctum
1401 579 1526 608 condidit
1551 583 1696 617 templum,

904 623 1027 659 illudque
1041 624 1188 652 exstruxit.
1204 624 1290 652 Terra
1313 626 1413 661 quippe
1432 627 1500 661 justi
1524 631 1590 655 sunt
1608 628 1697 656 homi-

903 677 964 702 nes,
982 673 1084 698 terram
1099 670 1190 698 adhuc
1209 671 1380 700 incolentes:
1398 676 1474 700 terra
1487 681 1598 709 quoque
1618 679 1696 707 sunt.

902 716 927 744 si
939 724 1002 744 cum
1015 716 1063 744 Dei
1079 717 1268 753 magnitudine
1285 722 1488 754 comparentur.
1507 718 1569 747 Haec
1587 723 1615 748 et
1629 727 1695 748 san-

903 766 964 790 ctus
979 762 1077 791 Petrus
1100 771 1157 791 non
1177 763 1284 791 dubitat
1307 764 1419 793 dicere:
1444 764 1480 792 Et
1494 766 1545 800 ipsi
1569 770 1695 801 tanquam

902 808 1003 844 lapides
1022 810 1072 837 uiui
1091 809 1352 845 superadiﬁcamini.
1375 810 1469 838 domus
1490 811 1632 845 spiritalis,
1651 820 1696 838 sa-

902 855 1048 883 cerdotium
1069 861 1202 889 sanctum,
1222 857 1316 892 offerre
1335 856 1468 891 spiritales
1485 857 1599 890 hostias,
1623 862 1696 884 accc—

901 901 1014 936 ptabiles
1028 901 1083 928 Dea
1102 909 1149 937 per
1166 901 1259 930 Iesum
1279 901 1417 930 Christum
1434 903 1459 930 Β.
1482 902 1592 930 Habitat
1616 905 1644 931 et
1665 903 1693 930 in

870 939 1019 983 Bcorpore
1031 948 1106 983 quod
1129 948 1282 977 secundum
1305 947 1600 983 circumscriptionem,
1623 949 1695 976 sicut

905 993 996 1022 locum
1008 994 1143 1027 divinum,
1159 994 1212 1023 sibi
1227 994 1362 1022 Dominus
1382 1001 1466 1030 super
1479 998 1581 1022 terram
1595 999 1695 1022 conse-

901 1039 999 1066 cravit.
1027 1038 1137 1072 Solvite,
1160 1039 1261 1075 inquit,
1286 1039 1411 1075 templum
1432 1040 1491 1072 hoc,
1514 1043 1540 1067 et
1561 1038 1589 1068 in
1611 1040 1695 1068 tribus

901 1085 992 1114 diebus
1004 1085 1124 1112 excitabo
1138 1085 1216 1113 illud.
1232 1085 1364 1113 Dixerunt
1375 1093 1436 1121 ergo
1447 1085 1555 1113 Judaei:
1568 1085 1694 1119 Quadra-

900 1132 975 1167 ginta
990 1135 1015 1158 et
1036 1139 1083 1158 sea:
1098 1131 1176 1158 annis
1201 1130 1363 1166 ludiﬁcatum
1378 1135 1417 1158 est
1432 1130 1567 1165 templum,
1582 1135 1608 1158 et
1624 1135 1652 1158 tu
1666 1131 1695 1158 in

901 1177 985 1204 tribus
1001 1176 1092 1204 diebus
1115 1177 1242 1204 excitabis
1260 1176 1348 1204 illud?
1368 1176 1419 1204 Ille
1437 1181 1526 1205 autem
1539 1176 1642 1204 dicebat
1662 1176 1693 1204 de

902 1223 996 1258 templo
1011 1223 1130 1258 corporis
1146 1223 1189 1250 sui
1202 1228 1226 1250 ε.

201 1283 244 1310 Ea;
255 1284 345 1311 codice
357 1284 497 1312 clmrtuceo
512 1284 633 1312 bibliotlt.
653 1285 722 1319 regis
735 1283 958 1312 C/tristianissimi
973 1283 1079 1318 signato
1091 1291 1117 1309 n.
1130 1282 1212 1309 2451.
1227 1296 1262 1301 -
1277 1280 1348 1310 Ibid.
1363 1289 1424 1317 pag.
1440 1281 1521 1310 1556.
1534 1281 1568 1309 Δ.

56 1342 114 1370 Τοῦ
135 1342 299 1378 ἆγιωτάτου
332 1343 381 1371 καὶ
402 1343 636 1379 ψακαριωτὰτου
659 1343 850 1378 Κλήμεντος,

87 1379 297 1414 πρεσϐυτέρου
315 1378 553 1413 Ἀλεξᾶνδρειας,
571 1379 626 1406 τοῦ
642 1378 848 1414 Στρωματέως,

88 1414 126 1441 ἐκ
141 1413 196 1440 τοῦ
206 1414 273 1450 Περὶ
288 1415 420 1450 Προνοίας
429 1415 535 1450 λόγου.

87 1471 123 1497 Τί
149 1470 233 1503 Θεὸς;
252 1470 319 1503 Θεός
343 1471 427 1504 ἐστιν,
451 1471 490 1503 ὠς
515 1471 562 1498 καὶ
591 1471 606 1497 ὀ
630 1471 733 1508 Κύριος
763 1471 848 1505 λέγει,

52 1516 178 1552 πνεῦμα.
199 1515 312 1552 Πνεῦμα
334 1516 363 1543 δέ
390 1518 448 1544 ἐστι
475 1517 578 1553 κυρίως
600 1516 678 1544 οὐσία
704 1517 849 1553 ἀσώματος

50 1562 102 1589 καὶ
117 1561 335 1598 ἀπερίγραπτος.
363 1560 520 1597 ’Δσώματον
544 1562 574 1589 δέ
596 1563 670 1590 ἐστιν
683 1562 697 1589 ὃ
718 1562 755 1599 μὴ
779 1571 847 1598 συμ-

50 1608 208 1645 πληροῦται
225 1607 341 1644 σώματι,
359 1608 376 1643 ἢ
393 1605 424 1636 οὗ
446 1609 477 1635 τὺ
496 1606 565 1635 εἶναι
588 1608 638 1635 οὐκ
656 1608 715 1635 ἔστι
730 1608 800 1635 κατὰ
817 1609 847 1635 τὸ

51 1656 168 1687 πλάτος,
191 1655 278 1690 μῆκος
298 1655 346 1682 καὶ
363 1654 454 1690 βάθος.
490 1653 708 1690 Ἀτςερίγραπτον
727 1654 756 1681 δέ
773 1655 846 1682 ἐστιν

51 1703 85 1728 οὐ
99 1702 193 1733 τόπος,
213 1701 298 1734 οὐδεὶς
316 1701 398 1733 τόπος
427 1701 458 1728 τὺ
478 1702 549 1729 κατὰ
578 1701 668 1728 πάντα
688 1702 723 1729 σὲν
752 1702 845 1734 πᾶσιν,

53 1747 103 1774 καὶ
120 1748 152 1774 ὲν
167 1747 275 1784 ἑκάστῳ
302 1747 373 1781 ὅλον,
396 1747 444 1775 καὶ
464 1747 508 1783 ἐφ’
537 1747 634 1776 ἑαυτοῦ
646 1747 678 1774 τὸ
694 1747 844 1791 abigi).

899 1341 1069 1370 Sanctissimi
1099 1350 1130 1368 ac
1157 1340 1304 1368 beatissimi
1337 1339 1491 1372 Clementis,
1520 1340 1693 1368 Alexandria!

933 1377 1090 1412 presbyteri,
1113 1376 1277 1404 Stromatum
1290 1377 1419 1408 auctoris,
1436 1383 1469 1403 ex
1484 1375 1552 1402 libro
1571 1375 1610 1403 De
1624 1375 1693 1403 Pro-

937 1412 1066 1441 videntia.

933 1468 1004 1503 Quid
1018 1472 1061 1497 est
1073 1468 1164 1496 Deus?
1181 1468 1253 1497 Deus
1265 1471 1319 1502 est,
1333 1468 1405 1497 sicut
1420 1472 1446 1496 et
1462 1467 1594 1496 Dominus
1613 1467 1693 1501 dicit.

900 1515 1016 1550 spiritus
1030 1515 1056 1543 δ.
1073 1514 1192 1550 Spiritus
1207 1518 1296 1542 autem
1309 1518 1351 1542 est
1366 1514 1476 1550 proprie
1491 1514 1693 1543 substantiain-

899 1568 1032 1596 corporea
1049 1564 1076 1588 et
1091 1560 1340 1596 incircumscripta.
1361 1561 1554 1596 incorporeum
1567 1566 1693 1595 veroest,

900 1607 971 1642 quod
986 1614 1042 1634 non
1052 1610 1161 1635 constat
1175 1614 1301 1642 corpore,
1316 1607 1360 1635 vel
1379 1607 1453 1642 quod
1467 1615 1524 1635 non
1538 1611 1581 1635 est
1594 1615 1694 1636 secun-

900 1653 965 1680 dum
988 1653 1110 1689 longum,
1128 1653 1215 1680 latum
1237 1656 1264 1681 et
1290 1652 1468 1688 profundum.
1486 1652 1695 1682 incircumscri-

899 1704 975 1735 ptum
990 1703 1081 1727 autem
1095 1704 1137 1728 est
1155 1699 1194 1733 id,
1209 1699 1283 1735 quod
1302 1707 1358 1727 non
1375 1704 1418 1728 est
1433 1700 1530 1728 locus:
1548 1700 1640 1728 nullus
1652 1704 1695 1728 ct-

899 1745 972 1773 enim
990 1746 1068 1774 locus
1081 1750 1124 1774 est
1138 1754 1187 1781 per
1201 1746 1305 1777 omnia,
1324 1746 1353 1773 in
1364 1746 1503 1779 omnibus.
1519 1753 1551 1774 ac
1564 1750 1651 1774 totum
1666 1746 1694 1774 in

900 1791 1031 1827 quolibet,
1045 1796 1126 1828 atque
1140 1792 1168 1819 in
1182 1799 1212 1820 se
1226 1792 1286 1828 ipso
1297 1792 1379 1820 idem.

54 1847 100 1876 Es
115 1847 208 1876 eodem
220 1847 309 1876 codice
319 1847 469 1881 chartaceo,
481 1853 541 1882 post
553 1847 629 1875 aliud
644 1848 819 1883 fragmentum
828 1848 908 1882 quod.
924 1857 937 1876 e
950 1849 1026 1876 tam]
1042 1857 1100 1883 opp.
1120 1848 1149 1876 S.
1165 1848 1280 1876 Maximi
1287 1849 1351 1910 6am
1366 1854 1456 1878 exstat
1468 1850 1497 1878 in
1509 1849 1623 1878 editione
1633 1848 1695 1878 Cle-

429 1885 524 1910 mentis
537 1883 693 1910 Oxoniensi.
705 1883 760 1910 haec
772 1883 962 1910 subiiciuntur.
977 1898 1012 1904 -—
1026 1883 1097 1910 Ibid.
1113 1892 1175 1910 nua.
1194 1885 1275 1910 1555.
1315 1905 1322 1910 .

429 1885 524 1911 mentis
537 1883 693 1916 Oxoniensi,
705 1883 760 1910 haec
772 1883 962 1918 subjiciuntur.
977 1898 1012 1904 -—
1026 1883 1097 1912 Ibid.
1113 1892 1175 1919 pag.
1194 1885 1275 1912 1555.
1287 1883 1322 1912 Ι).

90 1940 175 1973 Φὺσις
180 1941 289 1976 λέγεται
297 1941 374 1978 παρά
382 1941 412 1969 τὸ
420 1941 580 1977 πεφυκέναι.
588 1941 688 1978 Πρώτη
698 1940 777 1968 οὐσία
788 1939 847 1968 ἐστὶ

55 1988 113 2015 πᾶν
127 1986 190 2014 καθ’
205 1984 303 2014 ἑαυτοῦ
318 1986 451 2022 ὑφεστὼς,
465 1985 521 2014 οἷον
537 1987 610 2019 λίθος
629 1986 708 2013 οὐσία
727 1986 848 2021 λέγεται.

55 2032 304 2069 Δευτέραδὲοὺσία
318 2032 461 2068 αὐξητικὴ,
479 2031 546 2059 καθὺ
560 2032 637 2066 αὔξει
646 2032 693 2060 καὶ
704 2031 804 2067 φθίνει,
817 2031 849 2058 τὺ

55 2079 152 2114 φυτόν.
167 2077 254 2114 Τρίτη
264 2078 294 2105 δὲ
304 2077 383 2104 οὐσία
393 2077 523 2114 ἔμψυχος,
533 2077 689 2114 αἰσθητικὴ,
700 2078 731 2104 τὸ
740 2077 820 2110 ζῶον,
835 2078 850 2104 ὁ

55 2127 151 2156 ἵππος.
160 2123 280 2159 Δευτέρα
291 2123 346 2159 (12)
353 2123 431 2150 οὐσία
439 2123 569 2159 ἔμψυχος,
577 2123 734 2160 αἰσθητικὴ,
741 2123 848 2159 λογικὴ,

54 2175 215 2211 ἄνθρωπος’
226 2173 261 2200 δι’
277 2173 293 2199 ὅ
308 2173 356 2200 καὶ
369 2172 487 2205 ἕκαστος
499 2173 612 2207 γέγονεν
627 2172 664 2204 ὡς
675 2171 713 2199 ὣν
731 2172 764 2198 ὲκ
779 2171 849 2198 πάν-

55 2230 122 2254 των,
135 2220 186 2256 τὴν
197 2219 288 2255 ψυχὴν
302 2218 372 2254 ἔχων
382 2219 472 2251 ἆῦλον,
484 2218 532 2245 καὶ
538 2218 585 2245 τὸν
597 2217 659 2245 νοῦν
667 2216 734 2244 Θεοῦ
745 2216 847 2244 εἰκόνα.

936 1940 1019 1976 380
1026 1940 1128 1967 Natura
1139 1947 1172 1967 ex
1182 1947 1216 1968 eo
1226 1939 1337 1973 dicitur,
1353 1940 1426 1976 quod
1438 1944 1534 1968 natum
1541 1944 1594 1969 est.
1602 1940 1695 1969 Prima

902 1987 1056 2015 substantia
1065 1992 1107 2015 est
1119 1986 1146 2014 id
1161 1994 1243 2014 omne
1254 1986 1328 2022 quod
1339 1994 1387 2022 per
1403 1994 1433 2014 se
1447 1986 1584 2019 subsistit,
1596 1995 1697 2022 quema

897 2031 1044 2060 admodum
1056 2032 1126 2068 lapis
1135 2031 1287 2060 substantia
1297 2031 1408 2060 dicitur.
1420 2031 1546 2060 Secunda
1554 2039 1619 2060 vero
1626 2032 1693 2061 sub-

897 2079 999 2106 stantia
1009 2082 1052 2107 est
1067 2086 1128 2114 qua
1140 2078 1304 2106 incrementi
1317 2078 1374 2106 vim
1389 2078 1481 2111 habet,
1496 2078 1626 2114 quoniam
1642 2085 1692 2106 au-

896 2128 976 2160 getur
987 2128 1014 2153 et
1027 2129 1140 2157 marcet,
1156 2124 1226 2152 sicut
1237 2124 1340 2160 planta.
1352 2123 1445 2151 Tertia
1458 2127 1548 2152 autem
1562 2123 1695 2152 substan-

896 2171 934 2198 tia
956 2174 999 2199 est
1025 2171 1155 2203 animata,
1172 2177 1311 2206 sensuque
1329 2169 1456 2206 praedita,
1471 2173 1502 2198 ut
1526 2170 1639 2202 animal,
1664 2174 1692 2198 et

897 2224 996 2252 equus.
1016 2217 1121 2250 Quarta
1137 2217 1291 2245 substantia
1311 2220 1354 2245 est
1368 2217 1501 2250 animata,
1523 2223 1608 2244 sensu
1624 2223 1697 2251 praet

55 2267 126 2300 dita,
142 2265 294 2298 rationalis,
310 2269 341 2292 ut
357 2264 439 2292 homo
453 2273 460 2292 :
487 2271 543 2300 quo
558 2267 640 2299 pacto
653 2267 779 2292 nostrum
794 2263 986 2298 unusquisque
1000 2262 1092 2291 factus
1102 2266 1156 2295 est,
1177 2266 1208 2289 ut
1230 2263 1277 2298 qui
1297 2270 1331 2290 ex
1354 2262 1398 2290 his
1423 2262 1551 2290 omnibus
1575 2265 1693 2294 constat,

55 2315 234 2349 animamque
244 2313 336 2341 habet
355 2320 410 2340 non
434 2312 615 2345 materiatam,
636 2316 663 2339 et
682 2315 801 2339 mentem
830 2310 878 2339 Dei
902 2311 1061 2347 imaginem.

341 2359 420 2396 Apud
434 2360 465 2388 S.
479 2359 610 2387 Joannem
629 2359 825 2387 Damascenum
841 2359 870 2386 in
887 2359 975 2387 sacris
991 2358 1119 2386 Parallel.
1138 2362 1201 2386 tom.
1217 2357 1252 2390 Il,
1267 2365 1329 2393 pag.
1343 2357 1406 2385 307.

97 2411 128 2438 '0
140 2411 188 2438 τοῦ
203 2410 326 2442 ἀπαθοῦς
342 2408 409 2436 Θεοῦ
423 2408 505 2443 φόϐος
519 2407 636 2444 ἀπαθής.
654 2407 779 2434 ⁶ἰνοόεἲται
794 2407 848 2443 γάρ

938 2405 1033 2434 Timor
1047 2406 1095 2434 Dei
1110 2407 1157 2442 qui
1169 2405 1425 2441 perturbationibus
1442 2408 1533 2435 vacat,
1549 2400 1696 2439 perturba-

55 2465 100 2489 τις
131 2457 163 2483 οὐ
191 2456 237 2483 τὸν
270 2455 347 2489 Θεὸν,
371 2454 439 2482 ἀλλά
468 2454 500 2481 τὸ
526 2454 674 2481 ἀποπεσεῖν
696 2453 744 2480 τοῦ
769 2452 848 2480 Θεοῦ.

62 2504 94 2531 Ὀ
123 2503 153 2530 δὲ
179 2503 259 2530 τοῦτο
293 2501 396 2534 δεδιὼς,
417 2501 448 2528 ea
480 2502 537 2533 τοῖς
565 2501 660 2532 κακοῖς
685 2500 847 2535 συμπεσεῖν,

57 2549 183 2586 φοϐεῖται
217 2549 266 2576 καλ¹
292 2548 379 2575 δέδιεν
402 2547 444 2584 ,τὰ
471 2547 553 2575 κακά.
591 2547 621 2574 Ὁ
650 2545 743 2577 δεδιὼς
768 2545 797 2572 δὲ
818 2545 850 2572 τὸ

57 2597 178 2632 πτῶμα,
205 2594 343 2631 ἄφθαρτον
368 2594 463 2621 ἑαυτὸν
489 2594 537 2620 καὶ
565 2592 659 2628 ἀπαθῆ
688 2589 758 2619 εἶναι
787 2590 849 2626 βού-

57 2643 144 2670 λεται.

93 2710 107 2724 ι
126 2702 161 2731 Ill
171 2702 241 2739 Reg.
253 2706 314 2735 vin,
328 2702 375 2730 2'7.
413 2701 444 2728 ιἸ
458 2701 539 2729 Petr.’
547 2708 577 2734 ιι,
591 2701 617 2728 5.

92 2763 150 2798 (Η)
171 2762 400 2798 Ἀπεριγῃαςττοκ
417 2780 447 2798 ..ε
464 2758 592 2798 reabse.
612 2758 652 2786 Ex
672 2757 856 2798 Latin_a_qui-.

58 2793 120 2826 dein
139 2793 376 2834 'versione'bujus
394 2795 539 2834 lpciitnibil
552 2802 650 2834 sensus
659 2793 845 2834 exsculpipo-

58 2838 112 2862 test
124 2843 132 2862 :
147 2837 175 2860 et
188 2833 275 2859 miror
284 2830 373 2860 virum
394 2830 504 2858 doctum
518 2837 550 2857 ea
563 2830 592 2857 in
606 2830 695 2857 lucem
710 2830 845 2860 emisisse,

58 2877 119 2913 qua:
128 2875 183 2913 pec
198 2867 258 2903 ipse
272 2874 324 2913 περ
338 2866 412 2913 ξιίης
427 2865 562 2906 quispiam
578 2865 668 2913 valeat
682 2863 845 2913 intplligcre.

60 2899 113 2932 Sed
127 2899 224 2932 Crescit
238 2902 322 2930 verba
335 2901 417 2938 facile
433 2899 526 2938 sanari
540 2901 667 2938 possunt,
683 2899 708 2927 si
718 2899 849 2938 legantur

59 2940 110 2968 hoc
125 2938 225 2967 modo:
245 2937 462 2973 Ἀπερίγραπτόν
477 2933 550 2970 ἐστι,
559 2933 590 2963 οὗ
603 2934 685 2968 τόπος
698 2934 794 2968 οὐδεὶς,
809 2933 850 2969 τῷ

898 2453 967 2481 tioni
989 2460 1045 2480 non
1061 2456 1104 2481 est
1124 2452 1273 2480 obnoxius.
1293 2451 1388 2487 Neque
1414 2450 1489 2479 enim
1508 2449 1594 2478 Deum
1617 2451 1693 2485 quis-

898 2506 981 2534 quam
1000 2499 1087 2531 timet,
1102 2499 1151 2527 sed
1166 2506 1202 2526 ne
1218 2506 1234 2526 a
1250 2497 1305 2526 Deo
1316 2497 1436 2526 excidat.
1453 2496 1506 2530 Qui
1521 2500 1614 2524 autem
1639 2497 1694 2524 hoc

898 2545 985 2577 timet,
1003 2553 1038 2573 ne
1053 2544 1158 2572 incidat
1171 2544 1200 2571 in
1215 2543 1298 2578 mala,
1317 2543 1342 2571 is
1357 2543 1473 2579 proinde
1497 2542 1569 2569 mala
1585 2542 1682 2568 metuit

897 2590 983 2618 Porro
1000 2591 1048 2626 qui
1062 2598 1158 2618 casum
1173 2590 1260 2622 timet,
1277 2590 1301 2618 is
1312 2589 1348 2618 ab
1362 2588 1475 2617 interitu
1487 2592 1515 2616 et
1535 2595 1696 2624 perpessto~

897 2638 979 2665 nibus
996 2637 1102 2665 alienus
1116 2636 1174 2664 fieri
1188 2635 1274 2671 cupit.

663 2698 764 2736 'ann.
782 2706 813 2732 tt,
831 2698 934 2733 19-21..
959 2696 1078 2733 k1.Joan.
1096 2705 1133 2731 tv,
1146 2697 1192 2724 24.
1204 2697 1216 2726 ’ὶ

897 2755 969 2783 κατὰ
983 2755 1073 2782 πάντα
1091 2755 1121 2781 ὲν
1141 2755 1225 2781 πᾶσιν
1242 2754 1289 2781 καὶ
1311 2754 1340 2780 ὲν
1368 2753 1475 2789 ἑκάστῳ
1500 2751 1570 2785 ὅλον,
1589 2751 1635 2778 καὶ
1651 2751 1694 2789 ἔφ’

896 2791 993 2818 ἑαυτοῦ
1010 2791 1040 2817 τὸ
1057 2790 1132 2817 αὑτό.
1148 2789 1214 2826 γΗοο
1227 2793 1286 2817 est:
1311 2786 1574 2826 Incircums'criptunt
1590 2790 1629 2826 est
1652 2786 1692 2826 id,

897 2827 974 2859 cuius
985 2826 1074 2853 nullus
1089 2829 1128 2852 est
1143 2825 1234 2856 locus;
1247 2833 1277 2861 eo
1293 2824 1363 2860 quod
1383 2821 1526 2861 secundum
1541 2821 1639 2861 ὀπυιξά
1656 2821 1692 2847 sit

897 2855 1060 2888 in'omnibus
1077 2866 1103 2888 et
1123 2861 1150 2887 in
1170 2860 1283 2895 singulis
1299 2855 1398 2892 totum,
1413 2863 1437 2886 et
1454 2859 1482 2885 in
1500 2866 1527 2885 se
1537 2858 1593 2892 ipso
1601 2855 1693 2892 ﬁdem.

900 2896 1071 2924 (invasam.
1083 2896 1101 2923 l.
1117 2903 1142 2923 c.

937 2931 994 2967 (l2)
1011 2930 1149 2965 Δευτέρα.
1165 2929 1233 2966 Leg.
1243 2929 1373 2966 τετάρτη.
