  <div class='ocr_page' id='page_1' title='image "/cluster/home/n/w/nwhite01/storage/ocr_20150623/9/njp.32101077772398/455.png"; bbox 0 0 1927 3074; ppageno 0'>
   <div class='ocr_carea' id='block_1_1' title="bbox 231 195 1863 228">
    <p class='ocr_par' dir='ltr' id='par_1_1' title="bbox 231 195 1863 228">
     <span class='ocr_line' id='line_1_1' title="bbox 231 195 1863 228; baseline -0.003 -1"><span class='ocrx_word' id='word_1_1' title='bbox 231 198 280 228; x_wconf 75' lang='grc'><strong>771</strong></span> <span class='ocrx_word' id='word_1_2' title='bbox 795 198 989 226; x_wconf 74' lang='lat' dir='ltr'><strong>CLEMENTIS</strong></span> <span class='ocrx_word' id='word_1_3' title='bbox 1008 197 1242 226; x_wconf 71' lang='lat' dir='ltr'><strong>ALEXANDnlNI</strong></span> <span class='ocrx_word' id='word_1_4' title='bbox 1817 195 1863 222; x_wconf 69' lang='lat'><strong>77?.</strong></span> 
     </span>
    </p>
   </div>
   <div class='ocr_carea' id='block_1_2' title="bbox 928 269 1149 305">
    <p class='ocr_par' dir='ltr' id='par_1_2' title="bbox 928 269 1149 305">
     <span class='ocr_line' id='line_1_2' title="bbox 928 269 1149 305; baseline 0 -9"><span class='ocrx_word' id='word_1_5' title='bbox 928 269 998 296; x_wconf 82' lang='lat' dir='ltr'><strong>Ibid.</strong></span> <span class='ocrx_word' id='word_1_6' title='bbox 1011 278 1071 305; x_wconf 82' lang='lat' dir='ltr'><strong>pag.</strong></span> <span class='ocrx_word' id='word_1_7' title='bbox 1085 270 1149 297; x_wconf 75' lang='lat' dir='ltr'><strong>5H.</strong></span> 
     </span>
    </p>
   </div>
   <div class='ocr_carea' id='block_1_3' title="bbox 269 323 1030 363">
    <p class='ocr_par' dir='ltr' id='par_1_3' title="bbox 269 326 1016 363">
     <span class='ocr_line' id='line_1_3' title="bbox 269 326 1016 363; baseline 0 -9"><span class='ocrx_word' id='word_1_8' title='bbox 269 326 311 354; x_wconf 85' lang='lat' dir='ltr'><strong>Sit</strong></span> <span class='ocrx_word' id='word_1_9' title='bbox 336 327 379 355; x_wconf 83' lang='lat' dir='ltr'><strong>lex</strong></span> <span class='ocrx_word' id='word_1_10' title='bbox 394 327 446 355; x_wconf 91' lang='lat' dir='ltr'><strong>ista</strong></span> <span class='ocrx_word' id='word_1_11' title='bbox 457 327 614 359; x_wconf 89' lang='lat' dir='ltr'><strong>constituta,</strong></span> <span class='ocrx_word' id='word_1_12' title='bbox 630 327 762 356; x_wconf 87' lang='lat' dir='ltr'><strong>adversus</strong></span> <span class='ocrx_word' id='word_1_13' title='bbox 776 335 825 356; x_wconf 87' lang='lat' dir='ltr'><strong>eos</strong></span> <span class='ocrx_word' id='word_1_14' title='bbox 837 329 882 363; x_wconf 87' lang='lat' dir='ltr'><strong>qui</strong></span> <span class='ocrx_word' id='word_1_15' title='bbox 895 335 938 356; x_wconf 88' lang='lat' dir='ltr'><strong>res</strong></span> <span class='ocrx_word' id='word_1_16' title='bbox 952 336 1016 356; x_wconf 87' lang='lat' dir='ltr'><strong>san-</strong></span> 
     </span>
    </p>
   </div>
   <div class='ocr_carea' id='block_1_4' title="bbox 1102 323 1863 363">
    <p class='ocr_par' dir='ltr' id='par_1_4' title="bbox 1102 323 1863 363">
     <span class='ocr_line' id='line_1_4' title="bbox 1102 323 1863 363; baseline -0.005 -8"><span class='ocrx_word' id='word_1_17' title='bbox 1102 327 1194 363; x_wconf 78' lang='grc' dir='ltr'>Νόμος</span> <span class='ocrx_word' id='word_1_18' title='bbox 1212 327 1282 354; x_wconf 81' lang='grc' dir='ltr'><strong>ἐστω</strong></span> <span class='ocrx_word' id='word_1_19' title='bbox 1300 326 1370 353; x_wconf 81' lang='grc' dir='ltr'>κατὰ</span> <span class='ocrx_word' id='word_1_20' title='bbox 1390 326 1443 353; x_wconf 80' lang='grc' dir='ltr'><strong>τῶν</strong></span> <span class='ocrx_word' id='word_1_21' title='bbox 1464 326 1549 361; x_wconf 85' lang='grc' dir='ltr'>σεμνὰ</span> <span class='ocrx_word' id='word_1_22' title='bbox 1565 325 1614 353; x_wconf 73' lang='grc' dir='ltr'><strong>καὶ</strong></span> <span class='ocrx_word' id='word_1_23' title='bbox 1629 325 1692 352; x_wconf 87' lang='grc' dir='ltr'>Θεῖα</span> <span class='ocrx_word' id='word_1_24' title='bbox 1713 325 1745 351; x_wconf 81' lang='grc' dir='ltr'><strong>οὐ</strong></span> <span class='ocrx_word' id='word_1_25' title='bbox 1763 323 1863 360; x_wconf 75' lang='grc' dir='ltr'>σεμνῶς</span> 
     </span>
    </p>
   </div>
   <div class='ocr_carea' id='block_1_5' title="bbox 233 369 994 410">
    <p class='ocr_par' dir='ltr' id='par_1_5' title="bbox 233 373 993 409">
     <span class='ocr_line' id='line_1_5' title="bbox 233 373 993 409; baseline 0.001 -9"><span class='ocrx_word' id='word_1_26' title='bbox 233 378 293 400; x_wconf 86' lang='lat' dir='ltr'><strong>etas</strong></span> <span class='ocrx_word' id='word_1_27' title='bbox 307 376 332 400; x_wconf 84' lang='lat' dir='ltr'><strong>et</strong></span> <span class='ocrx_word' id='word_1_28' title='bbox 348 373 466 404; x_wconf 86' lang='lat' dir='ltr'><strong>divinas,</strong></span> <span class='ocrx_word' id='word_1_29' title='bbox 487 380 541 400; x_wconf 89' lang='lat' dir='ltr'><strong>non</strong></span> <span class='ocrx_word' id='word_1_30' title='bbox 560 377 654 400; x_wconf 87' lang='lat' dir='ltr'><strong>sancte</strong></span> <span class='ocrx_word' id='word_1_31' title='bbox 668 376 695 400; x_wconf 87' lang='lat' dir='ltr'><strong>et</strong></span> <span class='ocrx_word' id='word_1_32' title='bbox 713 377 742 400; x_wconf 90' lang='lat' dir='ltr'><strong>ut</strong></span> <span class='ocrx_word' id='word_1_33' title='bbox 756 373 811 400; x_wconf 89' lang='lat' dir='ltr'><strong>Deo</strong></span> <span class='ocrx_word' id='word_1_34' title='bbox 825 374 938 409; x_wconf 87' lang='lat' dir='ltr'><strong>dignum</strong></span> <span class='ocrx_word' id='word_1_35' title='bbox 963 381 993 402; x_wconf 90' lang='lat' dir='ltr'><strong>es</strong></span> 
     </span>
    </p>
   </div>
   <div class='ocr_carea' id='block_1_6' title="bbox 1103 369 1864 410">
    <p class='ocr_par' dir='ltr' id='par_1_6' title="bbox 1103 369 1864 410">
     <span class='ocr_line' id='line_1_6' title="bbox 1103 369 1864 410; baseline -0.003 -10"><span class='ocrx_word' id='word_1_36' title='bbox 1103 373 1118 400; x_wconf 70' lang='grc' dir='ltr'><strong>εὶ</strong></span> <span class='ocrx_word' id='word_1_37' title='bbox 1138 373 1297 410; x_wconf 83' lang='grc' dir='ltr'>θεοπρεπῶς</span> <span class='ocrx_word' id='word_1_38' title='bbox 1316 373 1383 408; x_wconf 80' lang='grc' dir='ltr'><strong>ὸρᾷν</strong></span> <span class='ocrx_word' id='word_1_39' title='bbox 1401 372 1558 405; x_wconf 78' lang='grc' dir='ltr'><strong>ἀξιούντων,</strong></span> <span class='ocrx_word' id='word_1_40' title='bbox 1591 371 1706 398; x_wconf 81' lang='grc' dir='ltr'>κόλασιν</span> <span class='ocrx_word' id='word_1_41' title='bbox 1727 369 1864 406; x_wconf 71' lang='grc' dir='ltr'><strong>ἐπιφέρειν</strong></span> 
     </span>
    </p>
   </div>
   <div class='ocr_carea' id='block_1_7' title="bbox 233 419 1212 456">
    <p class='ocr_par' dir='ltr' id='par_1_7' title="bbox 233 419 1212 456">
     <span class='ocr_line' id='line_1_7' title="bbox 233 419 1212 456; baseline 0 -10"><span class='ocrx_word' id='word_1_42' title='bbox 233 427 345 447; x_wconf 87' lang='lat' dir='ltr'><strong>cernere</strong></span> <span class='ocrx_word' id='word_1_43' title='bbox 355 419 477 454; x_wconf 89' lang='lat' dir='ltr'><strong>cupiunt,</strong></span> <span class='ocrx_word' id='word_1_44' title='bbox 486 426 594 454; x_wconf 65' lang='lat' dir='ltr'><strong>penam</strong></span> <span class='ocrx_word' id='word_1_45' title='bbox 604 419 735 447; x_wconf 61' lang='lat' dir='ltr'><strong>caecitatis</strong></span> <span class='ocrx_word' id='word_1_46' title='bbox 745 419 855 448; x_wconf 82' lang='lat' dir='ltr'><strong>inferre.</strong></span> <span class='ocrx_word' id='word_1_47' title='bbox 1071 420 1212 456; x_wconf 71' lang='grc' dir='ltr'><strong>ἀορασίας.</strong></span> 
     </span>
    </p>
   </div>
   <div class='ocr_carea' id='block_1_8' title="bbox 935 489 1174 525">
    <p class='ocr_par' dir='ltr' id='par_1_8' title="bbox 935 489 1174 525">
     <span class='ocr_line' id='line_1_8' title="bbox 935 489 1174 525; baseline 0.004 -8"><span class='ocrx_word' id='word_1_48' title='bbox 935 489 1007 517; x_wconf 79' lang='lat' dir='ltr'><strong>Ibid.</strong></span> <span class='ocrx_word' id='word_1_49' title='bbox 1027 497 1090 525; x_wconf 83' lang='lat' dir='ltr'><strong>pag.</strong></span> <span class='ocrx_word' id='word_1_50' title='bbox 1109 489 1174 518; x_wconf 79' lang='lat'><strong>657.</strong></span> 
     </span>
    </p>
   </div>
   <div class='ocr_carea' id='block_1_9' title="bbox 267 553 1028 591">
    <p class='ocr_par' dir='ltr' id='par_1_9' title="bbox 267 556 1019 590">
     <span class='ocr_line' id='line_1_9' title="bbox 267 556 1019 590; baseline -0.003 -4"><span class='ocrx_word' id='word_1_51' title='bbox 267 559 296 587; x_wconf 87' lang='lat' dir='ltr'><strong>in</strong></span> <span class='ocrx_word' id='word_1_52' title='bbox 316 559 475 587; x_wconf 86' lang='lat' dir='ltr'><strong>universum</strong></span> <span class='ocrx_word' id='word_1_53' title='bbox 496 558 670 587; x_wconf 86' lang='lat' dir='ltr'><strong>Christianus</strong></span> <span class='ocrx_word' id='word_1_54' title='bbox 690 556 859 590; x_wconf 77' lang='lat' dir='ltr'><strong>solitudinis,</strong></span> <span class='ocrx_word' id='word_1_55' title='bbox 883 557 1019 585; x_wconf 90' lang='lat' dir='ltr'><strong>secessio-</strong></span> 
     </span>
    </p>
   </div>
   <div class='ocr_carea' id='block_1_10' title="bbox 1103 553 1864 591">
    <p class='ocr_par' dir='ltr' id='par_1_10' title="bbox 1107 553 1864 591">
     <span class='ocr_line' id='line_1_10' title="bbox 1107 553 1864 591; baseline -0.008 -7"><span class='ocrx_word' id='word_1_56' title='bbox 1107 556 1229 584; x_wconf 79' lang='grc' dir='ltr'><strong>Καθόλου</strong></span> <span class='ocrx_word' id='word_1_57' title='bbox 1240 557 1255 583; x_wconf 83' lang='grc' dir='ltr'>ὁ</span> <span class='ocrx_word' id='word_1_58' title='bbox 1265 554 1428 591; x_wconf 74' lang='grc' dir='ltr'>Χριστιανὸς</span> <span class='ocrx_word' id='word_1_59' title='bbox 1437 554 1553 590; x_wconf 70' lang='grc' dir='ltr'><strong>ἐρημίας</strong></span> <span class='ocrx_word' id='word_1_60' title='bbox 1567 554 1614 581; x_wconf 74' lang='grc' dir='ltr'>καὶ</span> <span class='ocrx_word' id='word_1_61' title='bbox 1626 553 1747 589; x_wconf 81' lang='grc' dir='ltr'><strong>ἡσυχίας</strong></span> <span class='ocrx_word' id='word_1_62' title='bbox 1758 553 1806 579; x_wconf 73' lang='grc' dir='ltr'>καὶ</span> <span class='ocrx_word' id='word_1_63' title='bbox 1821 561 1864 587; x_wconf 74' lang='grc' dir='ltr'><strong>γι-</strong></span> 
     </span>
    </p>
   </div>
   <div class='ocr_carea' id='block_1_11' title="bbox 233 599 994 641">
    <p class='ocr_par' dir='ltr' id='par_1_11' title="bbox 233 603 913 641">
     <span class='ocr_line' id='line_1_11' title="bbox 233 603 913 641; baseline -0.004 -8"><span class='ocrx_word' id='word_1_64' title='bbox 233 606 329 641; x_wconf 86' lang='lat' dir='ltr'><strong>nisquc</strong></span> <span class='ocrx_word' id='word_1_65' title='bbox 341 609 367 633; x_wconf 89' lang='lat' dir='ltr'><strong>et</strong></span> <span class='ocrx_word' id='word_1_66' title='bbox 382 605 587 640; x_wconf 89' lang='lat' dir='ltr'><strong>tranquillitatis</strong></span> <span class='ocrx_word' id='word_1_67' title='bbox 602 612 634 632; x_wconf 87' lang='lat' dir='ltr'><strong>ac</strong></span> <span class='ocrx_word' id='word_1_68' title='bbox 650 604 726 640; x_wconf 81' lang='lat' dir='ltr'><strong>pacis</strong></span> <span class='ocrx_word' id='word_1_69' title='bbox 743 603 847 630; x_wconf 86' lang='lat' dir='ltr'><strong>amicus</strong></span> <span class='ocrx_word' id='word_1_70' title='bbox 861 606 913 631; x_wconf 91' lang='lat' dir='ltr'><strong>est.</strong></span> 
     </span>
    </p>
   </div>
   <div class='ocr_carea' id='block_1_12' title="bbox 797 599 1558 641">
    <p class='ocr_par' dir='ltr' id='par_1_12' title="bbox 798 599 1558 638">
     <span class='ocr_line' id='line_1_12' title="bbox 798 599 1558 638; baseline -0.005 -8"><span class='ocrx_word' id='word_1_71' title='bbox 798 611 847 630; x_wconf 85' lang='lat' dir='ltr'><strong>cus</strong></span> <span class='ocrx_word' id='word_1_72' title='bbox 861 606 913 631; x_wconf 86' lang='lat' dir='ltr'><strong>est.</strong></span> <span class='ocrx_word' id='word_1_73' title='bbox 1073 602 1156 638; x_wconf 84' lang='grc' dir='ltr'><strong>λήνης</strong></span> <span class='ocrx_word' id='word_1_74' title='bbox 1169 601 1216 629; x_wconf 75' lang='grc' dir='ltr'>καὶ</span> <span class='ocrx_word' id='word_1_75' title='bbox 1232 602 1344 638; x_wconf 77' lang='grc' dir='ltr'><strong>εἰρήνης</strong></span> <span class='ocrx_word' id='word_1_76' title='bbox 1359 599 1459 632; x_wconf 78' lang='grc' dir='ltr'>οἰκεῖός</span> <span class='ocrx_word' id='word_1_77' title='bbox 1473 600 1558 626; x_wconf 75' lang='grc' dir='ltr'>ἐστιν.</span> 
     </span>
    </p>
   </div>
   <div class='ocr_carea' id='block_1_13' title="bbox 490 672 1608 710">
    <p class='ocr_par' dir='ltr' id='par_1_13' title="bbox 490 672 1608 710">
     <span class='ocr_line' id='line_1_13' title="bbox 490 672 1608 710; baseline -0.004 -6"><span class='ocrx_word' id='word_1_78' title='bbox 490 677 532 704; x_wconf 68' lang='lat' dir='ltr'><strong>Es</strong></span> <span class='ocrx_word' id='word_1_79' title='bbox 547 677 649 705; x_wconf 83' lang='lat' dir='ltr'><strong>Catena</strong></span> <span class='ocrx_word' id='word_1_80' title='bbox 666 678 695 704; x_wconf 84' lang='lat' dir='ltr'><strong>in</strong></span> <span class='ocrx_word' id='word_1_81' title='bbox 707 676 916 704; x_wconf 81' lang='lat' dir='ltr'><strong>Pentateuclmm</strong></span> <span class='ocrx_word' id='word_1_82' title='bbox 931 675 1027 704; x_wconf 80' lang='lat' dir='ltr'><strong>Latine</strong></span> <span class='ocrx_word' id='word_1_83' title='bbox 1039 676 1112 704; x_wconf 80' lang='lat' dir='ltr'><strong>edita</strong></span> <span class='ocrx_word' id='word_1_84' title='bbox 1125 685 1142 703; x_wconf 83' lang='grc' dir='ltr'><strong>α</strong></span> <span class='ocrx_word' id='word_1_85' title='bbox 1159 675 1306 703; x_wconf 77' lang='lat' dir='ltr'><strong>Francisca</strong></span> <span class='ocrx_word' id='word_1_86' title='bbox 1321 673 1453 710; x_wconf 70' lang='lat' dir='ltr'><strong>Zephyro,</strong></span> <span class='ocrx_word' id='word_1_87' title='bbox 1465 674 1526 708; x_wconf 80' lang='lat' dir='ltr'><strong>pa‘g.</strong></span> <span class='ocrx_word' id='word_1_88' title='bbox 1546 672 1608 700; x_wconf 74' lang='lat'><strong>“6.</strong></span> 
     </span>
    </p>
   </div>
   <div class='ocr_carea' id='block_1_14' title="bbox 269 742 1866 784">
    <p class='ocr_par' dir='ltr' id='par_1_14' title="bbox 269 742 1866 784">
     <span class='ocr_line' id='line_1_14' title="bbox 269 742 1866 784; baseline -0.004 -9"><span class='ocrx_word' id='word_1_89' title='bbox 269 748 374 775; x_wconf 86' lang='lat' dir='ltr'><strong>Nomen</strong></span> <span class='ocrx_word' id='word_1_90' title='bbox 396 747 461 775; x_wconf 92' lang='lat' dir='ltr'><strong>illud</strong></span> <span class='ocrx_word' id='word_1_91' title='bbox 482 748 628 784; x_wconf 87' lang='lat' dir='ltr'><strong>mysticum</strong></span> <span class='ocrx_word' id='word_1_92' title='bbox 644 747 718 783; x_wconf 90' lang='lat' dir='ltr'><strong>quod</strong></span> <span class='ocrx_word' id='word_1_93' title='bbox 732 751 831 774; x_wconf 87' lang='lat' dir='ltr'><strong>vocant</strong></span> <span class='ocrx_word' id='word_1_94' title='bbox 846 747 1020 783; x_wconf 83' lang='lat' dir='ltr'><strong>Tetragram-</strong></span> <span class='ocrx_word' id='word_1_95' title='bbox 1073 749 1201 784; x_wconf 86' lang='lat' dir='ltr'><strong>quoniam</strong></span> <span class='ocrx_word' id='word_1_96' title='bbox 1213 748 1255 776; x_wconf 84' lang='lat' dir='ltr'><strong>sol</strong></span> <span class='ocrx_word' id='word_1_97' title='bbox 1265 747 1344 783; x_wconf 90' lang='lat' dir='ltr'><strong>quasi</strong></span> <span class='ocrx_word' id='word_1_98' title='bbox 1354 745 1546 774; x_wconf 84' lang='lat' dir='ltr'><strong>candelabrum</strong></span> <span class='ocrx_word' id='word_1_99' title='bbox 1559 743 1654 771; x_wconf 91' lang='lat' dir='ltr'><strong>mundi</strong></span> <span class='ocrx_word' id='word_1_100' title='bbox 1670 742 1784 770; x_wconf 85' lang='lat' dir='ltr'><strong>medius</strong></span> <span class='ocrx_word' id='word_1_101' title='bbox 1799 742 1866 770; x_wconf 86' lang='lat' dir='ltr'><strong>inter</strong></span> 
     </span>
    </p>
   </div>
   <div class='ocr_carea' id='block_1_15' title="bbox 234 789 1866 830">
    <p class='ocr_par' dir='ltr' id='par_1_15' title="bbox 234 789 1866 830">
     <span class='ocr_line' id='line_1_15' title="bbox 234 789 1866 830; baseline -0.004 -9"><span class='ocrx_word' id='word_1_102' title='bbox 234 799 343 827; x_wconf 87' lang='lat' dir='ltr'><strong>maton,</strong></span> <span class='ocrx_word' id='word_1_103' title='bbox 359 802 414 830; x_wconf 84' lang='lat' dir='ltr'><strong>quo</strong></span> <span class='ocrx_word' id='word_1_104' title='bbox 429 798 534 821; x_wconf 87' lang='lat' dir='ltr'><strong>tantum</strong></span> <span class='ocrx_word' id='word_1_105' title='bbox 562 794 755 822; x_wconf 78' lang='lat' dir='ltr'><strong>muniebantur</strong></span> <span class='ocrx_word' id='word_1_106' title='bbox 781 794 820 821; x_wconf 92' lang='lat' dir='ltr'><strong>illi</strong></span> <span class='ocrx_word' id='word_1_107' title='bbox 835 793 934 829; x_wconf 88' lang='lat' dir='ltr'><strong>quibus</strong></span> <span class='ocrx_word' id='word_1_108' title='bbox 954 793 1022 829; x_wconf 83' lang='lat' dir='ltr'><strong>ady-</strong></span> <span class='ocrx_word' id='word_1_109' title='bbox 1075 795 1144 822; x_wconf 85' lang='lat' dir='ltr'><strong>alios</strong></span> <span class='ocrx_word' id='word_1_110' title='bbox 1169 794 1293 829; x_wconf 84' lang='lat' dir='ltr'><strong>planetas</strong></span> <span class='ocrx_word' id='word_1_111' title='bbox 1314 792 1406 820; x_wconf 80' lang='lat' dir='ltr'><strong>divina</strong></span> <span class='ocrx_word' id='word_1_112' title='bbox 1437 789 1571 826; x_wconf 78' lang='lat' dir='ltr'><strong>sapientia</strong></span> <span class='ocrx_word' id='word_1_113' title='bbox 1590 789 1710 816; x_wconf 84' lang='lat' dir='ltr'><strong>libratus</strong></span> <span class='ocrx_word' id='word_1_114' title='bbox 1735 796 1788 816; x_wconf 86' lang='lat' dir='ltr'><strong>sua</strong></span> <span class='ocrx_word' id='word_1_115' title='bbox 1810 789 1866 815; x_wconf 85' lang='lat' dir='ltr'><strong>luce</strong></span> 
     </span>
    </p>
   </div>
   <div class='ocr_carea' id='block_1_16' title="bbox 235 834 1864 875">
    <p class='ocr_par' dir='ltr' id='par_1_16' title="bbox 235 834 1864 875">
     <span class='ocr_line' id='line_1_16' title="bbox 235 834 1864 875; baseline -0.005 -8"><span class='ocrx_word' id='word_1_116' title='bbox 235 845 292 867; x_wconf 89' lang='lat' dir='ltr'><strong>tum</strong></span> <span class='ocrx_word' id='word_1_117' title='bbox 316 840 440 875; x_wconf 85' lang='lat' dir='ltr'><strong>pervium</strong></span> <span class='ocrx_word' id='word_1_118' title='bbox 466 843 543 870; x_wconf 88' lang='lat' dir='ltr'><strong>erat.</strong></span> <span class='ocrx_word' id='word_1_119' title='bbox 568 843 649 867; x_wconf 87' lang='lat' dir='ltr'><strong>sonat</strong></span> <span class='ocrx_word' id='word_1_120' title='bbox 673 839 812 872; x_wconf 83' lang='lat' dir='ltr'><strong>Jehovah,</strong></span> <span class='ocrx_word' id='word_1_121' title='bbox 837 839 910 874; x_wconf 91' lang='lat' dir='ltr'><strong>quod</strong></span> <span class='ocrx_word' id='word_1_122' title='bbox 937 839 1022 866; x_wconf 85' lang='lat' dir='ltr'><strong>inter—</strong></span> <span class='ocrx_word' id='word_1_123' title='bbox 1076 838 1234 873; x_wconf 82' lang='lat' dir='ltr'><strong>superiores</strong></span> <span class='ocrx_word' id='word_1_124' title='bbox 1248 838 1347 865; x_wconf 82' lang='lat' dir='ltr'><strong>lustrat</strong></span> <span class='ocrx_word' id='word_1_125' title='bbox 1357 839 1384 864; x_wconf 88' lang='lat' dir='ltr'><strong>et</strong></span> <span class='ocrx_word' id='word_1_126' title='bbox 1399 835 1555 864; x_wconf 77' lang='lat' dir='ltr'><strong>inferiores.</strong></span> <span class='ocrx_word' id='word_1_127' title='bbox 1574 834 1615 861; x_wconf 81' lang='lat' dir='ltr'><strong>Ad</strong></span> <span class='ocrx_word' id='word_1_128' title='bbox 1629 834 1748 861; x_wconf 84' lang='lat' dir='ltr'><strong>alteram</strong></span> <span class='ocrx_word' id='word_1_129' title='bbox 1764 838 1864 868; x_wconf 79' lang='lat' dir='ltr'><strong>partem</strong></span> 
     </span>
    </p>
   </div>
   <div class='ocr_carea' id='block_1_17' title="bbox 235 881 1864 920">
    <p class='ocr_par' dir='ltr' id='par_1_17' title="bbox 235 881 1864 920">
     <span class='ocr_line' id='line_1_17' title="bbox 235 881 1864 920; baseline -0.004 -9"><span class='ocrx_word' id='word_1_130' title='bbox 235 884 422 919; x_wconf 81' lang='lat' dir='ltr'><strong>pretatur,qui</strong></span> <span class='ocrx_word' id='word_1_131' title='bbox 435 889 474 911; x_wconf 78' lang='lat' dir='ltr'><strong>est</strong></span> <span class='ocrx_word' id='word_1_132' title='bbox 489 889 513 910; x_wconf 84' lang='lat' dir='ltr'><strong>et</strong></span> <span class='ocrx_word' id='word_1_133' title='bbox 527 884 572 919; x_wconf 88' lang='lat' dir='ltr'><strong>qui</strong></span> <span class='ocrx_word' id='word_1_134' title='bbox 582 885 652 916; x_wconf 83' lang='lat' dir='ltr'><strong>erit;</strong></span> <span class='ocrx_word' id='word_1_135' title='bbox 666 883 860 911; x_wconf 84' lang='lat' dir='ltr'><strong>candelabrum</strong></span> <span class='ocrx_word' id='word_1_136' title='bbox 872 890 938 910; x_wconf 86' lang='lat' dir='ltr'><strong>vero</strong></span> <span class='ocrx_word' id='word_1_137' title='bbox 948 881 1022 917; x_wconf 87' lang='lat' dir='ltr'><strong>quod</strong></span> <span class='ocrx_word' id='word_1_138' title='bbox 1075 885 1162 920; x_wconf 78' lang='lat' dir='ltr'><strong>ipSius</strong></span> <span class='ocrx_word' id='word_1_139' title='bbox 1175 892 1229 912; x_wconf 67' lang='lat' dir='ltr'><strong>arae</strong></span> <span class='ocrx_word' id='word_1_140' title='bbox 1244 884 1332 919; x_wconf 88' lang='lat' dir='ltr'><strong>posita</strong></span> <span class='ocrx_word' id='word_1_141' title='bbox 1345 886 1404 911; x_wconf 87' lang='lat' dir='ltr'><strong>erat</strong></span> <span class='ocrx_word' id='word_1_142' title='bbox 1419 889 1524 914; x_wconf 87' lang='lat' dir='ltr'><strong>mensa,</strong></span> <span class='ocrx_word' id='word_1_143' title='bbox 1541 882 1568 908; x_wconf 95' lang='lat' dir='ltr'><strong>in</strong></span> <span class='ocrx_word' id='word_1_144' title='bbox 1590 888 1644 916; x_wconf 87' lang='lat' dir='ltr'><strong>qua</strong></span> <span class='ocrx_word' id='word_1_145' title='bbox 1659 887 1750 915; x_wconf 86' lang='lat' dir='ltr'><strong>panes</strong></span> <span class='ocrx_word' id='word_1_146' title='bbox 1768 886 1864 915; x_wconf 86' lang='lat' dir='ltr'><strong>propo-</strong></span> 
     </span>
    </p>
   </div>
   <div class='ocr_carea' id='block_1_18' title="bbox 236 924 997 964">
    <p class='ocr_par' dir='ltr' id='par_1_18' title="bbox 236 928 997 964">
     <span class='ocr_line' id='line_1_18' title="bbox 236 928 997 964; baseline -0.003 -8"><span class='ocrx_word' id='word_1_147' title='bbox 236 930 268 956; x_wconf 88' lang='lat' dir='ltr'><strong>ad</strong></span> <span class='ocrx_word' id='word_1_148' title='bbox 290 930 436 957; x_wconf 82' lang='lat' dir='ltr'><strong>australem</strong></span> <span class='ocrx_word' id='word_1_149' title='bbox 448 929 553 964; x_wconf 78' lang='lat' dir='ltr'><strong>plagam</strong></span> <span class='ocrx_word' id='word_1_150' title='bbox 569 929 677 956; x_wconf 82' lang='lat' dir='ltr'><strong>astabat</strong></span> <span class='ocrx_word' id='word_1_151' title='bbox 687 929 793 961; x_wconf 86' lang='lat' dir='ltr'><strong>altaris,</strong></span> <span class='ocrx_word' id='word_1_152' title='bbox 810 933 913 964; x_wconf 89' lang='lat' dir='ltr'><strong>septem</strong></span> <span class='ocrx_word' id='word_1_153' title='bbox 928 928 997 963; x_wconf 58' lang='lat' dir='ltr'><strong>plani</strong></span> 
     </span>
    </p>
   </div>
   <div class='ocr_carea' id='block_1_19' title="bbox 1104 924 1865 964">
    <p class='ocr_par' dir='ltr' id='par_1_19' title="bbox 1104 924 1865 963">
     <span class='ocr_line' id='line_1_19' title="bbox 1104 924 1865 963; baseline -0.009 -6"><span class='ocrx_word' id='word_1_154' title='bbox 1104 930 1218 961; x_wconf 77' lang='lat' dir='ltr'><strong>zbantur,</strong></span> <span class='ocrx_word' id='word_1_155' title='bbox 1229 928 1303 963; x_wconf 89' lang='lat' dir='ltr'><strong>quod</strong></span> <span class='ocrx_word' id='word_1_156' title='bbox 1316 935 1349 956; x_wconf 80' lang='lat' dir='ltr'><strong>ex</strong></span> <span class='ocrx_word' id='word_1_157' title='bbox 1364 935 1396 956; x_wconf 89' lang='lat' dir='ltr'><strong>ea</strong></span> <span class='ocrx_word' id='word_1_158' title='bbox 1408 931 1484 963; x_wconf 88' lang='lat' dir='ltr'><strong>parte</strong></span> <span class='ocrx_word' id='word_1_159' title='bbox 1497 926 1559 954; x_wconf 63' lang='lat' dir='ltr'><strong>caeli</strong></span> <span class='ocrx_word' id='word_1_160' title='bbox 1573 925 1656 953; x_wconf 83' lang='lat' dir='ltr'><strong>ﬂatus</strong></span> <span class='ocrx_word' id='word_1_161' title='bbox 1671 925 1759 952; x_wconf 89' lang='lat' dir='ltr'><strong>nobis</strong></span> <span class='ocrx_word' id='word_1_162' title='bbox 1772 924 1865 951; x_wconf 78' lang='lat' dir='ltr'><strong>vitales</strong></span> 
     </span>
    </p>
   </div>
   <div class='ocr_carea' id='block_1_20' title="bbox 235 973 1325 1010">
    <p class='ocr_par' dir='ltr' id='par_1_20' title="bbox 235 973 1325 1010">
     <span class='ocr_line' id='line_1_20' title="bbox 235 973 1325 1010; baseline -0.002 -8"><span class='ocrx_word' id='word_1_163' title='bbox 235 981 277 1004; x_wconf 82' lang='lat' dir='ltr'><strong>tas</strong></span> <span class='ocrx_word' id='word_1_164' title='bbox 292 975 437 1007; x_wconf 78' lang='lat' dir='ltr'><strong>referebat,</strong></span> <span class='ocrx_word' id='word_1_165' title='bbox 453 975 500 1009; x_wconf 90' lang='lat' dir='ltr'><strong>qui</strong></span> <span class='ocrx_word' id='word_1_166' title='bbox 517 975 695 1003; x_wconf 86' lang='lat' dir='ltr'><strong>meridianam</strong></span> <span class='ocrx_word' id='word_1_167' title='bbox 711 975 850 1010; x_wconf 76' lang='lat' dir='ltr'><strong>regionem</strong></span> <span class='ocrx_word' id='word_1_168' title='bbox 870 973 1021 1009; x_wconf 78' lang='lat' dir='ltr'><strong>circumagi</strong></span> <span class='ocrx_word' id='word_1_169' title='bbox 1073 979 1102 1004; x_wconf 77' lang='lat' dir='ltr'><strong>et</strong></span> <span class='ocrx_word' id='word_1_170' title='bbox 1111 975 1175 1002; x_wconf 78' lang='lat' dir='ltr'><strong>almi</strong></span> <span class='ocrx_word' id='word_1_171' title='bbox 1191 975 1325 1010; x_wconf 68' lang='lat' dir='ltr'><strong>aspis-ant.</strong></span> 
     </span>
    </p>
   </div>
   <div class='ocr_carea' id='block_1_21' title="bbox 237 1020 1021 1057">
    <p class='ocr_par' dir='ltr' id='par_1_21' title="bbox 237 1020 1021 1057">
     <span class='ocr_line' id='line_1_21' title="bbox 237 1020 1021 1057; baseline -0.003 -9"><span class='ocrx_word' id='word_1_172' title='bbox 237 1022 316 1049; x_wconf 86' lang='lat' dir='ltr'><strong>nobis</strong></span> <span class='ocrx_word' id='word_1_173' title='bbox 328 1022 469 1050; x_wconf 80' lang='lat' dir='ltr'><strong>videntur:</strong></span> <span class='ocrx_word' id='word_1_174' title='bbox 478 1021 521 1048; x_wconf 88' lang='lat' dir='ltr'><strong>cui</strong></span> <span class='ocrx_word' id='word_1_175' title='bbox 534 1021 604 1049; x_wconf 85' lang='lat' dir='ltr'><strong>terni</strong></span> <span class='ocrx_word' id='word_1_176' title='bbox 613 1021 740 1057; x_wconf 81' lang='lat' dir='ltr'><strong>utrinque</strong></span> <span class='ocrx_word' id='word_1_177' title='bbox 754 1020 823 1048; x_wconf 87' lang='lat' dir='ltr'><strong>rami</strong></span> <span class='ocrx_word' id='word_1_178' title='bbox 839 1023 1021 1055; x_wconf 85' lang='lat' dir='ltr'><strong>consurgunt,</strong></span> 
     </span>
    </p>
   </div>
   <div class='ocr_carea' id='block_1_22' title="bbox 273 1123 1863 1174">
    <p class='ocr_par' dir='ltr' id='par_1_22' title="bbox 273 1123 1863 1174">
     <span class='ocr_line' id='line_1_22' title="bbox 273 1123 1863 1174; baseline -0.006 -8"><span class='ocrx_word' id='word_1_179' title='bbox 273 1138 441 1174; x_wconf 79' lang='lat' dir='ltr'><strong>Fragmenta</strong></span> <span class='ocrx_word' id='word_1_180' title='bbox 452 1139 505 1166; x_wconf 90' lang='lat' dir='ltr'><strong>alia</strong></span> <span class='ocrx_word' id='word_1_181' title='bbox 521 1137 771 1174; x_wconf 29' lang='lat' dir='ltr'><strong>exliibentWCatenge</strong></span> <span class='ocrx_word' id='word_1_182' title='bbox 781 1137 934 1174; x_wconf 66' lang='lat' dir='ltr'><strong>Graecorum</strong></span> <span class='ocrx_word' id='word_1_183' title='bbox 948 1135 1102 1174; x_wconf 56' lang='lat' dir='ltr'><strong>Petrumjn</strong></span> <span class='ocrx_word' id='word_1_184' title='bbox 1111 1133 1216 1174; x_wconf 46' lang='lat' dir='ltr'><strong>ﬂavam</strong></span> <span class='ocrx_word' id='word_1_185' title='bbox 1231 1132 1441 1174; x_wconf 50' lang='lat' dir='ltr'><strong>Testamentum,-</strong></span> <span class='ocrx_word' id='word_1_186' title='bbox 1452 1123 1863 1174; x_wconf 21' lang='lat' dir='ltr'><strong>quasn0soniiadriid‘eipmodd.</strong></span> 
     </span>
    </p>
   </div>
   <div class='ocr_carea' id='block_1_23' title="bbox 244 1165 1865 1207">
    <p class='ocr_par' dir='ltr' id='par_1_23' title="bbox 244 1165 1865 1207">
     <span class='ocr_line' id='line_1_23' title="bbox 244 1165 1865 1207; baseline -0.007 -6"><span class='ocrx_word' id='word_1_187' title='bbox 244 1182 311 1202; x_wconf 87' lang='lat' dir='ltr'><strong>mss.</strong></span> <span class='ocrx_word' id='word_1_188' title='bbox 330 1165 416 1201; x_wconf 57' lang='lat' dir='ltr'><strong>Edidit</strong></span> <span class='ocrx_word' id='word_1_189' title='bbox 429 1173 453 1201; x_wconf 85' lang='lat' dir='ltr'><strong>.l.</strong></span> <span class='ocrx_word' id='word_1_190' title='bbox 473 1165 507 1202; x_wconf 73' lang='grc' dir='ltr'><strong>Α.</strong></span> <span class='ocrx_word' id='word_1_191' title='bbox 524 1165 636 1201; x_wconf 74' lang='lat' dir='ltr'><strong>Cramer</strong></span> <span class='ocrx_word' id='word_1_192' title='bbox 649 1165 677 1201; x_wconf 75' lang='lat' dir='ltr'><strong>S.</strong></span> <span class='ocrx_word' id='word_1_193' title='bbox 699 1173 731 1201; x_wconf 86' lang='grc' dir='ltr'><strong>Τ.</strong></span> <span class='ocrx_word' id='word_1_194' title='bbox 747 1173 778 1201; x_wconf 85' lang='grc' dir='ltr'><strong>Ρ.</strong></span> <span class='ocrx_word' id='word_1_195' title='bbox 796 1173 888 1207; x_wconf 71' lang='grc'><strong>(1840,</strong></span> <span class='ocrx_word' id='word_1_196' title='bbox 906 1173 923 1200; x_wconf 89' lang='grc'>8</span> <span class='ocrx_word' id='word_1_197' title='bbox 937 1172 993 1200; x_wconf 87' lang='lat' dir='ltr'><strong>vol.</strong></span> <span class='ocrx_word' id='word_1_198' title='bbox 1009 1171 1041 1207; x_wconf 5' lang='lat' dir='ltr'><strong>in,</strong></span> <span class='ocrx_word' id='word_1_199' title='bbox 1055 1170 1104 1207; x_wconf 76' lang='lat'><strong>8°).</strong></span> <span class='ocrx_word' id='word_1_200' title='bbox 1118 1168 1299 1207; x_wconf 59' lang='lat' dir='ltr'><strong>ED.PATI.-—:</strong></span> <span class='ocrx_word' id='word_1_201' title='bbox 1311 1165 1507 1207; x_wconf 36' lang='lat' dir='ltr'><strong>Tomo-lll,qi_ii</strong></span> <span class='ocrx_word' id='word_1_202' title='bbox 1523 1167 1654 1207; x_wconf 72' lang='lat' dir='ltr'><strong>Catenam</strong></span> <span class='ocrx_word' id='word_1_203' title='bbox 1672 1166 1701 1192; x_wconf 95' lang='lat' dir='ltr'><strong>in</strong></span> <span class='ocrx_word' id='word_1_204' title='bbox 1719 1165 1789 1207; x_wconf 74' lang='lat' dir='ltr'><strong>Acta</strong></span> <span class='ocrx_word' id='word_1_205' title='bbox 1806 1172 1865 1207; x_wconf 75' lang='lat' dir='ltr'><strong>apo-</strong></span> 
     </span>
    </p>
   </div>
   <div class='ocr_carea' id='block_1_24' title="bbox 246 1202 1840 1245">
    <p class='ocr_par' dir='ltr' id='par_1_24' title="bbox 246 1202 1840 1245">
     <span class='ocr_line' id='line_1_24' title="bbox 246 1202 1840 1245; baseline -0.005 -9"><span class='ocrx_word' id='word_1_206' title='bbox 246 1210 378 1237; x_wconf 75' lang='lat' dir='ltr'><strong>stolorum</strong></span> <span class='ocrx_word' id='word_1_207' title='bbox 394 1209 584 1244; x_wconf 83' lang='lat' dir='ltr'><strong>complectitur</strong></span> <span class='ocrx_word' id='word_1_208' title='bbox 599 1209 656 1236; x_wconf 63' lang='lat' dir='ltr'><strong>haec</strong></span> <span class='ocrx_word' id='word_1_209' title='bbox 671 1208 706 1236; x_wconf 89' lang='lat' dir='ltr'><strong>ad</strong></span> <span class='ocrx_word' id='word_1_210' title='bbox 720 1217 780 1245; x_wconf 87' lang='lat' dir='ltr'><strong>cap.</strong></span> <span class='ocrx_word' id='word_1_211' title='bbox 795 1202 844 1242; x_wconf 72' lang='lat' dir='ltr'><strong>vn,</strong></span> <span class='ocrx_word' id='word_1_212' title='bbox 857 1202 931 1236; x_wconf 78' lang='lat' dir='ltr'><strong>vers.</strong></span> <span class='ocrx_word' id='word_1_213' title='bbox 945 1207 992 1239; x_wconf 74' lang='grc'><strong>24,</strong></span> <span class='ocrx_word' id='word_1_214' title='bbox 1007 1206 1053 1239; x_wconf 84' lang='lat'><strong>9.5,</strong></span> <span class='ocrx_word' id='word_1_215' title='bbox 1063 1202 1202 1238; x_wconf 78' lang='lat' dir='ltr'><strong>leguntur,</strong></span> <span class='ocrx_word' id='word_1_216' title='bbox 1218 1211 1279 1239; x_wconf 79' lang='lat' dir='ltr'><strong>qua:</strong></span> <span class='ocrx_word' id='word_1_217' title='bbox 1292 1203 1320 1230; x_wconf 90' lang='lat' dir='ltr'><strong>in</strong></span> <span class='ocrx_word' id='word_1_218' title='bbox 1335 1203 1464 1238; x_wconf 87' lang='lat' dir='ltr'><strong>operibus</strong></span> <span class='ocrx_word' id='word_1_219' title='bbox 1478 1202 1625 1229; x_wconf 84' lang='lat' dir='ltr'><strong>Clementis</strong></span> <span class='ocrx_word' id='word_1_220' title='bbox 1640 1208 1697 1227; x_wconf 87' lang='lat' dir='ltr'><strong>non</strong></span> <span class='ocrx_word' id='word_1_221' title='bbox 1712 1204 1840 1228; x_wconf 71' lang='lat' dir='ltr'><strong>exstant:</strong></span> 
     </span>
    </p>
   </div>
   <div class='ocr_carea' id='block_1_25' title="bbox 272 1266 1033 1316">
    <p class='ocr_par' dir='ltr' id='par_1_25' title="bbox 272 1279 1022 1316">
     <span class='ocr_line' id='line_1_25' title="bbox 272 1279 1022 1316; baseline 0 -10"><span class='ocrx_word' id='word_1_222' title='bbox 272 1279 372 1307; x_wconf 88' lang='lat' dir='ltr'><strong>Dicunt</strong></span> <span class='ocrx_word' id='word_1_223' title='bbox 385 1283 476 1307; x_wconf 85' lang='lat' dir='ltr'><strong>autem</strong></span> <span class='ocrx_word' id='word_1_224' title='bbox 487 1283 584 1315; x_wconf 71' lang='lat' dir='ltr'><strong>mystae</strong></span> <span class='ocrx_word' id='word_1_225' title='bbox 596 1279 733 1316; x_wconf 82' lang='lat' dir='ltr'><strong>[Moysen]</strong></span> <span class='ocrx_word' id='word_1_226' title='bbox 743 1280 828 1308; x_wconf 88' lang='lat' dir='ltr'><strong>verbo</strong></span> <span class='ocrx_word' id='word_1_227' title='bbox 837 1279 897 1308; x_wconf 80' lang='lat' dir='ltr'><strong>solo</strong></span> <span class='ocrx_word' id='word_1_228' title='bbox 907 1286 1022 1315; x_wconf 87' lang='lat' dir='ltr'><strong>percus-</strong></span> 
     </span>
    </p>
   </div>
   <div class='ocr_carea' id='block_1_26' title="bbox 1101 1266 1862 1316">
    <p class='ocr_par' dir='ltr' id='par_1_26' title="bbox 1113 1266 1862 1316">
     <span class='ocr_line' id='line_1_26' title="bbox 1113 1266 1862 1316; baseline -0.011 -13"><span class='ocrx_word' id='word_1_229' title='bbox 1113 1275 1286 1310; x_wconf 72' lang='grc' dir='ltr'><strong>Κλὴμεντος</strong></span> <span class='ocrx_word' id='word_1_230' title='bbox 1295 1273 1500 1308; x_wconf 84' lang='grc' dir='ltr'><strong>Στρωμιιτὲως.</strong></span> <span class='ocrx_word' id='word_1_231' title='bbox 1514 1271 1583 1299; x_wconf 72' lang='grc' dir='ltr'>Φασὶ</span> <span class='ocrx_word' id='word_1_232' title='bbox 1593 1271 1622 1298; x_wconf 78' lang='grc' dir='ltr'>δὲ</span> <span class='ocrx_word' id='word_1_233' title='bbox 1637 1271 1662 1297; x_wconf 75' lang='grc' dir='ltr'>οἱ</span> <span class='ocrx_word' id='word_1_234' title='bbox 1678 1270 1782 1316; x_wconf 59' lang='grc' dir='ltr'>μύσται</span> <span class='ocrx_word' id='word_1_235' title='bbox 1792 1266 1862 1304; x_wconf 64' lang='grc' dir='ltr'><strong>λὸγφ</strong></span> 
     </span>
    </p>
   </div>
   <div class='ocr_carea' id='block_1_27' title="bbox 238 1315 999 1362">
    <p class='ocr_par' dir='ltr' id='par_1_27' title="bbox 238 1315 999 1362">
     <span class='ocr_line' id='line_1_27' title="bbox 238 1315 999 1362; baseline -0.001 -9"><span class='ocrx_word' id='word_1_236' title='bbox 238 1326 308 1354; x_wconf 87' lang='lat' dir='ltr'><strong>sisse</strong></span> <span class='ocrx_word' id='word_1_237' title='bbox 330 1325 500 1361; x_wconf 50' lang='lat' dir='ltr'><strong>(Egyptium,</strong></span> <span class='ocrx_word' id='word_1_238' title='bbox 515 1326 587 1354; x_wconf 80' lang='lat' dir='ltr'><strong>sicut</strong></span> <span class='ocrx_word' id='word_1_239' title='bbox 598 1315 697 1362; x_wconf 79' lang='lat' dir='ltr'><strong>postea</strong></span> <span class='ocrx_word' id='word_1_240' title='bbox 711 1315 740 1354; x_wconf 81' lang='lat' dir='ltr'><strong>in</strong></span> <span class='ocrx_word' id='word_1_241' title='bbox 753 1327 869 1355; x_wconf 83' lang='lat' dir='ltr'><strong>Actibus</strong></span> <span class='ocrx_word' id='word_1_242' title='bbox 893 1330 999 1354; x_wconf 86' lang='lat' dir='ltr'><strong>narrau</strong></span> 
     </span>
    </p>
   </div>
   <div class='ocr_carea' id='block_1_28' title="bbox 1102 1315 1863 1362">
    <p class='ocr_par' dir='ltr' id='par_1_28' title="bbox 1102 1315 1863 1362">
     <span class='ocr_line' id='line_1_28' title="bbox 1102 1315 1863 1362; baseline -0.011 -14"><span class='ocrx_word' id='word_1_243' title='bbox 1102 1322 1152 1356; x_wconf 77' lang='grc' dir='ltr'><strong>ΰνῳ</strong></span> <span class='ocrx_word' id='word_1_244' title='bbox 1167 1321 1272 1348; x_wconf 82' lang='grc' dir='ltr'><strong>ἀνελεῖν</strong></span> <span class='ocrx_word' id='word_1_245' title='bbox 1286 1319 1333 1347; x_wconf 79' lang='grc' dir='ltr'>τὸν</span> <span class='ocrx_word' id='word_1_246' title='bbox 1347 1319 1505 1354; x_wconf 74' lang='grc' dir='ltr'><strong>Αἰγύπτιον,</strong></span> <span class='ocrx_word' id='word_1_247' title='bbox 1520 1318 1615 1353; x_wconf 84' lang='grc' dir='ltr'>ὥσπερ</span> <span class='ocrx_word' id='word_1_248' title='bbox 1631 1317 1731 1352; x_wconf 76' lang='grc' dir='ltr'><strong>ἀμέλει</strong></span> <span class='ocrx_word' id='word_1_249' title='bbox 1755 1315 1863 1362; x_wconf 67' lang='grc' dir='ltr'>ὕστερον</span> 
     </span>
    </p>
   </div>
   <div class='ocr_carea' id='block_1_29' title="bbox 239 1361 1000 1408">
    <p class='ocr_par' dir='ltr' id='par_1_29' title="bbox 239 1361 1000 1408">
     <span class='ocr_line' id='line_1_29' title="bbox 239 1361 1000 1408; baseline 0 -10"><span class='ocrx_word' id='word_1_250' title='bbox 239 1372 310 1403; x_wconf 87' lang='lat' dir='ltr'><strong>illos,</strong></span> <span class='ocrx_word' id='word_1_251' title='bbox 325 1372 374 1407; x_wconf 87' lang='lat' dir='ltr'><strong>qui</strong></span> <span class='ocrx_word' id='word_1_252' title='bbox 390 1372 547 1400; x_wconf 85' lang='lat' dir='ltr'><strong>celaverant</strong></span> <span class='ocrx_word' id='word_1_253' title='bbox 561 1361 666 1407; x_wconf 79' lang='lat' dir='ltr'><strong>partem</strong></span> <span class='ocrx_word' id='word_1_254' title='bbox 683 1372 764 1408; x_wconf 86' lang='lat' dir='ltr'><strong>pretii</strong></span> <span class='ocrx_word' id='word_1_255' title='bbox 779 1373 837 1407; x_wconf 85' lang='lat' dir='ltr'><strong>agri</strong></span> <span class='ocrx_word' id='word_1_256' title='bbox 864 1371 1000 1407; x_wconf 80' lang='lat' dir='ltr'><strong>cujusdln</strong></span> 
     </span>
    </p>
   </div>
   <div class='ocr_carea' id='block_1_30' title="bbox 1103 1361 1864 1408">
    <p class='ocr_par' dir='ltr' id='par_1_30' title="bbox 1103 1361 1864 1403">
     <span class='ocr_line' id='line_1_30' title="bbox 1103 1361 1864 1403; baseline -0.011 -9"><span class='ocrx_word' id='word_1_257' title='bbox 1103 1377 1104 1387; x_wconf 61' lang='grc' dir='ltr'><strong>ι</strong></span> <span class='ocrx_word' id='word_1_258' title='bbox 1118 1368 1187 1403; x_wconf 65' lang='grc' dir='ltr'><strong>,ταῖς</strong></span> <span class='ocrx_word' id='word_1_259' title='bbox 1205 1366 1339 1401; x_wconf 81' lang='grc' dir='ltr'>Πράξεσι</span> <span class='ocrx_word' id='word_1_260' title='bbox 1358 1365 1481 1402; x_wconf 78' lang='grc' dir='ltr'><strong>φέρεται,</strong></span> <span class='ocrx_word' id='word_1_261' title='bbox 1497 1364 1560 1396; x_wconf 73' lang='grc' dir='ltr'>τοὺς</span> <span class='ocrx_word' id='word_1_262' title='bbox 1583 1362 1802 1397; x_wconf 71' lang='grc' dir='ltr'>νοσφισαμένους</span> <span class='ocrx_word' id='word_1_263' title='bbox 1819 1361 1864 1395; x_wconf 68' lang='grc' dir='ltr'><strong>τῆς</strong></span> 
     </span>
    </p>
   </div>
   <div class='ocr_carea' id='block_1_31' title="bbox 237 1407 998 1455">
    <p class='ocr_par' dir='ltr' id='par_1_31' title="bbox 237 1407 939 1455">
     <span class='ocr_line' id='line_1_31' title="bbox 237 1407 939 1455; baseline 0.001 -10"><span class='ocrx_word' id='word_1_264' title='bbox 237 1423 264 1446; x_wconf 88' lang='lat' dir='ltr'><strong>et</strong></span> <span class='ocrx_word' id='word_1_265' title='bbox 279 1419 385 1448; x_wconf 87' lang='lat' dir='ltr'><strong>mentiti</strong></span> <span class='ocrx_word' id='word_1_266' title='bbox 400 1422 490 1452; x_wconf 84' lang='lat' dir='ltr'><strong>erant,</strong></span> <span class='ocrx_word' id='word_1_267' title='bbox 507 1419 591 1447; x_wconf 81' lang='lat' dir='ltr'><strong>verbo</strong></span> <span class='ocrx_word' id='word_1_268' title='bbox 605 1407 739 1455; x_wconf 81' lang='lat' dir='ltr'><strong>[Petrum]</strong></span> <span class='ocrx_word' id='word_1_269' title='bbox 755 1418 939 1446; x_wconf 85' lang='lat' dir='ltr'><strong>interemisse.</strong></span> 
     </span>
    </p>
   </div>
   <div class='ocr_carea' id='block_1_32' title="bbox 1103 1407 1864 1455">
    <p class='ocr_par' dir='ltr' id='par_1_32' title="bbox 1105 1407 1864 1449">
     <span class='ocr_line' id='line_1_32' title="bbox 1105 1407 1864 1449; baseline -0.011 -9"><span class='ocrx_word' id='word_1_270' title='bbox 1105 1413 1159 1449; x_wconf 84' lang='grc' dir='ltr'><strong>μῆς</strong></span> <span class='ocrx_word' id='word_1_271' title='bbox 1182 1412 1229 1440; x_wconf 76' lang='grc' dir='ltr'><strong>τοῦ</strong></span> <span class='ocrx_word' id='word_1_272' title='bbox 1246 1412 1346 1448; x_wconf 84' lang='grc' dir='ltr'><strong>χωρίου</strong></span> <span class='ocrx_word' id='word_1_273' title='bbox 1362 1411 1409 1438; x_wconf 70' lang='grc' dir='ltr'><strong>καὶ</strong></span> <span class='ocrx_word' id='word_1_274' title='bbox 1430 1410 1628 1447; x_wconf 78' lang='grc' dir='ltr'><strong>ψευσαμένους,</strong></span> <span class='ocrx_word' id='word_1_275' title='bbox 1647 1408 1724 1444; x_wconf 81' lang='grc' dir='ltr'>λόγῳ</span> <span class='ocrx_word' id='word_1_276' title='bbox 1742 1407 1864 1434; x_wconf 46' lang='grc' dir='ltr'>ἀποκω-</span> 
     </span>
    </p>
   </div>
   <div class='ocr_carea' id='block_1_33' title="bbox 438 1467 1623 1538">
    <p class='ocr_par' dir='ltr' id='par_1_33' title="bbox 438 1467 1623 1538">
     <span class='ocr_line' id='line_1_33' title="bbox 438 1467 1623 1538; baseline -0.004 -8"><span class='ocrx_word' id='word_1_277' title='bbox 438 1503 522 1530; x_wconf 82' lang='grc' dir='ltr'>Τοωο</span> <span class='ocrx_word' id='word_1_278' title='bbox 541 1501 586 1535; x_wconf 76' lang='grc' dir='ltr'><strong>ιν,</strong></span> <span class='ocrx_word' id='word_1_279' title='bbox 602 1511 630 1538; x_wconf 87' lang='lat' dir='ltr'><strong>p.</strong></span> <span class='ocrx_word' id='word_1_280' title='bbox 642 1503 706 1535; x_wconf 73' lang='grc'><strong>291,</strong></span> <span class='ocrx_word' id='word_1_281' title='bbox 724 1502 752 1529; x_wconf 92' lang='lat' dir='ltr'><strong>in</strong></span> <span class='ocrx_word' id='word_1_282' title='bbox 767 1502 939 1538; x_wconf 81' lang='lat' dir='ltr'><strong>expositione</strong></span> <span class='ocrx_word' id='word_1_283' title='bbox 955 1467 1133 1537; x_wconf 52' lang='lat' dir='ltr'><strong>Epistolae’z‘d</strong></span> <span class='ocrx_word' id='word_1_284' title='bbox 1148 1501 1298 1536; x_wconf 78' lang='lat' dir='ltr'><strong>Romanos,</strong></span> <span class='ocrx_word' id='word_1_285' title='bbox 1319 1509 1381 1537; x_wconf 85' lang='lat' dir='ltr'><strong>cap.</strong></span> <span class='ocrx_word' id='word_1_286' title='bbox 1396 1508 1458 1532; x_wconf 82' lang='lat' dir='ltr'><strong>vui,</strong></span> <span class='ocrx_word' id='word_1_287' title='bbox 1472 1507 1546 1527; x_wconf 85' lang='lat' dir='ltr'><strong>vers.</strong></span> <span class='ocrx_word' id='word_1_288' title='bbox 1563 1497 1599 1525; x_wconf 76' lang='lat'><strong>58</strong></span> <span class='ocrx_word' id='word_1_289' title='bbox 1616 1505 1623 1522; x_wconf 90' lang='lat'>:</span> 
     </span>
    </p>
   </div>
   <div class='ocr_carea' id='block_1_34' title="bbox 275 1554 1036 1596">
    <p class='ocr_par' dir='ltr' id='par_1_34' title="bbox 275 1555 1026 1596">
     <span class='ocr_line' id='line_1_34' title="bbox 275 1555 1026 1596; baseline 0.005 -12"><span class='ocrx_word' id='word_1_290' title='bbox 275 1555 338 1585; x_wconf 74' lang='lat' dir='ltr'><strong>Sive</strong></span> <span class='ocrx_word' id='word_1_291' title='bbox 362 1558 445 1585; x_wconf 86' lang='lat' dir='ltr'><strong>vitam</strong></span> <span class='ocrx_word' id='word_1_292' title='bbox 470 1558 571 1593; x_wconf 85' lang='lat' dir='ltr'><strong>(inquit</strong></span> <span class='ocrx_word' id='word_1_293' title='bbox 593 1558 622 1586; x_wconf 90' lang='lat' dir='ltr'><strong>S.</strong></span> <span class='ocrx_word' id='word_1_294' title='bbox 646 1557 759 1594; x_wconf 87' lang='lat' dir='ltr'><strong>Paulus)</strong></span> <span class='ocrx_word' id='word_1_295' title='bbox 796 1567 857 1595; x_wconf 84' lang='lat' dir='ltr'><strong>quae</strong></span> <span class='ocrx_word' id='word_1_296' title='bbox 879 1561 1026 1596; x_wconf 65' lang='lat' dir='ltr'><strong>prmsentis</strong></span> 
     </span>
    </p>
   </div>
   <div class='ocr_carea' id='block_1_35' title="bbox 1101 1554 1862 1596">
    <p class='ocr_par' dir='ltr' id='par_1_35' title="bbox 1113 1554 1862 1594">
     <span class='ocr_line' id='line_1_35' title="bbox 1113 1554 1862 1594; baseline -0.009 -7"><span class='ocrx_word' id='word_1_297' title='bbox 1113 1559 1296 1594; x_wconf 72' lang='grc' dir='ltr'><strong>Κλήμεντος.</strong></span> <span class='ocrx_word' id='word_1_298' title='bbox 1307 1558 1344 1585; x_wconf 86' lang='grc' dir='ltr'><strong>Ἦ</strong></span> <span class='ocrx_word' id='word_1_299' title='bbox 1354 1558 1437 1593; x_wconf 79' lang='grc' dir='ltr'><strong>ζωὴν,</strong></span> <span class='ocrx_word' id='word_1_300' title='bbox 1453 1557 1503 1593; x_wconf 79' lang='grc' dir='ltr'><strong>τὴν</strong></span> <span class='ocrx_word' id='word_1_301' title='bbox 1517 1556 1588 1583; x_wconf 77' lang='grc' dir='ltr'>κατὰ</span> <span class='ocrx_word' id='word_1_302' title='bbox 1601 1555 1647 1582; x_wconf 78' lang='grc' dir='ltr'>τὸν</span> <span class='ocrx_word' id='word_1_303' title='bbox 1660 1555 1788 1590; x_wconf 70' lang='grc' dir='ltr'>παρόντα</span> <span class='ocrx_word' id='word_1_304' title='bbox 1799 1554 1862 1589; x_wconf 60' lang='grc' dir='ltr'>βίον·</span> 
     </span>
    </p>
   </div>
   <div class='ocr_carea' id='block_1_36' title="bbox 241 1600 1002 1640">
    <p class='ocr_par' dir='ltr' id='par_1_36' title="bbox 241 1604 1002 1640">
     <span class='ocr_line' id='line_1_36' title="bbox 241 1604 1002 1640; baseline 0.003 -9"><span class='ocrx_word' id='word_1_305' title='bbox 241 1604 372 1639; x_wconf 84' lang='lat' dir='ltr'><strong>temporis</strong></span> <span class='ocrx_word' id='word_1_306' title='bbox 386 1608 438 1636; x_wconf 88' lang='lat' dir='ltr'><strong>est,</strong></span> <span class='ocrx_word' id='word_1_307' title='bbox 454 1609 482 1631; x_wconf 93' lang='lat' dir='ltr'><strong>et</strong></span> <span class='ocrx_word' id='word_1_308' title='bbox 498 1608 614 1631; x_wconf 90' lang='lat' dir='ltr'><strong>mortem</strong></span> <span class='ocrx_word' id='word_1_309' title='bbox 632 1612 692 1639; x_wconf 70' lang='lat' dir='ltr'><strong>quae</strong></span> <span class='ocrx_word' id='word_1_310' title='bbox 709 1609 915 1640; x_wconf 86' lang='lat' dir='ltr'><strong>persecutorum</strong></span> <span class='ocrx_word' id='word_1_311' title='bbox 931 1605 1002 1633; x_wconf 82' lang='lat' dir='ltr'><strong>t‘urot</strong></span> 
     </span>
    </p>
   </div>
   <div class='ocr_carea' id='block_1_37' title="bbox 1104 1600 1865 1640">
    <p class='ocr_par' dir='ltr' id='par_1_37' title="bbox 1104 1600 1865 1638">
     <span class='ocr_line' id='line_1_37' title="bbox 1104 1600 1865 1638; baseline -0.008 -7"><span class='ocrx_word' id='word_1_312' title='bbox 1104 1605 1125 1631; x_wconf 78' lang='grc' dir='ltr'><strong>ιὶ</strong></span> <span class='ocrx_word' id='word_1_313' title='bbox 1140 1604 1263 1637; x_wconf 83' lang='grc' dir='ltr'>θάνατον,</span> <span class='ocrx_word' id='word_1_314' title='bbox 1280 1604 1326 1631; x_wconf 75' lang='grc' dir='ltr'>τὸν</span> <span class='ocrx_word' id='word_1_315' title='bbox 1338 1603 1397 1630; x_wconf 86' lang='grc' dir='ltr'><strong>κατ’</strong></span> <span class='ocrx_word' id='word_1_316' title='bbox 1412 1602 1546 1638; x_wconf 77' lang='grc' dir='ltr'>ἐπιφορὰν</span> <span class='ocrx_word' id='word_1_317' title='bbox 1559 1601 1613 1628; x_wconf 81' lang='grc' dir='ltr'>τῶν</span> <span class='ocrx_word' id='word_1_318' title='bbox 1624 1601 1781 1628; x_wconf 80' lang='grc' dir='ltr'>διωκόντων</span> <span class='ocrx_word' id='word_1_319' title='bbox 1790 1621 1799 1632; x_wconf 83' lang='lat'><strong>,</strong></span> <span class='ocrx_word' id='word_1_320' title='bbox 1819 1600 1865 1632; x_wconf 79' lang='grc' dir='ltr'><strong>ἀγ-</strong></span> 
     </span>
    </p>
   </div>
   <div class='ocr_carea' id='block_1_38' title="bbox 241 1644 1002 1685">
    <p class='ocr_par' dir='ltr' id='par_1_38' title="bbox 241 1649 1002 1685">
     <span class='ocr_line' id='line_1_38' title="bbox 241 1649 1002 1685; baseline 0.003 -9"><span class='ocrx_word' id='word_1_321' title='bbox 241 1650 318 1676; x_wconf 74' lang='lat' dir='ltr'><strong>srevit</strong></span> <span class='ocrx_word' id='word_1_322' title='bbox 330 1671 338 1684; x_wconf 90' lang='lat'><strong>,</strong></span> <span class='ocrx_word' id='word_1_323' title='bbox 352 1650 410 1678; x_wconf 83' lang='lat' dir='ltr'><strong>sive</strong></span> <span class='ocrx_word' id='word_1_324' title='bbox 425 1650 537 1685; x_wconf 78' lang='lat' dir='ltr'><strong>angelos</strong></span> <span class='ocrx_word' id='word_1_325' title='bbox 548 1654 575 1677; x_wconf 87' lang='lat' dir='ltr'><strong>et</strong></span> <span class='ocrx_word' id='word_1_326' title='bbox 588 1649 760 1685; x_wconf 86' lang='lat' dir='ltr'><strong>principatus</strong></span> <span class='ocrx_word' id='word_1_327' title='bbox 776 1654 803 1678; x_wconf 89' lang='lat' dir='ltr'><strong>et</strong></span> <span class='ocrx_word' id='word_1_328' title='bbox 819 1651 945 1685; x_wconf 77' lang='lat' dir='ltr'><strong>virtutes,</strong></span> <span class='ocrx_word' id='word_1_329' title='bbox 960 1651 1002 1679; x_wconf 82' lang='lat' dir='ltr'><strong>mi:</strong></span> 
     </span>
    </p>
   </div>
   <div class='ocr_carea' id='block_1_39' title="bbox 1104 1644 1865 1685">
    <p class='ocr_par' dir='ltr' id='par_1_39' title="bbox 1104 1644 1865 1685">
     <span class='ocr_line' id='line_1_39' title="bbox 1104 1644 1865 1685; baseline -0.008 -8"><span class='ocrx_word' id='word_1_330' title='bbox 1104 1651 1176 1682; x_wconf 68' lang='grc' dir='ltr'>ἕλους</span> <span class='ocrx_word' id='word_1_331' title='bbox 1200 1659 1230 1676; x_wconf 89' lang='grc' dir='ltr'>τε</span> <span class='ocrx_word' id='word_1_332' title='bbox 1257 1650 1304 1677; x_wconf 81' lang='grc' dir='ltr'><strong>καὶ</strong></span> <span class='ocrx_word' id='word_1_333' title='bbox 1320 1649 1407 1685; x_wconf 86' lang='grc' dir='ltr'>ἀρχὰς</span> <span class='ocrx_word' id='word_1_334' title='bbox 1432 1649 1480 1676; x_wconf 77' lang='grc' dir='ltr'><strong>καὶ</strong></span> <span class='ocrx_word' id='word_1_335' title='bbox 1498 1648 1638 1683; x_wconf 78' lang='grc' dir='ltr'>δυνάμεις,</span> <span class='ocrx_word' id='word_1_336' title='bbox 1651 1646 1687 1673; x_wconf 81' lang='grc' dir='ltr'><strong>τὰ</strong></span> <span class='ocrx_word' id='word_1_337' title='bbox 1701 1644 1865 1673; x_wconf 75' lang='grc' dir='ltr'>ὰποστολικὰ</span> 
     </span>
    </p>
   </div>
   <div class='ocr_carea' id='block_1_40' title="bbox 241 1695 1002 1731">
    <p class='ocr_par' dir='ltr' id='par_1_40' title="bbox 241 1695 534 1731">
     <span class='ocr_line' id='line_1_40' title="bbox 241 1695 534 1731; baseline 0.007 -9"><span class='ocrx_word' id='word_1_338' title='bbox 241 1702 288 1722; x_wconf 87' lang='lat' dir='ltr'><strong>sos</strong></span> <span class='ocrx_word' id='word_1_339' title='bbox 302 1703 317 1722; x_wconf 90' lang='lat' dir='ltr'><strong>a</strong></span> <span class='ocrx_word' id='word_1_340' title='bbox 332 1695 388 1724; x_wconf 84' lang='lat' dir='ltr'><strong>Deo</strong></span> <span class='ocrx_word' id='word_1_341' title='bbox 407 1696 534 1731; x_wconf 79' lang='lat' dir='ltr'><strong>spiritus.</strong></span> 
     </span>
    </p>
   </div>
   <div class='ocr_carea' id='block_1_41' title="bbox 470 1695 1231 1731">
    <p class='ocr_par' dir='ltr' id='par_1_41' title="bbox 470 1695 1231 1731">
     <span class='ocr_line' id='line_1_41' title="bbox 470 1695 1231 1731; baseline -0.001 -8"><span class='ocrx_word' id='word_1_342' title='bbox 470 1697 534 1724; x_wconf 80' lang='lat' dir='ltr'><strong>itus.</strong></span> <span class='ocrx_word' id='word_1_343' title='bbox 1079 1695 1231 1731; x_wconf 85' lang='grc' dir='ltr'>πνεύματα.</span> 
     </span>
    </p>
   </div>
   <div class='ocr_carea' id='block_1_42' title="bbox 658 1757 1430 1797">
    <p class='ocr_par' dir='ltr' id='par_1_42' title="bbox 658 1757 1430 1797">
     <span class='ocr_line' id='line_1_42' title="bbox 658 1757 1430 1797; baseline -0.006 -8"><span class='ocrx_word' id='word_1_344' title='bbox 658 1762 690 1789; x_wconf 84' lang='lat' dir='ltr'><strong>Et</strong></span> <span class='ocrx_word' id='word_1_345' title='bbox 706 1761 740 1789; x_wconf 84' lang='lat' dir='ltr'><strong>ad</strong></span> <span class='ocrx_word' id='word_1_346' title='bbox 760 1761 884 1797; x_wconf 88' lang='lat' dir='ltr'><strong>ejusdem</strong></span> <span class='ocrx_word' id='word_1_347' title='bbox 896 1760 1024 1797; x_wconf 74' lang='lat' dir='ltr'><strong>Epistula:</strong></span> <span class='ocrx_word' id='word_1_348' title='bbox 1035 1760 1134 1796; x_wconf 84' lang='lat' dir='ltr'><strong>capitis</strong></span> <span class='ocrx_word' id='word_1_349' title='bbox 1152 1767 1168 1787; x_wconf 69' lang='grc' dir='ltr'><strong>ι</strong></span> <span class='ocrx_word' id='word_1_350' title='bbox 1187 1766 1260 1786; x_wconf 72' lang='lat' dir='ltr'><strong>vers.</strong></span> <span class='ocrx_word' id='word_1_351' title='bbox 1276 1758 1339 1797; x_wconf 53' lang='grc' dir='ltr'><strong>ὄλ).</strong></span> <span class='ocrx_word' id='word_1_352' title='bbox 1355 1757 1406 1785; x_wconf 80' lang='lat'><strong>569</strong></span> <span class='ocrx_word' id='word_1_353' title='bbox 1424 1768 1430 1785; x_wconf 89' lang='lat'>:</span> 
     </span>
    </p>
   </div>
   <div class='ocr_carea' id='block_1_43' title="bbox 282 1823 1043 1863">
    <p class='ocr_par' dir='ltr' id='par_1_43' title="bbox 282 1823 1026 1861">
     <span class='ocr_line' id='line_1_43' title="bbox 282 1823 1026 1861; baseline 0.004 -11"><span class='ocrx_word' id='word_1_354' title='bbox 282 1823 316 1851; x_wconf 88' lang='lat' dir='ltr'><strong>Et</strong></span> <span class='ocrx_word' id='word_1_355' title='bbox 329 1831 384 1851; x_wconf 91' lang='lat' dir='ltr'><strong>non</strong></span> <span class='ocrx_word' id='word_1_356' title='bbox 399 1828 608 1859; x_wconf 79' lang='lat' dir='ltr'><strong>cognoscentes,</strong></span> <span class='ocrx_word' id='word_1_357' title='bbox 629 1832 718 1860; x_wconf 86' lang='lat' dir='ltr'><strong>neque</strong></span> <span class='ocrx_word' id='word_1_358' title='bbox 734 1825 865 1853; x_wconf 81' lang='lat' dir='ltr'><strong>facientes</strong></span> <span class='ocrx_word' id='word_1_359' title='bbox 883 1825 951 1861; x_wconf 86' lang='lat' dir='ltr'><strong>legis</strong></span> <span class='ocrx_word' id='word_1_360' title='bbox 962 1833 1026 1861; x_wconf 93' lang='lat' dir='ltr'><strong>pro-</strong></span> 
     </span>
    </p>
   </div>
   <div class='ocr_carea' id='block_1_44' title="bbox 1107 1823 1868 1863">
    <p class='ocr_par' dir='ltr' id='par_1_44' title="bbox 1114 1825 1868 1863">
     <span class='ocr_line' id='line_1_44' title="bbox 1114 1825 1868 1863; baseline -0.005 -8"><span class='ocrx_word' id='word_1_361' title='bbox 1114 1827 1297 1862; x_wconf 81' lang='grc' dir='ltr'><strong>Κλήμεντος.</strong></span> <span class='ocrx_word' id='word_1_362' title='bbox 1313 1827 1369 1855; x_wconf 79' lang='grc' dir='ltr'><strong>Καὶ</strong></span> <span class='ocrx_word' id='word_1_363' title='bbox 1379 1827 1416 1863; x_wconf 87' lang='grc' dir='ltr'><strong>μὴ</strong></span> <span class='ocrx_word' id='word_1_364' title='bbox 1428 1827 1547 1862; x_wconf 81' lang='grc' dir='ltr'><strong>γνόντες,</strong></span> <span class='ocrx_word' id='word_1_365' title='bbox 1566 1826 1633 1862; x_wconf 71' lang='grc' dir='ltr'>μηδὲ</span> <span class='ocrx_word' id='word_1_366' title='bbox 1658 1825 1724 1861; x_wconf 71' lang='grc' dir='ltr'>ποιή</span> <span class='ocrx_word' id='word_1_367' title='bbox 1730 1833 1827 1856; x_wconf 61' lang='grc' dir='ltr'>σαντες</span> <span class='ocrx_word' id='word_1_368' title='bbox 1840 1827 1868 1852; x_wconf 64' lang='grc' dir='ltr'><strong>τὸ</strong></span> 
     </span>
    </p>
   </div>
   <div class='ocr_carea' id='block_1_45' title="bbox 242 1870 1003 1909">
    <p class='ocr_par' dir='ltr' id='par_1_45' title="bbox 242 1870 1003 1906">
     <span class='ocr_line' id='line_1_45' title="bbox 242 1870 1003 1906; baseline 0 -8"><span class='ocrx_word' id='word_1_369' title='bbox 242 1870 373 1904; x_wconf 75' lang='lat' dir='ltr'><strong>positum,</strong></span> <span class='ocrx_word' id='word_1_370' title='bbox 393 1870 586 1906; x_wconf 89' lang='lat' dir='ltr'><strong>quodcumque</strong></span> <span class='ocrx_word' id='word_1_371' title='bbox 610 1871 664 1898; x_wconf 89' lang='lat' dir='ltr'><strong>illis</strong></span> <span class='ocrx_word' id='word_1_372' title='bbox 678 1871 791 1906; x_wconf 89' lang='lat' dir='ltr'><strong>placuit,</strong></span> <span class='ocrx_word' id='word_1_373' title='bbox 807 1870 859 1898; x_wconf 91' lang='lat' dir='ltr'><strong>hoc</strong></span> <span class='ocrx_word' id='word_1_374' title='bbox 872 1871 959 1906; x_wconf 86' lang='lat' dir='ltr'><strong>ipsum</strong></span> <span class='ocrx_word' id='word_1_375' title='bbox 977 1879 1003 1899; x_wconf 72' lang='lat' dir='ltr'><strong>vc</strong></span> 
     </span>
    </p>
   </div>
   <div class='ocr_carea' id='block_1_46' title="bbox 1107 1870 1868 1909">
    <p class='ocr_par' dir='ltr' id='par_1_46' title="bbox 1107 1871 1868 1909">
     <span class='ocr_line' id='line_1_46' title="bbox 1107 1871 1868 1909; baseline -0.005 -9"><span class='ocrx_word' id='word_1_376' title='bbox 1107 1873 1204 1909; x_wconf 71' lang='grc' dir='ltr'>ιύλημα</span> <span class='ocrx_word' id='word_1_377' title='bbox 1227 1873 1276 1900; x_wconf 82' lang='grc' dir='ltr'><strong>τοῦ</strong></span> <span class='ocrx_word' id='word_1_378' title='bbox 1293 1873 1389 1908; x_wconf 80' lang='grc' dir='ltr'><strong>νόμον,</strong></span> <span class='ocrx_word' id='word_1_379' title='bbox 1409 1873 1424 1900; x_wconf 82' lang='grc' dir='ltr'>ὅ</span> <span class='ocrx_word' id='word_1_380' title='bbox 1445 1872 1579 1900; x_wconf 81' lang='grc' dir='ltr'>ὑπέλαὸον</span> <span class='ocrx_word' id='word_1_381' title='bbox 1606 1871 1696 1902; x_wconf 76' lang='grc' dir='ltr'>αὐτοὶ,</span> <span class='ocrx_word' id='word_1_382' title='bbox 1715 1871 1800 1897; x_wconf 80' lang='grc' dir='ltr'>τοῦτο</span> <span class='ocrx_word' id='word_1_383' title='bbox 1824 1872 1868 1898; x_wconf 72' lang='lat' dir='ltr'><strong>xui</strong></span> 
     </span>
    </p>
   </div>
   <div class='ocr_carea' id='block_1_47' title="bbox 241 1915 1002 1956">
    <p class='ocr_par' dir='ltr' id='par_1_47' title="bbox 241 1915 1002 1951">
     <span class='ocr_line' id='line_1_47' title="bbox 241 1915 1002 1951; baseline 0.003 -9"><span class='ocrx_word' id='word_1_384' title='bbox 241 1915 326 1943; x_wconf 79' lang='lat' dir='ltr'><strong>luisse</strong></span> <span class='ocrx_word' id='word_1_385' title='bbox 346 1915 431 1950; x_wconf 84' lang='lat' dir='ltr'><strong>legem</strong></span> <span class='ocrx_word' id='word_1_386' title='bbox 458 1915 649 1948; x_wconf 85' lang='lat' dir='ltr'><strong>crediderunt;</strong></span> <span class='ocrx_word' id='word_1_387' title='bbox 676 1924 763 1951; x_wconf 90' lang='lat' dir='ltr'><strong>neque</strong></span> <span class='ocrx_word' id='word_1_388' title='bbox 798 1916 880 1944; x_wconf 90' lang='lat' dir='ltr'><strong>etiam</strong></span> <span class='ocrx_word' id='word_1_389' title='bbox 917 1921 1002 1944; x_wconf 68' lang='lat' dir='ltr'><strong>lentur</strong></span> 
     </span>
    </p>
   </div>
   <div class='ocr_carea' id='block_1_48' title="bbox 1109 1915 1870 1956">
    <p class='ocr_par' dir='ltr' id='par_1_48' title="bbox 1111 1919 1870 1956">
     <span class='ocr_line' id='line_1_48' title="bbox 1111 1919 1870 1956; baseline -0.003 -10"><span class='ocrx_word' id='word_1_390' title='bbox 1111 1919 1221 1946; x_wconf 79' lang='grc' dir='ltr'>ύλεσϐαι</span> <span class='ocrx_word' id='word_1_391' title='bbox 1239 1921 1285 1947; x_wconf 84' lang='grc' dir='ltr'>τὸν</span> <span class='ocrx_word' id='word_1_392' title='bbox 1309 1920 1389 1956; x_wconf 87' lang='grc' dir='ltr'>νόμον</span> <span class='ocrx_word' id='word_1_393' title='bbox 1403 1920 1542 1956; x_wconf 81' lang='grc' dir='ltr'><strong>ᾠήθησαν.</strong></span> <span class='ocrx_word' id='word_1_394' title='bbox 1556 1919 1611 1946; x_wconf 74' lang='grc' dir='ltr'><strong>Καὶ</strong></span> <span class='ocrx_word' id='word_1_395' title='bbox 1626 1919 1681 1946; x_wconf 75' lang='grc' dir='ltr'>οὐδ’</span> <span class='ocrx_word' id='word_1_396' title='bbox 1697 1919 1736 1950; x_wconf 81' lang='grc' dir='ltr'><strong>ὡς</strong></span> <span class='ocrx_word' id='word_1_397' title='bbox 1760 1927 1870 1954; x_wconf 64' lang='grc' dir='ltr'>προφη-</span> 
     </span>
    </p>
   </div>
   <div class='ocr_carea' id='block_1_49' title="bbox 241 1961 1002 2001">
    <p class='ocr_par' dir='ltr' id='par_1_49' title="bbox 241 1961 999 1996">
     <span class='ocr_line' id='line_1_49' title="bbox 241 1961 999 1996; baseline 0.004 -9"><span class='ocrx_word' id='word_1_398' title='bbox 241 1961 433 1996; x_wconf 70' lang='grc' dir='ltr'>ρηιεηυηιὶιιῐιιί</span> <span class='ocrx_word' id='word_1_399' title='bbox 462 1962 644 1994; x_wconf 85' lang='lat' dir='ltr'><strong>coniiderunt,</strong></span> <span class='ocrx_word' id='word_1_400' title='bbox 665 1962 763 1989; x_wconf 73' lang='lat' dir='ltr'><strong>litterae</strong></span> <span class='ocrx_word' id='word_1_401' title='bbox 788 1970 854 1990; x_wconf 87' lang='lat' dir='ltr'><strong>vero</strong></span> <span class='ocrx_word' id='word_1_402' title='bbox 874 1966 902 1990; x_wconf 91' lang='lat' dir='ltr'><strong>ct</strong></span> <span class='ocrx_word' id='word_1_403' title='bbox 932 1963 999 1990; x_wconf 88' lang='lat' dir='ltr'><strong>timo</strong></span> 
     </span>
    </p>
   </div>
   <div class='ocr_carea' id='block_1_50' title="bbox 1108 1961 1869 2001">
    <p class='ocr_par' dir='ltr' id='par_1_50' title="bbox 1110 1963 1869 2001">
     <span class='ocr_line' id='line_1_50' title="bbox 1110 1963 1869 2001; baseline -0.003 -9"><span class='ocrx_word' id='word_1_404' title='bbox 1110 1965 1181 1992; x_wconf 84' lang='grc' dir='ltr'>ύοντι</span> <span class='ocrx_word' id='word_1_405' title='bbox 1201 1965 1240 2001; x_wconf 84' lang='grc' dir='ltr'><strong>τῷ</strong></span> <span class='ocrx_word' id='word_1_406' title='bbox 1263 1966 1337 2001; x_wconf 85' lang='grc' dir='ltr'><strong>νόμῳ</strong></span> <span class='ocrx_word' id='word_1_407' title='bbox 1352 1966 1514 1992; x_wconf 70' lang='grc' dir='ltr'>ἐπίστευσαν</span> <span class='ocrx_word' id='word_1_408' title='bbox 1524 1983 1532 1997; x_wconf 81' lang='grc'><strong><em>,</em></strong></span> <span class='ocrx_word' id='word_1_409' title='bbox 1548 1963 1620 2000; x_wconf 83' lang='grc' dir='ltr'>λόγῳ</span> <span class='ocrx_word' id='word_1_410' title='bbox 1632 1964 1660 1991; x_wconf 76' lang='grc' dir='ltr'><strong>δὲ</strong></span> <span class='ocrx_word' id='word_1_411' title='bbox 1673 1964 1746 1999; x_wconf 66' lang='grc' dir='ltr'>ψιλῷ</span> <span class='ocrx_word' id='word_1_412' title='bbox 1761 1964 1811 1991; x_wconf 74' lang='grc' dir='ltr'><strong>καὶ</strong></span> <span class='ocrx_word' id='word_1_413' title='bbox 1827 1965 1869 1998; x_wconf 74' lang='grc' dir='ltr'>φό-</span> 
     </span>
    </p>
   </div>
   <div class='ocr_carea' id='block_1_51' title="bbox 241 2007 1002 2046">
    <p class='ocr_par' dir='ltr' id='par_1_51' title="bbox 241 2007 935 2042">
     <span class='ocr_line' id='line_1_51' title="bbox 241 2007 935 2042; baseline 0.003 -9"><span class='ocrx_word' id='word_1_414' title='bbox 241 2007 399 2039; x_wconf 88' lang='lat' dir='ltr'><strong>servientes,</strong></span> <span class='ocrx_word' id='word_1_415' title='bbox 413 2014 468 2034; x_wconf 89' lang='lat' dir='ltr'><strong>non</strong></span> <span class='ocrx_word' id='word_1_416' title='bbox 483 2007 609 2042; x_wconf 91' lang='lat' dir='ltr'><strong>spiritum</strong></span> <span class='ocrx_word' id='word_1_417' title='bbox 623 2011 650 2035; x_wconf 89' lang='lat' dir='ltr'><strong>et</strong></span> <span class='ocrx_word' id='word_1_418' title='bbox 665 2007 744 2035; x_wconf 78' lang='lat' dir='ltr'><strong>[idem</strong></span> <span class='ocrx_word' id='word_1_419' title='bbox 759 2008 845 2035; x_wconf 85' lang='lat' dir='ltr'><strong>secuti</strong></span> <span class='ocrx_word' id='word_1_420' title='bbox 861 2012 935 2035; x_wconf 88' lang='lat' dir='ltr'><strong>sunt.</strong></span> 
     </span>
    </p>
   </div>
   <div class='ocr_carea' id='block_1_52' title="bbox 985 2007 1746 2046">
    <p class='ocr_par' dir='ltr' id='par_1_52' title="bbox 1077 2010 1746 2046">
     <span class='ocr_line' id='line_1_52' title="bbox 1077 2010 1746 2046; baseline 0 -10"><span class='ocrx_word' id='word_1_421' title='bbox 1077 2010 1127 2045; x_wconf 66' lang='lat'><strong>61;),</strong></span> <span class='ocrx_word' id='word_1_422' title='bbox 1141 2011 1198 2038; x_wconf 76' lang='grc' dir='ltr'>ἀλλ’</span> <span class='ocrx_word' id='word_1_423' title='bbox 1214 2011 1243 2037; x_wconf 88' lang='grc' dir='ltr'>οὺ</span> <span class='ocrx_word' id='word_1_424' title='bbox 1256 2011 1374 2038; x_wconf 79' lang='grc' dir='ltr'><strong>διαθέσει</strong></span> <span class='ocrx_word' id='word_1_425' title='bbox 1386 2011 1432 2037; x_wconf 73' lang='grc' dir='ltr'><strong>καὶ</strong></span> <span class='ocrx_word' id='word_1_426' title='bbox 1449 2011 1538 2037; x_wconf 68' lang='grc' dir='ltr'>πίστει</span> <span class='ocrx_word' id='word_1_427' title='bbox 1549 2010 1746 2046; x_wconf 70' lang='grc' dir='ltr'>ὴκολούοησαν.</span> 
     </span>
    </p>
   </div>
   <div class='ocr_carea' id='block_1_53' title="bbox 277 2075 1871 2114">
    <p class='ocr_par' dir='ltr' id='par_1_53' title="bbox 277 2075 1871 2114">
     <span class='ocr_line' id='line_1_53' title="bbox 277 2075 1871 2114; baseline 0 -11"><span class='ocrx_word' id='word_1_428' title='bbox 277 2076 366 2114; x_wconf 89' lang='lat' dir='ltr'><strong>Tomo_</strong></span> <span class='ocrx_word' id='word_1_429' title='bbox 377 2075 423 2114; x_wconf 71' lang='lat' dir='ltr'><strong>Vl,</strong></span> <span class='ocrx_word' id='word_1_430' title='bbox 438 2084 465 2111; x_wconf 89' lang='lat' dir='ltr'><strong>p.</strong></span> <span class='ocrx_word' id='word_1_431' title='bbox 484 2076 546 2114; x_wconf 42' lang='lat'><strong>3:85,</strong></span> <span class='ocrx_word' id='word_1_432' title='bbox 560 2075 588 2114; x_wconf 84' lang='lat' dir='ltr'><strong>in</strong></span> <span class='ocrx_word' id='word_1_433' title='bbox 603 2076 705 2104; x_wconf 83' lang='lat' dir='ltr'><strong>Catena</strong></span> <span class='ocrx_word' id='word_1_434' title='bbox 718 2077 746 2103; x_wconf 93' lang='lat' dir='ltr'><strong>in</strong></span> <span class='ocrx_word' id='word_1_435' title='bbox 762 2075 848 2112; x_wconf 88' lang='lat' dir='ltr'><strong>Epist.</strong></span> <span class='ocrx_word' id='word_1_436' title='bbox 865 2076 887 2103; x_wconf 93' lang='lat' dir='ltr'><strong>ll</strong></span> <span class='ocrx_word' id='word_1_437' title='bbox 903 2076 936 2104; x_wconf 92' lang='lat' dir='ltr'><strong>ad</strong></span> <span class='ocrx_word' id='word_1_438' title='bbox 954 2076 1031 2111; x_wconf 89' lang='lat' dir='ltr'><strong>Cor.,</strong></span> <span class='ocrx_word' id='word_1_439' title='bbox 1048 2078 1079 2106; x_wconf 89' lang='lat' dir='ltr'><strong>ad</strong></span> <span class='ocrx_word' id='word_1_440' title='bbox 1091 2079 1150 2107; x_wconf 63' lang='lat' dir='ltr'><strong>haec</strong></span> <span class='ocrx_word' id='word_1_441' title='bbox 1163 2081 1246 2108; x_wconf 84' lang='lat' dir='ltr'><strong>verba</strong></span> <span class='ocrx_word' id='word_1_442' title='bbox 1261 2087 1334 2108; x_wconf 90' lang='lat' dir='ltr'><strong>vers.</strong></span> <span class='ocrx_word' id='word_1_443' title='bbox 1362 2079 1395 2107; x_wconf 84' lang='grc'><strong>16</strong></span> <span class='ocrx_word' id='word_1_444' title='bbox 1412 2079 1510 2114; x_wconf 89' lang='lat' dir='ltr'><strong>capitis</strong></span> <span class='ocrx_word' id='word_1_445' title='bbox 1522 2087 1537 2106; x_wconf 80' lang='grc' dir='ltr'><strong>ν</strong></span> <span class='ocrx_word' id='word_1_446' title='bbox 1555 2088 1562 2106; x_wconf 95' lang='lat'>:</span> <span class='ocrx_word' id='word_1_447' title='bbox 1582 2079 1614 2105; x_wconf 84' lang='lat' dir='ltr'><strong>Et</strong></span> <span class='ocrx_word' id='word_1_448' title='bbox 1634 2078 1662 2105; x_wconf 82' lang='grc' dir='ltr'><strong>δὲ</strong></span> <span class='ocrx_word' id='word_1_449' title='bbox 1676 2078 1724 2104; x_wconf 78' lang='grc' dir='ltr'><strong>καὶ</strong></span> <span class='ocrx_word' id='word_1_450' title='bbox 1744 2077 1871 2112; x_wconf 75' lang='grc' dir='ltr'><strong>ἐγνώκα-</strong></span> 
     </span>
    </p>
   </div>
   <div class='ocr_carea' id='block_1_54' title="bbox 241 2111 616 2147">
    <p class='ocr_par' dir='ltr' id='par_1_54' title="bbox 241 2111 616 2147">
     <span class='ocr_line' id='line_1_54' title="bbox 241 2111 616 2147; baseline -0.003 -8"><span class='ocrx_word' id='word_1_451' title='bbox 241 2120 290 2147; x_wconf 85' lang='grc' dir='ltr'>μεν</span> <span class='ocrx_word' id='word_1_452' title='bbox 303 2111 374 2138; x_wconf 75' lang='grc' dir='ltr'>κατὰ</span> <span class='ocrx_word' id='word_1_453' title='bbox 388 2111 477 2147; x_wconf 83' lang='grc' dir='ltr'>σάρκα</span> <span class='ocrx_word' id='word_1_454' title='bbox 489 2111 616 2147; x_wconf 86' lang='grc' dir='ltr'>Χριστόν.</span> 
     </span>
    </p>
   </div>
   <div class='ocr_carea' id='block_1_55' title="bbox 275 2165 1036 2206">
    <p class='ocr_par' dir='ltr' id='par_1_55' title="bbox 275 2165 1026 2202">
     <span class='ocr_line' id='line_1_55' title="bbox 275 2165 1026 2202; baseline 0.004 -9"><span class='ocrx_word' id='word_1_455' title='bbox 275 2166 306 2194; x_wconf 84' lang='lat' dir='ltr'><strong>Et</strong></span> <span class='ocrx_word' id='word_1_456' title='bbox 321 2166 349 2194; x_wconf 91' lang='lat' dir='ltr'><strong>in</strong></span> <span class='ocrx_word' id='word_1_457' title='bbox 363 2170 479 2199; x_wconf 87' lang='lat' dir='ltr'><strong>tantum,</strong></span> <span class='ocrx_word' id='word_1_458' title='bbox 501 2166 590 2202; x_wconf 91' lang='lat' dir='ltr'><strong>inquit</strong></span> <span class='ocrx_word' id='word_1_459' title='bbox 605 2166 635 2194; x_wconf 89' lang='lat' dir='ltr'><strong>S.</strong></span> <span class='ocrx_word' id='word_1_460' title='bbox 653 2165 766 2198; x_wconf 85' lang='lat' dir='ltr'><strong>Paulus,</strong></span> <span class='ocrx_word' id='word_1_461' title='bbox 784 2175 865 2194; x_wconf 84' lang='lat' dir='ltr'><strong>nemo</strong></span> <span class='ocrx_word' id='word_1_462' title='bbox 877 2167 967 2196; x_wconf 86' lang='lat' dir='ltr'><strong>adhuc</strong></span> <span class='ocrx_word' id='word_1_463' title='bbox 982 2176 1026 2196; x_wconf 91' lang='lat' dir='ltr'><strong>se-</strong></span> 
     </span>
    </p>
   </div>
   <div class='ocr_carea' id='block_1_56' title="bbox 1107 2165 1868 2206">
    <p class='ocr_par' dir='ltr' id='par_1_56' title="bbox 1112 2168 1868 2206">
     <span class='ocr_line' id='line_1_56' title="bbox 1112 2168 1868 2206; baseline -0.003 -9"><span class='ocrx_word' id='word_1_464' title='bbox 1112 2170 1168 2197; x_wconf 83' lang='grc' dir='ltr'><strong>Καὶ</strong></span> <span class='ocrx_word' id='word_1_465' title='bbox 1186 2170 1324 2202; x_wconf 81' lang='grc' dir='ltr'>τοσοῦτον,</span> <span class='ocrx_word' id='word_1_466' title='bbox 1345 2170 1438 2206; x_wconf 69' lang='grc' dir='ltr'>φησὶν,</span> <span class='ocrx_word' id='word_1_467' title='bbox 1455 2169 1543 2201; x_wconf 69' lang='grc' dir='ltr'>οὐδεὶς</span> <span class='ocrx_word' id='word_1_468' title='bbox 1563 2169 1604 2195; x_wconf 77' lang='grc' dir='ltr'><strong>ἔτι</strong></span> <span class='ocrx_word' id='word_1_469' title='bbox 1619 2169 1689 2196; x_wconf 82' lang='grc' dir='ltr'><strong>κατὰ</strong></span> <span class='ocrx_word' id='word_1_470' title='bbox 1707 2168 1798 2204; x_wconf 81' lang='grc' dir='ltr'>σάρκα</span> <span class='ocrx_word' id='word_1_471' title='bbox 1823 2168 1868 2204; x_wconf 81' lang='grc' dir='ltr'><strong>ζῇ,</strong></span> 
     </span>
    </p>
   </div>
   <div class='ocr_carea' id='block_1_57' title="bbox 239 2209 1000 2252">
    <p class='ocr_par' dir='ltr' id='par_1_57' title="bbox 239 2211 1000 2246">
     <span class='ocr_line' id='line_1_57' title="bbox 239 2211 1000 2246; baseline 0 -6"><span class='ocrx_word' id='word_1_472' title='bbox 239 2211 359 2240; x_wconf 85' lang='lat' dir='ltr'><strong>cundum</strong></span> <span class='ocrx_word' id='word_1_473' title='bbox 390 2219 501 2239; x_wconf 87' lang='lat' dir='ltr'><strong>carnem</strong></span> <span class='ocrx_word' id='word_1_474' title='bbox 523 2212 606 2245; x_wconf 84' lang='lat' dir='ltr'><strong>vivit,</strong></span> <span class='ocrx_word' id='word_1_475' title='bbox 635 2212 707 2246; x_wconf 85' lang='lat' dir='ltr'><strong>quod</strong></span> <span class='ocrx_word' id='word_1_476' title='bbox 739 2219 794 2239; x_wconf 89' lang='lat' dir='ltr'><strong>non</strong></span> <span class='ocrx_word' id='word_1_477' title='bbox 817 2216 860 2240; x_wconf 87' lang='lat' dir='ltr'><strong>est</strong></span> <span class='ocrx_word' id='word_1_478' title='bbox 891 2213 958 2246; x_wconf 81' lang='lat' dir='ltr'><strong>vita,</strong></span> <span class='ocrx_word' id='word_1_479' title='bbox 976 2221 1000 2240; x_wconf 83' lang='lat' dir='ltr'><strong>S(</strong></span> 
     </span>
    </p>
   </div>
   <div class='ocr_carea' id='block_1_58' title="bbox 1108 2209 1869 2252">
    <p class='ocr_par' dir='ltr' id='par_1_58' title="bbox 1110 2209 1869 2252">
     <span class='ocr_line' id='line_1_58' title="bbox 1110 2209 1869 2252; baseline -0.004 -9"><span class='ocrx_word' id='word_1_480' title='bbox 1110 2217 1167 2252; x_wconf 85' lang='grc' dir='ltr'>είνη</span> <span class='ocrx_word' id='word_1_481' title='bbox 1184 2216 1238 2252; x_wconf 84' lang='grc' dir='ltr'><strong>γὰρ</strong></span> <span class='ocrx_word' id='word_1_482' title='bbox 1259 2216 1309 2243; x_wconf 82' lang='grc' dir='ltr'>οὐκ</span> <span class='ocrx_word' id='word_1_483' title='bbox 1332 2215 1390 2243; x_wconf 77' lang='grc' dir='ltr'>ἔστι</span> <span class='ocrx_word' id='word_1_484' title='bbox 1410 2216 1477 2251; x_wconf 78' lang='grc' dir='ltr'><strong>ζωὴ,</strong></span> <span class='ocrx_word' id='word_1_485' title='bbox 1495 2215 1563 2242; x_wconf 75' lang='grc' dir='ltr'>ἀλλὰ</span> <span class='ocrx_word' id='word_1_486' title='bbox 1582 2209 1707 2247; x_wconf 70' lang='grc' dir='ltr'><strong>θᾶνατος.</strong></span> <span class='ocrx_word' id='word_1_487' title='bbox 1721 2215 1764 2241; x_wconf 80' lang='grc' dir='ltr'>ὅτι</span> <span class='ocrx_word' id='word_1_488' title='bbox 1791 2214 1869 2241; x_wconf 73' lang='grc' dir='ltr'><strong>καὶὸ</strong></span> 
     </span>
    </p>
   </div>
   <div class='ocr_carea' id='block_1_59' title="bbox 239 2257 1000 2308">
    <p class='ocr_par' dir='ltr' id='par_1_59' title="bbox 239 2257 1000 2293">
     <span class='ocr_line' id='line_1_59' title="bbox 239 2257 1000 2293; baseline 0 -8"><span class='ocrx_word' id='word_1_489' title='bbox 239 2266 324 2290; x_wconf 81' lang='lat' dir='ltr'><strong>mors,</strong></span> <span class='ocrx_word' id='word_1_490' title='bbox 341 2258 368 2285; x_wconf 92' lang='lat' dir='ltr'><strong>in</strong></span> <span class='ocrx_word' id='word_1_491' title='bbox 387 2262 521 2293; x_wconf 88' lang='lat' dir='ltr'><strong>quantum</strong></span> <span class='ocrx_word' id='word_1_492' title='bbox 547 2265 599 2286; x_wconf 89' lang='lat' dir='ltr'><strong>nec</strong></span> <span class='ocrx_word' id='word_1_493' title='bbox 624 2258 684 2293; x_wconf 85' lang='lat' dir='ltr'><strong>ipse</strong></span> <span class='ocrx_word' id='word_1_494' title='bbox 712 2257 859 2286; x_wconf 84' lang='lat' dir='ltr'><strong>Christus:</strong></span> <span class='ocrx_word' id='word_1_495' title='bbox 883 2262 913 2285; x_wconf 89' lang='lat' dir='ltr'><strong>ut</strong></span> <span class='ocrx_word' id='word_1_496' title='bbox 934 2259 1000 2293; x_wconf 80' lang='lat' dir='ltr'><strong>pala:</strong></span> 
     </span>
    </p>
   </div>
   <div class='ocr_carea' id='block_1_60' title="bbox 1109 2257 1870 2308">
    <p class='ocr_par' dir='ltr' id='par_1_60' title="bbox 1109 2260 1870 2298">
     <span class='ocr_line' id='line_1_60' title="bbox 1109 2260 1870 2298; baseline -0.003 -10"><span class='ocrx_word' id='word_1_497' title='bbox 1109 2260 1208 2297; x_wconf 79' lang='grc' dir='ltr'>ριστός·</span> <span class='ocrx_word' id='word_1_498' title='bbox 1222 2262 1265 2289; x_wconf 84' lang='grc' dir='ltr'><strong>ἵνα</strong></span> <span class='ocrx_word' id='word_1_499' title='bbox 1281 2262 1354 2298; x_wconf 79' lang='grc' dir='ltr'>δείξῃ</span> <span class='ocrx_word' id='word_1_500' title='bbox 1369 2262 1410 2288; x_wconf 81' lang='grc' dir='ltr'>ὅτι</span> <span class='ocrx_word' id='word_1_501' title='bbox 1427 2262 1458 2288; x_wconf 75' lang='grc' dir='ltr'><strong>τὸ</strong></span> <span class='ocrx_word' id='word_1_502' title='bbox 1474 2261 1543 2288; x_wconf 74' lang='grc' dir='ltr'>κατὰ</span> <span class='ocrx_word' id='word_1_503' title='bbox 1567 2261 1657 2296; x_wconf 80' lang='grc' dir='ltr'><strong>σάρκα</strong></span> <span class='ocrx_word' id='word_1_504' title='bbox 1673 2260 1724 2296; x_wconf 79' lang='grc' dir='ltr'><strong>ζῇν</strong></span> <span class='ocrx_word' id='word_1_505' title='bbox 1745 2260 1870 2287; x_wconf 73' lang='grc' dir='ltr'>ἐπαύσα-</span> 
     </span>
    </p>
   </div>
   <div class='ocr_carea' id='block_1_61' title="bbox 240 2304 1001 2342">
    <p class='ocr_par' dir='ltr' id='par_1_61' title="bbox 240 2304 1001 2340">
     <span class='ocr_line' id='line_1_61' title="bbox 240 2304 1001 2340; baseline -0.003 -8"><span class='ocrx_word' id='word_1_506' title='bbox 240 2304 438 2337; x_wconf 77' lang='lat' dir='ltr'><strong>inaniiestaret,</strong></span> <span class='ocrx_word' id='word_1_507' title='bbox 455 2304 528 2340; x_wconf 89' lang='lat' dir='ltr'><strong>quod</strong></span> <span class='ocrx_word' id='word_1_508' title='bbox 551 2305 613 2332; x_wconf 84' lang='lat' dir='ltr'><strong>vitae</strong></span> <span class='ocrx_word' id='word_1_509' title='bbox 638 2305 787 2332; x_wconf 88' lang='lat' dir='ltr'><strong>secundum</strong></span> <span class='ocrx_word' id='word_1_510' title='bbox 811 2312 923 2332; x_wconf 89' lang='lat' dir='ltr'><strong>carnem</strong></span> <span class='ocrx_word' id='word_1_511' title='bbox 940 2305 1001 2340; x_wconf 53' lang='lat' dir='ltr'><strong>imp.</strong></span> 
     </span>
    </p>
   </div>
   <div class='ocr_carea' id='block_1_62' title="bbox 1108 2304 1869 2342">
    <p class='ocr_par' dir='ltr' id='par_1_62' title="bbox 1108 2305 1869 2342">
     <span class='ocr_line' id='line_1_62' title="bbox 1108 2305 1869 2342; baseline -0.004 -8"><span class='ocrx_word' id='word_1_512' title='bbox 1108 2315 1125 2329; x_wconf 60' lang='grc' dir='ltr'><strong>η’</strong></span> <span class='ocrx_word' id='word_1_513' title='bbox 1142 2307 1218 2340; x_wconf 84' lang='grc' dir='ltr'><strong>πῶς;</strong></span> <span class='ocrx_word' id='word_1_514' title='bbox 1232 2308 1262 2334; x_wconf 82' lang='grc' dir='ltr'><strong>οὐ</strong></span> <span class='ocrx_word' id='word_1_515' title='bbox 1274 2307 1304 2334; x_wconf 85' lang='grc' dir='ltr'><strong>τὺ</strong></span> <span class='ocrx_word' id='word_1_516' title='bbox 1316 2307 1395 2342; x_wconf 83' lang='grc' dir='ltr'>σῶμα</span> <span class='ocrx_word' id='word_1_517' title='bbox 1411 2307 1500 2341; x_wconf 77' lang='grc' dir='ltr'><strong>ἀφεὶς,</strong></span> <span class='ocrx_word' id='word_1_518' title='bbox 1514 2307 1602 2340; x_wconf 77' lang='grc' dir='ltr'>ἄπαγε</span> <span class='ocrx_word' id='word_1_519' title='bbox 1612 2316 1618 2321; x_wconf 93' lang='grc'><strong>·</strong></span> <span class='ocrx_word' id='word_1_520' title='bbox 1637 2306 1696 2341; x_wconf 78' lang='grc' dir='ltr'>μετ’</span> <span class='ocrx_word' id='word_1_521' title='bbox 1712 2305 1796 2332; x_wconf 70' lang='grc' dir='ltr'>αὑτοῦ</span> <span class='ocrx_word' id='word_1_522' title='bbox 1814 2305 1869 2341; x_wconf 81' lang='grc' dir='ltr'><strong>γὰρ</strong></span> 
     </span>
    </p>
   </div>
   <div class='ocr_carea' id='block_1_63' title="bbox 242 2349 1003 2389">
    <p class='ocr_par' dir='ltr' id='par_1_63' title="bbox 242 2349 1003 2385">
     <span class='ocr_line' id='line_1_63' title="bbox 242 2349 1003 2385; baseline 0 -8"><span class='ocrx_word' id='word_1_523' title='bbox 242 2350 344 2377; x_wconf 88' lang='lat' dir='ltr'><strong>suisset</strong></span> <span class='ocrx_word' id='word_1_524' title='bbox 366 2350 456 2378; x_wconf 80' lang='lat' dir='ltr'><strong>linem.</strong></span> <span class='ocrx_word' id='word_1_525' title='bbox 475 2349 637 2383; x_wconf 85' lang='lat' dir='ltr'><strong>Quomodo?</strong></span> <span class='ocrx_word' id='word_1_526' title='bbox 649 2349 709 2377; x_wconf 87' lang='lat' dir='ltr'><strong>Non</strong></span> <span class='ocrx_word' id='word_1_527' title='bbox 729 2357 830 2385; x_wconf 89' lang='lat' dir='ltr'><strong>corpus</strong></span> <span class='ocrx_word' id='word_1_528' title='bbox 845 2358 960 2382; x_wconf 77' lang='lat' dir='ltr'><strong>exuens,</strong></span> <span class='ocrx_word' id='word_1_529' title='bbox 975 2350 1003 2377; x_wconf 89' lang='lat' dir='ltr'><strong>al</strong></span> 
     </span>
    </p>
   </div>
   <div class='ocr_carea' id='block_1_64' title="bbox 1108 2349 1869 2389">
    <p class='ocr_par' dir='ltr' id='par_1_64' title="bbox 1108 2351 1869 2389">
     <span class='ocr_line' id='line_1_64' title="bbox 1108 2351 1869 2389; baseline -0.004 -9"><span class='ocrx_word' id='word_1_530' title='bbox 1108 2355 1138 2387; x_wconf 71' lang='grc' dir='ltr'>ξει</span> <span class='ocrx_word' id='word_1_531' title='bbox 1159 2353 1197 2385; x_wconf 83' lang='grc' dir='ltr'><strong>ὡς</strong></span> <span class='ocrx_word' id='word_1_532' title='bbox 1225 2353 1290 2380; x_wconf 79' lang='grc' dir='ltr'>ἰδίου</span> <span class='ocrx_word' id='word_1_533' title='bbox 1313 2353 1408 2389; x_wconf 83' lang='grc' dir='ltr'>κριτὴς</span> <span class='ocrx_word' id='word_1_534' title='bbox 1432 2353 1572 2385; x_wconf 81' lang='grc' dir='ltr'><strong>ἁπάντων,</strong></span> <span class='ocrx_word' id='word_1_535' title='bbox 1586 2351 1654 2379; x_wconf 83' lang='grc' dir='ltr'>ἀλλὰ</span> <span class='ocrx_word' id='word_1_536' title='bbox 1670 2352 1724 2378; x_wconf 79' lang='grc' dir='ltr'>τῶν</span> <span class='ocrx_word' id='word_1_537' title='bbox 1741 2351 1869 2386; x_wconf 76' lang='grc' dir='ltr'>φυσικῶν</span> 
     </span>
    </p>
   </div>
   <div class='ocr_carea' id='block_1_65' title="bbox 239 2395 1000 2434">
    <p class='ocr_par' dir='ltr' id='par_1_65' title="bbox 239 2395 1000 2431">
     <span class='ocr_line' id='line_1_65' title="bbox 239 2395 1000 2431; baseline 0 -9"><span class='ocrx_word' id='word_1_538' title='bbox 239 2395 291 2422; x_wconf 83' lang='lat' dir='ltr'><strong>sit!</strong></span> <span class='ocrx_word' id='word_1_539' title='bbox 305 2395 373 2422; x_wconf 87' lang='lat' dir='ltr'><strong>Nam</strong></span> <span class='ocrx_word' id='word_1_540' title='bbox 386 2403 448 2423; x_wconf 86' lang='lat' dir='ltr'><strong>cum</strong></span> <span class='ocrx_word' id='word_1_541' title='bbox 465 2396 525 2430; x_wconf 89' lang='lat' dir='ltr'><strong>ipso</strong></span> <span class='ocrx_word' id='word_1_542' title='bbox 539 2397 651 2431; x_wconf 88' lang='lat' dir='ltr'><strong>proprio</strong></span> <span class='ocrx_word' id='word_1_543' title='bbox 665 2403 781 2431; x_wconf 85' lang='lat' dir='ltr'><strong>corpore</strong></span> <span class='ocrx_word' id='word_1_544' title='bbox 796 2403 848 2423; x_wconf 91' lang='lat' dir='ltr'><strong>suo</strong></span> <span class='ocrx_word' id='word_1_545' title='bbox 872 2396 962 2423; x_wconf 84' lang='lat' dir='ltr'><strong>veniet</strong></span> <span class='ocrx_word' id='word_1_546' title='bbox 976 2395 1000 2422; x_wconf 78' lang='lat' dir='ltr'><strong>Ju</strong></span> 
     </span>
    </p>
   </div>
   <div class='ocr_carea' id='block_1_66' title="bbox 1107 2395 1868 2434">
    <p class='ocr_par' dir='ltr' id='par_1_66' title="bbox 1107 2397 1868 2434">
     <span class='ocr_line' id='line_1_66' title="bbox 1107 2397 1868 2434; baseline -0.001 -9"><span class='ocrx_word' id='word_1_547' title='bbox 1107 2399 1246 2434; x_wconf 76' lang='grc' dir='ltr'>ταλλαγεὶς</span> <span class='ocrx_word' id='word_1_548' title='bbox 1260 2399 1365 2432; x_wconf 83' lang='grc' dir='ltr'>παθῶν,</span> <span class='ocrx_word' id='word_1_549' title='bbox 1381 2397 1437 2427; x_wconf 84' lang='grc' dir='ltr'>οἷον</span> <span class='ocrx_word' id='word_1_550' title='bbox 1452 2399 1549 2434; x_wconf 81' lang='grc' dir='ltr'>πείνης</span> <span class='ocrx_word' id='word_1_551' title='bbox 1562 2399 1609 2426; x_wconf 74' lang='grc' dir='ltr'><strong>καὶ</strong></span> <span class='ocrx_word' id='word_1_552' title='bbox 1621 2398 1700 2434; x_wconf 48' lang='lat' dir='ltr'><strong>itala;</strong></span> <span class='ocrx_word' id='word_1_553' title='bbox 1715 2399 1763 2425; x_wconf 80' lang='grc' dir='ltr'><strong>καὶ</strong></span> <span class='ocrx_word' id='word_1_554' title='bbox 1778 2398 1868 2424; x_wconf 78' lang='grc' dir='ltr'>ὕπνου</span> 
     </span>
    </p>
   </div>
   <div class='ocr_carea' id='block_1_67' title="bbox 239 2441 1000 2480">
    <p class='ocr_par' dir='ltr' id='par_1_67' title="bbox 239 2441 999 2477">
     <span class='ocr_line' id='line_1_67' title="bbox 239 2441 999 2477; baseline 0.003 -10"><span class='ocrx_word' id='word_1_555' title='bbox 239 2441 291 2468; x_wconf 82' lang='lat' dir='ltr'><strong>dex</strong></span> <span class='ocrx_word' id='word_1_556' title='bbox 307 2442 439 2474; x_wconf 88' lang='lat' dir='ltr'><strong>omnium;</strong></span> <span class='ocrx_word' id='word_1_557' title='bbox 456 2442 584 2470; x_wconf 90' lang='lat' dir='ltr'><strong>omnibus</strong></span> <span class='ocrx_word' id='word_1_558' title='bbox 600 2446 690 2469; x_wconf 87' lang='lat' dir='ltr'><strong>autem</strong></span> <span class='ocrx_word' id='word_1_559' title='bbox 707 2441 913 2469; x_wconf 74' lang='lat' dir='ltr'><strong>infirmitatibus</strong></span> <span class='ocrx_word' id='word_1_560' title='bbox 930 2441 999 2477; x_wconf 79' lang='lat' dir='ltr'><strong>phys</strong></span> 
     </span>
    </p>
   </div>
   <div class='ocr_carea' id='block_1_68' title="bbox 1106 2441 1867 2480">
    <p class='ocr_par' dir='ltr' id='par_1_68' title="bbox 1106 2443 1867 2480">
     <span class='ocr_line' id='line_1_68' title="bbox 1106 2443 1867 2480; baseline -0.004 -8"><span class='ocrx_word' id='word_1_561' title='bbox 1106 2445 1126 2471; x_wconf 81' lang='grc' dir='ltr'>ιὶ</span> <span class='ocrx_word' id='word_1_562' title='bbox 1141 2445 1236 2472; x_wconf 83' lang='grc' dir='ltr'>κόπου·</span> <span class='ocrx_word' id='word_1_563' title='bbox 1246 2445 1294 2472; x_wconf 79' lang='grc' dir='ltr'>νῦν</span> <span class='ocrx_word' id='word_1_564' title='bbox 1307 2444 1362 2480; x_wconf 83' lang='grc' dir='ltr'><strong>γὰρ</strong></span> <span class='ocrx_word' id='word_1_565' title='bbox 1373 2444 1476 2476; x_wconf 83' lang='grc' dir='ltr'><strong>ἀπαθὲς</strong></span> <span class='ocrx_word' id='word_1_566' title='bbox 1492 2445 1538 2472; x_wconf 77' lang='grc' dir='ltr'><strong>καὶ</strong></span> <span class='ocrx_word' id='word_1_567' title='bbox 1552 2445 1690 2480; x_wconf 82' lang='grc' dir='ltr'><strong>ἀκήρατον</strong></span> <span class='ocrx_word' id='word_1_568' title='bbox 1704 2444 1760 2479; x_wconf 78' lang='grc' dir='ltr'>ἔχει</span> <span class='ocrx_word' id='word_1_569' title='bbox 1773 2443 1867 2478; x_wconf 51' lang='lat' dir='ltr'><strong>eam.</strong></span> 
     </span>
    </p>
   </div>
   <div class='ocr_carea' id='block_1_69' title="bbox 239 2485 1867 2524">
    <p class='ocr_par' dir='ltr' id='par_1_69' title="bbox 239 2485 1867 2524">
     <span class='ocr_line' id='line_1_69' title="bbox 239 2485 1867 2524; baseline 0.002 -11"><span class='ocrx_word' id='word_1_570' title='bbox 239 2486 280 2514; x_wconf 88' lang='lat' dir='ltr'><strong>cis</strong></span> <span class='ocrx_word' id='word_1_571' title='bbox 312 2485 465 2521; x_wconf 79' lang='lat' dir='ltr'><strong>expeditus,</strong></span> <span class='ocrx_word' id='word_1_572' title='bbox 499 2486 570 2514; x_wconf 77' lang='lat' dir='ltr'><strong>fame</strong></span> <span class='ocrx_word' id='word_1_573' title='bbox 591 2486 705 2520; x_wconf 87' lang='lat' dir='ltr'><strong>scilicet,</strong></span> <span class='ocrx_word' id='word_1_574' title='bbox 722 2487 780 2519; x_wconf 89' lang='lat' dir='ltr'><strong>siti,</strong></span> <span class='ocrx_word' id='word_1_575' title='bbox 820 2493 917 2514; x_wconf 86' lang='lat' dir='ltr'><strong>somno</strong></span> <span class='ocrx_word' id='word_1_576' title='bbox 943 2494 975 2513; x_wconf 86' lang='lat' dir='ltr'><strong>ac</strong></span> <span class='ocrx_word' id='word_1_577' title='bbox 997 2486 1179 2518; x_wconf 88' lang='lat' dir='ltr'><strong>lassitudine:</strong></span> <span class='ocrx_word' id='word_1_578' title='bbox 1197 2496 1271 2517; x_wconf 91' lang='lat' dir='ltr'><strong>nunc</strong></span> <span class='ocrx_word' id='word_1_579' title='bbox 1291 2489 1364 2517; x_wconf 89' lang='lat' dir='ltr'><strong>enim</strong></span> <span class='ocrx_word' id='word_1_580' title='bbox 1386 2489 1554 2524; x_wconf 84' lang='lat' dir='ltr'><strong>impassibile</strong></span> <span class='ocrx_word' id='word_1_581' title='bbox 1580 2492 1607 2517; x_wconf 89' lang='lat' dir='ltr'><strong>et</strong></span> <span class='ocrx_word' id='word_1_582' title='bbox 1634 2489 1778 2516; x_wconf 88' lang='lat' dir='ltr'><strong>doloribus</strong></span> <span class='ocrx_word' id='word_1_583' title='bbox 1812 2488 1867 2516; x_wconf 79' lang='lat' dir='ltr'><strong>im-</strong></span> 
     </span>
    </p>
   </div>
   <div class='ocr_carea' id='block_1_70' title="bbox 239 2532 546 2566">
    <p class='ocr_par' dir='ltr' id='par_1_70' title="bbox 239 2532 546 2566">
     <span class='ocr_line' id='line_1_70' title="bbox 239 2532 546 2566; baseline 0.003 -7"><span class='ocrx_word' id='word_1_584' title='bbox 239 2539 322 2559; x_wconf 88' lang='lat' dir='ltr'><strong>mune</strong></span> <span class='ocrx_word' id='word_1_585' title='bbox 340 2539 442 2566; x_wconf 85' lang='lat' dir='ltr'><strong>corpus</strong></span> <span class='ocrx_word' id='word_1_586' title='bbox 453 2532 546 2560; x_wconf 84' lang='lat' dir='ltr'><strong>habet.</strong></span> 
     </span>
    </p>
   </div>
   <div class='ocr_carea' id='block_1_71' title="bbox 274 2587 1035 2625">
    <p class='ocr_par' dir='ltr' id='par_1_71' title="bbox 274 2588 1025 2624">
     <span class='ocr_line' id='line_1_71' title="bbox 274 2588 1025 2624; baseline 0.001 -9"><span class='ocrx_word' id='word_1_587' title='bbox 274 2588 509 2622; x_wconf 87' lang='lat' dir='ltr'><strong>Quemadmodum</strong></span> <span class='ocrx_word' id='word_1_588' title='bbox 522 2589 594 2624; x_wconf 87' lang='lat' dir='ltr'><strong>apud</strong></span> <span class='ocrx_word' id='word_1_589' title='bbox 606 2597 655 2617; x_wconf 90' lang='lat' dir='ltr'><strong>nos</strong></span> <span class='ocrx_word' id='word_1_590' title='bbox 664 2589 814 2617; x_wconf 87' lang='lat' dir='ltr'><strong>secundum</strong></span> <span class='ocrx_word' id='word_1_591' title='bbox 826 2597 938 2616; x_wconf 88' lang='lat' dir='ltr'><strong>carncm</strong></span> <span class='ocrx_word' id='word_1_592' title='bbox 952 2597 1025 2621; x_wconf 86' lang='lat' dir='ltr'><strong>esse,</strong></span> 
     </span>
    </p>
   </div>
   <div class='ocr_carea' id='block_1_72' title="bbox 1104 2587 1865 2625">
    <p class='ocr_par' dir='ltr' id='par_1_72' title="bbox 1113 2587 1865 2625">
     <span class='ocr_line' id='line_1_72' title="bbox 1113 2587 1865 2625; baseline 0 -9"><span class='ocrx_word' id='word_1_593' title='bbox 1113 2590 1219 2624; x_wconf 83' lang='grc' dir='ltr'>Ὥσπερ</span> <span class='ocrx_word' id='word_1_594' title='bbox 1232 2587 1266 2625; x_wconf 80' lang='grc' dir='ltr'>ἦν</span> <span class='ocrx_word' id='word_1_595' title='bbox 1279 2589 1343 2625; x_wconf 83' lang='lat' dir='ltr'><strong>[leg.</strong></span> <span class='ocrx_word' id='word_1_596' title='bbox 1361 2587 1451 2624; x_wconf 82' lang='grc' dir='ltr'>ἡμῶν]</span> <span class='ocrx_word' id='word_1_597' title='bbox 1467 2589 1498 2615; x_wconf 83' lang='grc' dir='ltr'><strong>τὸ</strong></span> <span class='ocrx_word' id='word_1_598' title='bbox 1517 2588 1586 2615; x_wconf 80' lang='grc' dir='ltr'>κατὰ</span> <span class='ocrx_word' id='word_1_599' title='bbox 1601 2589 1702 2624; x_wconf 81' lang='grc' dir='ltr'>σάρκα,</span> <span class='ocrx_word' id='word_1_600' title='bbox 1717 2590 1777 2615; x_wconf 76' lang='grc' dir='ltr'>ἐστὶ</span> <span class='ocrx_word' id='word_1_601' title='bbox 1791 2589 1824 2616; x_wconf 78' lang='grc' dir='ltr'><strong>τὸ</strong></span> <span class='ocrx_word' id='word_1_602' title='bbox 1838 2591 1865 2616; x_wconf 70' lang='grc' dir='ltr'>ἐν</span> 
     </span>
    </p>
   </div>
   <div class='ocr_carea' id='block_1_73' title="bbox 241 2634 1002 2671">
    <p class='ocr_par' dir='ltr' id='par_1_73' title="bbox 241 2634 1002 2670">
     <span class='ocr_line' id='line_1_73' title="bbox 241 2634 1002 2670; baseline -0.001 -9"><span class='ocrx_word' id='word_1_603' title='bbox 241 2634 342 2661; x_wconf 88' lang='lat' dir='ltr'><strong>dicitur</strong></span> <span class='ocrx_word' id='word_1_604' title='bbox 355 2642 416 2662; x_wconf 89' lang='lat' dir='ltr'><strong>esse</strong></span> <span class='ocrx_word' id='word_1_605' title='bbox 432 2634 459 2661; x_wconf 96' lang='lat' dir='ltr'><strong>in</strong></span> <span class='ocrx_word' id='word_1_606' title='bbox 476 2635 610 2670; x_wconf 87' lang='lat' dir='ltr'><strong>peccatis;</strong></span> <span class='ocrx_word' id='word_1_607' title='bbox 635 2639 662 2662; x_wconf 87' lang='lat' dir='ltr'><strong>et</strong></span> <span class='ocrx_word' id='word_1_608' title='bbox 675 2636 735 2663; x_wconf 90' lang='lat' dir='ltr'><strong>sine</strong></span> <span class='ocrx_word' id='word_1_609' title='bbox 753 2635 797 2662; x_wconf 89' lang='lat' dir='ltr'><strong>his</strong></span> <span class='ocrx_word' id='word_1_610' title='bbox 825 2642 897 2667; x_wconf 88' lang='lat' dir='ltr'><strong>esse,</strong></span> <span class='ocrx_word' id='word_1_611' title='bbox 925 2634 1002 2661; x_wconf 80' lang='lat' dir='ltr'><strong>dicitt</strong></span> 
     </span>
    </p>
   </div>
   <div class='ocr_carea' id='block_1_74' title="bbox 1104 2634 1865 2671">
    <p class='ocr_par' dir='ltr' id='par_1_74' title="bbox 1104 2634 1865 2671">
     <span class='ocr_line' id='line_1_74' title="bbox 1104 2634 1865 2671; baseline 0 -9"><span class='ocrx_word' id='word_1_612' title='bbox 1104 2635 1283 2670; x_wconf 76' lang='grc' dir='ltr'><strong>ιαρτῐαις,καὶ</strong></span> <span class='ocrx_word' id='word_1_613' title='bbox 1292 2635 1322 2661; x_wconf 81' lang='grc' dir='ltr'>τὸ</span> <span class='ocrx_word' id='word_1_614' title='bbox 1329 2634 1381 2667; x_wconf 74' lang='grc' dir='ltr'><strong>ἔξω</strong></span> <span class='ocrx_word' id='word_1_615' title='bbox 1389 2634 1490 2661; x_wconf 77' lang='grc' dir='ltr'>τούτων</span> <span class='ocrx_word' id='word_1_616' title='bbox 1501 2634 1530 2660; x_wconf 76' lang='grc' dir='ltr'>οὗ</span> <span class='ocrx_word' id='word_1_617' title='bbox 1540 2634 1611 2660; x_wconf 83' lang='grc' dir='ltr'>κατὰ</span> <span class='ocrx_word' id='word_1_618' title='bbox 1622 2634 1722 2671; x_wconf 75' lang='grc' dir='ltr'>σάρκα·</span> <span class='ocrx_word' id='word_1_619' title='bbox 1735 2634 1807 2661; x_wconf 73' lang='grc' dir='ltr'>οὕτω</span> <span class='ocrx_word' id='word_1_620' title='bbox 1819 2636 1865 2662; x_wconf 74' lang='grc' dir='ltr'><strong>καὶ</strong></span> 
     </span>
    </p>
   </div>
   <div class='ocr_carea' id='block_1_75' title="bbox 241 2679 1002 2717">
    <p class='ocr_par' dir='ltr' id='par_1_75' title="bbox 241 2679 1002 2715">
     <span class='ocr_line' id='line_1_75' title="bbox 241 2679 1002 2715; baseline 0.001 -10"><span class='ocrx_word' id='word_1_621' title='bbox 241 2681 380 2709; x_wconf 72' lang='lat' dir='ltr'><strong>essetnon</strong></span> <span class='ocrx_word' id='word_1_622' title='bbox 400 2679 550 2706; x_wconf 90' lang='lat' dir='ltr'><strong>secundum</strong></span> <span class='ocrx_word' id='word_1_623' title='bbox 576 2687 687 2708; x_wconf 79' lang='lat' dir='ltr'><strong>carnem</strong></span> <span class='ocrx_word' id='word_1_624' title='bbox 719 2690 725 2708; x_wconf 87' lang='lat'>:</span> <span class='ocrx_word' id='word_1_625' title='bbox 757 2681 795 2707; x_wconf 89' lang='lat' dir='ltr'><strong>ita</strong></span> <span class='ocrx_word' id='word_1_626' title='bbox 822 2688 932 2715; x_wconf 86' lang='lat' dir='ltr'><strong>quoque</strong></span> <span class='ocrx_word' id='word_1_627' title='bbox 953 2687 1002 2714; x_wconf 88' lang='lat' dir='ltr'><strong>apu</strong></span> 
     </span>
    </p>
   </div>
   <div class='ocr_carea' id='block_1_76' title="bbox 1102 2679 1863 2717">
    <p class='ocr_par' dir='ltr' id='par_1_76' title="bbox 1102 2680 1863 2717">
     <span class='ocr_line' id='line_1_76' title="bbox 1102 2680 1863 2717; baseline 0 -10"><span class='ocrx_word' id='word_1_628' title='bbox 1102 2680 1193 2717; x_wconf 79' lang='grc' dir='ltr'>ριστοῦ</span> <span class='ocrx_word' id='word_1_629' title='bbox 1201 2681 1232 2707; x_wconf 83' lang='grc' dir='ltr'><strong>τὸ</strong></span> <span class='ocrx_word' id='word_1_630' title='bbox 1243 2680 1313 2707; x_wconf 79' lang='grc' dir='ltr'>κατὰ</span> <span class='ocrx_word' id='word_1_631' title='bbox 1321 2680 1419 2716; x_wconf 83' lang='grc' dir='ltr'><strong>σάρκα,</strong></span> <span class='ocrx_word' id='word_1_632' title='bbox 1428 2680 1459 2706; x_wconf 82' lang='grc' dir='ltr'><strong>τὸ</strong></span> <span class='ocrx_word' id='word_1_633' title='bbox 1468 2680 1552 2707; x_wconf 76' lang='grc' dir='ltr'>εἴκειν</span> <span class='ocrx_word' id='word_1_634' title='bbox 1559 2681 1614 2711; x_wconf 85' lang='grc' dir='ltr'>τοῖς</span> <span class='ocrx_word' id='word_1_635' title='bbox 1622 2682 1747 2714; x_wconf 82' lang='grc' dir='ltr'>φυσικοῖς</span> <span class='ocrx_word' id='word_1_636' title='bbox 1755 2680 1863 2707; x_wconf 71' lang='grc' dir='ltr'>πάθεσι·</span> 
     </span>
    </p>
   </div>
   <div class='ocr_carea' id='block_1_77' title="bbox 241 2723 1002 2763">
    <p class='ocr_par' dir='ltr' id='par_1_77' title="bbox 241 2723 1001 2756">
     <span class='ocr_line' id='line_1_77' title="bbox 241 2723 1001 2756; baseline 0 -5"><span class='ocrx_word' id='word_1_637' title='bbox 241 2723 381 2751; x_wconf 87' lang='lat' dir='ltr'><strong>Christum</strong></span> <span class='ocrx_word' id='word_1_638' title='bbox 394 2725 544 2752; x_wconf 86' lang='lat' dir='ltr'><strong>secundum</strong></span> <span class='ocrx_word' id='word_1_639' title='bbox 558 2733 668 2753; x_wconf 88' lang='lat' dir='ltr'><strong>carnem</strong></span> <span class='ocrx_word' id='word_1_640' title='bbox 686 2733 748 2754; x_wconf 88' lang='lat' dir='ltr'><strong>esse</strong></span> <span class='ocrx_word' id='word_1_641' title='bbox 765 2725 876 2756; x_wconf 80' lang='lat' dir='ltr'><strong>dicitur,</strong></span> <span class='ocrx_word' id='word_1_642' title='bbox 895 2725 1001 2752; x_wconf 86' lang='lat' dir='ltr'><strong>natural</strong></span> 
     </span>
    </p>
   </div>
   <div class='ocr_carea' id='block_1_78' title="bbox 1101 2723 1862 2763">
    <p class='ocr_par' dir='ltr' id='par_1_78' title="bbox 1101 2725 1862 2763">
     <span class='ocr_line' id='line_1_78' title="bbox 1101 2725 1862 2763; baseline 0 -11"><span class='ocrx_word' id='word_1_643' title='bbox 1101 2736 1106 2752; x_wconf 82' lang='grc'><em>›</em></span> <span class='ocrx_word' id='word_1_644' title='bbox 1123 2727 1160 2763; x_wconf 82' lang='grc' dir='ltr'>μὴ</span> <span class='ocrx_word' id='word_1_645' title='bbox 1174 2727 1260 2753; x_wconf 75' lang='grc' dir='ltr'>εἴκειν</span> <span class='ocrx_word' id='word_1_646' title='bbox 1272 2726 1300 2752; x_wconf 83' lang='grc' dir='ltr'><strong>δὲ</strong></span> <span class='ocrx_word' id='word_1_647' title='bbox 1312 2726 1343 2752; x_wconf 85' lang='grc' dir='ltr'>οὑ</span> <span class='ocrx_word' id='word_1_648' title='bbox 1354 2726 1423 2753; x_wconf 80' lang='grc' dir='ltr'><strong>κατὰ</strong></span> <span class='ocrx_word' id='word_1_649' title='bbox 1436 2725 1534 2762; x_wconf 78' lang='grc' dir='ltr'>σάρκα.</span> <span class='ocrx_word' id='word_1_650' title='bbox 1558 2726 1627 2752; x_wconf 82' lang='grc' dir='ltr'>Ἀλλ’</span> <span class='ocrx_word' id='word_1_651' title='bbox 1636 2726 1745 2762; x_wconf 78' lang='grc' dir='ltr'>ὥσπερ.</span> <span class='ocrx_word' id='word_1_652' title='bbox 1768 2727 1862 2762; x_wconf 55' lang='grc' dir='ltr'><strong>φησὶν,</strong></span> 
     </span>
    </p>
   </div>
   <div class='ocr_carea' id='block_1_79' title="bbox 241 2767 1002 2808">
    <p class='ocr_par' dir='ltr' id='par_1_79' title="bbox 241 2767 1002 2805">
     <span class='ocr_line' id='line_1_79' title="bbox 241 2767 1002 2805; baseline 0.004 -10"><span class='ocrx_word' id='word_1_653' title='bbox 241 2767 294 2796; x_wconf 85' lang='lat' dir='ltr'><strong>bus</strong></span> <span class='ocrx_word' id='word_1_654' title='bbox 308 2768 406 2803; x_wconf 83' lang='lat' dir='ltr'><strong>subjici</strong></span> <span class='ocrx_word' id='word_1_655' title='bbox 437 2768 641 2803; x_wconf 81' lang='lat' dir='ltr'><strong>aﬂ&#39;ectionibus;</strong></span> <span class='ocrx_word' id='word_1_656' title='bbox 657 2778 711 2798; x_wconf 90' lang='lat' dir='ltr'><strong>non</strong></span> <span class='ocrx_word' id='word_1_657' title='bbox 741 2771 839 2805; x_wconf 77' lang='lat' dir='ltr'><strong>subjici</strong></span> <span class='ocrx_word' id='word_1_658' title='bbox 865 2779 939 2804; x_wconf 81' lang='lat' dir='ltr'><strong>vero,</strong></span> <span class='ocrx_word' id='word_1_659' title='bbox 965 2779 1002 2799; x_wconf 68' lang='lat' dir='ltr'><strong>est</strong></span> 
     </span>
    </p>
   </div>
   <div class='ocr_carea' id='block_1_80' title="bbox 1102 2767 1863 2808">
    <p class='ocr_par' dir='ltr' id='par_1_80' title="bbox 1102 2771 1863 2808">
     <span class='ocr_line' id='line_1_80' title="bbox 1102 2771 1863 2808; baseline 0 -10"><span class='ocrx_word' id='word_1_660' title='bbox 1102 2774 1178 2804; x_wconf 63' lang='grc' dir='ltr'>ξεῖνος</span> <span class='ocrx_word' id='word_1_661' title='bbox 1189 2772 1350 2808; x_wconf 77' lang='grc' dir='ltr'><strong>ἀπηλλάγη,</strong></span> <span class='ocrx_word' id='word_1_662' title='bbox 1367 2771 1438 2798; x_wconf 69' lang='grc' dir='ltr'><strong>οὕτω</strong></span> <span class='ocrx_word' id='word_1_663' title='bbox 1457 2772 1505 2799; x_wconf 76' lang='grc' dir='ltr'><strong>καὶ</strong></span> <span class='ocrx_word' id='word_1_664' title='bbox 1530 2773 1619 2807; x_wconf 78' lang='grc' dir='ltr'><strong>ἡμεῖς·</strong></span> <span class='ocrx_word' id='word_1_665' title='bbox 1641 2773 1752 2803; x_wconf 73' lang='grc' dir='ltr'><strong>Οὐκέτι,</strong></span> <span class='ocrx_word' id='word_1_666' title='bbox 1771 2773 1863 2807; x_wconf 76' lang='grc' dir='ltr'>φησὶν,</span> 
     </span>
    </p>
   </div>
   <div class='ocr_carea' id='block_1_81' title="bbox 242 2815 1003 2855">
    <p class='ocr_par' dir='ltr' id='par_1_81' title="bbox 242 2815 1003 2852">
     <span class='ocr_line' id='line_1_81' title="bbox 242 2815 1003 2852; baseline 0.001 -11"><span class='ocrx_word' id='word_1_667' title='bbox 242 2822 296 2852; x_wconf 85' lang='lat' dir='ltr'><strong>non</strong></span> <span class='ocrx_word' id='word_1_668' title='bbox 320 2815 471 2842; x_wconf 87' lang='lat' dir='ltr'><strong>secundum</strong></span> <span class='ocrx_word' id='word_1_669' title='bbox 494 2823 615 2843; x_wconf 89' lang='lat' dir='ltr'><strong>carnem.</strong></span> <span class='ocrx_word' id='word_1_670' title='bbox 642 2815 694 2843; x_wconf 90' lang='lat' dir='ltr'><strong>Sed</strong></span> <span class='ocrx_word' id='word_1_671' title='bbox 717 2816 944 2851; x_wconf 87' lang='lat' dir='ltr'><strong>quemadmodum</strong></span> <span class='ocrx_word' id='word_1_672' title='bbox 969 2817 1003 2843; x_wconf 59' lang='lat' dir='ltr'><strong>illi</strong></span> 
     </span>
    </p>
   </div>
   <div class='ocr_carea' id='block_1_82' title="bbox 1101 2815 1862 2855">
    <p class='ocr_par' dir='ltr' id='par_1_82' title="bbox 1102 2818 1862 2855">
     <span class='ocr_line' id='line_1_82' title="bbox 1102 2818 1862 2855; baseline 0.003 -11"><span class='ocrx_word' id='word_1_673' title='bbox 1102 2827 1130 2844; x_wconf 83' lang='grc' dir='ltr'><strong>εν</strong></span> <span class='ocrx_word' id='word_1_674' title='bbox 1153 2818 1311 2854; x_wconf 79' lang='grc' dir='ltr'>ἐμπαθητὸν</span> <span class='ocrx_word' id='word_1_675' title='bbox 1339 2818 1428 2854; x_wconf 78' lang='grc' dir='ltr'>σαρκί.</span> <span class='ocrx_word' id='word_1_676' title='bbox 1445 2818 1523 2846; x_wconf 77' lang='grc' dir='ltr'><strong>Οὕτω</strong></span> <span class='ocrx_word' id='word_1_677' title='bbox 1545 2819 1592 2845; x_wconf 71' lang='grc' dir='ltr'>καὶ</span> <span class='ocrx_word' id='word_1_678' title='bbox 1616 2819 1630 2845; x_wconf 82' lang='grc' dir='ltr'>ὁ</span> <span class='ocrx_word' id='word_1_679' title='bbox 1652 2819 1772 2855; x_wconf 75' lang='grc' dir='ltr'><strong>Κλήμης</strong></span> <span class='ocrx_word' id='word_1_680' title='bbox 1791 2819 1822 2846; x_wconf 77' lang='grc' dir='ltr'>ὲν</span> <span class='ocrx_word' id='word_1_681' title='bbox 1840 2818 1862 2846; x_wconf 78' lang='grc' dir='ltr'><strong>δ’</strong></span> 
     </span>
    </p>
   </div>
   <div class='ocr_carea' id='block_1_83' title="bbox 241 2860 1002 2897">
    <p class='ocr_par' dir='ltr' id='par_1_83' title="bbox 241 2860 1000 2897">
     <span class='ocr_line' id='line_1_83' title="bbox 241 2860 1000 2897; baseline 0.004 -11"><span class='ocrx_word' id='word_1_682' title='bbox 241 2860 341 2895; x_wconf 83' lang='lat' dir='ltr'><strong>inquit,</strong></span> <span class='ocrx_word' id='word_1_683' title='bbox 355 2861 486 2890; x_wconf 88' lang='lat' dir='ltr'><strong>liberatus</strong></span> <span class='ocrx_word' id='word_1_684' title='bbox 502 2867 553 2895; x_wconf 85' lang='lat' dir='ltr'><strong>est,</strong></span> <span class='ocrx_word' id='word_1_685' title='bbox 575 2862 616 2890; x_wconf 91' lang='lat' dir='ltr'><strong>sic</strong></span> <span class='ocrx_word' id='word_1_686' title='bbox 638 2865 665 2889; x_wconf 91' lang='lat' dir='ltr'><strong>et</strong></span> <span class='ocrx_word' id='word_1_687' title='bbox 685 2870 745 2890; x_wconf 92' lang='lat' dir='ltr'><strong>nos.</strong></span> <span class='ocrx_word' id='word_1_688' title='bbox 767 2861 827 2889; x_wconf 79' lang='lat' dir='ltr'><strong>Jam</strong></span> <span class='ocrx_word' id='word_1_689' title='bbox 844 2870 909 2895; x_wconf 81' lang='lat' dir='ltr'><strong>non,</strong></span> <span class='ocrx_word' id='word_1_690' title='bbox 924 2863 1000 2897; x_wconf 90' lang='lat' dir='ltr'><strong>inqui</strong></span> 
     </span>
    </p>
   </div>
   <div class='ocr_carea' id='block_1_84' title="bbox 556 2860 1317 2897">
    <p class='ocr_par' dir='ltr' id='par_1_84' title="bbox 575 2861 1317 2897">
     <span class='ocr_line' id='line_1_84' title="bbox 575 2861 1317 2897; baseline 0.001 -8"><span class='ocrx_word' id='word_1_691' title='bbox 575 2862 616 2890; x_wconf 91' lang='lat' dir='ltr'><strong>sic</strong></span> <span class='ocrx_word' id='word_1_692' title='bbox 638 2865 665 2889; x_wconf 91' lang='lat' dir='ltr'><strong>et</strong></span> <span class='ocrx_word' id='word_1_693' title='bbox 685 2870 745 2890; x_wconf 92' lang='lat' dir='ltr'><strong>nos.</strong></span> <span class='ocrx_word' id='word_1_694' title='bbox 767 2861 827 2889; x_wconf 79' lang='lat' dir='ltr'><strong>Jam</strong></span> <span class='ocrx_word' id='word_1_695' title='bbox 844 2870 909 2895; x_wconf 81' lang='lat' dir='ltr'><strong>non,</strong></span> <span class='ocrx_word' id='word_1_696' title='bbox 924 2863 1023 2897; x_wconf 84' lang='lat' dir='ltr'><strong>inquit,</strong></span> <span class='ocrx_word' id='word_1_697' title='bbox 1083 2863 1317 2891; x_wconf 76' lang='grc' dir='ltr'><strong>Ὑποτυπώσεων.</strong></span> 
     </span>
    </p>
   </div>
   <div class='ocr_carea' id='block_1_85' title="bbox 241 2906 1186 2944">
    <p class='ocr_par' dir='ltr' id='par_1_85' title="bbox 241 2906 1186 2944">
     <span class='ocr_line' id='line_1_85' title="bbox 241 2906 1186 2944; baseline 0.005 -12"><span class='ocrx_word' id='word_1_698' title='bbox 241 2906 316 2933; x_wconf 80' lang='lat' dir='ltr'><strong>carni</strong></span> <span class='ocrx_word' id='word_1_699' title='bbox 328 2907 461 2943; x_wconf 88' lang='lat' dir='ltr'><strong>subjectio</strong></span> <span class='ocrx_word' id='word_1_700' title='bbox 475 2908 519 2937; x_wconf 89' lang='lat' dir='ltr'><strong>sit.</strong></span> <span class='ocrx_word' id='word_1_701' title='bbox 533 2907 578 2936; x_wconf 88' lang='lat' dir='ltr'><strong>Sic</strong></span> <span class='ocrx_word' id='word_1_702' title='bbox 592 2909 718 2937; x_wconf 69' lang='lat' dir='ltr'><strong>Clemens</strong></span> <span class='ocrx_word' id='word_1_703' title='bbox 732 2909 759 2936; x_wconf 93' lang='lat' dir='ltr'><strong>in</strong></span> <span class='ocrx_word' id='word_1_704' title='bbox 774 2913 872 2943; x_wconf 85' lang='lat' dir='ltr'><strong>quarto</strong></span> <span class='ocrx_word' id='word_1_705' title='bbox 890 2908 1090 2944; x_wconf 78' lang='lat' dir='ltr'><strong>Hypolyposeon</strong></span> <span class='ocrx_word' id='word_1_706' title='bbox 1107 2909 1186 2937; x_wconf 91' lang='lat' dir='ltr'><strong>libro.</strong></span> 
     </span>
    </p>
   </div>
  </div>
