  <div class='ocr_page' id='page_1' title='image "/cluster/home/n/w/nwhite01/storage/ocr_20150623/9/njp.32101077772398/456.png"; bbox 0 0 1927 3074; ppageno 0'>
   <div class='ocr_carea' id='block_1_1' title="bbox 1647 197 1699 225">
    <p class='ocr_par' dir='ltr' id='par_1_1' title="bbox 1647 197 1699 225">
     <span class='ocr_line' id='line_1_1' title="bbox 1647 197 1699 225; baseline 0 0"><span class='ocrx_word' id='word_1_1' title='bbox 1647 197 1699 225; x_wconf 61' lang='grc' dir='ltr'>’ΠΛ</span> 
     </span>
    </p>
   </div>
   <div class='ocr_carea' id='block_1_2' title="bbox 53 185 1055 219">
    <p class='ocr_par' dir='ltr' id='par_1_2' title="bbox 53 185 1055 219">
     <span class='ocr_line' id='line_1_2' title="bbox 53 185 1055 219; baseline 0.006 -6"><span class='ocrx_word' id='word_1_2' title='bbox 53 185 111 214; x_wconf 77' lang='grc' dir='ltr'>7Ἱῦ</span> <span class='ocrx_word' id='word_1_3' title='bbox 774 189 994 219; x_wconf 72' lang='lat' dir='ltr'>FRAGMENTA.</span> <span class='ocrx_word' id='word_1_4' title='bbox 1052 216 1055 218; x_wconf 50' lang='grc' dir='ltr'><em>η</em></span> 
     </span>
    </p>
   </div>
   <div class='ocr_carea' id='block_1_3' title="bbox 55 255 841 318">
    <p class='ocr_par' dir='ltr' id='par_1_3' title="bbox 55 255 841 318">
     <span class='ocr_line' id='line_1_3' title="bbox 55 255 841 318; baseline 0.006 -35"><span class='ocrx_word' id='word_1_5' title='bbox 55 255 189 318; x_wconf 41' lang='grc' dir='ltr'>τυᾷΐτιὲηο</span> <span class='ocrx_word' id='word_1_6' title='bbox 215 257 331 291; x_wconf 89' lang='lat' dir='ltr'><strong>eodem,</strong></span> <span class='ocrx_word' id='word_1_7' title='bbox 352 265 378 293; x_wconf 89' lang='lat' dir='ltr'><strong>p.</strong></span> <span class='ocrx_word' id='word_1_8' title='bbox 405 258 474 291; x_wconf 65' lang='lat'>591,</span> <span class='ocrx_word' id='word_1_9' title='bbox 497 259 531 286; x_wconf 90' lang='lat' dir='ltr'>ad</span> <span class='ocrx_word' id='word_1_10' title='bbox 547 259 603 287; x_wconf 68' lang='lat' dir='ltr'><strong>hmc</strong></span> <span class='ocrx_word' id='word_1_11' title='bbox 619 260 747 296; x_wconf 69' lang='lat' dir='ltr'><strong>Epistolas</strong></span> <span class='ocrx_word' id='word_1_12' title='bbox 777 259 798 288; x_wconf 95' lang='lat' dir='ltr'>ll</span> <span class='ocrx_word' id='word_1_13' title='bbox 827 268 841 288; x_wconf 90' lang='lat' dir='ltr'>a</span> 
     </span>
    </p>
   </div>
   <div class='ocr_carea' id='block_1_4' title="bbox 896 255 1697 318">
    <p class='ocr_par' dir='ltr' id='par_1_4' title="bbox 896 262 1697 300">
     <span class='ocr_line' id='line_1_4' title="bbox 896 262 1697 300; baseline 0.004 -11"><span class='ocrx_word' id='word_1_14' title='bbox 896 262 955 290; x_wconf 80' lang='lat' dir='ltr'><strong>L‘or.</strong></span> <span class='ocrx_word' id='word_1_15' title='bbox 970 262 1069 298; x_wconf 80' lang='lat' dir='ltr'><strong>capitis</strong></span> <span class='ocrx_word' id='word_1_16' title='bbox 1088 271 1131 295; x_wconf 76' lang='lat' dir='ltr'><strong>vr,</strong></span> <span class='ocrx_word' id='word_1_17' title='bbox 1158 271 1232 292; x_wconf 85' lang='lat' dir='ltr'>vers.</span> <span class='ocrx_word' id='word_1_18' title='bbox 1250 263 1281 290; x_wconf 84' lang='lat' dir='ltr'>ll</span> <span class='ocrx_word' id='word_1_19' title='bbox 1304 273 1310 290; x_wconf 91' lang='lat'>:</span> <span class='ocrx_word' id='word_1_20' title='bbox 1336 263 1368 290; x_wconf 86' lang='lat' dir='ltr'>&#39;H</span> <span class='ocrx_word' id='word_1_21' title='bbox 1381 263 1574 300; x_wconf 78' lang='grc' dir='ltr'>καρδίαήμῶν</span> <span class='ocrx_word' id='word_1_22' title='bbox 1590 264 1697 292; x_wconf 76' lang='grc' dir='ltr'>πεπλά-</span> 
     </span>
    </p>
   </div>
   <div class='ocr_carea' id='block_1_5' title="bbox 96 351 841 392">
    <p class='ocr_par' dir='ltr' id='par_1_5' title="bbox 96 351 841 391">
     <span class='ocr_line' id='line_1_5' title="bbox 96 351 841 391; baseline 0.007 -13"><span class='ocrx_word' id='word_1_23' title='bbox 96 351 236 387; x_wconf 81' lang='grc' dir='ltr'>Καθάπερ</span> <span class='ocrx_word' id='word_1_24' title='bbox 258 352 314 388; x_wconf 73' lang='grc' dir='ltr'>γὰρ</span> <span class='ocrx_word' id='word_1_25' title='bbox 331 353 362 380; x_wconf 82' lang='grc' dir='ltr'>τὸ</span> <span class='ocrx_word' id='word_1_26' title='bbox 385 353 486 389; x_wconf 80' lang='grc' dir='ltr'>θερμὸν</span> <span class='ocrx_word' id='word_1_27' title='bbox 509 355 634 391; x_wconf 76' lang='grc' dir='ltr'>εὐρύνειν</span> <span class='ocrx_word' id='word_1_28' title='bbox 655 355 762 390; x_wconf 72' lang='grc' dir='ltr'>εἴωθεν,</span> <span class='ocrx_word' id='word_1_29' title='bbox 780 356 841 383; x_wconf 72' lang='grc' dir='ltr'>οὓτω</span> 
     </span>
    </p>
   </div>
   <div class='ocr_carea' id='block_1_6' title="bbox 896 351 1698 392">
    <p class='ocr_par' dir='ltr' id='par_1_6' title="bbox 941 357 1698 392">
     <span class='ocr_line' id='line_1_6' title="bbox 941 357 1698 392; baseline 0.001 -7"><span class='ocrx_word' id='word_1_30' title='bbox 941 357 1177 392; x_wconf 84' lang='lat' dir='ltr'>Quemadmodum</span> <span class='ocrx_word' id='word_1_31' title='bbox 1196 358 1270 386; x_wconf 89' lang='lat' dir='ltr'><strong>enim</strong></span> <span class='ocrx_word' id='word_1_32' title='bbox 1285 359 1368 386; x_wconf 86' lang='lat' dir='ltr'><strong>ardor</strong></span> <span class='ocrx_word' id='word_1_33' title='bbox 1383 359 1501 387; x_wconf 74' lang='lat' dir='ltr'>dilatare</span> <span class='ocrx_word' id='word_1_34' title='bbox 1520 359 1602 392; x_wconf 87' lang='lat' dir='ltr'><strong>solet,</strong></span> <span class='ocrx_word' id='word_1_35' title='bbox 1618 359 1657 386; x_wconf 87' lang='lat' dir='ltr'>ita</span> <span class='ocrx_word' id='word_1_36' title='bbox 1670 363 1698 387; x_wconf 86' lang='lat' dir='ltr'>et</span> 
     </span>
    </p>
   </div>
   <div class='ocr_carea' id='block_1_7' title="bbox 57 398 856 438">
    <p class='ocr_par' dir='ltr' id='par_1_7' title="bbox 57 398 856 438">
     <span class='ocr_line' id='line_1_7' title="bbox 57 398 856 438; baseline 0.005 -13"><span class='ocrx_word' id='word_1_37' title='bbox 57 398 111 425; x_wconf 71' lang='grc' dir='ltr'>καὶ</span> <span class='ocrx_word' id='word_1_38' title='bbox 124 399 142 434; x_wconf 84' lang='grc' dir='ltr'>ή</span> <span class='ocrx_word' id='word_1_39' title='bbox 159 399 253 435; x_wconf 87' lang='grc' dir='ltr'>ἀγάπη</span> <span class='ocrx_word' id='word_1_40' title='bbox 263 408 270 414; x_wconf 90' lang='grc'>·</span> <span class='ocrx_word' id='word_1_41' title='bbox 288 399 389 436; x_wconf 77' lang='grc' dir='ltr'>θερμὸν</span> <span class='ocrx_word' id='word_1_42' title='bbox 403 401 457 438; x_wconf 83' lang='grc' dir='ltr'>γάρ</span> <span class='ocrx_word' id='word_1_43' title='bbox 468 410 495 427; x_wconf 89' lang='grc' dir='ltr'>τι</span> <span class='ocrx_word' id='word_1_44' title='bbox 512 402 607 438; x_wconf 87' lang='grc' dir='ltr'>χρῆμα</span> <span class='ocrx_word' id='word_1_45' title='bbox 627 403 644 438; x_wconf 86' lang='grc' dir='ltr'><strong>ἡ</strong></span> <span class='ocrx_word' id='word_1_46' title='bbox 666 402 776 438; x_wconf 83' lang='grc' dir='ltr'>ἀγάπη·</span> <span class='ocrx_word' id='word_1_47' title='bbox 789 403 856 429; x_wconf 82' lang='grc' dir='ltr'>ὡσεὶ</span> 
     </span>
    </p>
   </div>
   <div class='ocr_carea' id='block_1_8' title="bbox 57 441 850 484">
    <p class='ocr_par' dir='ltr' id='par_1_8' title="bbox 57 441 850 484">
     <span class='ocr_line' id='line_1_8' title="bbox 57 441 850 484; baseline 0.006 -14"><span class='ocrx_word' id='word_1_48' title='bbox 57 441 199 476; x_wconf 65' lang='grc' dir='ltr'>εἶπεν,οὺ</span> <span class='ocrx_word' id='word_1_49' title='bbox 212 446 293 481; x_wconf 89' lang='grc' dir='ltr'>μόνον</span> <span class='ocrx_word' id='word_1_50' title='bbox 312 447 436 482; x_wconf 83' lang='grc' dir='ltr'>στόματι,</span> <span class='ocrx_word' id='word_1_51' title='bbox 453 447 520 475; x_wconf 85' lang='grc' dir='ltr'>ἀλλά</span> <span class='ocrx_word' id='word_1_52' title='bbox 536 448 584 475; x_wconf 68' lang='grc' dir='ltr'>καὶ⁸</span> <span class='ocrx_word' id='word_1_53' title='bbox 600 448 698 484; x_wconf 81' lang='grc' dir='ltr'>καρδίᾳ</span> <span class='ocrx_word' id='word_1_54' title='bbox 706 447 786 483; x_wconf 84' lang='grc' dir='ltr'>φιλῶ,</span> <span class='ocrx_word' id='word_1_55' title='bbox 803 449 850 476; x_wconf 72' lang='grc' dir='ltr'>καὶ</span> 
     </span>
    </p>
   </div>
   <div class='ocr_carea' id='block_1_9' title="bbox 57 490 855 531">
    <p class='ocr_par' dir='ltr' id='par_1_9' title="bbox 57 490 855 531">
     <span class='ocr_line' id='line_1_9' title="bbox 57 490 855 531; baseline 0.008 -15"><span class='ocrx_word' id='word_1_56' title='bbox 57 490 170 522; x_wconf 81' lang='grc' dir='ltr'>πάντας</span> <span class='ocrx_word' id='word_1_57' title='bbox 194 491 268 518; x_wconf 68' lang='grc' dir='ltr'>ἔνδον</span> <span class='ocrx_word' id='word_1_58' title='bbox 287 491 350 527; x_wconf 84' lang='grc' dir='ltr'>ἔχω.</span> <span class='ocrx_word' id='word_1_59' title='bbox 369 493 415 520; x_wconf 89' lang='grc' dir='ltr'>Διό</span> <span class='ocrx_word' id='word_1_60' title='bbox 429 501 521 528; x_wconf 85' lang='grc' dir='ltr'>φησιν,</span> <span class='ocrx_word' id='word_1_61' title='bbox 534 495 586 520; x_wconf 75' lang='grc' dir='ltr'>«υὺ</span> <span class='ocrx_word' id='word_1_62' title='bbox 596 495 806 531; x_wconf 83' lang='grc' dir='ltr'>στενοχωρεῖσθε</span> <span class='ocrx_word' id='word_1_63' title='bbox 825 496 855 522; x_wconf 78' lang='grc' dir='ltr'>ἐν</span> 
     </span>
    </p>
   </div>
   <div class='ocr_carea' id='block_1_10' title="bbox 57 537 853 578">
    <p class='ocr_par' dir='ltr' id='par_1_10' title="bbox 57 537 853 578">
     <span class='ocr_line' id='line_1_10' title="bbox 57 537 853 578; baseline 0.006 -15"><span class='ocrx_word' id='word_1_64' title='bbox 57 539 157 573; x_wconf 76' lang='grc' dir='ltr'>ἡμῖν,ι</span> <span class='ocrx_word' id='word_1_65' title='bbox 168 537 215 564; x_wconf 81' lang='grc' dir='ltr'>τοῦ</span> <span class='ocrx_word' id='word_1_66' title='bbox 238 539 321 566; x_wconf 81' lang='grc' dir='ltr'>πόθου</span> <span class='ocrx_word' id='word_1_67' title='bbox 336 539 496 575; x_wconf 77' lang='grc' dir='ltr'>εὐρύνοντος</span> <span class='ocrx_word' id='word_1_68' title='bbox 521 541 603 568; x_wconf 83' lang='grc' dir='ltr'>αὑτοῦ</span> <span class='ocrx_word' id='word_1_69' title='bbox 628 541 678 577; x_wconf 86' lang='grc' dir='ltr'>τὴν</span> <span class='ocrx_word' id='word_1_70' title='bbox 692 541 797 577; x_wconf 84' lang='grc' dir='ltr'>ψυχήν·</span> <span class='ocrx_word' id='word_1_71' title='bbox 815 542 853 578; x_wconf 76' lang='grc' dir='ltr'>ιή</span> 
     </span>
    </p>
   </div>
   <div class='ocr_carea' id='block_1_11' title="bbox 55 584 854 621">
    <p class='ocr_par' dir='ltr' id='par_1_11' title="bbox 55 584 854 621">
     <span class='ocr_line' id='line_1_11' title="bbox 55 584 854 621; baseline 0.005 -11"><span class='ocrx_word' id='word_1_72' title='bbox 55 584 162 620; x_wconf 81' lang='grc' dir='ltr'>καρδία</span> <span class='ocrx_word' id='word_1_73' title='bbox 181 585 259 620; x_wconf 84' lang='grc' dir='ltr'>ήμῶν</span> <span class='ocrx_word' id='word_1_74' title='bbox 287 586 492 614; x_wconf 73' lang='grc' dir='ltr'>πεπλάτυνται»</span> <span class='ocrx_word' id='word_1_75' title='bbox 525 588 565 619; x_wconf 85' lang='grc' dir='ltr'>εἰς</span> <span class='ocrx_word' id='word_1_76' title='bbox 592 588 623 614; x_wconf 73' lang='grc' dir='ltr'>τὸ</span> <span class='ocrx_word' id='word_1_77' title='bbox 648 587 738 614; x_wconf 89' lang='grc' dir='ltr'>πάντα</span> <span class='ocrx_word' id='word_1_78' title='bbox 749 587 854 621; x_wconf 79' lang='grc' dir='ltr'>διδάξαι</span> 
     </span>
    </p>
   </div>
   <div class='ocr_carea' id='block_1_12' title="bbox 56 631 853 670">
    <p class='ocr_par' dir='ltr' id='par_1_12' title="bbox 56 631 853 670">
     <span class='ocr_line' id='line_1_12' title="bbox 56 631 853 670; baseline 0.006 -14"><span class='ocrx_word' id='word_1_79' title='bbox 56 631 148 665; x_wconf 71' lang='grc' dir='ltr'>ὑμᾶς,</span> <span class='ocrx_word' id='word_1_80' title='bbox 167 631 245 667; x_wconf 77' lang='grc' dir='ltr'>ὑμεῖς</span> <span class='ocrx_word' id='word_1_81' title='bbox 260 631 289 658; x_wconf 81' lang='grc' dir='ltr'>δὲ</span> <span class='ocrx_word' id='word_1_82' title='bbox 311 641 321 658; x_wconf 80' lang='grc' dir='ltr'>ι</span> <span class='ocrx_word' id='word_1_83' title='bbox 335 633 546 669; x_wconf 81' lang='grc' dir='ltr'>στενοχωρεῖσθε</span> <span class='ocrx_word' id='word_1_84' title='bbox 563 635 593 661; x_wconf 84' lang='grc' dir='ltr'>ἐν</span> <span class='ocrx_word' id='word_1_85' title='bbox 612 635 669 666; x_wconf 83' lang='grc' dir='ltr'>τοῖς</span> <span class='ocrx_word' id='word_1_86' title='bbox 687 634 853 670; x_wconf 83' lang='grc' dir='ltr'>σπλάγχνοις</span> 
     </span>
    </p>
   </div>
   <div class='ocr_carea' id='block_1_13' title="bbox 55 677 854 717">
    <p class='ocr_par' dir='ltr' id='par_1_13' title="bbox 55 677 854 717">
     <span class='ocr_line' id='line_1_13' title="bbox 55 677 854 717; baseline 0.008 -15"><span class='ocrx_word' id='word_1_87' title='bbox 55 677 150 712; x_wconf 81' lang='grc' dir='ltr'>ὑμῶν,</span> <span class='ocrx_word' id='word_1_88' title='bbox 162 687 172 703; x_wconf 73' lang='grc' dir='ltr'>ι</span> <span class='ocrx_word' id='word_1_89' title='bbox 190 678 340 711; x_wconf 81' lang='grc' dir='ltr'>τουτέστιν,</span> <span class='ocrx_word' id='word_1_90' title='bbox 358 680 388 705; x_wconf 75' lang='grc' dir='ltr'>ἐν</span> <span class='ocrx_word' id='word_1_91' title='bbox 411 681 444 715; x_wconf 84' lang='grc' dir='ltr'>τῇ</span> <span class='ocrx_word' id='word_1_92' title='bbox 469 679 538 716; x_wconf 77' lang='grc' dir='ltr'>πρὸς</span> <span class='ocrx_word' id='word_1_93' title='bbox 553 679 620 708; x_wconf 81' lang='grc' dir='ltr'>Θεὸν</span> <span class='ocrx_word' id='word_1_94' title='bbox 635 679 742 717; x_wconf 76' lang='grc' dir='ltr'>ἀγάπη.</span> <span class='ocrx_word' id='word_1_95' title='bbox 785 681 854 714; x_wconf 82' lang='grc' dir='ltr'>ἀγα-</span> 
     </span>
    </p>
   </div>
   <div class='ocr_carea' id='block_1_14' title="bbox 55 723 851 762">
    <p class='ocr_par' dir='ltr' id='par_1_14' title="bbox 55 723 851 762">
     <span class='ocr_line' id='line_1_14' title="bbox 55 723 851 762; baseline 0.008 -14"><span class='ocrx_word' id='word_1_96' title='bbox 55 723 115 758; x_wconf 77' lang='grc' dir='ltr'>πᾷν</span> <span class='ocrx_word' id='word_1_97' title='bbox 134 732 170 758; x_wconf 89' lang='grc' dir='ltr'>με</span> <span class='ocrx_word' id='word_1_98' title='bbox 191 723 323 758; x_wconf 76' lang='grc' dir='ltr'>ὀφείλετε.</span> <span class='ocrx_word' id='word_1_99' title='bbox 338 723 431 758; x_wconf 78' lang='grc' dir='ltr'>Οὖτως</span> <span class='ocrx_word' id='word_1_100' title='bbox 446 727 460 753; x_wconf 83' lang='grc' dir='ltr'>ό</span> <span class='ocrx_word' id='word_1_101' title='bbox 475 726 592 762; x_wconf 82' lang='grc' dir='ltr'>Κλήμης</span> <span class='ocrx_word' id='word_1_102' title='bbox 608 725 637 751; x_wconf 83' lang='grc' dir='ltr'>ἐν</span> <span class='ocrx_word' id='word_1_103' title='bbox 644 726 851 762; x_wconf 78' lang='grc' dir='ltr'>τετάρτῳῪπο-</span> 
     </span>
    </p>
   </div>
   <div class='ocr_carea' id='block_1_15' title="bbox 54 768 233 799">
    <p class='ocr_par' dir='ltr' id='par_1_15' title="bbox 54 768 233 799">
     <span class='ocr_line' id='line_1_15' title="bbox 54 768 233 799; baseline 0.039 -9"><span class='ocrx_word' id='word_1_104' title='bbox 54 768 233 799; x_wconf 78' lang='grc' dir='ltr'>τυπώσεων.</span> 
     </span>
    </p>
   </div>
   <div class='ocr_carea' id='block_1_16' title="bbox 909 404 1695 441">
    <p class='ocr_par' dir='ltr' id='par_1_16' title="bbox 909 404 1695 441">
     <span class='ocr_line' id='line_1_16' title="bbox 909 404 1695 441; baseline 0.001 -10"><span class='ocrx_word' id='word_1_105' title='bbox 909 404 1040 438; x_wconf 81' lang='lat' dir='ltr'><strong>cbaritas,</strong></span> <span class='ocrx_word' id='word_1_106' title='bbox 1057 411 1122 431; x_wconf 90' lang='lat' dir='ltr'>nam</span> <span class='ocrx_word' id='word_1_107' title='bbox 1144 404 1266 432; x_wconf 84' lang='lat' dir='ltr'><strong>eliaritas</strong></span> <span class='ocrx_word' id='word_1_108' title='bbox 1288 409 1331 432; x_wconf 87' lang='lat' dir='ltr'>est</span> <span class='ocrx_word' id='word_1_109' title='bbox 1356 405 1461 440; x_wconf 77' lang='lat' dir='ltr'><strong>aliquid</strong></span> <span class='ocrx_word' id='word_1_110' title='bbox 1483 405 1600 439; x_wconf 85' lang='lat' dir='ltr'>ardens;</span> <span class='ocrx_word' id='word_1_111' title='bbox 1615 406 1695 441; x_wconf 87' lang='lat' dir='ltr'><strong>quasi</strong></span> 
     </span>
    </p>
   </div>
   <div class='ocr_carea' id='block_1_17' title="bbox 908 449 1696 488">
    <p class='ocr_par' dir='ltr' id='par_1_17' title="bbox 908 449 1696 488">
     <span class='ocr_line' id='line_1_17' title="bbox 908 449 1696 488; baseline -0.001 -9"><span class='ocrx_word' id='word_1_112' title='bbox 908 451 1011 479; x_wconf 87' lang='lat' dir='ltr'><strong>diceret</strong></span> <span class='ocrx_word' id='word_1_113' title='bbox 1024 459 1031 477; x_wconf 75' lang='grc' dir='ltr'>ε</span> <span class='ocrx_word' id='word_1_114' title='bbox 1044 449 1103 478; x_wconf 82' lang='lat' dir='ltr'>Non</span> <span class='ocrx_word' id='word_1_115' title='bbox 1125 455 1230 478; x_wconf 77' lang='lat' dir='ltr'><strong>tantum</strong></span> <span class='ocrx_word' id='word_1_116' title='bbox 1246 459 1303 484; x_wconf 83' lang='lat' dir='ltr'><strong>ore,</strong></span> <span class='ocrx_word' id='word_1_117' title='bbox 1321 452 1370 479; x_wconf 85' lang='lat' dir='ltr'>sed</span> <span class='ocrx_word' id='word_1_118' title='bbox 1386 452 1470 480; x_wconf 89' lang='lat' dir='ltr'><strong>corde</strong></span> <span class='ocrx_word' id='word_1_119' title='bbox 1483 451 1579 488; x_wconf 74' lang='lat' dir='ltr'><strong>diligo,</strong></span> <span class='ocrx_word' id='word_1_120' title='bbox 1595 457 1623 480; x_wconf 91' lang='lat' dir='ltr'>et</span> <span class='ocrx_word' id='word_1_121' title='bbox 1636 460 1696 480; x_wconf 87' lang='lat' dir='ltr'><strong>om-</strong></span> 
     </span>
    </p>
   </div>
   <div class='ocr_carea' id='block_1_18' title="bbox 907 496 1695 533">
    <p class='ocr_par' dir='ltr' id='par_1_18' title="bbox 907 496 1695 533">
     <span class='ocr_line' id='line_1_18' title="bbox 907 496 1695 533; baseline 0 -9"><span class='ocrx_word' id='word_1_122' title='bbox 907 505 957 525; x_wconf 91' lang='lat' dir='ltr'>nes</span> <span class='ocrx_word' id='word_1_123' title='bbox 971 497 998 524; x_wconf 95' lang='lat' dir='ltr'>in</span> <span class='ocrx_word' id='word_1_124' title='bbox 1013 501 1124 532; x_wconf 85' lang='lat' dir='ltr'><strong>pectore</strong></span> <span class='ocrx_word' id='word_1_125' title='bbox 1139 497 1238 525; x_wconf 82' lang='lat' dir='ltr'>habeo.</span> <span class='ocrx_word' id='word_1_126' title='bbox 1255 496 1427 533; x_wconf 75' lang='lat' dir='ltr'><strong>Quapropter</strong></span> <span class='ocrx_word' id='word_1_127' title='bbox 1443 498 1533 526; x_wconf 81' lang='lat' dir='ltr'><strong>dixit:</strong></span> <span class='ocrx_word' id='word_1_128' title='bbox 1549 498 1627 525; x_wconf 69' lang='lat' dir='ltr'><strong>(Non</strong></span> <span class='ocrx_word' id='word_1_129' title='bbox 1646 505 1695 524; x_wconf 84' lang='lat' dir='ltr'><strong>an-</strong></span> 
     </span>
    </p>
   </div>
   <div class='ocr_carea' id='block_1_19' title="bbox 907 542 1695 580">
    <p class='ocr_par' dir='ltr' id='par_1_19' title="bbox 907 542 1695 580">
     <span class='ocr_line' id='line_1_19' title="bbox 907 542 1695 580; baseline 0.001 -11"><span class='ocrx_word' id='word_1_130' title='bbox 907 542 1068 578; x_wconf 74' lang='lat' dir='ltr'><strong>gustiamini</strong></span> <span class='ocrx_word' id='word_1_131' title='bbox 1088 543 1116 570; x_wconf 87' lang='lat' dir='ltr'>in</span> <span class='ocrx_word' id='word_1_132' title='bbox 1138 543 1230 576; x_wconf 88' lang='lat' dir='ltr'><strong>nobis,</strong></span> <span class='ocrx_word' id='word_1_133' title='bbox 1241 553 1250 570; x_wconf 78' lang='grc' dir='ltr'>ι</span> <span class='ocrx_word' id='word_1_134' title='bbox 1267 543 1402 571; x_wconf 84' lang='lat' dir='ltr'><strong>charitate</strong></span> <span class='ocrx_word' id='word_1_135' title='bbox 1417 544 1477 580; x_wconf 84' lang='lat' dir='ltr'><strong>ipsa</strong></span> <span class='ocrx_word' id='word_1_136' title='bbox 1492 545 1610 572; x_wconf 85' lang='lat' dir='ltr'><strong>animam</strong></span> <span class='ocrx_word' id='word_1_137' title='bbox 1626 544 1695 571; x_wconf 85' lang='lat' dir='ltr'><strong>dila-</strong></span> 
     </span>
    </p>
   </div>
   <div class='ocr_carea' id='block_1_20' title="bbox 905 591 1695 624">
    <p class='ocr_par' dir='ltr' id='par_1_20' title="bbox 905 591 1695 624">
     <span class='ocr_line' id='line_1_20' title="bbox 905 591 1695 624; baseline 0.004 -8"><span class='ocrx_word' id='word_1_138' title='bbox 905 593 982 617; x_wconf 88' lang='lat' dir='ltr'><strong>tante</strong></span> <span class='ocrx_word' id='word_1_139' title='bbox 995 599 1001 617; x_wconf 92' lang='lat'><strong>:</strong></span> <span class='ocrx_word' id='word_1_140' title='bbox 1012 598 1022 616; x_wconf 78' lang='grc' dir='ltr'>ι</span> <span class='ocrx_word' id='word_1_141' title='bbox 1036 597 1086 617; x_wconf 92' lang='lat' dir='ltr'>cor</span> <span class='ocrx_word' id='word_1_142' title='bbox 1099 594 1224 618; x_wconf 86' lang='lat' dir='ltr'><strong>nostrum</strong></span> <span class='ocrx_word' id='word_1_143' title='bbox 1239 591 1383 618; x_wconf 81' lang='lat' dir='ltr'><strong>dilatatum</strong></span> <span class='ocrx_word' id='word_1_144' title='bbox 1397 596 1451 624; x_wconf 87' lang='lat' dir='ltr'><strong>est,</strong></span> <span class='ocrx_word' id='word_1_145' title='bbox 1465 601 1474 618; x_wconf 77' lang='grc' dir='ltr'>ι</span> <span class='ocrx_word' id='word_1_146' title='bbox 1495 595 1525 619; x_wconf 93' lang='lat' dir='ltr'>ut</span> <span class='ocrx_word' id='word_1_147' title='bbox 1535 592 1627 619; x_wconf 87' lang='lat' dir='ltr'><strong>omnia</strong></span> <span class='ocrx_word' id='word_1_148' title='bbox 1646 599 1695 619; x_wconf 78' lang='lat' dir='ltr'>vos</span> 
     </span>
    </p>
   </div>
   <div class='ocr_carea' id='block_1_21' title="bbox 905 635 1694 674">
    <p class='ocr_par' dir='ltr' id='par_1_21' title="bbox 905 635 1694 674">
     <span class='ocr_line' id='line_1_21' title="bbox 905 635 1694 674; baseline 0.005 -12"><span class='ocrx_word' id='word_1_149' title='bbox 905 635 1040 669; x_wconf 83' lang='lat' dir='ltr'><strong>doceam,</strong></span> <span class='ocrx_word' id='word_1_150' title='bbox 1057 643 1106 663; x_wconf 90' lang='lat' dir='ltr'>vos</span> <span class='ocrx_word' id='word_1_151' title='bbox 1134 640 1225 664; x_wconf 83' lang='lat' dir='ltr'><strong>autem</strong></span> <span class='ocrx_word' id='word_1_152' title='bbox 1245 646 1254 663; x_wconf 80' lang='grc' dir='ltr'>ι</span> <span class='ocrx_word' id='word_1_153' title='bbox 1267 638 1463 674; x_wconf 71' lang='lat' dir='ltr'><strong>angustiamini</strong></span> <span class='ocrx_word' id='word_1_154' title='bbox 1486 639 1514 666; x_wconf 90' lang='lat' dir='ltr'>in</span> <span class='ocrx_word' id='word_1_155' title='bbox 1537 639 1694 666; x_wconf 82' lang='lat' dir='ltr'><strong>visceribus</strong></span> 
     </span>
    </p>
   </div>
   <div class='ocr_carea' id='block_1_22' title="bbox 903 682 1692 719">
    <p class='ocr_par' dir='ltr' id='par_1_22' title="bbox 903 682 1692 719">
     <span class='ocr_line' id='line_1_22' title="bbox 903 682 1692 719; baseline 0.008 -12"><span class='ocrx_word' id='word_1_156' title='bbox 903 682 1030 715; x_wconf 63' lang='lat' dir='ltr'><strong>vestris,»</strong></span> <span class='ocrx_word' id='word_1_157' title='bbox 1043 683 1095 710; x_wconf 88' lang='lat' dir='ltr'>hoc</span> <span class='ocrx_word' id='word_1_158' title='bbox 1111 687 1154 711; x_wconf 86' lang='lat' dir='ltr'>est</span> <span class='ocrx_word' id='word_1_159' title='bbox 1166 683 1193 710; x_wconf 89' lang='lat' dir='ltr'>in</span> <span class='ocrx_word' id='word_1_160' title='bbox 1209 683 1344 711; x_wconf 87' lang='lat' dir='ltr'><strong>charitate</strong></span> <span class='ocrx_word' id='word_1_161' title='bbox 1360 684 1512 712; x_wconf 83' lang='lat' dir='ltr'><strong>secundum</strong></span> <span class='ocrx_word' id='word_1_162' title='bbox 1530 684 1692 719; x_wconf 81' lang='lat' dir='ltr'><strong>Deum,qua</strong></span> 
     </span>
    </p>
   </div>
   <div class='ocr_carea' id='block_1_23' title="bbox 902 729 1692 767">
    <p class='ocr_par' dir='ltr' id='par_1_23' title="bbox 902 729 1692 767">
     <span class='ocr_line' id='line_1_23' title="bbox 902 729 1692 767; baseline 0.005 -12"><span class='ocrx_word' id='word_1_163' title='bbox 902 735 946 756; x_wconf 90' lang='lat' dir='ltr'>me</span> <span class='ocrx_word' id='word_1_164' title='bbox 967 736 1059 756; x_wconf 78' lang='lat' dir='ltr'><strong>amare</strong></span> <span class='ocrx_word' id='word_1_165' title='bbox 1085 729 1201 757; x_wconf 84' lang='lat' dir='ltr'>debetis.</span> <span class='ocrx_word' id='word_1_166' title='bbox 1223 729 1263 758; x_wconf 87' lang='lat' dir='ltr'>lta</span> <span class='ocrx_word' id='word_1_167' title='bbox 1282 729 1409 758; x_wconf 86' lang='lat' dir='ltr'>Clemens</span> <span class='ocrx_word' id='word_1_168' title='bbox 1431 731 1460 758; x_wconf 89' lang='lat' dir='ltr'>in</span> <span class='ocrx_word' id='word_1_169' title='bbox 1477 735 1577 766; x_wconf 86' lang='lat' dir='ltr'><strong>quarto</strong></span> <span class='ocrx_word' id='word_1_170' title='bbox 1602 731 1692 767; x_wconf 80' lang='lat' dir='ltr'><strong>Hypo-</strong></span> 
     </span>
    </p>
   </div>
   <div class='ocr_carea' id='block_1_24' title="bbox 907 774 1124 810">
    <p class='ocr_par' dir='ltr' id='par_1_24' title="bbox 907 774 1124 810">
     <span class='ocr_line' id='line_1_24' title="bbox 907 774 1124 810; baseline 0.009 -10"><span class='ocrx_word' id='word_1_171' title='bbox 907 778 1032 810; x_wconf 75' lang='lat' dir='ltr'><strong>typouon</strong></span> <span class='ocrx_word' id='word_1_172' title='bbox 1042 774 1124 802; x_wconf 91' lang='lat' dir='ltr'><strong>libro.</strong></span> 
     </span>
    </p>
   </div>
   <div class='ocr_carea' id='block_1_25' title="bbox 96 827 841 871">
    <p class='ocr_par' dir='ltr' id='par_1_25' title="bbox 96 827 839 871">
     <span class='ocr_line' id='line_1_25' title="bbox 96 827 839 871; baseline 0.007 -17"><span class='ocrx_word' id='word_1_173' title='bbox 96 827 139 871; x_wconf 38' lang='lat' dir='ltr'>Ex,</span> <span class='ocrx_word' id='word_1_174' title='bbox 153 827 262 871; x_wconf 62' lang='lat' dir='ltr'><strong>Catena</strong></span> <span class='ocrx_word' id='word_1_175' title='bbox 272 829 301 856; x_wconf 91' lang='lat' dir='ltr'>in</span> <span class='ocrx_word' id='word_1_176' title='bbox 311 828 450 871; x_wconf 56' lang='lat' dir='ltr'><strong>Epistolas</strong></span> <span class='ocrx_word' id='word_1_177' title='bbox 466 828 556 871; x_wconf 74' lang='lat' dir='ltr'><strong>Pauli,</strong></span> <span class='ocrx_word' id='word_1_178' title='bbox 572 835 639 859; x_wconf 88' lang='lat' dir='ltr'><strong>tom.</strong></span> <span class='ocrx_word' id='word_1_179' title='bbox 660 829 718 864; x_wconf 83' lang='lat' dir='ltr'>VII,</span> <span class='ocrx_word' id='word_1_180' title='bbox 733 839 760 867; x_wconf 89' lang='lat' dir='ltr'><strong>p.</strong></span> <span class='ocrx_word' id='word_1_181' title='bbox 774 831 839 865; x_wconf 78' lang='lat'>286,</span> 
     </span>
    </p>
   </div>
   <div class='ocr_carea' id='block_1_26' title="bbox 896 827 1692 871">
    <p class='ocr_par' dir='ltr' id='par_1_26' title="bbox 910 831 1692 871">
     <span class='ocr_line' id='line_1_26' title="bbox 910 831 1692 871; baseline 0.004 -12"><span class='ocrx_word' id='word_1_182' title='bbox 910 832 969 859; x_wconf 74' lang='lat' dir='ltr'><strong>haec</strong></span> <span class='ocrx_word' id='word_1_183' title='bbox 983 831 1111 868; x_wconf 69' lang='lat' dir='ltr'><strong>Epistolae</strong></span> <span class='ocrx_word' id='word_1_184' title='bbox 1126 833 1160 860; x_wconf 88' lang='lat' dir='ltr'>ad</span> <span class='ocrx_word' id='word_1_185' title='bbox 1175 832 1305 862; x_wconf 63' lang='lat' dir='ltr'><strong>Hebraaos</strong></span> <span class='ocrx_word' id='word_1_186' title='bbox 1319 842 1339 868; x_wconf 84' lang='grc' dir='ltr'>ι,</span> <span class='ocrx_word' id='word_1_187' title='bbox 1353 835 1366 862; x_wconf 81' lang='grc' dir='ltr'><strong>Ι</strong></span> <span class='ocrx_word' id='word_1_188' title='bbox 1383 844 1389 862; x_wconf 88' lang='lat'><strong>:</strong></span> <span class='ocrx_word' id='word_1_189' title='bbox 1406 834 1572 871; x_wconf 83' lang='grc' dir='ltr'>Πολυμερῶς</span> <span class='ocrx_word' id='word_1_190' title='bbox 1585 835 1632 862; x_wconf 75' lang='grc' dir='ltr'>καὶ</span> <span class='ocrx_word' id='word_1_191' title='bbox 1644 843 1692 862; x_wconf 83' lang='grc' dir='ltr'>πο-</span> 
     </span>
    </p>
   </div>
   <div class='ocr_carea' id='block_1_27' title="bbox 53 862 539 898">
    <p class='ocr_par' dir='ltr' id='par_1_27' title="bbox 53 862 539 898">
     <span class='ocr_line' id='line_1_27' title="bbox 53 862 539 898; baseline 0.01 -10"><span class='ocrx_word' id='word_1_192' title='bbox 53 862 203 898; x_wconf 84' lang='grc' dir='ltr'>λυτρόπως</span> <span class='ocrx_word' id='word_1_193' title='bbox 215 863 298 890; x_wconf 83' lang='grc' dir='ltr'>πάλαι</span> <span class='ocrx_word' id='word_1_194' title='bbox 311 862 414 896; x_wconf 61' lang='grc' dir='ltr'>ὁθεός,</span> <span class='ocrx_word' id='word_1_195' title='bbox 430 874 457 891; x_wconf 90' lang='grc' dir='ltr'>κ.</span> <span class='ocrx_word' id='word_1_196' title='bbox 474 874 499 892; x_wconf 88' lang='grc' dir='ltr'>τ.</span> <span class='ocrx_word' id='word_1_197' title='bbox 514 866 539 894; x_wconf 91' lang='grc' dir='ltr'>λ.</span> 
     </span>
    </p>
   </div>
   <div class='ocr_carea' id='block_1_28' title="bbox 90 921 851 960">
    <p class='ocr_par' dir='ltr' id='par_1_28' title="bbox 90 921 851 960">
     <span class='ocr_line' id='line_1_28' title="bbox 90 921 851 960; baseline 0.005 -12"><span class='ocrx_word' id='word_1_198' title='bbox 90 921 297 957; x_wconf 62' lang='grc' dir='ltr'>Κλήμεντος-ι.</span> <span class='ocrx_word' id='word_1_199' title='bbox 315 922 424 959; x_wconf 83' lang='grc' dir='ltr'>Ἐπειδή</span> <span class='ocrx_word' id='word_1_200' title='bbox 446 932 479 958; x_wconf 91' lang='grc' dir='ltr'>γε</span> <span class='ocrx_word' id='word_1_201' title='bbox 497 924 551 960; x_wconf 81' lang='grc' dir='ltr'>μὴν</span> <span class='ocrx_word' id='word_1_202' title='bbox 570 925 584 951; x_wconf 83' lang='grc' dir='ltr'>ό</span> <span class='ocrx_word' id='word_1_203' title='bbox 600 924 702 960; x_wconf 83' lang='grc' dir='ltr'>Κύριος</span> <span class='ocrx_word' id='word_1_204' title='bbox 721 925 851 952; x_wconf 82' lang='grc' dir='ltr'>Ἀπόστο-</span> 
     </span>
    </p>
   </div>
   <div class='ocr_carea' id='block_1_29' title="bbox 940 925 1692 963">
    <p class='ocr_par' dir='ltr' id='par_1_29' title="bbox 940 925 1692 963">
     <span class='ocr_line' id='line_1_29' title="bbox 940 925 1692 963; baseline 0.005 -11"><span class='ocrx_word' id='word_1_205' title='bbox 940 925 1020 961; x_wconf 75' lang='lat'>381</span> <span class='ocrx_word' id='word_1_206' title='bbox 1030 925 1181 954; x_wconf 71' lang='lat' dir='ltr'><strong>Clementis.</strong></span> <span class='ocrx_word' id='word_1_207' title='bbox 1192 927 1329 960; x_wconf 87' lang='lat' dir='ltr'><strong>Quoniam</strong></span> <span class='ocrx_word' id='word_1_208' title='bbox 1336 928 1446 963; x_wconf 89' lang='lat' dir='ltr'><strong>quidem</strong></span> <span class='ocrx_word' id='word_1_209' title='bbox 1457 928 1589 956; x_wconf 87' lang='lat' dir='ltr'><strong>Dominus</strong></span> <span class='ocrx_word' id='word_1_210' title='bbox 1596 932 1692 956; x_wconf 84' lang='lat' dir='ltr'><strong>noster</strong></span> 
     </span>
    </p>
   </div>
   <div class='ocr_carea' id='block_1_30' title="bbox 53 967 841 1010">
    <p class='ocr_par' dir='ltr' id='par_1_30' title="bbox 53 967 839 1007">
     <span class='ocr_line' id='line_1_30' title="bbox 53 967 839 1007; baseline 0.006 -14"><span class='ocrx_word' id='word_1_211' title='bbox 53 968 102 999; x_wconf 87' lang='grc' dir='ltr'>λος</span> <span class='ocrx_word' id='word_1_212' title='bbox 114 967 155 994; x_wconf 83' lang='grc' dir='ltr'>ὢν</span> <span class='ocrx_word' id='word_1_213' title='bbox 169 968 216 994; x_wconf 80' lang='grc' dir='ltr'>τοῦ</span> <span class='ocrx_word' id='word_1_214' title='bbox 227 969 451 1004; x_wconf 85' lang='grc' dir='ltr'>Παντοκράτορος</span> <span class='ocrx_word' id='word_1_215' title='bbox 465 969 606 1006; x_wconf 84' lang='grc' dir='ltr'>ἀπεστάλη</span> <span class='ocrx_word' id='word_1_216' title='bbox 618 970 686 1007; x_wconf 80' lang='grc' dir='ltr'>πρὸς</span> <span class='ocrx_word' id='word_1_217' title='bbox 696 971 839 1007; x_wconf 83' lang='grc' dir='ltr'>Ἐϐραίους</span> 
     </span>
    </p>
   </div>
   <div class='ocr_carea' id='block_1_31' title="bbox 896 967 1690 1010">
    <p class='ocr_par' dir='ltr' id='par_1_31' title="bbox 905 971 1690 1009">
     <span class='ocr_line' id='line_1_31' title="bbox 905 971 1690 1009; baseline 0.005 -11"><span class='ocrx_word' id='word_1_218' title='bbox 905 971 1007 999; x_wconf 86' lang='lat' dir='ltr'><strong>missus</strong></span> <span class='ocrx_word' id='word_1_219' title='bbox 1019 971 1107 999; x_wconf 78' lang='lat' dir='ltr'><strong>fuerat</strong></span> <span class='ocrx_word' id='word_1_220' title='bbox 1115 974 1255 1008; x_wconf 84' lang='lat' dir='ltr'><strong>apostolus</strong></span> <span class='ocrx_word' id='word_1_221' title='bbox 1263 973 1298 1001; x_wconf 92' lang='lat' dir='ltr'>ab</span> <span class='ocrx_word' id='word_1_222' title='bbox 1304 973 1497 1009; x_wconf 88' lang='lat' dir='ltr'><strong>Omnipotente</strong></span> <span class='ocrx_word' id='word_1_223' title='bbox 1507 974 1541 1001; x_wconf 91' lang='lat' dir='ltr'>ad</span> <span class='ocrx_word' id='word_1_224' title='bbox 1550 973 1690 1008; x_wconf 70' lang='lat' dir='ltr'><strong>Hebraeos,</strong></span> 
     </span>
    </p>
   </div>
   <div class='ocr_carea' id='block_1_32' title="bbox 51 1012 851 1052">
    <p class='ocr_par' dir='ltr' id='par_1_32' title="bbox 51 1012 851 1052">
     <span class='ocr_line' id='line_1_32' title="bbox 51 1012 851 1052; baseline 0.008 -14"><span class='ocrx_word' id='word_1_225' title='bbox 51 1012 99 1039; x_wconf 79' lang='grc' dir='ltr'>διὰ</span> <span class='ocrx_word' id='word_1_226' title='bbox 118 1013 286 1048; x_wconf 83' lang='grc' dir='ltr'>μετριότητα</span> <span class='ocrx_word' id='word_1_227' title='bbox 302 1014 315 1040; x_wconf 87' lang='grc' dir='ltr'>ό</span> <span class='ocrx_word' id='word_1_228' title='bbox 334 1014 440 1047; x_wconf 81' lang='grc' dir='ltr'>Παῦλος</span> <span class='ocrx_word' id='word_1_229' title='bbox 469 1015 520 1042; x_wconf 83' lang='grc' dir='ltr'>οὐκ</span> <span class='ocrx_word' id='word_1_230' title='bbox 540 1015 675 1052; x_wconf 79' lang='grc' dir='ltr'>ἐγγράφει</span> <span class='ocrx_word' id='word_1_231' title='bbox 690 1017 786 1044; x_wconf 77' lang='grc' dir='ltr'>ἑαυτὸν</span> <span class='ocrx_word' id='word_1_232' title='bbox 807 1016 851 1043; x_wconf 84' lang='grc' dir='ltr'><strong><em>Ἔ-</em></strong></span> 
     </span>
    </p>
   </div>
   <div class='ocr_carea' id='block_1_33' title="bbox 52 1058 850 1098">
    <p class='ocr_par' dir='ltr' id='par_1_33' title="bbox 52 1058 850 1098">
     <span class='ocr_line' id='line_1_33' title="bbox 52 1058 850 1098; baseline 0.006 -14"><span class='ocrx_word' id='word_1_233' title='bbox 52 1058 160 1094; x_wconf 80' lang='grc' dir='ltr'>ϐραίων</span> <span class='ocrx_word' id='word_1_234' title='bbox 181 1058 352 1091; x_wconf 78' lang='grc' dir='ltr'>Ἀπὸστολον,</span> <span class='ocrx_word' id='word_1_235' title='bbox 369 1059 413 1086; x_wconf 83' lang='grc' dir='ltr'>διὰ</span> <span class='ocrx_word' id='word_1_236' title='bbox 425 1060 475 1096; x_wconf 89' lang='grc' dir='ltr'>τὴν</span> <span class='ocrx_word' id='word_1_237' title='bbox 488 1061 557 1097; x_wconf 78' lang='grc' dir='ltr'>πρὸς</span> <span class='ocrx_word' id='word_1_238' title='bbox 572 1061 619 1088; x_wconf 70' lang='grc' dir='ltr'>τὸν</span> <span class='ocrx_word' id='word_1_239' title='bbox 633 1061 736 1098; x_wconf 83' lang='grc' dir='ltr'>Κύριον</span> <span class='ocrx_word' id='word_1_240' title='bbox 750 1062 832 1098; x_wconf 82' lang='grc' dir='ltr'>τιμὴν</span> <span class='ocrx_word' id='word_1_241' title='bbox 842 1082 850 1095; x_wconf 86' lang='grc'>,</span> 
     </span>
    </p>
   </div>
   <div class='ocr_carea' id='block_1_34' title="bbox 51 1104 852 1142">
    <p class='ocr_par' dir='ltr' id='par_1_34' title="bbox 51 1104 852 1142">
     <span class='ocr_line' id='line_1_34' title="bbox 51 1104 852 1142; baseline 0.006 -12"><span class='ocrx_word' id='word_1_242' title='bbox 51 1105 99 1131; x_wconf 79' lang='grc' dir='ltr'>διά</span> <span class='ocrx_word' id='word_1_243' title='bbox 128 1112 160 1130; x_wconf 87' lang='grc' dir='ltr'>τε</span> <span class='ocrx_word' id='word_1_244' title='bbox 187 1104 242 1131; x_wconf 83' lang='grc' dir='ltr'>τῶν</span> <span class='ocrx_word' id='word_1_245' title='bbox 264 1104 349 1132; x_wconf 84' lang='grc' dir='ltr'>ὲθνῶν</span> <span class='ocrx_word' id='word_1_246' title='bbox 374 1104 443 1132; x_wconf 78' lang='grc' dir='ltr'>εἶναι</span> <span class='ocrx_word' id='word_1_247' title='bbox 463 1106 551 1142; x_wconf 84' lang='grc' dir='ltr'>κῆρυξ</span> <span class='ocrx_word' id='word_1_248' title='bbox 562 1107 609 1134; x_wconf 73' lang='grc' dir='ltr'>καὶ</span> <span class='ocrx_word' id='word_1_249' title='bbox 633 1107 805 1141; x_wconf 77' lang='grc' dir='ltr'>’Δπόστολος,</span> <span class='ocrx_word' id='word_1_250' title='bbox 819 1109 852 1135; x_wconf 77' lang='grc' dir='ltr'>ἐκ</span> 
     </span>
    </p>
   </div>
   <div class='ocr_carea' id='block_1_35' title="bbox 52 1150 726 1190">
    <p class='ocr_par' dir='ltr' id='par_1_35' title="bbox 52 1150 726 1190">
     <span class='ocr_line' id='line_1_35' title="bbox 52 1150 726 1190; baseline 0.007 -14"><span class='ocrx_word' id='word_1_251' title='bbox 52 1150 216 1186; x_wconf 77' lang='grc' dir='ltr'>περιουσίας</span> <span class='ocrx_word' id='word_1_252' title='bbox 232 1150 260 1177; x_wconf 80' lang='grc' dir='ltr'>δὲ</span> <span class='ocrx_word' id='word_1_253' title='bbox 277 1151 428 1180; x_wconf 81' lang='grc' dir='ltr'>ἐπιστεῖλαι</span> <span class='ocrx_word' id='word_1_254' title='bbox 444 1152 492 1179; x_wconf 79' lang='grc' dir='ltr'>καὶ</span> <span class='ocrx_word' id='word_1_255' title='bbox 508 1154 564 1185; x_wconf 87' lang='grc' dir='ltr'>τοῖς</span> <span class='ocrx_word' id='word_1_256' title='bbox 581 1153 726 1190; x_wconf 87' lang='grc' dir='ltr'>Ἑϐραίοις.</span> 
     </span>
    </p>
   </div>
   <div class='ocr_carea' id='block_1_36' title="bbox 905 1015 1696 1052">
    <p class='ocr_par' dir='ltr' id='par_1_36' title="bbox 905 1015 1696 1052">
     <span class='ocr_line' id='line_1_36' title="bbox 905 1015 1696 1052; baseline 0.006 -11"><span class='ocrx_word' id='word_1_257' title='bbox 905 1021 954 1050; x_wconf 87' lang='lat' dir='ltr'>per</span> <span class='ocrx_word' id='word_1_258' title='bbox 970 1015 1133 1042; x_wconf 84' lang='lat' dir='ltr'><strong>modestiam</strong></span> <span class='ocrx_word' id='word_1_259' title='bbox 1145 1015 1247 1043; x_wconf 83' lang='lat' dir='ltr'><strong>Paulus</strong></span> <span class='ocrx_word' id='word_1_260' title='bbox 1259 1023 1314 1043; x_wconf 91' lang='lat' dir='ltr'>non</span> <span class='ocrx_word' id='word_1_261' title='bbox 1327 1016 1437 1051; x_wconf 81' lang='lat' dir='ltr'><strong>scripsit</strong></span> <span class='ocrx_word' id='word_1_262' title='bbox 1450 1017 1625 1052; x_wconf 85' lang='lat' dir='ltr'><strong>semetipsum</strong></span> <span class='ocrx_word' id='word_1_263' title='bbox 1642 1018 1696 1046; x_wconf 87' lang='lat' dir='ltr'>He-</span> 
     </span>
    </p>
   </div>
   <div class='ocr_carea' id='block_1_37' title="bbox 905 1059 1694 1099">
    <p class='ocr_par' dir='ltr' id='par_1_37' title="bbox 905 1059 1694 1099">
     <span class='ocr_line' id='line_1_37' title="bbox 905 1059 1694 1099; baseline 0.005 -12"><span class='ocrx_word' id='word_1_264' title='bbox 905 1059 1039 1087; x_wconf 62' lang='lat' dir='ltr'><strong>braeorum</strong></span> <span class='ocrx_word' id='word_1_265' title='bbox 1053 1061 1218 1095; x_wconf 86' lang='lat' dir='ltr'><strong>apostolum,</strong></span> <span class='ocrx_word' id='word_1_266' title='bbox 1229 1065 1259 1088; x_wconf 94' lang='lat' dir='ltr'>ut</span> <span class='ocrx_word' id='word_1_267' title='bbox 1272 1060 1388 1089; x_wconf 89' lang='lat' dir='ltr'><strong>Domino</strong></span> <span class='ocrx_word' id='word_1_268' title='bbox 1400 1062 1532 1090; x_wconf 86' lang='lat' dir='ltr'><strong>honorem</strong></span> <span class='ocrx_word' id='word_1_269' title='bbox 1544 1063 1694 1099; x_wconf 77' lang='lat' dir='ltr'><strong>legitimum</strong></span> 
     </span>
    </p>
   </div>
   <div class='ocr_carea' id='block_1_38' title="bbox 906 1104 1695 1144">
    <p class='ocr_par' dir='ltr' id='par_1_38' title="bbox 906 1104 1695 1144">
     <span class='ocr_line' id='line_1_38' title="bbox 906 1104 1695 1144; baseline 0.006 -13"><span class='ocrx_word' id='word_1_270' title='bbox 906 1104 1046 1137; x_wconf 85' lang='lat' dir='ltr'><strong>tribueret,</strong></span> <span class='ocrx_word' id='word_1_271' title='bbox 1057 1109 1085 1132; x_wconf 88' lang='lat' dir='ltr'>et</span> <span class='ocrx_word' id='word_1_272' title='bbox 1095 1105 1158 1140; x_wconf 89' lang='lat' dir='ltr'><strong>quia</strong></span> <span class='ocrx_word' id='word_1_273' title='bbox 1170 1113 1258 1141; x_wconf 64' lang='lat' dir='ltr'><strong>praeco</strong></span> <span class='ocrx_word' id='word_1_274' title='bbox 1268 1106 1376 1141; x_wconf 89' lang='lat' dir='ltr'><strong>quidem</strong></span> <span class='ocrx_word' id='word_1_275' title='bbox 1385 1112 1413 1135; x_wconf 88' lang='lat' dir='ltr'>et</span> <span class='ocrx_word' id='word_1_276' title='bbox 1422 1108 1560 1143; x_wconf 89' lang='lat' dir='ltr'><strong>apostolus</strong></span> <span class='ocrx_word' id='word_1_277' title='bbox 1573 1109 1695 1144; x_wconf 76' lang='lat' dir='ltr'><strong>gentium</strong></span> 
     </span>
    </p>
   </div>
   <div class='ocr_carea' id='block_1_39' title="bbox 905 1149 1642 1186">
    <p class='ocr_par' dir='ltr' id='par_1_39' title="bbox 905 1149 1642 1186">
     <span class='ocr_line' id='line_1_39' title="bbox 905 1149 1642 1186; baseline 0.008 -11"><span class='ocrx_word' id='word_1_278' title='bbox 905 1152 975 1181; x_wconf 84' lang='lat' dir='ltr'><strong>erat,</strong></span> <span class='ocrx_word' id='word_1_279' title='bbox 990 1156 1024 1176; x_wconf 74' lang='lat' dir='ltr'><strong>ex</strong></span> <span class='ocrx_word' id='word_1_280' title='bbox 1039 1149 1207 1178; x_wconf 84' lang='lat' dir='ltr'><strong>abundantia</strong></span> <span class='ocrx_word' id='word_1_281' title='bbox 1222 1157 1313 1178; x_wconf 84' lang='lat' dir='ltr'><strong>autem</strong></span> <span class='ocrx_word' id='word_1_282' title='bbox 1326 1152 1435 1186; x_wconf 88' lang='lat' dir='ltr'><strong>scripsit</strong></span> <span class='ocrx_word' id='word_1_283' title='bbox 1451 1152 1485 1180; x_wconf 87' lang='lat' dir='ltr'>ad</span> <span class='ocrx_word' id='word_1_284' title='bbox 1502 1152 1642 1181; x_wconf 77' lang='lat' dir='ltr'><strong>Hebraeos.</strong></span> 
     </span>
    </p>
   </div>
   <div class='ocr_carea' id='block_1_40' title="bbox 89 1219 1689 1259">
    <p class='ocr_par' dir='ltr' id='par_1_40' title="bbox 89 1219 1689 1259">
     <span class='ocr_line' id='line_1_40' title="bbox 89 1219 1689 1259; baseline 0.001 -13"><span class='ocrx_word' id='word_1_285' title='bbox 89 1219 180 1247; x_wconf 84' lang='lat' dir='ltr'><strong>Tomo</strong></span> <span class='ocrx_word' id='word_1_286' title='bbox 187 1220 356 1259; x_wconf 41' lang='lat' dir='ltr'><strong>eodemusub</strong></span> <span class='ocrx_word' id='word_1_287' title='bbox 372 1221 522 1259; x_wconf 61' lang='lat' dir='ltr'><strong>Clementis</strong></span> <span class='ocrx_word' id='word_1_288' title='bbox 535 1223 646 1251; x_wconf 88' lang='lat' dir='ltr'><strong>nomine</strong></span> <span class='ocrx_word' id='word_1_289' title='bbox 659 1223 801 1259; x_wconf 87' lang='lat' dir='ltr'><strong>sequentia</strong></span> <span class='ocrx_word' id='word_1_290' title='bbox 815 1222 968 1259; x_wconf 79' lang='lat' dir='ltr'><strong>fragmenta</strong></span> <span class='ocrx_word' id='word_1_291' title='bbox 982 1221 1104 1259; x_wconf 77' lang='lat' dir='ltr'><strong>reperire</strong></span> <span class='ocrx_word' id='word_1_292' title='bbox 1122 1225 1173 1250; x_wconf 87' lang='lat' dir='ltr'><strong>est.</strong></span> <span class='ocrx_word' id='word_1_293' title='bbox 1194 1221 1316 1259; x_wconf 72' lang='lat' dir='ltr'><strong>Primum</strong></span> <span class='ocrx_word' id='word_1_294' title='bbox 1338 1222 1411 1259; x_wconf 42' lang='lat' dir='ltr'><strong>(pag:</strong></span> <span class='ocrx_word' id='word_1_295' title='bbox 1427 1220 1491 1259; x_wconf 66' lang='lat'>426)</span> <span class='ocrx_word' id='word_1_296' title='bbox 1513 1220 1593 1259; x_wconf 22' lang='lat' dir='ltr'><strong>inet:</strong></span> <span class='ocrx_word' id='word_1_297' title='bbox 1608 1219 1689 1259; x_wconf 66' lang='grc' dir='ltr'>Κλή-</span> 
     </span>
    </p>
   </div>
   <div class='ocr_carea' id='block_1_41' title="bbox 47 1256 841 1294">
    <p class='ocr_par' dir='ltr' id='par_1_41' title="bbox 47 1256 830 1294">
     <span class='ocr_line' id='line_1_41' title="bbox 47 1256 830 1294; baseline 0.006 -13"><span class='ocrx_word' id='word_1_298' title='bbox 47 1263 171 1294; x_wconf 58' lang='grc' dir='ltr'>μετῖος,</span> <span class='ocrx_word' id='word_1_299' title='bbox 187 1256 415 1294; x_wconf 47' lang='lat' dir='ltr'><strong>nauseam“...</strong></span> <span class='ocrx_word' id='word_1_300' title='bbox 431 1257 581 1294; x_wconf 17' lang='lat' dir='ltr'><strong>erdagogi</strong></span> <span class='ocrx_word' id='word_1_301' title='bbox 606 1259 653 1286; x_wconf 88' lang='lat' dir='ltr'><strong>lib.</strong></span> <span class='ocrx_word' id='word_1_302' title='bbox 678 1256 742 1290; x_wconf 66' lang='lat' dir='ltr'>|.&#39;c.</span> <span class='ocrx_word' id='word_1_303' title='bbox 756 1259 784 1291; x_wconf 83' lang='lat'>9,</span> <span class='ocrx_word' id='word_1_304' title='bbox 801 1267 830 1286; x_wconf 81' lang='grc' dir='ltr'>ιι.</span> 
     </span>
    </p>
   </div>
   <div class='ocr_carea' id='block_1_42' title="bbox 896 1256 1011 1294">
    <p class='ocr_par' dir='ltr' id='par_1_42' title="bbox 896 1258 1011 1294">
     <span class='ocr_line' id='line_1_42' title="bbox 896 1258 1011 1294; baseline 0 -9"><span class='ocrx_word' id='word_1_305' title='bbox 896 1268 901 1294; x_wconf 45' lang='grc' dir='ltr'>ί</span> <span class='ocrx_word' id='word_1_306' title='bbox 919 1258 980 1286; x_wconf 90' lang='lat' dir='ltr'><strong>des.</strong></span> <span class='ocrx_word' id='word_1_307' title='bbox 1004 1278 1011 1285; x_wconf 91' lang='lat'><strong>.</strong></span> 
     </span>
    </p>
   </div>
   <div class='ocr_carea' id='block_1_43' title="bbox 1030 1255 1687 1292">
    <p class='ocr_par' dir='ltr' id='par_1_43' title="bbox 1030 1255 1687 1292">
     <span class='ocr_line' id='line_1_43' title="bbox 1030 1255 1687 1292; baseline -0.005 -7"><span class='ocrx_word' id='word_1_308' title='bbox 1030 1278 1036 1285; x_wconf 99' lang='lat'><strong><em>.</em></strong></span> <span class='ocrx_word' id='word_1_309' title='bbox 1055 1277 1062 1285; x_wconf 92' lang='lat'>.</span> <span class='ocrx_word' id='word_1_310' title='bbox 1084 1257 1312 1292; x_wconf 78' lang='grc' dir='ltr'>ὑπεραποθανεῖν,</span> <span class='ocrx_word' id='word_1_311' title='bbox 1326 1258 1373 1283; x_wconf 71' lang='grc' dir='ltr'>καὶ</span> <span class='ocrx_word' id='word_1_312' title='bbox 1385 1255 1416 1292; x_wconf 75' lang='grc' dir='ltr'>τὸ</span> <span class='ocrx_word' id='word_1_313' title='bbox 1428 1256 1498 1283; x_wconf 82' lang='grc' dir='ltr'>κατά</span> <span class='ocrx_word' id='word_1_314' title='bbox 1512 1257 1558 1282; x_wconf 86' lang='grc' dir='ltr'>τοῦ</span> <span class='ocrx_word' id='word_1_315' title='bbox 1572 1255 1687 1292; x_wconf 78' lang='grc' dir='ltr'>θανάτου</span> 
     </span>
    </p>
   </div>
   <div class='ocr_carea' id='block_1_44' title="bbox 50 1290 841 1362">
    <p class='ocr_par' dir='ltr' id='par_1_44' title="bbox 50 1290 841 1362">
     <span class='ocr_line' id='line_1_44' title="bbox 50 1290 841 1329; baseline 0.006 -14"><span class='ocrx_word' id='word_1_316' title='bbox 50 1290 238 1322; x_wconf 80' lang='grc' dir='ltr'>ἐπιδείξασθαι</span> <span class='ocrx_word' id='word_1_317' title='bbox 252 1290 391 1327; x_wconf 68' lang='grc' dir='ltr'>τρόπαιον,</span> <span class='ocrx_word' id='word_1_318' title='bbox 401 1293 481 1321; x_wconf 82' lang='lat' dir='ltr'><strong>aliter</strong></span> <span class='ocrx_word' id='word_1_319' title='bbox 492 1290 568 1321; x_wconf 62' lang='lat' dir='ltr'><strong>ac&#39;in</strong></span> <span class='ocrx_word' id='word_1_320' title='bbox 579 1294 663 1322; x_wconf 83' lang='lat' dir='ltr'><strong>edito.</strong></span> <span class='ocrx_word' id='word_1_321' title='bbox 673 1290 841 1329; x_wconf 64' lang='lat' dir='ltr'><strong>Fragmenlu‘</strong></span> 
     </span>
     <span class='ocr_line' id='line_1_45' title="bbox 50 1325 841 1362; baseline 0.006 -11"><span class='ocrx_word' id='word_1_322' title='bbox 50 1325 175 1362; x_wconf 21' lang='grc' dir='ltr'>γάργβοᾷ</span> <span class='ocrx_word' id='word_1_323' title='bbox 198 1326 255 1362; x_wconf 47' lang='grc' dir='ltr'>κα.ὶῄ</span> <span class='ocrx_word' id='word_1_324' title='bbox 273 1326 322 1354; x_wconf 78' lang='grc' dir='ltr'>νῦν</span> <span class='ocrx_word' id='word_1_325' title='bbox 339 1328 353 1354; x_wconf 83' lang='grc' dir='ltr'>ὁ</span> <span class='ocrx_word' id='word_1_326' title='bbox 373 1328 487 1362; x_wconf 81' lang='grc' dir='ltr'>Κύριος,</span> <span class='ocrx_word' id='word_1_327' title='bbox 502 1338 530 1356; x_wconf 84' lang='grc' dir='ltr'>κ.</span> <span class='ocrx_word' id='word_1_328' title='bbox 552 1338 578 1356; x_wconf 88' lang='grc' dir='ltr'>τ.</span> <span class='ocrx_word' id='word_1_329' title='bbox 591 1329 629 1361; x_wconf 85' lang='grc' dir='ltr'>λ.;</span> <span class='ocrx_word' id='word_1_330' title='bbox 644 1329 756 1361; x_wconf 85' lang='lat' dir='ltr'><strong>desinit.</strong></span> <span class='ocrx_word' id='word_1_331' title='bbox 771 1333 801 1356; x_wconf 87' lang='lat' dir='ltr'>ut</span> <span class='ocrx_word' id='word_1_332' title='bbox 816 1330 841 1356; x_wconf 91' lang='lat' dir='ltr'>in</span> 
     </span>
    </p>
   </div>
   <div class='ocr_carea' id='block_1_45' title="bbox 896 1290 1688 1362">
    <p class='ocr_par' dir='ltr' id='par_1_45' title="bbox 896 1290 1688 1362">
     <span class='ocr_line' id='line_1_46' title="bbox 897 1290 1688 1354; baseline -0.004 -34"><span class='ocrx_word' id='word_1_333' title='bbox 897 1293 994 1336; x_wconf 74' lang='lat' dir='ltr'><strong>lterum</strong></span> <span class='ocrx_word' id='word_1_334' title='bbox 1060 1292 1124 1332; x_wconf 58' lang='lat'>45~5)</span> <span class='ocrx_word' id='word_1_335' title='bbox 1139 1290 1146 1320; x_wconf 80' lang='grc' dir='ltr'>Ξ</span> <span class='ocrx_word' id='word_1_336' title='bbox 1160 1292 1333 1326; x_wconf 80' lang='grc' dir='ltr'>Κλήμεντος</span> <span class='ocrx_word' id='word_1_337' title='bbox 1343 1291 1418 1325; x_wconf 77' lang='grc' dir='ltr'>πρὸς</span> <span class='ocrx_word' id='word_1_338' title='bbox 1428 1292 1589 1325; x_wconf 75' lang='grc' dir='ltr'>Ἓλληνας.</span> <span class='ocrx_word' id='word_1_339' title='bbox 1607 1291 1688 1331; x_wconf 57' lang='grc' dir='ltr'>Ἀλλὰ</span> 
     </span>
     <span class='ocr_line' id='line_1_47' title="bbox 896 1326 1686 1362; baseline -0.003 -8"><span class='ocrx_word' id='word_1_340' title='bbox 896 1332 921 1355; x_wconf 63' lang='lat' dir='ltr'><strong>it.</strong></span> <span class='ocrx_word' id='word_1_341' title='bbox 939 1336 946 1353; x_wconf 71' lang='grc' dir='ltr'>ς</span> <span class='ocrx_word' id='word_1_342' title='bbox 962 1337 1000 1359; x_wconf 89' lang='grc' dir='ltr'>ως</span> <span class='ocrx_word' id='word_1_343' title='bbox 1033 1336 1117 1362; x_wconf 87' lang='grc' dir='ltr'>ησους</span> <span class='ocrx_word' id='word_1_344' title='bbox 1131 1327 1356 1358; x_wconf 86' lang='grc' dir='ltr'>πεπιστευκότας.</span> <span class='ocrx_word' id='word_1_345' title='bbox 1370 1326 1562 1362; x_wconf 72' lang='lat' dir='ltr'><strong>Fragmentum</strong></span> <span class='ocrx_word' id='word_1_346' title='bbox 1575 1330 1686 1362; x_wconf 81' lang='lat' dir='ltr'><strong>tertium</strong></span> 
     </span>
    </p>
   </div>
   <div class='ocr_carea' id='block_1_46' title="bbox 50 1325 841 1364">
    <p class='ocr_par' dir='ltr' id='par_1_46' title="bbox 50 1325 841 1364">
     <span class='ocr_line' id='line_1_48' title="bbox 50 1325 841 1364; baseline 0.005 -12"><span class='ocrx_word' id='word_1_347' title='bbox 50 1325 175 1364; x_wconf 61' lang='lat' dir='ltr'>7&amp;p_§0_4</span> <span class='ocrx_word' id='word_1_348' title='bbox 198 1326 255 1364; x_wconf 43' lang='grc' dir='ltr'>καὶ.</span> <span class='ocrx_word' id='word_1_349' title='bbox 271 1325 322 1354; x_wconf 79' lang='grc' dir='ltr'>νῦν</span> <span class='ocrx_word' id='word_1_350' title='bbox 339 1328 353 1354; x_wconf 83' lang='grc' dir='ltr'>ὁ</span> <span class='ocrx_word' id='word_1_351' title='bbox 373 1328 487 1364; x_wconf 80' lang='grc' dir='ltr'>Κύριος,</span> <span class='ocrx_word' id='word_1_352' title='bbox 502 1338 530 1356; x_wconf 84' lang='grc' dir='ltr'>κ.</span> <span class='ocrx_word' id='word_1_353' title='bbox 552 1338 578 1356; x_wconf 87' lang='grc' dir='ltr'>τ.</span> <span class='ocrx_word' id='word_1_354' title='bbox 591 1329 629 1361; x_wconf 85' lang='grc' dir='ltr'>λ.;</span> <span class='ocrx_word' id='word_1_355' title='bbox 644 1325 756 1361; x_wconf 73' lang='grc' dir='ltr'>ᾱοεὶιιῆ,</span> <span class='ocrx_word' id='word_1_356' title='bbox 771 1333 801 1356; x_wconf 87' lang='lat' dir='ltr'>ut</span> <span class='ocrx_word' id='word_1_357' title='bbox 816 1330 841 1356; x_wconf 91' lang='lat' dir='ltr'>in</span> 
     </span>
    </p>
   </div>
   <div class='ocr_carea' id='block_1_47' title="bbox 896 1325 1000 1364">
    <p class='ocr_par' dir='ltr' id='par_1_47' title="bbox 896 1328 1000 1364">
     <span class='ocr_line' id='line_1_49' title="bbox 896 1328 1000 1364; baseline -0.01 -9"><span class='ocrx_word' id='word_1_358' title='bbox 896 1332 921 1364; x_wconf 65' lang='lat' dir='ltr'><strong>lt.</strong></span> <span class='ocrx_word' id='word_1_359' title='bbox 939 1336 948 1364; x_wconf 65' lang='grc' dir='ltr'>ξ</span> <span class='ocrx_word' id='word_1_360' title='bbox 962 1328 1000 1359; x_wconf 85' lang='grc' dir='ltr'>ὡς</span> 
     </span>
    </p>
   </div>
   <div class='ocr_carea' id='block_1_48' title="bbox 1054 1326 1686 1362">
    <p class='ocr_par' dir='ltr' id='par_1_48' title="bbox 1054 1326 1686 1362">
     <span class='ocr_line' id='line_1_50' title="bbox 1054 1326 1686 1362; baseline -0.003 -8"><span class='ocrx_word' id='word_1_361' title='bbox 1054 1326 1119 1359; x_wconf 80' lang='grc' dir='ltr'>σοῦς</span> <span class='ocrx_word' id='word_1_362' title='bbox 1131 1327 1356 1358; x_wconf 88' lang='grc' dir='ltr'>πεπιστευκότας.</span> <span class='ocrx_word' id='word_1_363' title='bbox 1370 1326 1562 1362; x_wconf 71' lang='lat' dir='ltr'><strong>Fragmentum</strong></span> <span class='ocrx_word' id='word_1_364' title='bbox 1575 1326 1686 1362; x_wconf 84' lang='lat' dir='ltr'><strong>tertium</strong></span> 
     </span>
    </p>
   </div>
   <div class='ocr_carea' id='block_1_49' title="bbox 50 1354 841 1402">
    <p class='ocr_par' dir='ltr' id='par_1_49' title="bbox 50 1354 841 1402">
     <span class='ocr_line' id='line_1_51' title="bbox 50 1354 841 1402; baseline 0.005 -16"><span class='ocrx_word' id='word_1_365' title='bbox 50 1354 98 1402; x_wconf 58' lang='grc' dir='ltr'><strong>(εις</strong></span> <span class='ocrx_word' id='word_1_366' title='bbox 107 1354 366 1402; x_wconf 57' lang='grc' dir='ltr'>ιιοδεκλήμεντρς</span> <span class='ocrx_word' id='word_1_367' title='bbox 381 1354 806 1402; x_wconf 50' lang='grc' dir='ltr'>ξιᾰιδᾰᾷὼγέὼξίίιρᾦξόγὸνοῖ,</span> <span class='ocrx_word' id='word_1_368' title='bbox 816 1354 841 1390; x_wconf 65' lang='lat'>3;;</span> 
     </span>
    </p>
   </div>
   <div class='ocr_carea' id='block_1_50' title="bbox 896 1354 1687 1402">
    <p class='ocr_par' dir='ltr' id='par_1_50' title="bbox 899 1354 1687 1397">
     <span class='ocr_line' id='line_1_52' title="bbox 899 1354 1687 1397; baseline -0.003 -7"><span class='ocrx_word' id='word_1_369' title='bbox 899 1354 926 1390; x_wconf 52' lang='grc' dir='ltr'>λλ</span> <span class='ocrx_word' id='word_1_370' title='bbox 940 1363 969 1390; x_wconf 93' lang='lat' dir='ltr'><strong>In</strong></span> <span class='ocrx_word' id='word_1_371' title='bbox 989 1354 1084 1391; x_wconf 68' lang='lat' dir='ltr'><strong>multis</strong></span> <span class='ocrx_word' id='word_1_372' title='bbox 1096 1354 1130 1390; x_wconf 52' lang='lat' dir='ltr'><strong>a&#39;b</strong></span> <span class='ocrx_word' id='word_1_373' title='bbox 1141 1363 1216 1391; x_wconf 86' lang='lat' dir='ltr'><strong>edito</strong></span> <span class='ocrx_word' id='word_1_374' title='bbox 1227 1362 1318 1389; x_wconf 82' lang='lat' dir='ltr'><strong>diﬂ&#39;ert</strong></span> <span class='ocrx_word' id='word_1_375' title='bbox 1326 1354 1526 1397; x_wconf 52' lang='lat' dir='ltr'><strong>{quaurobrem</strong></span> <span class='ocrx_word' id='word_1_376' title='bbox 1538 1361 1583 1389; x_wconf 88' lang='lat' dir='ltr'><strong>hic</strong></span> <span class='ocrx_word' id='word_1_377' title='bbox 1590 1361 1687 1389; x_wconf 87' lang='lat' dir='ltr'><strong>saltem</strong></span> 
     </span>
    </p>
   </div>
   <div class='ocr_carea' id='block_1_51' title="bbox 49 1396 468 1426">
    <p class='ocr_par' dir='ltr' id='par_1_51' title="bbox 49 1396 468 1426">
     <span class='ocr_line' id='line_1_53' title="bbox 49 1396 468 1426; baseline 0.01 -4"><span class='ocrx_word' id='word_1_378' title='bbox 49 1396 148 1423; x_wconf 60' lang='lat' dir='ltr'><strong>Grece</strong></span> <span class='ocrx_word' id='word_1_379' title='bbox 159 1396 312 1424; x_wconf 89' lang='lat' dir='ltr'><strong>sistendum</strong></span> <span class='ocrx_word' id='word_1_380' title='bbox 329 1397 468 1426; x_wconf 77' lang='lat' dir='ltr'><strong>duximus.</strong></span> 
     </span>
    </p>
   </div>
   <div class='ocr_carea' id='block_1_52' title="bbox 83 1453 846 1493">
    <p class='ocr_par' dir='ltr' id='par_1_52' title="bbox 83 1453 846 1493">
     <span class='ocr_line' id='line_1_54' title="bbox 83 1453 846 1493; baseline 0.005 -13"><span class='ocrx_word' id='word_1_381' title='bbox 83 1453 262 1488; x_wconf 70' lang='grc' dir='ltr'>Κλήμεντος</span> <span class='ocrx_word' id='word_1_382' title='bbox 283 1455 510 1492; x_wconf 72' lang='grc' dir='ltr'>Παιδαγωγέως.</span> <span class='ocrx_word' id='word_1_383' title='bbox 530 1457 707 1493; x_wconf 84' lang='grc' dir='ltr'>Πρωτόγονον</span> <span class='ocrx_word' id='word_1_384' title='bbox 727 1457 759 1484; x_wconf 80' lang='grc' dir='ltr'>τὺ</span> <span class='ocrx_word' id='word_1_385' title='bbox 777 1454 846 1493; x_wconf 70' lang='grc' dir='ltr'>αἷμα</span> 
     </span>
    </p>
   </div>
   <div class='ocr_carea' id='block_1_53' title="bbox 46 1499 845 1539">
    <p class='ocr_par' dir='ltr' id='par_1_53' title="bbox 46 1499 845 1539">
     <span class='ocr_line' id='line_1_55' title="bbox 46 1499 845 1539; baseline 0.008 -15"><span class='ocrx_word' id='word_1_386' title='bbox 46 1499 210 1535; x_wconf 81' lang='grc' dir='ltr'>εὑρίσκεται</span> <span class='ocrx_word' id='word_1_387' title='bbox 229 1501 258 1527; x_wconf 80' lang='grc' dir='ltr'>ἐν</span> <span class='ocrx_word' id='word_1_388' title='bbox 279 1501 427 1537; x_wconf 84' lang='grc' dir='ltr'>ἀνθρώπῳ,</span> <span class='ocrx_word' id='word_1_389' title='bbox 440 1502 519 1530; x_wconf 82' lang='grc' dir='ltr'>τοῦτο</span> <span class='ocrx_word' id='word_1_390' title='bbox 542 1501 575 1539; x_wconf 85' lang='grc' dir='ltr'>δὴ</span> <span class='ocrx_word' id='word_1_391' title='bbox 591 1503 622 1530; x_wconf 80' lang='grc' dir='ltr'>τὸ</span> <span class='ocrx_word' id='word_1_392' title='bbox 645 1500 715 1539; x_wconf 70' lang='grc' dir='ltr'>αἷμα</span> <span class='ocrx_word' id='word_1_393' title='bbox 744 1504 845 1539; x_wconf 81' lang='grc' dir='ltr'>φυσικῇ</span> 
     </span>
    </p>
   </div>
   <div class='ocr_carea' id='block_1_54' title="bbox 46 1545 844 1584">
    <p class='ocr_par' dir='ltr' id='par_1_54' title="bbox 46 1545 844 1584">
     <span class='ocr_line' id='line_1_56' title="bbox 46 1545 844 1584; baseline 0.006 -13"><span class='ocrx_word' id='word_1_394' title='bbox 46 1545 222 1580; x_wconf 78' lang='grc' dir='ltr'>τρεπόμενον</span> <span class='ocrx_word' id='word_1_395' title='bbox 237 1546 330 1581; x_wconf 75' lang='grc' dir='ltr'>πέψει,</span> <span class='ocrx_word' id='word_1_396' title='bbox 347 1547 489 1584; x_wconf 86' lang='grc' dir='ltr'>κυησάσης</span> <span class='ocrx_word' id='word_1_397' title='bbox 503 1548 554 1584; x_wconf 87' lang='grc' dir='ltr'>τῆς</span> <span class='ocrx_word' id='word_1_398' title='bbox 571 1549 685 1584; x_wconf 84' lang='grc' dir='ltr'>μητρὸς,</span> <span class='ocrx_word' id='word_1_399' title='bbox 702 1549 844 1584; x_wconf 87' lang='grc' dir='ltr'>φιλοστορ-</span> 
     </span>
    </p>
   </div>
   <div class='ocr_carea' id='block_1_55' title="bbox 45 1591 843 1631">
    <p class='ocr_par' dir='ltr' id='par_1_55' title="bbox 45 1591 843 1631">
     <span class='ocr_line' id='line_1_57' title="bbox 45 1591 843 1631; baseline 0.006 -14"><span class='ocrx_word' id='word_1_400' title='bbox 45 1591 98 1626; x_wconf 71' lang='grc' dir='ltr'>γία</span> <span class='ocrx_word' id='word_1_401' title='bbox 113 1600 147 1617; x_wconf 83' lang='grc' dir='ltr'>συ</span> <span class='ocrx_word' id='word_1_402' title='bbox 152 1591 264 1626; x_wconf 84' lang='grc' dir='ltr'>μπαθεῖ,</span> <span class='ocrx_word' id='word_1_403' title='bbox 282 1592 389 1626; x_wconf 81' lang='grc' dir='ltr'>ἐξανθεῖ</span> <span class='ocrx_word' id='word_1_404' title='bbox 401 1594 448 1620; x_wconf 78' lang='grc' dir='ltr'>καὶ</span> <span class='ocrx_word' id='word_1_405' title='bbox 464 1594 601 1630; x_wconf 87' lang='grc' dir='ltr'>γηράσκει</span> <span class='ocrx_word' id='word_1_406' title='bbox 616 1594 685 1631; x_wconf 86' lang='grc' dir='ltr'>πρὸς</span> <span class='ocrx_word' id='word_1_407' title='bbox 697 1595 728 1622; x_wconf 88' lang='grc' dir='ltr'>τὸ</span> <span class='ocrx_word' id='word_1_408' title='bbox 742 1594 843 1630; x_wconf 80' lang='grc' dir='ltr'>ἄφοϐον</span> 
     </span>
    </p>
   </div>
   <div class='ocr_carea' id='block_1_56' title="bbox 43 1637 844 1677">
    <p class='ocr_par' dir='ltr' id='par_1_56' title="bbox 43 1637 844 1677">
     <span class='ocr_line' id='line_1_58' title="bbox 43 1637 844 1677; baseline 0.005 -14"><span class='ocrx_word' id='word_1_409' title='bbox 43 1637 96 1664; x_wconf 75' lang='grc' dir='ltr'>τοῦ</span> <span class='ocrx_word' id='word_1_410' title='bbox 110 1637 231 1665; x_wconf 86' lang='grc' dir='ltr'>παιδίου.</span> <span class='ocrx_word' id='word_1_411' title='bbox 249 1638 304 1665; x_wconf 72' lang='grc' dir='ltr'>Καὶ</span> <span class='ocrx_word' id='word_1_412' title='bbox 318 1638 376 1665; x_wconf 74' lang='grc' dir='ltr'>ἔστι</span> <span class='ocrx_word' id='word_1_413' title='bbox 390 1639 439 1675; x_wconf 83' lang='grc' dir='ltr'>μὲν</span> <span class='ocrx_word' id='word_1_414' title='bbox 455 1640 505 1675; x_wconf 86' lang='grc' dir='ltr'>τῆς</span> <span class='ocrx_word' id='word_1_415' title='bbox 529 1641 630 1676; x_wconf 84' lang='grc' dir='ltr'>σαρκὸς</span> <span class='ocrx_word' id='word_1_416' title='bbox 651 1641 797 1677; x_wconf 78' lang='grc' dir='ltr'>ὑγρότερον</span> <span class='ocrx_word' id='word_1_417' title='bbox 813 1640 844 1668; x_wconf 79' lang='grc' dir='ltr'>τὸ</span> 
     </span>
    </p>
   </div>
   <div class='ocr_carea' id='block_1_57' title="bbox 45 1681 843 1723">
    <p class='ocr_par' dir='ltr' id='par_1_57' title="bbox 45 1681 843 1723">
     <span class='ocr_line' id='line_1_59' title="bbox 45 1681 843 1723; baseline 0.005 -14"><span class='ocrx_word' id='word_1_418' title='bbox 45 1681 128 1719; x_wconf 72' lang='grc' dir='ltr'>αἷμα,</span> <span class='ocrx_word' id='word_1_419' title='bbox 137 1681 195 1710; x_wconf 80' lang='grc' dir='ltr'>οἷον</span> <span class='ocrx_word' id='word_1_420' title='bbox 210 1684 281 1720; x_wconf 85' lang='grc' dir='ltr'>ὑγρά</span> <span class='ocrx_word' id='word_1_421' title='bbox 291 1693 333 1716; x_wconf 86' lang='grc' dir='ltr'>τις</span> <span class='ocrx_word' id='word_1_422' title='bbox 348 1683 416 1712; x_wconf 76' lang='grc' dir='ltr'>οὖσα</span> <span class='ocrx_word' id='word_1_423' title='bbox 433 1685 512 1721; x_wconf 79' lang='grc' dir='ltr'>σὰρξ,</span> <span class='ocrx_word' id='word_1_424' title='bbox 526 1686 574 1713; x_wconf 82' lang='grc' dir='ltr'>τοῦ</span> <span class='ocrx_word' id='word_1_425' title='bbox 587 1686 615 1713; x_wconf 83' lang='grc' dir='ltr'>δὲ</span> <span class='ocrx_word' id='word_1_426' title='bbox 626 1687 742 1723; x_wconf 76' lang='grc' dir='ltr'>αἵματος</span> <span class='ocrx_word' id='word_1_427' title='bbox 754 1695 843 1714; x_wconf 91' lang='grc' dir='ltr'>νοστι-</span> 
     </span>
    </p>
   </div>
   <div class='ocr_carea' id='block_1_58' title="bbox 47 1731 844 1769">
    <p class='ocr_par' dir='ltr' id='par_1_58' title="bbox 47 1731 844 1769">
     <span class='ocr_line' id='line_1_60' title="bbox 47 1731 844 1769; baseline 0.004 -12"><span class='ocrx_word' id='word_1_428' title='bbox 47 1731 175 1767; x_wconf 79' lang='grc' dir='ltr'>μώτερον</span> <span class='ocrx_word' id='word_1_429' title='bbox 194 1731 225 1758; x_wconf 83' lang='grc' dir='ltr'>τὸ</span> <span class='ocrx_word' id='word_1_430' title='bbox 238 1731 309 1766; x_wconf 89' lang='grc' dir='ltr'>γάλα</span> <span class='ocrx_word' id='word_1_431' title='bbox 324 1733 371 1759; x_wconf 78' lang='grc' dir='ltr'>καὶ</span> <span class='ocrx_word' id='word_1_432' title='bbox 392 1732 654 1769; x_wconf 80' lang='grc' dir='ltr'>λεπτομερέστερον.</span> <span class='ocrx_word' id='word_1_433' title='bbox 669 1733 732 1759; x_wconf 70' lang='grc' dir='ltr'>Εἴτε</span> <span class='ocrx_word' id='word_1_434' title='bbox 743 1733 797 1769; x_wconf 86' lang='grc' dir='ltr'>γὰρ</span> <span class='ocrx_word' id='word_1_435' title='bbox 812 1733 844 1760; x_wconf 84' lang='grc' dir='ltr'>τὺ</span> 
     </span>
    </p>
   </div>
   <div class='ocr_carea' id='block_1_59' title="bbox 44 1776 842 1815">
    <p class='ocr_par' dir='ltr' id='par_1_59' title="bbox 44 1776 842 1815">
     <span class='ocr_line' id='line_1_61' title="bbox 44 1776 842 1815; baseline 0.003 -11"><span class='ocrx_word' id='word_1_436' title='bbox 44 1778 302 1814; x_wconf 71' lang='grc' dir='ltr'>ἐπιχορηγούμενον</span> <span class='ocrx_word' id='word_1_437' title='bbox 313 1776 384 1815; x_wconf 75' lang='grc' dir='ltr'>αἷμα</span> <span class='ocrx_word' id='word_1_438' title='bbox 397 1778 436 1814; x_wconf 88' lang='grc' dir='ltr'>τῷ</span> <span class='ocrx_word' id='word_1_439' title='bbox 448 1779 571 1815; x_wconf 82' lang='grc' dir='ltr'>ἐμϐρύῳ,</span> <span class='ocrx_word' id='word_1_440' title='bbox 587 1780 634 1806; x_wconf 79' lang='grc' dir='ltr'>καὶ</span> <span class='ocrx_word' id='word_1_441' title='bbox 652 1779 697 1806; x_wconf 87' lang='grc' dir='ltr'>διὰ</span> <span class='ocrx_word' id='word_1_442' title='bbox 715 1779 842 1815; x_wconf 83' lang='grc' dir='ltr'>μητρὼου</span> 
     </span>
    </p>
   </div>
   <div class='ocr_carea' id='block_1_60' title="bbox 45 1822 843 1860">
    <p class='ocr_par' dir='ltr' id='par_1_60' title="bbox 45 1822 843 1860">
     <span class='ocr_line' id='line_1_62' title="bbox 45 1822 843 1860; baseline 0 -9"><span class='ocrx_word' id='word_1_443' title='bbox 45 1824 108 1851; x_wconf 73' lang='grc' dir='ltr'>ἐστὶ</span> <span class='ocrx_word' id='word_1_444' title='bbox 118 1824 253 1860; x_wconf 83' lang='grc' dir='ltr'>πρότερον</span> <span class='ocrx_word' id='word_1_445' title='bbox 267 1825 443 1860; x_wconf 82' lang='grc' dir='ltr'>πεμπόμενον</span> <span class='ocrx_word' id='word_1_446' title='bbox 458 1823 594 1860; x_wconf 83' lang='grc' dir='ltr'>ὀμφαλοῦ,</span> <span class='ocrx_word' id='word_1_447' title='bbox 603 1825 658 1852; x_wconf 80' lang='grc' dir='ltr'>εῐτε</span> <span class='ocrx_word' id='word_1_448' title='bbox 668 1822 702 1851; x_wconf 79' lang='grc' dir='ltr'>αὖ</span> <span class='ocrx_word' id='word_1_449' title='bbox 714 1824 746 1851; x_wconf 79' lang='grc' dir='ltr'>τὸ</span> <span class='ocrx_word' id='word_1_450' title='bbox 757 1833 843 1852; x_wconf 89' lang='grc' dir='ltr'>κατα-</span> 
     </span>
    </p>
   </div>
   <div class='ocr_carea' id='block_1_61' title="bbox 46 1869 842 1906">
    <p class='ocr_par' dir='ltr' id='par_1_61' title="bbox 46 1869 842 1906">
     <span class='ocr_line' id='line_1_63' title="bbox 46 1869 842 1906; baseline 0 -9"><span class='ocrx_word' id='word_1_451' title='bbox 46 1871 146 1906; x_wconf 79' lang='grc' dir='ltr'>μήνιον</span> <span class='ocrx_word' id='word_1_452' title='bbox 169 1870 237 1896; x_wconf 84' lang='grc' dir='ltr'>αὐτὸ</span> <span class='ocrx_word' id='word_1_453' title='bbox 262 1869 441 1897; x_wconf 84' lang='grc' dir='ltr'>ἀποκλεισθὲν</span> <span class='ocrx_word' id='word_1_454' title='bbox 467 1869 518 1905; x_wconf 82' lang='grc' dir='ltr'>τῆς</span> <span class='ocrx_word' id='word_1_455' title='bbox 544 1870 647 1902; x_wconf 83' lang='grc' dir='ltr'>οἰκείας</span> <span class='ocrx_word' id='word_1_456' title='bbox 667 1870 754 1905; x_wconf 82' lang='grc' dir='ltr'>φορᾶς</span> <span class='ocrx_word' id='word_1_457' title='bbox 771 1869 842 1897; x_wconf 87' lang='grc' dir='ltr'>κατά</span> 
     </span>
    </p>
   </div>
   <div class='ocr_carea' id='block_1_62' title="bbox 45 1915 842 1952">
    <p class='ocr_par' dir='ltr' id='par_1_62' title="bbox 45 1915 842 1952">
     <span class='ocr_line' id='line_1_64' title="bbox 45 1915 842 1952; baseline -0.001 -9"><span class='ocrx_word' id='word_1_458' title='bbox 45 1915 167 1951; x_wconf 80' lang='grc' dir='ltr'>φυσικὴν</span> <span class='ocrx_word' id='word_1_459' title='bbox 183 1916 315 1951; x_wconf 83' lang='grc' dir='ltr'>ἀνάχυσιν</span> <span class='ocrx_word' id='word_1_460' title='bbox 331 1918 431 1952; x_wconf 85' lang='grc' dir='ltr'>χωρεῖν</span> <span class='ocrx_word' id='word_1_461' title='bbox 447 1916 587 1943; x_wconf 81' lang='grc' dir='ltr'>κελεύεται</span> <span class='ocrx_word' id='word_1_462' title='bbox 612 1916 681 1952; x_wconf 83' lang='grc' dir='ltr'>πρὸς</span> <span class='ocrx_word' id='word_1_463' title='bbox 703 1915 750 1942; x_wconf 78' lang='grc' dir='ltr'>τοῦ</span> <span class='ocrx_word' id='word_1_464' title='bbox 774 1924 842 1943; x_wconf 86' lang='grc' dir='ltr'>παν-</span> 
     </span>
    </p>
   </div>
   <div class='ocr_carea' id='block_1_63' title="bbox 44 1961 839 1999">
    <p class='ocr_par' dir='ltr' id='par_1_63' title="bbox 44 1961 839 1999">
     <span class='ocr_line' id='line_1_65' title="bbox 44 1961 839 1999; baseline -0.001 -10"><span class='ocrx_word' id='word_1_465' title='bbox 44 1963 148 1998; x_wconf 72' lang='grc' dir='ltr'>τρόφου</span> <span class='ocrx_word' id='word_1_466' title='bbox 160 1962 207 1989; x_wconf 75' lang='grc' dir='ltr'>καὶ</span> <span class='ocrx_word' id='word_1_467' title='bbox 221 1961 413 1998; x_wconf 86' lang='grc' dir='ltr'>γενεσιουργοῢ</span> <span class='ocrx_word' id='word_1_468' title='bbox 423 1963 470 1989; x_wconf 74' lang='grc' dir='ltr'>ἐπὶ</span> <span class='ocrx_word' id='word_1_469' title='bbox 483 1963 546 1995; x_wconf 80' lang='grc' dir='ltr'>τοὺς</span> <span class='ocrx_word' id='word_1_470' title='bbox 558 1962 774 1999; x_wconf 87' lang='grc' dir='ltr'>φλεγμαίνοντας</span> <span class='ocrx_word' id='word_1_471' title='bbox 789 1962 839 1998; x_wconf 81' lang='grc' dir='ltr'>ήδη</span> 
     </span>
    </p>
   </div>
   <div class='ocr_carea' id='block_1_64' title="bbox 46 2007 839 2044">
    <p class='ocr_par' dir='ltr' id='par_1_64' title="bbox 46 2007 839 2044">
     <span class='ocr_line' id='line_1_66' title="bbox 46 2007 839 2044; baseline -0.001 -9"><span class='ocrx_word' id='word_1_472' title='bbox 46 2008 180 2044; x_wconf 76' lang='grc' dir='ltr'>μαστοὺς,</span> <span class='ocrx_word' id='word_1_473' title='bbox 197 2008 244 2035; x_wconf 74' lang='grc' dir='ltr'>καὶ</span> <span class='ocrx_word' id='word_1_474' title='bbox 265 2008 318 2035; x_wconf 78' lang='grc' dir='ltr'>ὑπὸ</span> <span class='ocrx_word' id='word_1_475' title='bbox 335 2008 491 2044; x_wconf 83' lang='grc' dir='ltr'>πνεύματος</span> <span class='ocrx_word' id='word_1_476' title='bbox 514 2007 703 2044; x_wconf 82' lang='grc' dir='ltr'>ἀλλοιούμενον</span> <span class='ocrx_word' id='word_1_477' title='bbox 725 2007 839 2044; x_wconf 84' lang='grc' dir='ltr'>Θερμοῦ,</span> 
     </span>
    </p>
   </div>
   <div class='ocr_carea' id='block_1_65' title="bbox 45 2052 840 2091">
    <p class='ocr_par' dir='ltr' id='par_1_65' title="bbox 45 2052 840 2091">
     <span class='ocr_line' id='line_1_67' title="bbox 45 2052 840 2091; baseline 0.003 -11"><span class='ocrx_word' id='word_1_478' title='bbox 45 2054 160 2089; x_wconf 76' lang='grc' dir='ltr'>ποθεινὴ</span> <span class='ocrx_word' id='word_1_479' title='bbox 180 2053 342 2086; x_wconf 72' lang='grc' dir='ltr'>σκευάζεται</span> <span class='ocrx_word' id='word_1_480' title='bbox 358 2054 396 2090; x_wconf 85' lang='grc' dir='ltr'>τῷ</span> <span class='ocrx_word' id='word_1_481' title='bbox 412 2055 502 2091; x_wconf 80' lang='grc' dir='ltr'>νηπίῳ</span> <span class='ocrx_word' id='word_1_482' title='bbox 523 2055 621 2091; x_wconf 87' lang='grc' dir='ltr'>τροφὴ,</span> <span class='ocrx_word' id='word_1_483' title='bbox 633 2052 703 2091; x_wconf 75' lang='grc' dir='ltr'>αἷμα</span> <span class='ocrx_word' id='word_1_484' title='bbox 714 2055 745 2082; x_wconf 84' lang='grc' dir='ltr'>τὸ</span> <span class='ocrx_word' id='word_1_485' title='bbox 761 2064 840 2091; x_wconf 88' lang='grc' dir='ltr'>μετα-</span> 
     </span>
    </p>
   </div>
   <div class='ocr_carea' id='block_1_66' title="bbox 44 2100 840 2137">
    <p class='ocr_par' dir='ltr' id='par_1_66' title="bbox 44 2100 840 2137">
     <span class='ocr_line' id='line_1_68' title="bbox 44 2100 840 2137; baseline 0.003 -11"><span class='ocrx_word' id='word_1_486' title='bbox 44 2100 144 2127; x_wconf 78' lang='grc' dir='ltr'>ϐάλλον</span> <span class='ocrx_word' id='word_1_487' title='bbox 168 2101 237 2127; x_wconf 88' lang='grc' dir='ltr'>ὲστί.</span> <span class='ocrx_word' id='word_1_488' title='bbox 256 2100 382 2128; x_wconf 86' lang='grc' dir='ltr'>Μάλιστα</span> <span class='ocrx_word' id='word_1_489' title='bbox 409 2100 465 2136; x_wconf 89' lang='grc' dir='ltr'>γὰρ</span> <span class='ocrx_word' id='word_1_490' title='bbox 489 2100 598 2128; x_wconf 86' lang='grc' dir='ltr'>πάντων</span> <span class='ocrx_word' id='word_1_491' title='bbox 623 2101 712 2137; x_wconf 82' lang='grc' dir='ltr'>μελῶν</span> <span class='ocrx_word' id='word_1_492' title='bbox 741 2102 840 2137; x_wconf 74' lang='grc' dir='ltr'>μαστοὶ</span> 
     </span>
    </p>
   </div>
   <div class='ocr_carea' id='block_1_67' title="bbox 44 2143 838 2181">
    <p class='ocr_par' dir='ltr' id='par_1_67' title="bbox 44 2143 838 2181">
     <span class='ocr_line' id='line_1_69' title="bbox 44 2143 838 2181; baseline 0.001 -10"><span class='ocrx_word' id='word_1_493' title='bbox 44 2145 202 2181; x_wconf 83' lang='grc' dir='ltr'>συμπαθεῖς</span> <span class='ocrx_word' id='word_1_494' title='bbox 216 2145 319 2181; x_wconf 74' lang='grc' dir='ltr'>μήτρᾳ.</span> <span class='ocrx_word' id='word_1_495' title='bbox 339 2144 424 2171; x_wconf 81' lang='grc' dir='ltr'>Ἐπὰν</span> <span class='ocrx_word' id='word_1_496' title='bbox 439 2143 485 2172; x_wconf 79' lang='grc' dir='ltr'>οὖν</span> <span class='ocrx_word' id='word_1_497' title='bbox 502 2145 574 2172; x_wconf 81' lang='grc' dir='ltr'>κατὰ</span> <span class='ocrx_word' id='word_1_498' title='bbox 588 2146 652 2177; x_wconf 81' lang='grc' dir='ltr'>τοὺς</span> <span class='ocrx_word' id='word_1_499' title='bbox 663 2145 760 2177; x_wconf 87' lang='grc' dir='ltr'>τόκους</span> <span class='ocrx_word' id='word_1_500' title='bbox 769 2145 838 2172; x_wconf 88' lang='grc' dir='ltr'>ἀπο-</span> 
     </span>
    </p>
   </div>
   <div class='ocr_carea' id='block_1_68' title="bbox 43 2187 840 2228">
    <p class='ocr_par' dir='ltr' id='par_1_68' title="bbox 43 2187 840 2228">
     <span class='ocr_line' id='line_1_70' title="bbox 43 2187 840 2228; baseline 0 -10"><span class='ocrx_word' id='word_1_501' title='bbox 43 2191 135 2227; x_wconf 78' lang='grc' dir='ltr'>κοπὴν</span> <span class='ocrx_word' id='word_1_502' title='bbox 160 2190 232 2228; x_wconf 80' lang='grc' dir='ltr'>λάϐῃ</span> <span class='ocrx_word' id='word_1_503' title='bbox 247 2190 279 2217; x_wconf 76' lang='grc' dir='ltr'>τὸ</span> <span class='ocrx_word' id='word_1_504' title='bbox 292 2190 413 2225; x_wconf 87' lang='grc' dir='ltr'>ἀγγεῖον,</span> <span class='ocrx_word' id='word_1_505' title='bbox 430 2190 463 2217; x_wconf 86' lang='grc' dir='ltr'>δι’</span> <span class='ocrx_word' id='word_1_506' title='bbox 477 2187 508 2217; x_wconf 83' lang='grc' dir='ltr'>οὗ</span> <span class='ocrx_word' id='word_1_507' title='bbox 529 2191 599 2227; x_wconf 76' lang='grc' dir='ltr'>πρὸς</span> <span class='ocrx_word' id='word_1_508' title='bbox 624 2190 668 2223; x_wconf 79' lang='grc' dir='ltr'>τὸ,</span> <span class='ocrx_word' id='word_1_509' title='bbox 680 2189 798 2226; x_wconf 72' lang='grc' dir='ltr'>ἔμϐρυον</span> <span class='ocrx_word' id='word_1_510' title='bbox 808 2191 840 2218; x_wconf 81' lang='grc' dir='ltr'>τὸ</span> 
     </span>
    </p>
   </div>
   <div class='ocr_carea' id='block_1_69' title="bbox 45 2235 838 2273">
    <p class='ocr_par' dir='ltr' id='par_1_69' title="bbox 45 2235 838 2273">
     <span class='ocr_line' id='line_1_71' title="bbox 45 2235 838 2273; baseline -0.001 -9"><span class='ocrx_word' id='word_1_511' title='bbox 45 2235 118 2273; x_wconf 77' lang='grc' dir='ltr'>αἷμα</span> <span class='ocrx_word' id='word_1_512' title='bbox 140 2236 265 2272; x_wconf 76' lang='grc' dir='ltr'>ἐφέρετο,</span> <span class='ocrx_word' id='word_1_513' title='bbox 282 2236 364 2272; x_wconf 83' lang='grc' dir='ltr'>μύσις</span> <span class='ocrx_word' id='word_1_514' title='bbox 385 2236 432 2272; x_wconf 86' lang='grc' dir='ltr'>μὲν</span> <span class='ocrx_word' id='word_1_515' title='bbox 442 2235 545 2271; x_wconf 90' lang='grc' dir='ltr'>γίνεται</span> <span class='ocrx_word' id='word_1_516' title='bbox 560 2236 608 2263; x_wconf 85' lang='grc' dir='ltr'>τοῦ</span> <span class='ocrx_word' id='word_1_517' title='bbox 629 2237 726 2273; x_wconf 86' lang='grc' dir='ltr'>πόρου,</span> <span class='ocrx_word' id='word_1_518' title='bbox 745 2237 796 2272; x_wconf 82' lang='grc' dir='ltr'>τὴν</span> <span class='ocrx_word' id='word_1_519' title='bbox 810 2237 838 2263; x_wconf 81' lang='grc' dir='ltr'>δὲ</span> 
     </span>
    </p>
   </div>
   <div class='ocr_carea' id='block_1_70' title="bbox 42 2280 837 2319">
    <p class='ocr_par' dir='ltr' id='par_1_70' title="bbox 42 2280 837 2319">
     <span class='ocr_line' id='line_1_72' title="bbox 42 2280 837 2319; baseline 0 -9"><span class='ocrx_word' id='word_1_520' title='bbox 42 2283 135 2319; x_wconf 80' lang='grc' dir='ltr'>ὁρμὴν</span> <span class='ocrx_word' id='word_1_521' title='bbox 150 2283 196 2309; x_wconf 71' lang='grc' dir='ltr'>ἐπὶ</span> <span class='ocrx_word' id='word_1_522' title='bbox 211 2283 275 2315; x_wconf 71' lang='grc' dir='ltr'>τοὺς</span> <span class='ocrx_word' id='word_1_523' title='bbox 291 2284 410 2318; x_wconf 84' lang='grc' dir='ltr'>μαστοὺς</span> <span class='ocrx_word' id='word_1_524' title='bbox 423 2283 455 2310; x_wconf 83' lang='grc' dir='ltr'>τὺ</span> <span class='ocrx_word' id='word_1_525' title='bbox 471 2280 541 2318; x_wconf 71' lang='grc' dir='ltr'>αἷμα</span> <span class='ocrx_word' id='word_1_526' title='bbox 555 2282 698 2318; x_wconf 85' lang='grc' dir='ltr'>λαμϐάνει,</span> <span class='ocrx_word' id='word_1_527' title='bbox 713 2283 760 2310; x_wconf 79' lang='grc' dir='ltr'>καὶ</span> <span class='ocrx_word' id='word_1_528' title='bbox 771 2283 837 2310; x_wconf 82' lang='grc' dir='ltr'>πολ-</span> 
     </span>
    </p>
   </div>
   <div class='ocr_carea' id='block_1_71' title="bbox 899 1455 1684 1492">
    <p class='ocr_par' dir='ltr' id='par_1_71' title="bbox 899 1455 1684 1492">
     <span class='ocr_line' id='line_1_73' title="bbox 899 1455 1684 1492; baseline -0.003 -9"><span class='ocrx_word' id='word_1_529' title='bbox 899 1456 1063 1491; x_wconf 78' lang='grc' dir='ltr'>πνευμάτων</span> <span class='ocrx_word' id='word_1_530' title='bbox 1075 1456 1100 1482; x_wconf 84' lang='grc' dir='ltr'>οἱ</span> <span class='ocrx_word' id='word_1_531' title='bbox 1114 1455 1226 1492; x_wconf 82' lang='grc' dir='ltr'>ποιηταί</span> <span class='ocrx_word' id='word_1_532' title='bbox 1240 1464 1322 1490; x_wconf 87' lang='grc' dir='ltr'>φασιν</span> <span class='ocrx_word' id='word_1_533' title='bbox 1348 1455 1498 1482; x_wconf 84' lang='grc' dir='ltr'>ἀποπτύειν</span> <span class='ocrx_word' id='word_1_534' title='bbox 1512 1455 1575 1487; x_wconf 70' lang='grc' dir='ltr'>ἀλὸς</span> <span class='ocrx_word' id='word_1_535' title='bbox 1590 1455 1684 1491; x_wconf 77' lang='grc' dir='ltr'>ἄχνην·</span> 
     </span>
    </p>
   </div>
   <div class='ocr_carea' id='block_1_72' title="bbox 898 1498 1684 1538">
    <p class='ocr_par' dir='ltr' id='par_1_72' title="bbox 898 1498 1684 1538">
     <span class='ocr_line' id='line_1_74' title="bbox 898 1498 1684 1538; baseline 0.001 -10"><span class='ocrx_word' id='word_1_536' title='bbox 898 1501 968 1537; x_wconf 83' lang='grc' dir='ltr'>πλὴν</span> <span class='ocrx_word' id='word_1_537' title='bbox 983 1501 1050 1528; x_wconf 88' lang='grc' dir='ltr'>άλλά</span> <span class='ocrx_word' id='word_1_538' title='bbox 1064 1498 1134 1537; x_wconf 74' lang='grc' dir='ltr'>αἷμα</span> <span class='ocrx_word' id='word_1_539' title='bbox 1149 1502 1206 1537; x_wconf 79' lang='grc' dir='ltr'>ἔχει</span> <span class='ocrx_word' id='word_1_540' title='bbox 1226 1502 1275 1537; x_wconf 84' lang='grc' dir='ltr'>τὴν</span> <span class='ocrx_word' id='word_1_541' title='bbox 1292 1502 1385 1528; x_wconf 76' lang='grc' dir='ltr'>οὐσίαν</span> <span class='ocrx_word' id='word_1_542' title='bbox 1397 1511 1404 1516; x_wconf 93' lang='grc'>·</span> <span class='ocrx_word' id='word_1_543' title='bbox 1420 1502 1508 1538; x_wconf 83' lang='grc' dir='ltr'>τούτῳ</span> <span class='ocrx_word' id='word_1_544' title='bbox 1523 1501 1562 1537; x_wconf 84' lang='grc' dir='ltr'>τῷ</span> <span class='ocrx_word' id='word_1_545' title='bbox 1579 1502 1684 1538; x_wconf 81' lang='grc' dir='ltr'>τρόπῳ,</span> 
     </span>
    </p>
   </div>
   <div class='ocr_carea' id='block_1_73' title="bbox 895 1545 1684 1582">
    <p class='ocr_par' dir='ltr' id='par_1_73' title="bbox 895 1545 1684 1582">
     <span class='ocr_line' id='line_1_75' title="bbox 895 1545 1684 1582; baseline -0.001 -9"><span class='ocrx_word' id='word_1_546' title='bbox 895 1547 943 1574; x_wconf 81' lang='grc' dir='ltr'>καὶ</span> <span class='ocrx_word' id='word_1_547' title='bbox 959 1547 983 1572; x_wconf 77' lang='grc' dir='ltr'>οἱ</span> <span class='ocrx_word' id='word_1_548' title='bbox 998 1547 1117 1581; x_wconf 75' lang='grc' dir='ltr'>ποταμοὶ</span> <span class='ocrx_word' id='word_1_549' title='bbox 1131 1546 1203 1582; x_wconf 78' lang='grc' dir='ltr'>ῥόθῳ</span> <span class='ocrx_word' id='word_1_550' title='bbox 1218 1545 1374 1582; x_wconf 85' lang='grc' dir='ltr'>φερόμενοι,</span> <span class='ocrx_word' id='word_1_551' title='bbox 1386 1547 1420 1581; x_wconf 87' lang='grc' dir='ltr'>τῇ</span> <span class='ocrx_word' id='word_1_552' title='bbox 1433 1546 1558 1582; x_wconf 80' lang='grc' dir='ltr'>ὲπιλήψει</span> <span class='ocrx_word' id='word_1_553' title='bbox 1570 1545 1618 1572; x_wconf 82' lang='grc' dir='ltr'>τοῦ</span> <span class='ocrx_word' id='word_1_554' title='bbox 1633 1554 1684 1572; x_wconf 84' lang='grc' dir='ltr'>πε-</span> 
     </span>
    </p>
   </div>
   <div class='ocr_carea' id='block_1_74' title="bbox 898 1590 1684 1628">
    <p class='ocr_par' dir='ltr' id='par_1_74' title="bbox 898 1590 1684 1628">
     <span class='ocr_line' id='line_1_76' title="bbox 898 1590 1684 1628; baseline -0.001 -10"><span class='ocrx_word' id='word_1_555' title='bbox 898 1591 1077 1627; x_wconf 81' lang='grc' dir='ltr'>ρικεχυμένου</span> <span class='ocrx_word' id='word_1_556' title='bbox 1102 1591 1183 1628; x_wconf 80' lang='grc' dir='ltr'>ἀέρος</span> <span class='ocrx_word' id='word_1_557' title='bbox 1201 1591 1362 1626; x_wconf 79' lang='grc' dir='ltr'>ξαινόμενοι,</span> <span class='ocrx_word' id='word_1_558' title='bbox 1383 1591 1470 1627; x_wconf 86' lang='grc' dir='ltr'>ἀφρὸν</span> <span class='ocrx_word' id='word_1_559' title='bbox 1504 1590 1684 1627; x_wconf 87' lang='grc' dir='ltr'>μορμύρουσι,</span> 
     </span>
    </p>
   </div>
   <div class='ocr_carea' id='block_1_75' title="bbox 896 1636 1684 1673">
    <p class='ocr_par' dir='ltr' id='par_1_75' title="bbox 896 1636 1684 1673">
     <span class='ocr_line' id='line_1_77' title="bbox 896 1636 1684 1673; baseline 0 -10"><span class='ocrx_word' id='word_1_560' title='bbox 896 1637 944 1663; x_wconf 80' lang='grc' dir='ltr'>καὶ</span> <span class='ocrx_word' id='word_1_561' title='bbox 957 1637 988 1663; x_wconf 89' lang='grc' dir='ltr'>τὸ</span> <span class='ocrx_word' id='word_1_562' title='bbox 1003 1637 1142 1672; x_wconf 80' lang='grc' dir='ltr'>ὲνστόμιον</span> <span class='ocrx_word' id='word_1_563' title='bbox 1155 1637 1234 1672; x_wconf 83' lang='grc' dir='ltr'>ἡμῶν</span> <span class='ocrx_word' id='word_1_564' title='bbox 1248 1637 1331 1673; x_wconf 77' lang='grc' dir='ltr'>ὑγρὸν</span> <span class='ocrx_word' id='word_1_565' title='bbox 1343 1636 1381 1672; x_wconf 82' lang='grc' dir='ltr'>τῷ</span> <span class='ocrx_word' id='word_1_566' title='bbox 1394 1636 1528 1673; x_wconf 87' lang='grc' dir='ltr'>πνεύματι</span> <span class='ocrx_word' id='word_1_567' title='bbox 1542 1636 1668 1664; x_wconf 83' lang='grc' dir='ltr'>ὲκλευκαί</span> <span class='ocrx_word' id='word_1_568' title='bbox 1679 1651 1684 1657; x_wconf 93' lang='lat'><strong><em>-</em></strong></span> 
     </span>
    </p>
   </div>
   <div class='ocr_carea' id='block_1_76' title="bbox 895 1691 980 1710">
    <p class='ocr_par' dir='ltr' id='par_1_76' title="bbox 895 1691 980 1710">
     <span class='ocr_line' id='line_1_78' title="bbox 895 1691 980 1710; baseline -0.012 0"><span class='ocrx_word' id='word_1_569' title='bbox 895 1691 980 1710; x_wconf 87' lang='grc' dir='ltr'>νεται.</span> 
     </span>
    </p>
   </div>
   <div class='ocr_carea' id='block_1_77' title="bbox 930 1725 1684 1765">
    <p class='ocr_par' dir='ltr' id='par_1_77' title="bbox 930 1725 1684 1765">
     <span class='ocr_line' id='line_1_79' title="bbox 930 1725 1684 1765; baseline 0 -10"><span class='ocrx_word' id='word_1_570' title='bbox 930 1728 980 1760; x_wconf 87' lang='grc' dir='ltr'>Τίς</span> <span class='ocrx_word' id='word_1_571' title='bbox 995 1726 1041 1755; x_wconf 86' lang='grc' dir='ltr'>οὖν</span> <span class='ocrx_word' id='word_1_572' title='bbox 1063 1729 1080 1764; x_wconf 85' lang='grc' dir='ltr'>ὴ</span> <span class='ocrx_word' id='word_1_573' title='bbox 1101 1728 1304 1764; x_wconf 84' lang='grc' dir='ltr'>ἀποκλήρωσις,</span> <span class='ocrx_word' id='word_1_574' title='bbox 1321 1729 1358 1765; x_wconf 83' lang='grc' dir='ltr'>μὴ</span> <span class='ocrx_word' id='word_1_575' title='bbox 1373 1729 1434 1764; x_wconf 67' lang='grc' dir='ltr'>οὐχὶ¹</span> <span class='ocrx_word' id='word_1_576' title='bbox 1448 1729 1494 1755; x_wconf 72' lang='grc' dir='ltr'>καὶ</span> <span class='ocrx_word' id='word_1_577' title='bbox 1506 1729 1537 1755; x_wconf 80' lang='grc' dir='ltr'>τὸ</span> <span class='ocrx_word' id='word_1_578' title='bbox 1553 1725 1623 1763; x_wconf 69' lang='grc' dir='ltr'>αἷμα</span> <span class='ocrx_word' id='word_1_579' title='bbox 1637 1728 1684 1755; x_wconf 74' lang='grc' dir='ltr'>ἐπὶ</span> 
     </span>
    </p>
   </div>
   <div class='ocr_carea' id='block_1_78' title="bbox 892 1775 1682 1811">
    <p class='ocr_par' dir='ltr' id='par_1_78' title="bbox 892 1775 1682 1811">
     <span class='ocr_line' id='line_1_80' title="bbox 892 1775 1682 1811; baseline 0 -9"><span class='ocrx_word' id='word_1_580' title='bbox 892 1775 924 1802; x_wconf 84' lang='grc' dir='ltr'>τὸ</span> <span class='ocrx_word' id='word_1_581' title='bbox 940 1775 1140 1810; x_wconf 84' lang='grc' dir='ltr'>φωτεινότατον</span> <span class='ocrx_word' id='word_1_582' title='bbox 1154 1776 1200 1802; x_wconf 77' lang='grc' dir='ltr'>καὶ</span> <span class='ocrx_word' id='word_1_583' title='bbox 1221 1775 1381 1802; x_wconf 80' lang='grc' dir='ltr'>λευκότατον</span> <span class='ocrx_word' id='word_1_584' title='bbox 1398 1776 1451 1802; x_wconf 83' lang='grc' dir='ltr'>ὑπὸ</span> <span class='ocrx_word' id='word_1_585' title='bbox 1464 1775 1512 1802; x_wconf 77' lang='grc' dir='ltr'>τοῦ</span> <span class='ocrx_word' id='word_1_586' title='bbox 1527 1775 1682 1811; x_wconf 81' lang='grc' dir='ltr'>πνεύματος</span> 
     </span>
    </p>
   </div>
   <div class='ocr_carea' id='block_1_79' title="bbox 892 1822 1682 1859">
    <p class='ocr_par' dir='ltr' id='par_1_79' title="bbox 892 1822 1682 1859">
     <span class='ocr_line' id='line_1_81' title="bbox 892 1822 1682 1859; baseline 0.001 -10"><span class='ocrx_word' id='word_1_587' title='bbox 892 1823 1042 1859; x_wconf 87' lang='grc' dir='ltr'>τρέπεσθαι</span> <span class='ocrx_word' id='word_1_588' title='bbox 1055 1822 1209 1858; x_wconf 85' lang='grc' dir='ltr'>ὀμολογεῖν;</span> <span class='ocrx_word' id='word_1_589' title='bbox 1222 1823 1322 1858; x_wconf 84' lang='grc' dir='ltr'>πάσχει</span> <span class='ocrx_word' id='word_1_590' title='bbox 1336 1823 1365 1850; x_wconf 84' lang='grc' dir='ltr'>δὲ</span> <span class='ocrx_word' id='word_1_591' title='bbox 1380 1823 1430 1858; x_wconf 85' lang='grc' dir='ltr'>τὴν</span> <span class='ocrx_word' id='word_1_592' title='bbox 1446 1822 1599 1859; x_wconf 78' lang='grc' dir='ltr'>μεταϐολὴν</span> <span class='ocrx_word' id='word_1_593' title='bbox 1610 1823 1682 1850; x_wconf 79' lang='grc' dir='ltr'>κατά</span> 
     </span>
    </p>
   </div>
   <div class='ocr_carea' id='block_1_80' title="bbox 892 1868 1682 1905">
    <p class='ocr_par' dir='ltr' id='par_1_80' title="bbox 892 1868 1682 1905">
     <span class='ocr_line' id='line_1_82' title="bbox 892 1868 1682 1905; baseline 0.001 -10"><span class='ocrx_word' id='word_1_594' title='bbox 892 1868 1023 1905; x_wconf 86' lang='grc' dir='ltr'>ποιότητα</span> <span class='ocrx_word' id='word_1_595' title='bbox 1044 1868 1075 1895; x_wconf 83' lang='grc' dir='ltr'>οὑ</span> <span class='ocrx_word' id='word_1_596' title='bbox 1094 1870 1156 1896; x_wconf 82' lang='grc' dir='ltr'>κατ’</span> <span class='ocrx_word' id='word_1_597' title='bbox 1168 1868 1272 1896; x_wconf 85' lang='grc' dir='ltr'>οὐσίαν.</span> <span class='ocrx_word' id='word_1_598' title='bbox 1294 1868 1402 1904; x_wconf 79' lang='grc' dir='ltr'>Ἀμέλει</span> <span class='ocrx_word' id='word_1_599' title='bbox 1417 1869 1483 1902; x_wconf 85' lang='grc' dir='ltr'>γοῦν</span> <span class='ocrx_word' id='word_1_600' title='bbox 1496 1869 1525 1895; x_wconf 86' lang='grc' dir='ltr'>οὺ</span> <span class='ocrx_word' id='word_1_601' title='bbox 1541 1869 1682 1904; x_wconf 82' lang='grc' dir='ltr'>τροφιμώ-</span> 
     </span>
    </p>
   </div>
   <div class='ocr_carea' id='block_1_81' title="bbox 891 1913 1683 1950">
    <p class='ocr_par' dir='ltr' id='par_1_81' title="bbox 891 1913 1683 1950">
     <span class='ocr_line' id='line_1_83' title="bbox 891 1913 1683 1950; baseline 0.001 -10"><span class='ocrx_word' id='word_1_602' title='bbox 891 1922 970 1950; x_wconf 88' lang='grc' dir='ltr'>τερον</span> <span class='ocrx_word' id='word_1_603' title='bbox 986 1914 1051 1942; x_wconf 75' lang='grc' dir='ltr'>ἄλλο</span> <span class='ocrx_word' id='word_1_604' title='bbox 1066 1914 1165 1950; x_wconf 81' lang='grc' dir='ltr'>τι,οὺδὲ</span> <span class='ocrx_word' id='word_1_605' title='bbox 1183 1913 1236 1950; x_wconf 81' lang='grc' dir='ltr'>μὴν</span> <span class='ocrx_word' id='word_1_606' title='bbox 1251 1913 1426 1950; x_wconf 81' lang='grc' dir='ltr'>γλυκύτερον,</span> <span class='ocrx_word' id='word_1_607' title='bbox 1439 1914 1497 1940; x_wconf 87' lang='grc' dir='ltr'>ἀλλ’</span> <span class='ocrx_word' id='word_1_608' title='bbox 1514 1914 1574 1941; x_wconf 83' lang='grc' dir='ltr'>οὐδὲ</span> <span class='ocrx_word' id='word_1_609' title='bbox 1589 1915 1683 1942; x_wconf 86' lang='grc' dir='ltr'>λευκό-</span> 
     </span>
    </p>
   </div>
   <div class='ocr_carea' id='block_1_82' title="bbox 891 1959 1680 1996">
    <p class='ocr_par' dir='ltr' id='par_1_82' title="bbox 891 1959 1680 1996">
     <span class='ocr_line' id='line_1_84' title="bbox 891 1959 1680 1996; baseline 0 -9"><span class='ocrx_word' id='word_1_610' title='bbox 891 1968 969 1996; x_wconf 84' lang='grc' dir='ltr'>τερον</span> <span class='ocrx_word' id='word_1_611' title='bbox 990 1959 1081 1996; x_wconf 81' lang='grc' dir='ltr'>εὕροις</span> <span class='ocrx_word' id='word_1_612' title='bbox 1105 1960 1139 1987; x_wconf 86' lang='grc' dir='ltr'>ἂν</span> <span class='ocrx_word' id='word_1_613' title='bbox 1157 1960 1301 1995; x_wconf 86' lang='grc' dir='ltr'>γάλακτος.</span> <span class='ocrx_word' id='word_1_614' title='bbox 1315 1960 1407 1996; x_wconf 88' lang='grc' dir='ltr'>Πάντη</span> <span class='ocrx_word' id='word_1_615' title='bbox 1423 1960 1452 1987; x_wconf 81' lang='grc' dir='ltr'>δὲ</span> <span class='ocrx_word' id='word_1_616' title='bbox 1469 1960 1541 1987; x_wconf 72' lang='grc' dir='ltr'>ἔοικε</span> <span class='ocrx_word' id='word_1_617' title='bbox 1552 1960 1631 1987; x_wconf 81' lang='grc' dir='ltr'>τοῦτο</span> <span class='ocrx_word' id='word_1_618' title='bbox 1646 1963 1680 1996; x_wconf 83' lang='grc' dir='ltr'>τῇ</span> 
     </span>
    </p>
   </div>
   <div class='ocr_carea' id='block_1_83' title="bbox 890 2006 1680 2042">
    <p class='ocr_par' dir='ltr' id='par_1_83' title="bbox 890 2006 1680 2042">
     <span class='ocr_line' id='line_1_85' title="bbox 890 2006 1680 2042; baseline -0.003 -8"><span class='ocrx_word' id='word_1_619' title='bbox 890 2008 1065 2042; x_wconf 82' lang='grc' dir='ltr'>πνευματικῇ</span> <span class='ocrx_word' id='word_1_620' title='bbox 1087 2007 1186 2042; x_wconf 83' lang='grc' dir='ltr'>τροφῇ,</span> <span class='ocrx_word' id='word_1_621' title='bbox 1211 2006 1274 2041; x_wconf 81' lang='grc' dir='ltr'>ἥτις</span> <span class='ocrx_word' id='word_1_622' title='bbox 1294 2006 1353 2033; x_wconf 74' lang='grc' dir='ltr'>ἐστὶ</span> <span class='ocrx_word' id='word_1_623' title='bbox 1375 2006 1489 2040; x_wconf 85' lang='grc' dir='ltr'>γλυκεῖα</span> <span class='ocrx_word' id='word_1_624' title='bbox 1502 2006 1562 2041; x_wconf 83' lang='grc' dir='ltr'>μὲν,</span> <span class='ocrx_word' id='word_1_625' title='bbox 1577 2006 1621 2032; x_wconf 84' lang='grc' dir='ltr'>διὰ</span> <span class='ocrx_word' id='word_1_626' title='bbox 1632 2006 1680 2042; x_wconf 74' lang='grc' dir='ltr'>τὴν</span> 
     </span>
    </p>
   </div>
   <div class='ocr_carea' id='block_1_84' title="bbox 890 2052 1681 2090">
    <p class='ocr_par' dir='ltr' id='par_1_84' title="bbox 890 2052 1681 2090">
     <span class='ocr_line' id='line_1_86' title="bbox 890 2052 1681 2090; baseline 0 -11"><span class='ocrx_word' id='word_1_627' title='bbox 890 2053 979 2090; x_wconf 87' lang='grc' dir='ltr'>χάριν,</span> <span class='ocrx_word' id='word_1_628' title='bbox 1009 2053 1143 2090; x_wconf 84' lang='grc' dir='ltr'>τρόφιμος</span> <span class='ocrx_word' id='word_1_629' title='bbox 1167 2053 1196 2080; x_wconf 82' lang='grc' dir='ltr'>δὲ</span> <span class='ocrx_word' id='word_1_630' title='bbox 1220 2053 1258 2085; x_wconf 81' lang='grc' dir='ltr'>ὡς</span> <span class='ocrx_word' id='word_1_631' title='bbox 1277 2052 1345 2088; x_wconf 78' lang='grc' dir='ltr'>ζωὴ,</span> <span class='ocrx_word' id='word_1_632' title='bbox 1368 2053 1450 2089; x_wconf 84' lang='grc' dir='ltr'>λευκὴ</span> <span class='ocrx_word' id='word_1_633' title='bbox 1472 2053 1501 2080; x_wconf 83' lang='grc' dir='ltr'>δὲ</span> <span class='ocrx_word' id='word_1_634' title='bbox 1522 2053 1560 2085; x_wconf 82' lang='grc' dir='ltr'>ὡς</span> <span class='ocrx_word' id='word_1_635' title='bbox 1589 2053 1681 2089; x_wconf 79' lang='grc' dir='ltr'>ἡμέρα</span> 
     </span>
    </p>
   </div>
   <div class='ocr_carea' id='block_1_85' title="bbox 889 2098 1680 2136">
    <p class='ocr_par' dir='ltr' id='par_1_85' title="bbox 889 2098 1680 2136">
     <span class='ocr_line' id='line_1_87' title="bbox 889 2098 1680 2136; baseline 0.001 -10"><span class='ocrx_word' id='word_1_636' title='bbox 889 2099 1018 2136; x_wconf 76' lang='grc' dir='ltr'>Χριστοῦ.</span> <span class='ocrx_word' id='word_1_637' title='bbox 1034 2099 1127 2135; x_wconf 86' lang='grc' dir='ltr'>Ταύτῃ</span> <span class='ocrx_word' id='word_1_638' title='bbox 1142 2098 1232 2126; x_wconf 88' lang='grc' dir='ltr'>τοίνυν</span> <span class='ocrx_word' id='word_1_639' title='bbox 1253 2099 1318 2135; x_wconf 74' lang='grc' dir='ltr'>περὶ</span> <span class='ocrx_word' id='word_1_640' title='bbox 1333 2099 1383 2134; x_wconf 84' lang='grc' dir='ltr'>τὴν</span> <span class='ocrx_word' id='word_1_641' title='bbox 1398 2099 1552 2134; x_wconf 79' lang='grc' dir='ltr'>ἀποκύησιν</span> <span class='ocrx_word' id='word_1_642' title='bbox 1577 2101 1680 2127; x_wconf 78' lang='grc' dir='ltr'>οἰκονο-</span> 
     </span>
    </p>
   </div>
   <div class='ocr_carea' id='block_1_86' title="bbox 891 2144 1678 2181">
    <p class='ocr_par' dir='ltr' id='par_1_86' title="bbox 891 2144 1678 2181">
     <span class='ocr_line' id='line_1_88' title="bbox 891 2144 1678 2181; baseline 0 -9"><span class='ocrx_word' id='word_1_643' title='bbox 891 2145 1025 2181; x_wconf 84' lang='grc' dir='ltr'>μούμενον</span> <span class='ocrx_word' id='word_1_644' title='bbox 1048 2144 1088 2181; x_wconf 88' lang='grc' dir='ltr'>τῷ</span> <span class='ocrx_word' id='word_1_645' title='bbox 1116 2144 1211 2181; x_wconf 79' lang='grc' dir='ltr'>βρέφει</span> <span class='ocrx_word' id='word_1_646' title='bbox 1236 2144 1267 2172; x_wconf 79' lang='grc' dir='ltr'>τὸ</span> <span class='ocrx_word' id='word_1_647' title='bbox 1294 2144 1364 2179; x_wconf 81' lang='grc' dir='ltr'>γάλα</span> <span class='ocrx_word' id='word_1_648' title='bbox 1391 2147 1560 2180; x_wconf 87' lang='grc' dir='ltr'>χορηγεῖται.</span> <span class='ocrx_word' id='word_1_649' title='bbox 1582 2146 1637 2172; x_wconf 77' lang='grc' dir='ltr'>Καὶ</span> <span class='ocrx_word' id='word_1_650' title='bbox 1652 2147 1678 2172; x_wconf 87' lang='grc' dir='ltr'>οἱ</span> 
     </span>
    </p>
   </div>
   <div class='ocr_carea' id='block_1_87' title="bbox 891 2191 1677 2228">
    <p class='ocr_par' dir='ltr' id='par_1_87' title="bbox 891 2191 1677 2228">
     <span class='ocr_line' id='line_1_89' title="bbox 891 2191 1677 2228; baseline 0.001 -10"><span class='ocrx_word' id='word_1_651' title='bbox 891 2192 988 2227; x_wconf 74' lang='grc' dir='ltr'>μαστοὶ</span> <span class='ocrx_word' id='word_1_652' title='bbox 1010 2192 1035 2218; x_wconf 75' lang='grc' dir='ltr'>οἱ</span> <span class='ocrx_word' id='word_1_653' title='bbox 1058 2192 1127 2223; x_wconf 83' lang='grc' dir='ltr'>τέως</span> <span class='ocrx_word' id='word_1_654' title='bbox 1149 2191 1196 2218; x_wconf 79' lang='grc' dir='ltr'>τὸν</span> <span class='ocrx_word' id='word_1_655' title='bbox 1226 2191 1310 2228; x_wconf 80' lang='grc' dir='ltr'>ἄνδρα</span> <span class='ocrx_word' id='word_1_656' title='bbox 1338 2191 1565 2227; x_wconf 81' lang='grc' dir='ltr'>περιϐλεπόμενοι</span> <span class='ocrx_word' id='word_1_657' title='bbox 1590 2192 1677 2228; x_wconf 75' lang='grc' dir='ltr'>ὀρθοὶ,</span> 
     </span>
    </p>
   </div>
   <div class='ocr_carea' id='block_1_88' title="bbox 888 2236 1678 2273">
    <p class='ocr_par' dir='ltr' id='par_1_88' title="bbox 888 2236 1678 2273">
     <span class='ocr_line' id='line_1_90' title="bbox 888 2236 1678 2273; baseline 0.001 -10"><span class='ocrx_word' id='word_1_658' title='bbox 888 2237 937 2273; x_wconf 75' lang='grc' dir='ltr'>ήδη</span> <span class='ocrx_word' id='word_1_659' title='bbox 959 2236 1138 2264; x_wconf 81' lang='grc' dir='ltr'>κατανεύουσι</span> <span class='ocrx_word' id='word_1_660' title='bbox 1157 2237 1228 2273; x_wconf 84' lang='grc' dir='ltr'>πρὸς</span> <span class='ocrx_word' id='word_1_661' title='bbox 1247 2236 1279 2264; x_wconf 75' lang='grc' dir='ltr'>τὸ</span> <span class='ocrx_word' id='word_1_662' title='bbox 1300 2237 1415 2270; x_wconf 86' lang='grc' dir='ltr'>παιδίον,</span> <span class='ocrx_word' id='word_1_663' title='bbox 1429 2237 1479 2273; x_wconf 88' lang='grc' dir='ltr'>τὴν</span> <span class='ocrx_word' id='word_1_664' title='bbox 1496 2237 1548 2264; x_wconf 77' lang='grc' dir='ltr'>ὑπὸ</span> <span class='ocrx_word' id='word_1_665' title='bbox 1563 2238 1611 2273; x_wconf 84' lang='grc' dir='ltr'>τῆς</span> <span class='ocrx_word' id='word_1_666' title='bbox 1627 2237 1678 2272; x_wconf 85' lang='grc' dir='ltr'>φύ-</span> 
     </span>
    </p>
   </div>
   <div class='ocr_carea' id='block_1_89' title="bbox 889 2282 1678 2319">
    <p class='ocr_par' dir='ltr' id='par_1_89' title="bbox 889 2282 1678 2319">
     <span class='ocr_line' id='line_1_91' title="bbox 889 2282 1678 2319; baseline 0.001 -10"><span class='ocrx_word' id='word_1_667' title='bbox 889 2291 958 2315; x_wconf 88' lang='grc' dir='ltr'>σεως</span> <span class='ocrx_word' id='word_1_668' title='bbox 977 2283 1180 2319; x_wconf 85' lang='grc' dir='ltr'>πεπονημένην,</span> <span class='ocrx_word' id='word_1_669' title='bbox 1205 2282 1339 2319; x_wconf 78' lang='grc' dir='ltr'>εὔληπτον</span> <span class='ocrx_word' id='word_1_670' title='bbox 1362 2284 1493 2319; x_wconf 80' lang='grc' dir='ltr'>παρέχειν</span> <span class='ocrx_word' id='word_1_671' title='bbox 1513 2283 1660 2319; x_wconf 86' lang='grc' dir='ltr'>διδασκόμε</span> <span class='ocrx_word' id='word_1_672' title='bbox 1672 2297 1678 2304; x_wconf 79' lang='lat'><strong><em>~</em></strong></span> 
     </span>
    </p>
   </div>
   <div class='ocr_carea' id='block_1_90' title="bbox 42 2329 1677 2366">
    <p class='ocr_par' dir='ltr' id='par_1_90' title="bbox 42 2329 1677 2366">
     <span class='ocr_line' id='line_1_92' title="bbox 42 2329 1677 2366; baseline 0.001 -12"><span class='ocrx_word' id='word_1_673' title='bbox 42 2329 92 2365; x_wconf 73' lang='grc' dir='ltr'>λῆς</span> <span class='ocrx_word' id='word_1_674' title='bbox 105 2329 157 2365; x_wconf 79' lang='grc' dir='ltr'>τῆς</span> <span class='ocrx_word' id='word_1_675' title='bbox 170 2329 306 2365; x_wconf 81' lang='grc' dir='ltr'>ἐπιφορᾶς</span> <span class='ocrx_word' id='word_1_676' title='bbox 320 2329 479 2364; x_wconf 83' lang='grc' dir='ltr'>γενομένης,</span> <span class='ocrx_word' id='word_1_677' title='bbox 494 2329 736 2362; x_wconf 74' lang='grc' dir='ltr'>διατείνονται,καὶ</span> <span class='ocrx_word' id='word_1_678' title='bbox 753 2338 837 2365; x_wconf 82' lang='grc' dir='ltr'>μετα-</span> <span class='ocrx_word' id='word_1_679' title='bbox 853 2338 876 2366; x_wconf 74' lang='grc' dir='ltr'>ι)</span> <span class='ocrx_word' id='word_1_680' title='bbox 889 2338 931 2356; x_wconf 87' lang='grc' dir='ltr'>νοι</span> <span class='ocrx_word' id='word_1_681' title='bbox 947 2329 1051 2365; x_wconf 81' lang='grc' dir='ltr'>τροφὴν</span> <span class='ocrx_word' id='word_1_682' title='bbox 1074 2329 1114 2361; x_wconf 86' lang='grc' dir='ltr'>εἰς</span> <span class='ocrx_word' id='word_1_683' title='bbox 1136 2329 1292 2365; x_wconf 75' lang='grc' dir='ltr'>ἀνατροφὴν</span> <span class='ocrx_word' id='word_1_684' title='bbox 1315 2329 1468 2365; x_wconf 77' lang='grc' dir='ltr'>σωτηρίας·</span> <span class='ocrx_word' id='word_1_685' title='bbox 1485 2330 1516 2356; x_wconf 87' lang='grc' dir='ltr'>οὐ</span> <span class='ocrx_word' id='word_1_686' title='bbox 1528 2329 1582 2365; x_wconf 85' lang='grc' dir='ltr'>γάρ</span> <span class='ocrx_word' id='word_1_687' title='bbox 1595 2329 1633 2361; x_wconf 82' lang='grc' dir='ltr'>ὡς</span> <span class='ocrx_word' id='word_1_688' title='bbox 1648 2330 1677 2356; x_wconf 85' lang='grc' dir='ltr'>αἱ</span> 
     </span>
    </p>
   </div>
   <div class='ocr_carea' id='block_1_91' title="bbox 42 2373 834 2411">
    <p class='ocr_par' dir='ltr' id='par_1_91' title="bbox 42 2373 834 2411">
     <span class='ocr_line' id='line_1_93' title="bbox 42 2373 834 2411; baseline 0 -9"><span class='ocrx_word' id='word_1_689' title='bbox 42 2375 139 2403; x_wconf 77' lang='grc' dir='ltr'>ϐάλλει</span> <span class='ocrx_word' id='word_1_690' title='bbox 154 2375 185 2402; x_wconf 76' lang='grc' dir='ltr'>τὸ</span> <span class='ocrx_word' id='word_1_691' title='bbox 199 2373 269 2410; x_wconf 73' lang='grc' dir='ltr'>αἷμα</span> <span class='ocrx_word' id='word_1_692' title='bbox 285 2375 325 2406; x_wconf 85' lang='grc' dir='ltr'>εἰς</span> <span class='ocrx_word' id='word_1_693' title='bbox 335 2374 416 2408; x_wconf 85' lang='grc' dir='ltr'>γάλα,</span> <span class='ocrx_word' id='word_1_694' title='bbox 427 2375 567 2409; x_wconf 85' lang='grc' dir='ltr'>ἀναλόγως</span> <span class='ocrx_word' id='word_1_695' title='bbox 580 2376 614 2410; x_wconf 87' lang='grc' dir='ltr'>τῇ</span> <span class='ocrx_word' id='word_1_696' title='bbox 625 2375 671 2402; x_wconf 77' lang='grc' dir='ltr'>ἐπὶ</span> <span class='ocrx_word' id='word_1_697' title='bbox 686 2375 736 2411; x_wconf 87' lang='grc' dir='ltr'>τῆς</span> <span class='ocrx_word' id='word_1_698' title='bbox 749 2375 834 2402; x_wconf 80' lang='grc' dir='ltr'>ἑλκώ-</span> 
     </span>
    </p>
   </div>
   <div class='ocr_carea' id='block_1_92' title="bbox 43 2418 835 2456">
    <p class='ocr_par' dir='ltr' id='par_1_92' title="bbox 43 2418 835 2456">
     <span class='ocr_line' id='line_1_94' title="bbox 43 2418 835 2456; baseline 0 -8"><span class='ocrx_word' id='word_1_699' title='bbox 43 2429 113 2452; x_wconf 86' lang='grc' dir='ltr'>σεως</span> <span class='ocrx_word' id='word_1_700' title='bbox 139 2421 181 2452; x_wconf 80' lang='grc' dir='ltr'>εἰς</span> <span class='ocrx_word' id='word_1_701' title='bbox 194 2419 263 2446; x_wconf 87' lang='grc' dir='ltr'>πῦον</span> <span class='ocrx_word' id='word_1_702' title='bbox 276 2419 324 2446; x_wconf 85' lang='grc' dir='ltr'>τοῦ</span> <span class='ocrx_word' id='word_1_703' title='bbox 351 2419 466 2456; x_wconf 74' lang='grc' dir='ltr'>αἵματος</span> <span class='ocrx_word' id='word_1_704' title='bbox 481 2419 626 2456; x_wconf 84' lang='grc' dir='ltr'>μεταϐολῇ.</span> <span class='ocrx_word' id='word_1_705' title='bbox 645 2421 708 2447; x_wconf 85' lang='grc' dir='ltr'>Εῐτε</span> <span class='ocrx_word' id='word_1_706' title='bbox 725 2418 759 2448; x_wconf 79' lang='grc' dir='ltr'>αὗ</span> <span class='ocrx_word' id='word_1_707' title='bbox 780 2421 835 2448; x_wconf 78' lang='grc' dir='ltr'>ἀπὸ</span> 
     </span>
    </p>
   </div>
   <div class='ocr_carea' id='block_1_93' title="bbox 41 2466 834 2503">
    <p class='ocr_par' dir='ltr' id='par_1_93' title="bbox 41 2466 834 2503">
     <span class='ocr_line' id='line_1_95' title="bbox 41 2466 834 2503; baseline 0 -9"><span class='ocrx_word' id='word_1_708' title='bbox 41 2469 97 2494; x_wconf 76' lang='grc' dir='ltr'>τῶν</span> <span class='ocrx_word' id='word_1_709' title='bbox 115 2468 146 2494; x_wconf 82' lang='grc' dir='ltr'>ὲν</span> <span class='ocrx_word' id='word_1_710' title='bbox 169 2467 284 2502; x_wconf 84' lang='grc' dir='ltr'>μαστοῖς</span> <span class='ocrx_word' id='word_1_711' title='bbox 305 2466 515 2502; x_wconf 84' lang='grc' dir='ltr'>παρακειμένων</span> <span class='ocrx_word' id='word_1_712' title='bbox 540 2466 647 2501; x_wconf 86' lang='grc' dir='ltr'>φλεϐῶν</span> <span class='ocrx_word' id='word_1_713' title='bbox 665 2466 834 2503; x_wconf 86' lang='grc' dir='ltr'>άναστομου-</span> 
     </span>
    </p>
   </div>
   <div class='ocr_carea' id='block_1_94' title="bbox 44 2511 836 2550">
    <p class='ocr_par' dir='ltr' id='par_1_94' title="bbox 44 2511 836 2550">
     <span class='ocr_line' id='line_1_96' title="bbox 44 2511 836 2550; baseline -0.001 -9"><span class='ocrx_word' id='word_1_714' title='bbox 44 2515 133 2549; x_wconf 78' lang='grc' dir='ltr'>μένων</span> <span class='ocrx_word' id='word_1_715' title='bbox 158 2513 230 2540; x_wconf 79' lang='grc' dir='ltr'>κατὰ</span> <span class='ocrx_word' id='word_1_716' title='bbox 249 2512 301 2544; x_wconf 78' lang='grc' dir='ltr'>τὰς</span> <span class='ocrx_word' id='word_1_717' title='bbox 314 2512 470 2544; x_wconf 88' lang='grc' dir='ltr'>διαστάσεις</span> <span class='ocrx_word' id='word_1_718' title='bbox 490 2513 538 2549; x_wconf 85' lang='grc' dir='ltr'>τῆς</span> <span class='ocrx_word' id='word_1_719' title='bbox 561 2513 687 2548; x_wconf 85' lang='grc' dir='ltr'>κυήσεως</span> <span class='ocrx_word' id='word_1_720' title='bbox 712 2513 744 2540; x_wconf 80' lang='grc' dir='ltr'>τὸ</span> <span class='ocrx_word' id='word_1_721' title='bbox 767 2511 836 2550; x_wconf 72' lang='grc' dir='ltr'>αἷμα</span> 
     </span>
    </p>
   </div>
   <div class='ocr_carea' id='block_1_95' title="bbox 44 2558 832 2595">
    <p class='ocr_par' dir='ltr' id='par_1_95' title="bbox 44 2558 832 2595">
     <span class='ocr_line' id='line_1_97' title="bbox 44 2558 832 2595; baseline 0 -9"><span class='ocrx_word' id='word_1_722' title='bbox 44 2560 203 2595; x_wconf 82' lang='grc' dir='ltr'>μεταχεῖται</span> <span class='ocrx_word' id='word_1_723' title='bbox 222 2559 263 2590; x_wconf 76' lang='grc' dir='ltr'>εἰς</span> <span class='ocrx_word' id='word_1_724' title='bbox 279 2558 330 2590; x_wconf 82' lang='grc' dir='ltr'>τὰς</span> <span class='ocrx_word' id='word_1_725' title='bbox 353 2558 471 2593; x_wconf 84' lang='grc' dir='ltr'>φυσικὰς</span> <span class='ocrx_word' id='word_1_726' title='bbox 485 2558 540 2585; x_wconf 86' lang='grc' dir='ltr'>τῶν</span> <span class='ocrx_word' id='word_1_727' title='bbox 556 2559 667 2594; x_wconf 88' lang='grc' dir='ltr'>μαστῶν</span> <span class='ocrx_word' id='word_1_728' title='bbox 685 2559 832 2595; x_wconf 84' lang='grc' dir='ltr'>σύριγγας·</span> 
     </span>
    </p>
   </div>
   <div class='ocr_carea' id='block_1_96' title="bbox 41 2603 833 2639">
    <p class='ocr_par' dir='ltr' id='par_1_96' title="bbox 41 2603 833 2639">
     <span class='ocr_line' id='line_1_98' title="bbox 41 2603 833 2639; baseline 0.001 -8"><span class='ocrx_word' id='word_1_729' title='bbox 41 2605 144 2632; x_wconf 80' lang='grc' dir='ltr'>τούτων</span> <span class='ocrx_word' id='word_1_730' title='bbox 160 2604 188 2630; x_wconf 85' lang='grc' dir='ltr'>δὲ</span> <span class='ocrx_word' id='word_1_731' title='bbox 203 2603 422 2639; x_wconf 83' lang='grc' dir='ltr'>ἀνακιρνάμενον</span> <span class='ocrx_word' id='word_1_732' title='bbox 442 2604 472 2630; x_wconf 88' lang='grc' dir='ltr'>τὺ</span> <span class='ocrx_word' id='word_1_733' title='bbox 487 2603 542 2630; x_wconf 84' lang='grc' dir='ltr'>ἀπὸ</span> <span class='ocrx_word' id='word_1_734' title='bbox 555 2603 610 2630; x_wconf 82' lang='grc' dir='ltr'>τῶν</span> <span class='ocrx_word' id='word_1_735' title='bbox 624 2604 833 2638; x_wconf 79' lang='grc' dir='ltr'>γειτνιαζουσῶν</span> 
     </span>
    </p>
   </div>
   <div class='ocr_carea' id='block_1_97' title="bbox 42 2649 833 2688">
    <p class='ocr_par' dir='ltr' id='par_1_97' title="bbox 42 2649 833 2688">
     <span class='ocr_line' id='line_1_99' title="bbox 42 2649 833 2688; baseline -0.001 -10"><span class='ocrx_word' id='word_1_736' title='bbox 42 2652 294 2688; x_wconf 59' lang='grc' dir='ltr'>κατα-πεμπόμενον</span> <span class='ocrx_word' id='word_1_737' title='bbox 318 2649 457 2686; x_wconf 84' lang='grc' dir='ltr'>ἀρτηριῶν</span> <span class='ocrx_word' id='word_1_738' title='bbox 486 2649 612 2685; x_wconf 79' lang='grc' dir='ltr'>πνεῦμα,</span> <span class='ocrx_word' id='word_1_739' title='bbox 637 2650 770 2686; x_wconf 73' lang='grc' dir='ltr'>μενούσης</span> <span class='ocrx_word' id='word_1_740' title='bbox 792 2651 833 2678; x_wconf 75' lang='grc' dir='ltr'>ἔτι</span> 
     </span>
    </p>
   </div>
   <div class='ocr_carea' id='block_1_98' title="bbox 42 2696 833 2734">
    <p class='ocr_par' dir='ltr' id='par_1_98' title="bbox 42 2696 833 2734">
     <span class='ocr_line' id='line_1_100' title="bbox 42 2696 833 2734; baseline -0.001 -9"><span class='ocrx_word' id='word_1_741' title='bbox 42 2699 91 2733; x_wconf 80' lang='grc' dir='ltr'>τῆς</span> <span class='ocrx_word' id='word_1_742' title='bbox 104 2698 295 2734; x_wconf 79' lang='grc' dir='ltr'>ὑποκειμένης</span> <span class='ocrx_word' id='word_1_743' title='bbox 311 2697 441 2732; x_wconf 86' lang='grc' dir='ltr'>ἀκεραίου</span> <span class='ocrx_word' id='word_1_744' title='bbox 457 2696 504 2723; x_wconf 84' lang='grc' dir='ltr'>τοῦ</span> <span class='ocrx_word' id='word_1_745' title='bbox 525 2697 641 2731; x_wconf 76' lang='grc' dir='ltr'>αἵματος</span> <span class='ocrx_word' id='word_1_746' title='bbox 662 2697 767 2732; x_wconf 81' lang='grc' dir='ltr'>οὐσίας,</span> <span class='ocrx_word' id='word_1_747' title='bbox 787 2698 833 2724; x_wconf 84' lang='grc' dir='ltr'>ὲκ-</span> 
     </span>
    </p>
   </div>
   <div class='ocr_carea' id='block_1_99' title="bbox 42 2742 831 2780">
    <p class='ocr_par' dir='ltr' id='par_1_99' title="bbox 42 2742 831 2780">
     <span class='ocr_line' id='line_1_101' title="bbox 42 2742 831 2780; baseline 0.001 -10"><span class='ocrx_word' id='word_1_748' title='bbox 42 2744 242 2780; x_wconf 80' lang='grc' dir='ltr'>κυμαινόμενον</span> <span class='ocrx_word' id='word_1_749' title='bbox 264 2743 448 2776; x_wconf 83' lang='grc' dir='ltr'>λευκαίνεται,</span> <span class='ocrx_word' id='word_1_750' title='bbox 463 2743 512 2769; x_wconf 76' lang='grc' dir='ltr'>καὶ</span> <span class='ocrx_word' id='word_1_751' title='bbox 531 2744 564 2778; x_wconf 82' lang='grc' dir='ltr'>τῇ</span> <span class='ocrx_word' id='word_1_752' title='bbox 580 2742 692 2780; x_wconf 84' lang='grc' dir='ltr'>τοιαύτῃ</span> <span class='ocrx_word' id='word_1_753' title='bbox 707 2743 831 2780; x_wconf 80' lang='grc' dir='ltr'>ἀνακοπῇ</span> 
     </span>
    </p>
   </div>
   <div class='ocr_carea' id='block_1_100' title="bbox 42 2787 831 2824">
    <p class='ocr_par' dir='ltr' id='par_1_100' title="bbox 42 2787 831 2824">
     <span class='ocr_line' id='line_1_102' title="bbox 42 2787 831 2824; baseline 0.001 -9"><span class='ocrx_word' id='word_1_754' title='bbox 42 2790 100 2815; x_wconf 76' lang='grc' dir='ltr'>κατ’</span> <span class='ocrx_word' id='word_1_755' title='bbox 116 2788 290 2824; x_wconf 81' lang='grc' dir='ltr'>ὲξαφρισμὺν</span> <span class='ocrx_word' id='word_1_756' title='bbox 315 2787 523 2823; x_wconf 80' lang='grc' dir='ltr'>μεταϐάλλεται,</span> <span class='ocrx_word' id='word_1_757' title='bbox 539 2788 728 2824; x_wconf 87' lang='grc' dir='ltr'>παραπλήσιόν</span> <span class='ocrx_word' id='word_1_758' title='bbox 743 2797 769 2815; x_wconf 90' lang='grc' dir='ltr'>τι</span> <span class='ocrx_word' id='word_1_759' title='bbox 781 2797 831 2816; x_wconf 80' lang='grc' dir='ltr'>πε-</span> 
     </span>
    </p>
   </div>
   <div class='ocr_carea' id='block_1_101' title="bbox 43 2833 831 2870">
    <p class='ocr_par' dir='ltr' id='par_1_101' title="bbox 43 2833 831 2870">
     <span class='ocr_line' id='line_1_103' title="bbox 43 2833 831 2870; baseline 0.001 -9"><span class='ocrx_word' id='word_1_760' title='bbox 43 2833 136 2864; x_wconf 72' lang='grc' dir='ltr'>’ωνθδς</span> <span class='ocrx_word' id='word_1_761' title='bbox 168 2835 203 2869; x_wconf 81' lang='grc' dir='ltr'>τῇ</span> <span class='ocrx_word' id='word_1_762' title='bbox 234 2833 364 2870; x_wconf 82' lang='grc' dir='ltr'>θαλάττῃ,</span> <span class='ocrx_word' id='word_1_763' title='bbox 380 2833 413 2869; x_wconf 81' lang='grc' dir='ltr'>ἣν</span> <span class='ocrx_word' id='word_1_764' title='bbox 429 2834 460 2869; x_wconf 81' lang='grc' dir='ltr'>δὴ</span> <span class='ocrx_word' id='word_1_765' title='bbox 483 2833 554 2861; x_wconf 87' lang='grc' dir='ltr'>κατά</span> <span class='ocrx_word' id='word_1_766' title='bbox 571 2834 621 2866; x_wconf 77' lang='grc' dir='ltr'>τὰς</span> <span class='ocrx_word' id='word_1_767' title='bbox 639 2834 758 2870; x_wconf 75' lang='grc' dir='ltr'>ἐμϐολὰς</span> <span class='ocrx_word' id='word_1_768' title='bbox 777 2835 831 2862; x_wconf 80' lang='grc' dir='ltr'>τῶν</span> 
     </span>
    </p>
   </div>
   <div class='ocr_carea' id='block_1_102' title="bbox 97 2909 305 2946">
    <p class='ocr_par' dir='ltr' id='par_1_102' title="bbox 97 2909 305 2946">
     <span class='ocr_line' id='line_1_104' title="bbox 97 2909 305 2946; baseline 0.005 -10"><span class='ocrx_word' id='word_1_769' title='bbox 97 2910 104 2930; x_wconf 87' lang='grc' dir='ltr'><strong>Ι</strong></span> <span class='ocrx_word' id='word_1_770' title='bbox 124 2910 218 2946; x_wconf 79' lang='grc' dir='ltr'>Κλήμ.</span> <span class='ocrx_word' id='word_1_771' title='bbox 237 2909 305 2937; x_wconf 81' lang='lat' dir='ltr'><strong>Cod.</strong></span> 
     </span>
    </p>
   </div>
   <div class='ocr_carea' id='block_1_103' title="bbox 888 2375 1676 2412">
    <p class='ocr_par' dir='ltr' id='par_1_103' title="bbox 888 2375 1676 2412">
     <span class='ocr_line' id='line_1_105' title="bbox 888 2375 1676 2412; baseline 0 -10"><span class='ocrx_word' id='word_1_772' title='bbox 888 2376 976 2412; x_wconf 80' lang='grc' dir='ltr'>πηγαὶ</span> <span class='ocrx_word' id='word_1_773' title='bbox 993 2375 1107 2412; x_wconf 85' lang='grc' dir='ltr'>πλήρεις</span> <span class='ocrx_word' id='word_1_774' title='bbox 1127 2376 1196 2402; x_wconf 74' lang='grc' dir='ltr'>εἰσὶν</span> <span class='ocrx_word' id='word_1_775' title='bbox 1209 2376 1234 2402; x_wconf 79' lang='grc' dir='ltr'>οἱ</span> <span class='ocrx_word' id='word_1_776' title='bbox 1251 2376 1348 2411; x_wconf 76' lang='grc' dir='ltr'>μαστοὶ</span> <span class='ocrx_word' id='word_1_777' title='bbox 1365 2375 1554 2411; x_wconf 83' lang='grc' dir='ltr'>ὲπεισρὲοντος</span> <span class='ocrx_word' id='word_1_778' title='bbox 1568 2375 1676 2411; x_wconf 80' lang='grc' dir='ltr'>ἑτοίμου</span> 
     </span>
    </p>
   </div>
   <div class='ocr_carea' id='block_1_104' title="bbox 890 2421 1677 2458">
    <p class='ocr_par' dir='ltr' id='par_1_104' title="bbox 890 2421 1677 2458">
     <span class='ocr_line' id='line_1_106' title="bbox 890 2421 1677 2458; baseline -0.001 -9"><span class='ocrx_word' id='word_1_779' title='bbox 890 2421 1040 2456; x_wconf 80' lang='grc' dir='ltr'>γάλακτος,</span> <span class='ocrx_word' id='word_1_780' title='bbox 1058 2421 1126 2449; x_wconf 83' lang='grc' dir='ltr'>ἀλλά</span> <span class='ocrx_word' id='word_1_781' title='bbox 1145 2421 1358 2458; x_wconf 82' lang='grc' dir='ltr'>μεταϐάλλοντες</span> <span class='ocrx_word' id='word_1_782' title='bbox 1374 2421 1424 2457; x_wconf 85' lang='grc' dir='ltr'>τὴν</span> <span class='ocrx_word' id='word_1_783' title='bbox 1443 2422 1556 2457; x_wconf 84' lang='grc' dir='ltr'>τροφὴν,</span> <span class='ocrx_word' id='word_1_784' title='bbox 1571 2423 1600 2448; x_wconf 78' lang='grc' dir='ltr'>ἐν</span> <span class='ocrx_word' id='word_1_785' title='bbox 1614 2422 1677 2448; x_wconf 79' lang='grc' dir='ltr'>ἑαυ-</span> 
     </span>
    </p>
   </div>
   <div class='ocr_carea' id='block_1_105' title="bbox 887 2467 1676 2504">
    <p class='ocr_par' dir='ltr' id='par_1_105' title="bbox 887 2467 1676 2504">
     <span class='ocr_line' id='line_1_107' title="bbox 887 2467 1676 2504; baseline 0 -10"><span class='ocrx_word' id='word_1_786' title='bbox 887 2468 944 2499; x_wconf 88' lang='grc' dir='ltr'>τοῖς</span> <span class='ocrx_word' id='word_1_787' title='bbox 958 2467 1119 2504; x_wconf 78' lang='grc' dir='ltr'>ὲργάζονται</span> <span class='ocrx_word' id='word_1_788' title='bbox 1140 2467 1210 2502; x_wconf 81' lang='grc' dir='ltr'>γάλα</span> <span class='ocrx_word' id='word_1_789' title='bbox 1231 2468 1277 2494; x_wconf 78' lang='grc' dir='ltr'>καὶ</span> <span class='ocrx_word' id='word_1_790' title='bbox 1297 2467 1477 2494; x_wconf 81' lang='grc' dir='ltr'>διαπνέουσιν.</span> <span class='ocrx_word' id='word_1_791' title='bbox 1501 2467 1533 2494; x_wconf 84' lang='grc' dir='ltr'><strong>Ἦ</strong></span> <span class='ocrx_word' id='word_1_792' title='bbox 1546 2467 1633 2504; x_wconf 85' lang='grc' dir='ltr'>τροφὴ</span> <span class='ocrx_word' id='word_1_793' title='bbox 1647 2467 1676 2494; x_wconf 78' lang='grc' dir='ltr'>δὲ</span> 
     </span>
    </p>
   </div>
   <div class='ocr_carea' id='block_1_106' title="bbox 888 2512 1676 2549">
    <p class='ocr_par' dir='ltr' id='par_1_106' title="bbox 888 2512 1676 2549">
     <span class='ocr_line' id='line_1_108' title="bbox 888 2512 1676 2549; baseline 0.001 -10"><span class='ocrx_word' id='word_1_794' title='bbox 888 2513 905 2548; x_wconf 85' lang='grc' dir='ltr'>ὴ</span> <span class='ocrx_word' id='word_1_795' title='bbox 929 2512 1096 2548; x_wconf 84' lang='grc' dir='ltr'>κατάλληλος</span> <span class='ocrx_word' id='word_1_796' title='bbox 1126 2513 1195 2549; x_wconf 77' lang='grc' dir='ltr'>αὕτη</span> <span class='ocrx_word' id='word_1_797' title='bbox 1221 2513 1269 2540; x_wconf 64' lang='grc' dir='ltr'>καὶ⁴</span> <span class='ocrx_word' id='word_1_798' title='bbox 1297 2513 1452 2549; x_wconf 82' lang='grc' dir='ltr'>πρόσφορος</span> <span class='ocrx_word' id='word_1_799' title='bbox 1476 2515 1604 2548; x_wconf 86' lang='grc' dir='ltr'>νεοπαγεί</span> <span class='ocrx_word' id='word_1_800' title='bbox 1629 2514 1676 2540; x_wconf 81' lang='grc' dir='ltr'>καὶ</span> 
     </span>
    </p>
   </div>
   <div class='ocr_carea' id='block_1_107' title="bbox 886 2559 1674 2596">
    <p class='ocr_par' dir='ltr' id='par_1_107' title="bbox 886 2559 1674 2596">
     <span class='ocr_line' id='line_1_109' title="bbox 886 2559 1674 2596; baseline 0.003 -11"><span class='ocrx_word' id='word_1_801' title='bbox 886 2560 996 2594; x_wconf 87' lang='grc' dir='ltr'>νεοφυεῐ</span> <span class='ocrx_word' id='word_1_802' title='bbox 1011 2559 1110 2595; x_wconf 84' lang='grc' dir='ltr'>παιδίῳ</span> <span class='ocrx_word' id='word_1_803' title='bbox 1130 2559 1199 2595; x_wconf 76' lang='grc' dir='ltr'>πρὸς</span> <span class='ocrx_word' id='word_1_804' title='bbox 1214 2559 1262 2587; x_wconf 85' lang='grc' dir='ltr'>τοῦ</span> <span class='ocrx_word' id='word_1_805' title='bbox 1274 2559 1342 2587; x_wconf 82' lang='grc' dir='ltr'>Θεοῦ</span> <span class='ocrx_word' id='word_1_806' title='bbox 1357 2559 1405 2587; x_wconf 81' lang='grc' dir='ltr'>τοῦ</span> <span class='ocrx_word' id='word_1_807' title='bbox 1421 2561 1544 2596; x_wconf 83' lang='grc' dir='ltr'>τροφέως</span> <span class='ocrx_word' id='word_1_808' title='bbox 1559 2561 1606 2587; x_wconf 74' lang='grc' dir='ltr'>καὶ</span> <span class='ocrx_word' id='word_1_809' title='bbox 1621 2569 1674 2587; x_wconf 61' lang='grc' dir='ltr'>παι</span> 
     </span>
    </p>
   </div>
   <div class='ocr_carea' id='block_1_108' title="bbox 884 2605 1674 2643">
    <p class='ocr_par' dir='ltr' id='par_1_108' title="bbox 884 2605 1674 2643">
     <span class='ocr_line' id='line_1_110' title="bbox 884 2605 1674 2643; baseline 0.004 -12"><span class='ocrx_word' id='word_1_810' title='bbox 884 2605 949 2640; x_wconf 80' lang='grc' dir='ltr'>τρδς</span> <span class='ocrx_word' id='word_1_811' title='bbox 964 2605 1018 2632; x_wconf 84' lang='grc' dir='ltr'>τῶν</span> <span class='ocrx_word' id='word_1_812' title='bbox 1033 2606 1210 2642; x_wconf 82' lang='grc' dir='ltr'>γεννωμένων</span> <span class='ocrx_word' id='word_1_813' title='bbox 1232 2606 1279 2633; x_wconf 84' lang='grc' dir='ltr'>καὶ</span> <span class='ocrx_word' id='word_1_814' title='bbox 1301 2607 1529 2642; x_wconf 85' lang='grc' dir='ltr'>ἀναγεννωμένων</span> <span class='ocrx_word' id='word_1_815' title='bbox 1547 2607 1674 2643; x_wconf 85' lang='grc' dir='ltr'>πονουμέ-</span> 
     </span>
    </p>
   </div>
   <div class='ocr_carea' id='block_1_109' title="bbox 885 2648 1674 2689">
    <p class='ocr_par' dir='ltr' id='par_1_109' title="bbox 885 2648 1674 2689">
     <span class='ocr_line' id='line_1_111' title="bbox 885 2648 1674 2689; baseline 0.001 -11"><span class='ocrx_word' id='word_1_816' title='bbox 885 2659 929 2686; x_wconf 86' lang='grc' dir='ltr'>νη,</span> <span class='ocrx_word' id='word_1_817' title='bbox 944 2648 999 2678; x_wconf 77' lang='grc' dir='ltr'>οἷον</span> <span class='ocrx_word' id='word_1_818' title='bbox 1010 2652 1040 2678; x_wconf 83' lang='grc' dir='ltr'>τὸ</span> <span class='ocrx_word' id='word_1_819' title='bbox 1057 2652 1145 2687; x_wconf 77' lang='grc' dir='ltr'>μάννα</span> <span class='ocrx_word' id='word_1_820' title='bbox 1156 2652 1301 2688; x_wconf 79' lang='grc' dir='ltr'>οὐρανόθεν</span> <span class='ocrx_word' id='word_1_821' title='bbox 1317 2653 1464 2689; x_wconf 74' lang='grc' dir='ltr'>ἐπερῤέετο</span> <span class='ocrx_word' id='word_1_822' title='bbox 1477 2654 1533 2685; x_wconf 89' lang='grc' dir='ltr'>τοῖς</span> <span class='ocrx_word' id='word_1_823' title='bbox 1549 2653 1674 2685; x_wconf 81' lang='grc' dir='ltr'>παλαιοῖς</span> 
     </span>
    </p>
   </div>
   <div class='ocr_carea' id='block_1_110' title="bbox 892 2696 1674 2736">
    <p class='ocr_par' dir='ltr' id='par_1_110' title="bbox 892 2696 1674 2736">
     <span class='ocr_line' id='line_1_112' title="bbox 892 2696 1674 2736; baseline 0.004 -13"><span class='ocrx_word' id='word_1_824' title='bbox 892 2696 1058 2734; x_wconf 64' lang='grc' dir='ltr'>Ἑϐραίοιςὴ</span> <span class='ocrx_word' id='word_1_825' title='bbox 1070 2698 1125 2725; x_wconf 85' lang='grc' dir='ltr'>τῶν</span> <span class='ocrx_word' id='word_1_826' title='bbox 1146 2699 1282 2733; x_wconf 84' lang='grc' dir='ltr'>Ἀγγέλων</span> <span class='ocrx_word' id='word_1_827' title='bbox 1297 2699 1456 2735; x_wconf 71' lang='grc' dir='ltr'>ἐπουράνιος</span> <span class='ocrx_word' id='word_1_828' title='bbox 1466 2699 1563 2736; x_wconf 82' lang='grc' dir='ltr'>τροφὴ,</span> <span class='ocrx_word' id='word_1_829' title='bbox 1578 2699 1674 2735; x_wconf 84' lang='grc' dir='ltr'>ἀμέλει</span> 
     </span>
    </p>
   </div>
   <div class='ocr_carea' id='block_1_111' title="bbox 886 2743 1673 2781">
    <p class='ocr_par' dir='ltr' id='par_1_111' title="bbox 886 2743 1673 2781">
     <span class='ocr_line' id='line_1_113' title="bbox 886 2743 1673 2781; baseline 0.003 -11"><span class='ocrx_word' id='word_1_830' title='bbox 886 2744 932 2770; x_wconf 77' lang='grc' dir='ltr'>καὶ</span> <span class='ocrx_word' id='word_1_831' title='bbox 948 2743 995 2771; x_wconf 80' lang='grc' dir='ltr'>νῦν</span> <span class='ocrx_word' id='word_1_832' title='bbox 1011 2745 1039 2771; x_wconf 84' lang='grc' dir='ltr'>αἱ</span> <span class='ocrx_word' id='word_1_833' title='bbox 1051 2744 1141 2772; x_wconf 82' lang='grc' dir='ltr'>τίτθαι</span> <span class='ocrx_word' id='word_1_834' title='bbox 1158 2745 1189 2772; x_wconf 80' lang='grc' dir='ltr'>τὸ</span> <span class='ocrx_word' id='word_1_835' title='bbox 1205 2745 1378 2781; x_wconf 87' lang='grc' dir='ltr'>πρωτόχυτον</span> <span class='ocrx_word' id='word_1_836' title='bbox 1389 2745 1436 2772; x_wconf 83' lang='grc' dir='ltr'>τοῦ</span> <span class='ocrx_word' id='word_1_837' title='bbox 1449 2745 1585 2780; x_wconf 86' lang='grc' dir='ltr'>γάλακτος</span> <span class='ocrx_word' id='word_1_838' title='bbox 1599 2745 1673 2780; x_wconf 85' lang='grc' dir='ltr'>πόμα</span> 
     </span>
    </p>
   </div>
   <div class='ocr_carea' id='block_1_112' title="bbox 885 2791 1672 2828">
    <p class='ocr_par' dir='ltr' id='par_1_112' title="bbox 885 2791 1672 2828">
     <span class='ocr_line' id='line_1_114' title="bbox 885 2791 1672 2828; baseline 0 -10"><span class='ocrx_word' id='word_1_839' title='bbox 885 2791 1037 2827; x_wconf 85' lang='grc' dir='ltr'>ὁμωνύμως</span> <span class='ocrx_word' id='word_1_840' title='bbox 1049 2793 1139 2828; x_wconf 75' lang='grc' dir='ltr'>ἐκείνῃ</span> <span class='ocrx_word' id='word_1_841' title='bbox 1154 2793 1187 2828; x_wconf 80' lang='grc' dir='ltr'>τῇ</span> <span class='ocrx_word' id='word_1_842' title='bbox 1202 2793 1289 2828; x_wconf 82' lang='grc' dir='ltr'>τροφῇ</span> <span class='ocrx_word' id='word_1_843' title='bbox 1305 2792 1376 2826; x_wconf 89' lang='grc' dir='ltr'>γάλα</span> <span class='ocrx_word' id='word_1_844' title='bbox 1389 2791 1549 2827; x_wconf 89' lang='grc' dir='ltr'>κεκλήκασι.</span> <span class='ocrx_word' id='word_1_845' title='bbox 1567 2791 1627 2827; x_wconf 78' lang='grc' dir='ltr'>Χρὴ</span> <span class='ocrx_word' id='word_1_846' title='bbox 1642 2791 1672 2818; x_wconf 68' lang='grc' dir='ltr'>δὲ</span> 
     </span>
    </p>
   </div>
   <div class='ocr_carea' id='block_1_113' title="bbox 886 2836 1672 2874">
    <p class='ocr_par' dir='ltr' id='par_1_113' title="bbox 886 2836 1672 2874">
     <span class='ocr_line' id='line_1_115' title="bbox 886 2836 1672 2874; baseline -0.001 -10"><span class='ocrx_word' id='word_1_847' title='bbox 886 2838 1052 2874; x_wconf 87' lang='grc' dir='ltr'>κατανοῆσαι</span> <span class='ocrx_word' id='word_1_848' title='bbox 1077 2838 1126 2874; x_wconf 84' lang='grc' dir='ltr'>τὴν</span> <span class='ocrx_word' id='word_1_849' title='bbox 1160 2838 1278 2874; x_wconf 76' lang='grc' dir='ltr'>φύσιψή</span> <span class='ocrx_word' id='word_1_850' title='bbox 1295 2839 1349 2874; x_wconf 90' lang='grc' dir='ltr'>γάρ</span> <span class='ocrx_word' id='word_1_851' title='bbox 1370 2847 1410 2865; x_wconf 86' lang='grc' dir='ltr'>τοι</span> <span class='ocrx_word' id='word_1_852' title='bbox 1426 2838 1513 2874; x_wconf 84' lang='grc' dir='ltr'>τροφὴ</span> <span class='ocrx_word' id='word_1_853' title='bbox 1539 2836 1672 2873; x_wconf 87' lang='grc' dir='ltr'>χειμῶνος</span> 
     </span>
    </p>
   </div>
  </div>
