1927 3074
229 193 282 221 775

773 189 967 218 CLEMENTIS
984 186 1214 218 ALEXANDle

1804 188 1852 215 τῐθ

231 251 280 286 μὲν
294 251 457 283 πυκνοῦντος
481 257 527 278 τοῦ
552 252 723 287 περιέχοντος
740 252 786 279 καὶ
803 252 919 288 πάροδον
932 251 963 279 οὐ
975 252 1015 279 δι-
1029 252 1054 281 Α
1103 251 1152 278 Διὰ
1161 251 1240 278 τοῦτο
1251 250 1304 285 ἄρα
1317 250 1455 286 μυστικῶς
1470 250 1500 276 τδ
1513 251 1541 276 ὲν
1556 249 1595 284 τῷ
1612 248 1768 283 Ἀποστόλῳ
1779 249 1854 283 ᾶγιον

228 296 329 329 δόντος,
340 297 415 329 ἐντὸς
431 297 658 332 κατακλειομένη,
673 297 713 333 τῷ
726 296 821 333 θερμῷ
835 297 955 333 ἑψομένη
967 297 1014 323 καὶ

229 343 383 379 πεττομένη
399 344 439 375 είς
454 344 503 375 τὰς
528 343 629 378 φλέϐας
655 343 873 379 ἐξαιματουμένη
888 344 1014 378 ὲκχωρεῖ.

229 389 302 415 Αἰδὲ
314 387 358 415 διὰ
375 389 460 425 πνοῆς
477 389 507 416 οὑ
526 390 720 425 τυγχάνουσαι,
735 388 947 425 πεπληρωμέναι
964 389 1017 424 μά-

231 435 310 462 λιστα
326 435 508 462 συντείνονται
532 436 579 462 καὶ
603 434 749 470 σφύζουσι·
765 435 805 462 διδ
821 436 868 462 καὶ
883 436 911 461 αί
929 434 1018 462 τίτθαι

232 481 408 516 περιπληθεῖς
434 481 495 508 τότε
525 482 642 517 μάλιστα
679 481 800 516 γίνονται
824 480 864 516 τῷ
890 480 1016 515 γάλακτι.

238 527 436 554 Ἀποδέδεικται
461 527 489 554 δὲ
514 529 581 563 ἡμῖν
598 527 689 563 μικρῷ
703 527 822 563 πρόσθεν
843 527 875 554 16
895 520 965 563 αἷμα
979 527 1019 559 είς

231 573 302 608 γάλα
316 575 376 606 ταῖς
390 573 517 605 κυούσαις
538 573 610 600 κατά
627 573 775 609 μεταϐολὴν
789 574 820 600 οὐ
849 574 908 600 κατ’
925 573 1020 600 οὐσίαν

232 620 340 655 χωρεῖν.
358 620 462 655 ’Ὥσπερ
475 620 571 655 ἀμέλει
588 620 634 646 καὶ
649 620 677 646 αἱ
692 618 785 654 τρίχες
801 619 828 646 αζ
850 618 944 651 ξανθαὶ
963 619 1021 650 τοῖς

232 665 354 701 γηρῶσιν
370 666 410 698 είς
423 666 519 697 πολιὰς
539 665 760 700 μεταϐάλλουσιν.
775 664 876 700 Θέρους
891 664 919 691 δὲ
933 664 1021 699 ἐμπα-

232 711 274 738 λιν
287 712 444 748 ἀραιότερον
458 712 488 739 ὃν
502 712 533 739 τὸ
548 711 638 748 σῶμα,
651 711 702 747 τὴν
726 711 829 746 τροφὴν
857 711 1021 746 εύδιαφορω-

232 757 313 793 τέραν
330 758 456 794 παρέχει,
472 757 520 784 καὶ
535 757 637 792 ἥκιστα
657 756 800 788 πλεονάζει
820 755 851 783 16
864 756 944 791 γάλα,
961 756 1022 783 ἐπεὶ

234 804 303 840 μήτε
315 804 346 830 τὺ
360 801 445 839 αἷμα·
471 804 532 830 οὐδὲ
548 804 603 839 γὰρ
628 804 704 830 πᾶσα
727 802 873 838 κατέχεται
887 804 904 838 ή
921 803 1019 838 τροφή.

234 850 265 877 El
280 850 370 880 τοίνυν
395 851 411 886 ἡ
434 850 482 885 μὲν
497 849 667 886 κατεργασία
679 849 730 884 τῆς
743 849 847 884 τροφῆς
861 847 1033 885 ίῖξαιματοῦ-⁴

232 904 288 928 ται,
304 895 335 922 16
357 896 385 922 δὲ
406 893 476 930 αἷμα
497 894 728 929 ὲκγαλακτοῦται,
743 894 904 930 παρασκευὴ
918 894 1022 928 γίνεται

232 941 264 966 16
280 938 350 976 αἷμα
367 939 414 966 τοῦ
429 927 563 974 γάλακτος
590 939 684 974 ὥσπερ
709 927 790 974 αἷμα-
804 927 958 973 ἀνθρώπου,
976 938 1023 965 καὶ
1038 927 1059 954 Β

234 986 365 1022 γίγαρτον
379 986 512 1021 ἀμπέλου.

276 1032 446 1068 Ἀλληγορῶν
461 1032 549 1059 τοίνυν
570 1031 616 1058 τὸν
631 1031 709 1066 λόγον
722 1032 736 1058 6
750 1030 864 1063 Παῦλος,
884 1030 932 1057 καὶ
953 1029 1024 1064 γάλα

234 1075 316 1106 αῦτδν
333 1077 482 1114 ὀνομάζων,
500 1088 509 1104 ι
520 1078 632 1104 ἐπότισα
645 1088 653 1103 ι
678 1077 815 1112 ἐπιφέρει.
838 1076 948 1103 ΙΙίνεται
969 1075 1024 1111 γὰρ

234 1122 250 1150 6
262 1124 351 1158 λόγος,
376 1125 393 1160 ή
415 1123 502 1160 τροφὴ
522 1124 571 1159 τῆς
590 1123 730 1160 ἀληθείας,
747 1123 842 1159 ἀμέλει
858 1122 905 1150 καὶ
923 1121 953 1148 16
975 1130 1024 1148 πο-

234 1170 291 1202 τὸν,
309 1170 379 1206 ὑγρά
401 1170 523 1197 καλεῖται
546 1170 645 1206 τροφή.
666 1169 783 1196 Δυνατὺν
805 1169 835 1196 δὲ
850 1167 881 1195 16
899 1167 1023 1195 αὐτὸκαὶ

237 1215 333 1252 βρῶμα
342 1214 411 1242 εἶναί
421 1224 478 1247 πως
489 1215 549 1250 ἕχον
565 1216 613 1241 καὶ
622 1215 715 1246 ποτὸν,
729 1215 799 1250 πρὸς
813 1213 878 1241 ἀλλο
892 1213 940 1240 καὶ
958 1212 1022 1240 ἀλλο

235 1258 388 1297 νοούμενον,
419 1261 543 1297 καθάπερ
574 1261 622 1287 καὶ
650 1261 664 1287 6
690 1260 772 1296 τυρὸς
807 1259 943 1294 γάλακτος
965 1259 1024 1284 ἐστὶ

235 1304 327 1343 πῆξις,
342 1307 359 1343 ἢ
379 1307 449 1341 γάλα
472 1305 607 1342 πεπηγός·
623 1307 654 1333 οὐ
674 1306 729 1342 γάρ
746 1315 792 1342 μοι
806 1305 856 1341 τῆς
868 1304 1024 1340 λεξιθηρίας

236 1353 312 1388 μέλει
342 1352 436 1385 τανῦν,
452 1352 524 1388 πλὴν
537 1353 579 1379 ὅτι
595 1351 644 1383 τὰς
656 1351 760 1388 τροφὰς
774 1351 857 1387 ἀμφω
873 1351 922 1386 μία
935 1350 1024 1378 διακο-

234 1400 320 1425 νεῖται
346 1398 434 1425 ούσία.
455 1398 536 1425 Ἀλλά
558 1398 606 1425 καὶ
626 1399 684 1429 τοῖς
702 1397 869 1428 ὑποτιτθίοις
895 1396 1022 1429 παιδίοις,

235 1443 315 1480 ἀρκεῖ
337 1444 416 1480 μόνον
436 1443 466 1470 16
489 1443 560 1478 γάλα
580 1443 627 1470 καὶ
651 1442 733 1470 ποτὸν
760 1440 892 1469 εἶναικαὶ
909 1443 1021 1478 τροφήν.

235 1488 380 1525 Imma);
395 1489 424 1516 δὲ
445 1490 459 1516 ὁ
477 1489 556 1523 λόγος
577 1488 776 1525 ἀλληγορείται,
795 1489 843 1515 καὶ
853 1488 960 1524 βρῶμα,
976 1488 1023 1515 καὶ

236 1536 314 1572 σὰρξ,
338 1535 385 1562 καὶ
405 1535 503 1572 τροφὴ,
527 1535 574 1562 καὶ
592 1535 683 1570 ἄρτος,
700 1535 748 1561 καὶ
768 1532 848 1570 αἷμα,
871 1534 918 1561 καὶ
940 1534 1022 1569 γάλα,

235 1582 344 1609 ἅπαντα
357 1582 372 1608 6
384 1581 486 1616 Κύριος
511 1581 550 1612 είς
565 1580 713 1607 ἀπόλαυσιν
726 1579 805 1616 ἡμῶν
816 1580 871 1606 τῶν
885 1581 926 1612 είς
941 1580 1022 1608 αὑτὸν
1035 1593 1058 1622 α

235 1627 466 1654 πεπιστευκότων.
491 1626 565 1661 Πλὴν
580 1625 647 1652 ἀλλά
671 1625 718 1652 καὶ
733 1626 750 1661 ἡ
775 1625 854 1662 σὰρξ,
869 1625 938 1660 αὑτὴ
953 1622 1023 1660 αἷμα

236 1673 275 1709 τῷ
289 1673 415 1707 γάλακτι,
433 1670 488 1698 οἷον
509 1671 787 1707 ἀντιπελαργούμενον
803 1671 913 1706 ἄρδεται
927 1679 958 1698 τε
978 1671 1024 1698 καὶ

235 1718 356 1752 αὒξεται.
374 1718 429 1745 Καὶ
443 1718 474 1754 δὴ
495 1718 542 1745 καὶ
561 1718 777 1754 ὴδιαμόρφωσις
791 1717 838 1744 τοῦ
857 1717 1022 1753 συλληφθέν-

235 1773 283 1796 τος
297 1764 336 1800 τῷ
351 1765 402 1800 τῆς
419 1764 466 1790 ἐπὶ
485 1765 557 1800 μῆνα
570 1764 730 1800 καθάρσεως
742 1763 966 1799 ὑπολελειμμένῳ
977 1772 1023 1790 κα-

236 1810 312 1846 θαρῷ
323 1808 520 1846 περιττῴματι,
539 1809 704 1845 κιρναμένου
721 1809 768 1836 τοῦ
780 1809 938 1845 σπέρματος
949 1809 1023 1844 γίνε-

236 1865 292 1885 ¹ται.
313 1856 345 1883 Ἦ
361 1855 415 1891 γὰρ
430 1856 459 1882 ὲν
478 1855 565 1891 τούτῳ
580 1855 692 1891 δύναμις
706 1854 864 1891 θρομϐοῦσα
876 1854 923 1882 τοῦ
941 1855 1024 1891 αἵμα-

236 1903 283 1934 τὸς
300 1902 351 1938 τὴν
366 1901 458 1937 φύσιν,
479 1901 509 1928 ὃν
526 1900 628 1937 τρόπον
652 1901 669 1937 ἠ
696 1900 795 1928 πυτεία
819 1900 971 1937 συνίστησι,
992 1901 1023 1928 16

236 1948 306 1983 γάλα
325 1948 419 1974 οὐσίαν
438 1946 586 1982 ἐργάζεται
604 1945 788 1983 μορφώσεως·
804 1945 913 1973 εὐθαλεῖ
930 1946 985 1982 γὰρ
1005 1947 1024 1982 ἡ

236 1994 345 2030 κρᾶσις,
361 1991 481 2028 σφαλερά
494 1991 523 2018 δὲ
537 1992 554 2026 ή
570 1991 689 2027 ἀκρότης
703 1992 743 2023 είς
757 1991 894 2019 ἀτεκνίαν.
905 1992 960 2019 Καὶ
969 1991 1023 2027 γὰρ

236 2039 325 2075 αὐτῆς.
335 2036 385 2074 ήδη
402 2039 451 2074 τῆς
467 2038 518 2073 γῆς
531 2037 584 2064 ὑπὸ
600 2038 649 2073 μὲν
668 2037 823 2074 ἐπομϐρίας
837 2037 1023 2066 κατακλυσθὲν

235 2084 402 2121 ἀποσύρεται
416 2085 446 2111 τὺ
462 2084 588 2120 σπέρμαο
604 2083 647 2110 διά
660 2084 689 2111 δὲ
704 2084 809 2120 αὐχμὸν
832 2084 934 2117 νοτίδος
955 2085 1023 2112 ἀποέ

236 2129 403 2166 ξηραίνεται.
428 2128 572 2164 Κολλώδης
593 2128 622 2156 δὲ
647 2129 661 2156 6
690 2129 777 2164 χυμὸς
800 2128 837 2156 ὢν
865 2129 973 2165 συνέχει
991 2129 1023 2157 16

237 2175 348 2211 σπέρμα
358 2175 405 2202 καὶ
421 2174 494 2209 φύει.
509 2174 587 2206 Τινὲς
596 2174 625 2201 δὲ
641 2174 728 2201 καὶτὸ
748 2174 862 2211 σπέρμα
881 2175 929 2202 τοῦ
951 2174 1021 2208 ζώου

235 2221 322 2256 ἀφρὸν
345 2218 414 2247 εῖναι
430 2219 477 2247 τοῦ
493 2220 609 2256 αἵματος
630 2221 690 2247 κατ’
711 2220 805 2248 οὐσίαν
831 2220 1020 2248 ὑποτίθενται·

1067 297 1191 332 Πνεῦμα,
1205 297 1239 332 τῇ
1254 295 1301 322 τοῦ
1323 295 1426 330 Κυρίου
1442 294 1638 331 ἀποχρώμενον
1656 295 1744 329 φωνῇ,
1766 304 1775 320 ι
1786 294 1855 328 γάλα

1068 341 1140 375 ὑμᾶς
1164 339 1296 366 ἐπότισα)
1325 339 1408 373 λέγει.
1432 339 1464 365 Et
1485 339 1541 374 7&9
1565 338 1787 374 ἀνεγεννήθημεν
1816 339 1855 370 εἰς

1067 384 1196 420 Χριστὸν,
1213 385 1227 411 ό
1245 384 1432 420 ἀναγεννήσας
1444 384 1518 420 ἡμᾶς
1533 384 1660 420 ἐκτρέφει
1677 384 1717 418 τῷ
1736 383 1796 418 ἰδίῳ
1808 384 1855 417 γά-

1068 431 1147 458 λακτι
1162 430 1201 466 τῷ
1216 430 1301 466 λόγῳ·
1319 431 1372 457 πᾶν
1392 430 1447 466 7&9
1463 429 1493 456 16
1511 430 1646 465 γεννῆσαν
1674 430 1763 456 ἔοικεν
1778 422 1854 460 εύθὺς

1069 476 1199 512 παρέχειν
1210 475 1249 511 τῷ
1267 475 1429 511 γεννωμένῳ
1439 473 1551 512 τροφήν.
1566 475 1701 511 Καθάπερ
1714 475 1743 508 δὲ
1760 476 1779 510 ἡ
1795 475 1856 502 ἀνα-

1069 522 1196 557 γέννησις
1211 521 1361 556 ἀναλόγως,
1375 520 1446 547 οὕτω
1457 520 1532 555 καὶὴ
1547 521 1635 556 τροφὴ
1651 520 1749 555 γέγονε
1764 520 1804 556 τῷ
1817 521 1854 547 ἀν-

1070 567 1172 604 θρώπῳ
1188 566 1360 603 πνευματικὴ
1375 567 1476 602 πάντη.
1489 567 1585 593 Τοίνυν
1596 567 1643 594 καὶ
1653 567 1735 602 ἡμεῖς
1746 566 1851 601 τάεπάν

1068 622 1103 640 τα
1118 613 1228 650 Χριστῷ
1251 611 1505 649 προσοικειούμεθα,
1519 612 1567 639 καὶ
1583 612 1623 644 εἰς
1640 611 1804 646 συγγένειαν
1815 611 1855 638 διὰ

1069 656 1101 686 16
1118 657 1188 695 αἷμα
1207 658 1290 685 αὑτοῦ
1313 655 1336 692 ᾧ
1354 657 1542 694 λυτρούμεθα,
1559 659 1608 684 κα)⁸
1625 658 1666 689 εἰς
1686 657 1858 693 συμπάθειαν

1069 705 1114 732 διὰ
1130 705 1180 741 τὴν
1196 704 1350 740 ἀνατροφὴν
1363 703 1412 740 τὴν
1428 704 1461 730 ὲκ
1474 703 1521 730 τοῦ
1532 703 1621 738 λόγου,
1636 703 1684 730 καὶ
1697 704 1741 735 εἰς
1756 703 1859 739 ἀφθαρέ

1071 750 1132 777 σίαν
1146 751 1190 777 διὰ
1202 750 1252 786 τὴν
1266 750 1377 785 ἀγωγὴν
1393 749 1439 776 τοῦ
1451 748 1544 776 αὐτοῦ.
1557 749 1593 776 T6
1605 749 1704 784 θρέψαι
1720 749 1743 775 6'
1755 749 1786 775 ὲν
1797 749 1858 784 βρο-

1070 797 1141 823 τοῖσι
1163 795 1304 827 πολλάκις,
1328 794 1414 821 πλείω
1432 794 1576 830 πορίζεται
1596 794 1696 829 φίλτρα
1712 794 1760 821 τοῦ
1779 794 1859 828 φῦσαι

1071 841 1162 868 τέκνα.
1183 840 1244 868 ’Ότι
1259 841 1348 868 τοίνυν
1368 839 1398 872 ἐξ
1422 840 1536 875 αἵματος
1553 839 1623 873 γάλα
1653 839 1727 866 κατά
1747 840 1859 876 μεταϐο-

1071 886 1120 922 λὴν
1133 886 1248 921 γίνεται,
1266 886 1318 922 ἤδη
1334 886 1382 921 μὲν
1398 885 1492 920 σαφὲς,
1508 886 1538 912 οὐ
1556 885 1608 921 μὴν
1621 885 1689 912 ἀλλά
1699 886 1749 912 καὶ
1764 886 1798 913 ὲκ
1808 886 1859 912 τῶν

1073 932 1215 968 ποιμνίων,
1236 931 1269 959 ἐκ
1291 940 1322 958 τε
1345 931 1399 958 τῶν
1417 931 1562 966 βουκολίων
1582 931 1670 963 ἔξεστι
1695 931 1805 967 μαθεῖν.
1823 931 1860 958 Τὰ

1073 977 1127 1014 7&9
1152 977 1209 1010 ζῶα
1233 976 1320 1004 ταῦτα
1342 977 1389 1004 τοῦ
1420 976 1497 1008 ἔτους
1515 976 1587 1003 κατά
1608 977 1660 1012 τὴν
1674 977 1751 1013 ὥραν
1766 977 1801 1013 ἢν
1813 977 1859 1012 ξαρ

1073 1023 1211 1055 καλοῦσιν,
1222 1022 1318 1058 ὺγροτέ
1323 1031 1368 1058 pou
1378 1022 1424 1049 106
1435 1022 1606 1057 περιέχοντος
1623 1022 1781 1056 γεγονότος,
1797 1022 1861 1048 ἀλλὰ

1073 1068 1120 1096 καὶ
1134 1068 1184 1103 τῆς
1199 1067 1268 1099 πόας
1287 1068 1334 1094 καὶ
1355 1066 1408 1094 τῶν
1421 1067 1511 1102 νομῶν
1525 1066 1646 1101 εὐχύλων
1663 1066 1695 1092 16
1711 1066 1860 1101 τηνικαῦτα

1073 1114 1161 1141 οὐσῶν
1183 1113 1230 1141 καὶ
1253 1113 1382 1148 ὲνίκμων,
1400 1113 1513 1148 αἵματος
1534 1112 1688 1148 πίμπλαται
1719 1113 1859 1147 πρότερον.

1073 1160 1111 1192 ὡς
1124 1161 1156 1187 ὲκ
1170 1160 1221 1195 τῆς
1236 1159 1383 1191 διατάσεως
1399 1159 1453 1185 τῶν
1466 1158 1571 1194 φλεϐῶν
1598 1159 1796 1194 κυρτουμένων
1811 1159 1861 1185 τῶν

1074 1205 1191 1241 ἀγγείων
1207 1206 1353 1232 δείκνυται.
1373 1206 1420 1232 Ἐκ
1433 1205 1462 1232 δὲ
1475 1204 1522 1231 τοῦ
1536 1205 1652 1239 αἵματος
1665 1204 1858 1240 δαψιλέστερον

1073 1253 1161 1288 χεῖται
1172 1251 1203 1279 16
1213 1251 1292 1286 γάλα.
1309 1250 1411 1286 Θέρους
1425 1250 1447 1276 δ’
1464 1249 1580 1285 ἔμπαλιν
1594 1249 1647 1275 ὑπὸ
1659 1249 1708 1275 τοῦ
1723 1248 1860 1284 καύματος

1075 1297 1270 1333 συγκαιόμενον
1280 1296 1328 1324 καὶ
1339 1295 1595 1331 ἁναξηραινόμενον,
1610 1294 1704 1329 ἵστησι
1716 1294 1768 1330 τὴν
1782 1303 1859 1329 μετα-

1074 1343 1154 1380 ϐολὴν
1168 1340 1200 1370 16
1221 1340 1301 1378 αἷμα,
1319 1341 1466 1379 καὶταύτῃ
1486 1341 1594 1368 ἔλαττον
1617 1340 1797 1376 ἀμέλγονται.
1811 1340 1859 1366 Ναὶ

1075 1390 1128 1426 μὴν
1140 1390 1187 1417 καὶ
1200 1389 1358 1424 συγγένειάν
1371 1396 1432 1415 τινα
1449 1388 1516 1424 πρὸς
1534 1388 1564 1414 16
1576 1387 1649 1423 ὕδωρ
1668 1386 1859 1421 φυσικωτάτην

1073 1437 1130 1473 ἔχει
1144 1435 1176 1463 16
1190 1435 1271 1470 γάλα,
1285 1434 1411 1471 καθάπερ
1431 1433 1527 1469 ἀμέλει
1553 1433 1620 1469 πρὸς
1640 1433 1692 1468 τὴν
1715 1441 1859 1468 πνευματι-

1073 1483 1124 1519 κὴν
1140 1482 1170 1510 16
1183 1482 1294 1516 λουτρὸν
1309 1481 1340 1507 16
1354 1479 1546 1516 πνευματικόν.
1563 1480 1593 1506 Οἱ
1607 1478 1673 1514 γοῦν
1689 1479 1860 1514 ὲπιρῤοφων-

1072 1539 1118 1562 τες
1142 1522 1182 1565 τῷ
1197 1528 1314 1563 γάλακτι
1336 1526 1441 1563 ψυχροῦ
1460 1520 1548 1560 ὀλίγον
1571 1525 1677 1556 ὕδατος,
1695 1524 1860 1559 ὼερελοῦνταῡ

1074 1575 1253 1612 παραχρῆμα.
1271 1573 1308 1601 Οὐ
1320 1573 1374 1609 γὰρ
1390 1571 1570 1605 ἀποξύνεσθαι
1582 1570 1613 1598 16
1628 1570 1701 1605 γάλα
1717 1571 1752 1606 ἐᾷ
1764 1571 1782 1606 ἡ
1797 1570 1858 1606 πρὸς

1073 1620 1104 1648 16
1122 1620 1195 1656 ὕδωρ
1219 1619 1356 1650 κοινωνία,
1377 1619 1428 1645 οὐκ
1447 1617 1593 1652 ἀντιπαθίᾳ
1609 1616 1673 1648 τινὶ,
1692 1619 1859 1652 προσπεπαι-

1074 1655 1187 1703 νομένου
1199 1666 1239 1699 δὲ,
1252 1664 1433 1701 προσπαθείᾳ.
1446 1658 1502 1690 Καὶ
1516 1663 1550 1698 ἢν
1563 1663 1578 1689 6
1587 1662 1667 1696 λόγος
1680 1661 1739 1697 ἔχει
1753 1661 1821 1696 πρὸς
1833 1655 1860 1686 16

1075 1712 1218 1747 βάπτισμα
1229 1704 1382 1742 κοινωνίαν,
1393 1708 1494 1744 ταύτην
1505 1705 1561 1743 ῐχει
1569 1707 1599 1734 16
1617 1707 1689 1741 γάλα
1702 1707 1754 1742 τὴν
1768 1705 1861 1732 συναλ-

1073 1758 1158 1794 λαγὴν
1173 1757 1240 1793 πρὸς
1261 1757 1293 1783 16
1307 1756 1389 1792 ὕδωρ.
1407 1756 1518 1791 Δέχεται
1532 1753 1586 1789 γὰρ
1604 1753 1684 1789 μόνον
1698 1753 1753 1780 τῶν
1768 1751 1858 1788 ὑγρῶν

1073 1804 1153 1831 τοῦτο
1174 1803 1221 1830 καὶ
1236 1803 1286 1839 τὴν
1302 1801 1371 1838 πρὸς
1389 1801 1420 1828 16
1435 1800 1507 1836 ὕδωρ
1525 1797 1596 1836 μίξιν
1611 1798 1793 1835 ἐπικάθαρσιν
1809 1807 1861 1824 πα-

1074 1849 1323 1886 ραλαμϐανόμενον,
1335 1847 1460 1883 καθάπερ
1472 1846 1503 1873 16
1521 1846 1663 1882 βάπτισμα
1675 1845 1724 1871 ἐπὶ
1739 1845 1863 1879 ἀφέσεως

1073 1895 1224 1932 ἁμαρτιῶν.
1251 1894 1386 1928 Μίγνυται
1413 1892 1441 1919 δὲ
1461 1887 1509 1919 καί
1531 1891 1619 1927 μέλιτι
1641 1890 1800 1926 προσφυῶς,
1816 1889 1863 1916 καῖ

1073 1942 1151 1969 τοῦτο
1166 1941 1213 1968 ἐπὶ
1226 1940 1358 1975 καθάρσει
1367 1938 1447 1966 πάλιν
1461 1937 1530 1974 μετά
1543 1937 1671 1972 γλυκείας
1684 1936 1734 1972 τῆς
1746 1935 1860 1972 τρυφῆς·

1074 1987 1237 2025 μιγνύμενος
1252 1985 1307 2022 7&9
1322 1986 1337 2012 6
1352 1985 1430 2019 λόγος
1451 1982 1652 2020 φιλανθρωπίᾳ,
1669 1982 1744 2009 ἰᾶταί
1757 1990 1790 2016 γε
1805 1981 1862 2017 ἅμα

1073 2033 1108 2060 τὰ
1123 2033 1196 2068 πάθη
1215 2031 1262 2058 καὶ
1275 2030 1454 2066 ἀνακαθαίρει
1467 2028 1517 2061 τὰς
1530 2026 1677 2064 ἁμαρτίας.
1703 2025 1864 2062 Ἐπιμίγνυο

1073 2088 1118 2107 ται
1129 2079 1158 2106 δὲ
1171 2067 1201 2106 16
1213 2077 1283 2114 γάλα
1294 2078 1342 2104 καὶ
1354 2077 1418 2112 οἴνῳ
1428 2076 1531 2110 γλυκεῖ.
1540 2074 1696 2109 Ἐπωφελὴς
1709 2067 1738 2100 δὲ
1747 2074 1765 2108 ἡ
1777 2073 1862 2108 μίξις,

1073 2125 1290 2161 ἀνακιρναμένου
1314 2123 1362 2150 τοῦ
1388 2122 1491 2154 πάθους
1513 2122 1553 2153 είς
1578 2119 1744 2155 ἀφθαρσίαν.
1768 2116 1863 2153 Ἐξορο

1074 2172 1169 2208 ροῦται
1179 2171 1233 2206 7&9
1247 2169 1300 2196 ὑπὸ
1319 2168 1366 2195 τοῦ
1386 2167 1457 2194 οἴνου
1473 2167 1503 2193 16
1517 2166 1588 2201 γάλα
1603 2165 1651 2192 καὶ
1664 2164 1802 2200 σχίζεται·
1817 2163 1865 2190 καῖ

1073 2218 1088 2244 ὂ
1106 2226 1134 2244 τι
1151 2225 1203 2252 περ
1219 2214 1301 2242 αὐτοῦ
1322 2214 1409 2246 νόθον,
1422 2213 1500 2240 τοῦτο
1513 2210 1720 2247 άποχετεύεται.
1733 2209 1815 2236 Κατά
1829 2210 1863 2235 τὰ

234 2267 250 2293 δ
263 2255 295 2303 δὴ
314 2268 346 2302 τῇ
367 2265 480 2302 ἐμφῦτίιι
498 2266 546 2293 τοῦ
571 2266 685 2302 ἀῤῥενος
705 2265 794 2303 θέρμῃ
809 2266 886 2303 παρὰ
895 2267 944 2299 τὰς
956 2275 1024 2302 συμ-
1040 2270 1063 2298 ι)
1075 2257 1145 2290 αὖτά
1156 2262 1184 2288 δὲ
1196 2262 1246 2297 τῆς
1257 2261 1375 2292 πίστεως
1390 2260 1407 2295 ἡ
1430 2257 1556 2286 κοινωνία
1601 2255 1775 2303 πνευματικὴ

236 2312 338 2344 πλοκὰς
354 2312 532 2347 ὲκταραχθὲν,
550 2312 765 2348 ὲκραπιζόμενον
779 2312 954 2348 ὲξαφροῦται,
970 2313 1022 2339 κάν

234 2360 296 2390 ταῖς
307 2358 471 2394 σπερματίσι
484 2358 662 2394 παρατίθεται
675 2359 780 2394 φλεψὶν,
792 2359 916 2386 ἐντεῦθεν
930 2359 977 2386 καὶ
989 2360 1024 2386 τὰ

236 2403 379 2440 ἀφροδίσια
410 2403 550 2439 κέκληται.
572 2404 716 2440 Συμφανὲς
741 2404 831 2432 τοίνυν
861 2405 894 2431 ὲκ
917 2404 1020 2431 τούτων

236 2447 374 2480 ἁπάντων,
394 2446 463 2483 αἷμα
488 2446 557 2475 εἶναι
573 2448 618 2475 τοῦ
643 2449 814 2486 ἀνθρωπίνου
832 2449 958 2484 σώματος
972 2448 1022 2484 τὴν

235 2488 339 2525 οὐσίαν,
356 2493 423 2521 ἀλλά
445 2493 493 2520 καὶ
516 2495 584 2530 μετά
600 2494 648 2530 τὴν
662 2495 816 2532 ἀποκύησιν
834 2493 912 2527 αὖθις
926 2494 1020 2529 ἐκτρέ-

235 2547 315 2572 φεται
331 2539 362 2566 τὺ
379 2540 485 2567 παιδίον
499 2540 594 2576 αἵματι
613 2540 652 2576 τῷ
668 2540 751 2576 αὐτῷ.
767 2541 886 2576 Αἵματος
900 2541 954 2576 γὰρ
972 2539 1020 2574 φύ-

237 2592 279 2616 σις
290 2585 337 2611 τοῦ
350 2585 484 2619 γάλακτος
496 2587 513 2622 ἡ
527 2586 614 2622 ῥύσις,
627 2587 674 2613 καὶ
684 2586 760 2622 πηγὴ
773 2586 876 2622 τροφῆς
890 2586 919 2613 τὸ
937 2585 1018 2620 γάλα,

235 2626 259 2670 ᾧ
275 2630 307 2666 δὴ
327 2632 374 2658 καὶ
385 2633 453 2668 γυνὴ
469 2633 535 2670 δήλη
551 2633 667 2661 τεκοῦσα
682 2632 791 2668 ἀληθῶς
811 2632 859 2658 καὶ
879 2632 969 2668 μήτηρ
984 2629 1018 2660 δι⁴

235 2668 267 2703 ὦ
282 2677 330 2704 καὶ
344 2677 452 2714 φίλτρον
469 2668 573 2711 είίνοίας
586 2678 797 2715 προσλαμϐάνει.

1070 2309 1117 2336 16v
1130 2307 1251 2343 παθητὸν
1261 2306 1403 2342 ἄνθρωπον
1413 2304 1462 2336 τὰς
1476 2302 1610 2337 σαρκικάς
1622 2300 1771 2336 ἐπιθυμίας
1783 2300 1864 2335 ἔξορ-

1072 2348 1157 2390 ροῦσα
1182 2354 1222 2385 είς
1245 2352 1384 2388 ἀῖδιότητα
1406 2349 1544 2376 συστέλλει
1570 2348 1615 2374 τδν
1636 2346 1790 2382 ἄνθρωπον,
1804 2347 1862 2376 τοῖς

1072 2400 1155 2432 θείοις
1168 2397 1414 2430 ἁπαθανατίζουσα.
1428 2397 1459 2423 Οἱ
1475 2394 1567 2421 πολλοὶ
1582 2393 1611 2420 δὲ
1628 2393 1677 2420 καὶ
1691 2392 1723 2419 16
1744 2391 1860 2427 λιπαρὸν

1071 2446 1119 2473 τοῦ
1133 2445 1277 2481 γάλακτος,
1292 2445 1306 2471 ὃ
1326 2443 1358 2478 δὴ
1375 2442 1504 2478 βούτυρον
1522 2439 1646 2472 καλοῦσι,
1658 2438 1860 2474 ¹καταχρῶνται

1072 2493 1113 2524 είς
1127 2491 1233 2527 λύχνον,
1251 2490 1283 2516 16
1298 2488 1458 2516 πολυέλαιον
1476 2486 1524 2513 τοῦ
1540 2486 1625 2522 [λόγου
1646 2485 1681 2511 δι’
1700 2484 1863 2519 αἰνίγματος

1073 2532 1208 2574 ἀριδῆλως
1229 2535 1435 2571 σαφηνίσαντες,
1447 2533 1485 2564 ὠς
1497 2531 1578 2568 μόνου
1592 2529 1670 2558 τοῦδε
1685 2530 1796 2560 ἐνδίκως
1813 2528 1861 2554 καὶ

1072 2584 1218 2621 τρέφοντος
1246 2582 1294 2609 καὶ
1316 2580 1442 2614 αΰξοντος
1468 2579 1516 2606 καὶ
1544 2577 1708 2613 φωτίζοντος
1728 2576 1790 2606 τοὺς
1812 2583 1861 2609 νη-

1072 2619 1160 2661 πίους.
1177 2628 1302 2656 Τοσαῦτα
1316 2627 1379 2663 περὶ
1393 2620 1527 2661 γάλακτος
1541 2623 1588 2651 καὶ
1604 2623 1654 2659 τῆς
1667 2622 1764 2650 τούτου
1778 2619 1858 2656 ἀλλη-

1071 2684 1177 2711 γοριας.
