1927 3074
205 178 257 207 739
543 178 577 206 ῘΝ
596 177 809 206 CLEMENTEM
831 177 934 205 ALEX.
954 178 985 205 D.
1008 177 1051 204 LE
1072 176 1215 204 NOURRY
1239 176 1463 205 DISSERTATIO
1481 177 1503 206 ι.
1793 179 1839 205 sna

207 236 273 264 Tres
289 237 429 264 enimvero
443 235 578 262 ﬁnxerunt
593 234 685 266 .lovcs,
701 234 830 270 quinque
843 234 990 266 Minervas,
1007 238 1028 264 Α
1045 234 1158 268 paganis
1189 234 1387 262 contumeliose
1413 237 1539 266 tractata,
1568 232 1684 260 cuilibet
1700 232 1840 270 )‘ilissimo

206 280 265 304 sex,
284 272 338 299 imo
354 272 512 298 innumeros
528 270 676 304 Apollines,
695 271 787 304 plures
805 270 990 304 IEseulapios,

207 308 362 342 multosque
376 306 524 342 Mercurios
537 304 735 342 et_Vulcanos.‘
752 304 786 342 At
802 305 852 332 hos
874 308 901 332 et
923 305 992 332 alios

205 339 384 377 quoscunque
403 341 470 368 nihil
493 341 544 367 nisi
557 340 695 377 _li0ini_iics
724 339 814 377 fuisse
834 347 992 377 exneoruin

205 375 321 412 origine,
340 375 440 411 patria,
454 379 521 407 arte,
539 375 647 402 vivendi
665 382 774 412 genere,
791 375 918 412 vinculis,
935 383 993 412 ser--

207 410 303 445 vitate,
328 410 498 439 vulneribus.
524 414 622 441 morte,
649 411 783 444 sepulcris
815 410 993 437 invictissime

205 447 375 475 demonstrat
390 447 423 471 ¹⁰.
441 445 511 478 Quid
528 445 625 479 piiira‘!
643 445 670 471 id
685 449 759 472 certe
785 453 817 472 ex
834 445 992 472 earumdem

205 482 318 509 deorum
335 489 366 508 ac
381 481 495 508 dearum
509 481 583 507 vitiis
595 488 627 506 ac
648 480 768 514 ﬂagitiis,
785 480 898 506 lascivia
909 499 917 510 ,
935 486 993 508 stu-

205 517 272 551 pris,
297 516 447 549 adulteriis,
471 520 498 542 et
521 516 581 543 aliis
596 523 664 551 qua:
678 516 788 549 quidem
810 519 839 541 iit
863 515 993 550 majorem

204 550 297 578 eorum
319 551 445 579 omnibus
459 551 573 577 ineiitiat
596 550 750 583 horrorem,
776 558 919 577 recensere
939 558 993 577 non

203 592 322 618 veretur,
341 586 460 614 infandis
476 586 626 613 Sceleribus
639 585 727 612 adhuc
739 585 904 612 luculentius
916 593 993 613 asse-

203 622 239 648 rit
252 622 282 648 ”.
297 621 467 656 Quapropter
483 621 604 648 nefarios
624 621 686 656 illos
701 620 993 656 falsoi-uinscelei-ato-

203 664 318 691 rumque
342 655 483 683 numinmn
500 656 630 688 cultores,
648 655 794 691 Egyptiis.
807 655 921 690 aliisque
947 656 994 690 qui

203 691 282 718 bruta
295 692 455 723 animantia,
465 691 536 718 feras
550 696 577 719 et
589 692 678 726 pisces
693 694 868 723 venerantur,
881 692 994 718 convin-

202 726 240 753 cit
251 734 312 754 esse
325 727 485 753 deteriores.

237 760 330 796 Neque
342 762 399 789 vult
414 761 465 788 sibi
483 768 498 787 a
521 760 635 796 paganis
651 759 814 796 responderi
842 768 895 787 non
914 760 992 795 primi

203 795 328 830 quidem,
343 796 391 823 sed
408 796 521 825 secundi
539 795 643 823 ordinis
657 795 708 822 hos
724 803 786 822 esse
800 795 876 827 deos,
894 796 994 829 quibus

201 831 305 858 idcirco
320 832 406 859 solum
424 830 557 858 dederunt
583 830 736 857 daemonum
752 838 912 864 cognomen.
939 830 993 857 Do-

202 872 246 894 cet
257 867 329 894 enim
344 867 395 893 hos
407 867 440 899 ",
448 869 540 900 utpote
553 865 693 892 helluones
703 873 734 892 ac
744 867 847 892 scelere
861 865 992 900 perditos,

201 901 254 928 sibi
268 902 380 928 minime
392 901 498 928 debitos
513 901 630 927 honores
656 901 690 927 ab
709 901 864 927 hominibus
888 908 992 935 praepo-

201 941 275 963 stere
289 944 401 971 prorsus
409 936 567 963 extorsisse.
581 935 713 968 Quocirca
726 935 937 970 llesioduni,qui
947 935 991 962 de-

202 971 258 998 cies
270 975 311 998 ter
326 971 410 997 millia
426 971 619 997 immortalium
634 970 797 1001 damonum,
807 970 932 997 humanae
941 978 990 997 cu-

201 1006 299 1033 stodiae
324 1006 468 1040 przeposita
494 1005 611 1033 absurde
637 1006 782 1037 cecinerat,
800 1005 913 1040 pulchre
927 1006 990 1032 irri-

204 1041 250 1068 det
261 1041 292 1068 ¹³.
306 1040 557 1075 Subjuugitdcinde
573 1041 622 1067 hos
635 1041 782 1073 daemones,
801 1048 849 1067 seu
863 1040 928 1067 deos
942 1044 990 1067 aut

203 1075 348 1108 semideos,
364 1080 446 1102 taiitze
460 1083 521 1102 esse
534 1075 714 1106 crudelitatis,
737 1079 765 1102 ut
786 1075 835 1106 illi,
855 1076 926 1102 sicut
942 1075 990 1102 Ju-

202 1111 283 1145 piter,
300 1111 432 1142 Bacchus,
450 1110 533 1137 Diana
548 1109 675 1141 Taurica,
690 1114 717 1138 et
733 1111 778 1137 alii
799 1110 850 1137 sibi
863 1111 989 1138 homines

202 1146 337 1172 immolari
364 1146 508 1173 voluerint.
534 1145 698 1172 Crudelibiis
721 1145 804 1180 igitur
827 1145 990 1180 infestisque

201 1180 257 1207 illis
280 1180 418 1207 hominum
449 1181 568 1208 inimicis
594 1181 694 1215 Cyrum
716 1185 741 1208 et
758 1180 884 1207 Solonem
910 1181 989 1215 longe

201 1219 330 1250 praestare
342 1216 521 1243 demonstrat.
546 1215 633 1250 Hujus
651 1216 791 1242 enimvero
805 1216 988 1248 invooatione,

200 1251 309 1278 etillius
334 1251 457 1286 imperio,
486 1251 598 1278 Crmsus
608 1251 742 1285 Apollinis
761 1251 874 1277 oraculo
892 1251 919 1277 in
945 1259 989 1278 ro-

199 1293 263 1317 gum
279 1287 322 1313 ubi
335 1289 504 1313 cremaretur
519 1286 664 1316 deductus,
677 1286 711 1313 ab
725 1286 786 1320 igne
796 1286 926 1313 liberatus
936 1291 988 1314 est.

199 1319 292 1355 Itaque
310 1323 423 1348 miratur
435 1321 571 1356 quomodo
594 1322 620 1348 in
646 1319 784 1348 hominum
801 1325 918 1348 mentem
944 1330 990 1348 ve-

199 1358 270 1383 nerit
296 1361 326 1383 ut
337 1357 473 1384 dannones
502 1357 563 1384 illos
579 1357 636 1392 lege
650 1357 704 1383 lata
729 1356 781 1383 coli
804 1356 893 1383 adhuc
910 1357 991 1391 jube-

201 1395 272 1418 rent.

234 1425 289 1453 Nec
305 1426 395 1453 minus
421 1427 521 1453 mirum
551 1426 604 1461 ipsi
621 1426 728 1453 videtur
743 1433 793 1452 cur
810 1426 911 1460 templa
936 1425 990 1453 diis

199 1462 273 1495 poni,
286 1464 312 1488 et
322 1462 455 1488 sacriﬁcia
469 1462 538 1492 ﬁeri.
550 1460 667 1496 primum
684 1469 697 1486 a
714 1460 857 1487 Phoronco
873 1469 919 1488 seu
936 1461 992 1487 Mc-

198 1504 274 1530 rope,
288 1501 335 1523 aut
349 1505 363 1522 a
373 1497 494 1530 quolibet
508 1497 560 1523 alio
572 1500 735 1531 praiceptuiii
752 1496 835 1522 luisse
850 1504 990 1530 perperam

195 1531 365 1564 jaetitarent.
378 1531 472 1558 Tanta:
482 1532 615 1566 siquidem
631 1532 686 1557 liree
698 1539 751 1557 non
764 1539 824 1558 esse
841 1532 991 1565 antiquita-

197 1566 235 1602 tis
249 1573 281 1593 eo
297 1566 403 1600 probat,
421 1568 491 1602 quod
512 1574 632 1593 amorem
647 1574 701 1602 seu
711 1566 877 1600 cupidinem,
893 1566 938 1601 qui
955 1566 989 1593 ab

1044 269 1153 295 animali
1178 269 1365 303 postponenda
1385 269 1456 302 siut;
1479 274 1534 296 tuin
1551 269 1632 295 etiam
1657 269 1725 302 quia
1747 277 1781 295 cx
1806 271 1840 296 iis

1044 304 1160 338 plurima
1176 304 1216 331 vel
1234 311 1248 330 a
1277 304 1439 337 quibusdam
1465 304 1621 331 hominibus
1648 304 1780 337 spoliata,
1797 305 1839 331 vel

1044 339 1186 373 inquinata
1203 339 1236 365 ah
1252 339 1359 370 avibus,
1373 343 1419 366 aut
1432 339 1536 374 direpta
1551 346 1566 365 a
1584 339 1776 373 praedonibus,
1793 343 1836 366 aut

1044 379 1123 401 terra:
1138 374 1256 401 motibus
1271 382 1376 404 eversa,
1388 378 1434 401 aut
1451 374 1558 401 tandem
1574 375 1646 401 sicut
1660 373 1835 402 celeberrima

1043 409 1177 444 quaedam.
1196 417 1256 443 quae
1268 409 1313 436 ille
1334 409 1433 436 ibidem
1448 410 1572 441 designat
1585 409 1618 441 ⁸³,
1631 408 1747 435 deorum
1771 414 1835 436 tem-

1044 445 1099 479 pla,
1116 444 1226 479 ignibus
1240 448 1267 471 et
1281 444 1408 472 incendio
1423 448 1595 478 consumpta,
1605 444 1718 479 penitus
1729 445 1836 472 excide-

1046 484 1121 506 runt.

1079 514 1134 542 Nec
1147 515 1202 541 ictu
1224 522 1289 541 sane
1307 515 1407 542 leviore
1420 514 1476 541 haec
1490 514 1584 541 eadem
1600 514 1751 542 simulacra
1769 522 1833 542 eon-

1044 551 1124 582 cutit,
1146 558 1207 576 cum
1224 549 1403 577 invictissime
1420 549 1455 576 ibi
1478 550 1574 584 probat
1588 550 1710 576 artifices
1728 551 1836 584 peritis-

1044 585 1129 612 simos
1147 584 1309 619 quibusdam
1334 585 1432 612 statuis
1446 592 1538 611 earum
1549 605 1557 616 ,
1573 592 1642 618 quas
1660 585 1832 618 deperibant.

1045 620 1218 647 meretricum
1230 621 1398 654 expressisse
1413 619 1552 654 imagines.
1564 619 1663 645 Eadem
1678 628 1744 646 vero
1759 624 1835 654 petu-

1044 654 1111 681 lanti
1130 659 1156 681 et
1185 654 1269 681 inulta
1293 655 1476 689 improborum
1506 655 1702 681 statuariorum
1721 655 1833 682 audacia

1045 690 1145 716 factum
1160 697 1220 716 esse
1235 694 1321 724 putat,
1339 694 1367 716 ut
1379 690 1488 724 quidam
1509 697 1562 716 non
1580 690 1661 716 modo
1679 697 1770 724 reges,
1787 691 1832 718 sed

1044 725 1143 759 privati
1160 725 1241 751 etiam
1259 725 1392 756 homines,
1409 732 1478 759 quos
1493 732 1588 751 omnes
1603 725 1763 752 nominibus
1777 727 1836 753 suis

1045 760 1200 794 singillatim
1213 760 1329 794 appellat
1345 761 1378 791 ’³,
1392 759 1557 787 crediderint
1569 759 1660 786 datam
1681 760 1734 786 sibi
1748 761 1833 788 fuisse

1045 795 1110 822 deos
1127 802 1188 822 sese
1204 795 1378 822 renuntiandi
1399 798 1571 830 potestatem.
1586 794 1626 821 Ad
1643 795 1700 821 haec
1716 803 1791 827 vero,
1807 800 1832 823 et

1046 830 1108 857 hinc
1124 837 1232 864 quoque
1249 830 1348 857 factum
1363 838 1424 857 esse
1437 830 1485 861 ait,
1501 833 1531 856 tit
1554 833 1581 856 et
1597 830 1679 857 urbes
1693 834 1721 857 et
1739 836 1834 865 gentes

1045 865 1155 899 integra:
1179 865 1322 899 quosdam,
1336 873 1368 892 ac
1392 873 1439 892 eos
1457 864 1620 899 quandoque
1650 864 1832 900 ipsiis,’quos

1044 900 1108 926 dum
1124 905 1216 927 essent
1235 900 1261 926 in
1277 901 1345 928 vivis
1361 901 1441 935 plane
1455 901 1645 934 despexerant,
1661 901 1745 935 impia
1765 902 1831 928 adu«

1042 935 1142 962 latiotte
1168 935 1195 962 in
1212 935 1324 962 deorum
1352 934 1441 962 album
1465 935 1622 962 extulerint.
1646 934 1749 962 llot‘iiin
1767 945 1830 971 ergo

1041 971 1191 996 aliorumve
1219 971 1332 997 deorum
1359 971 1515 1001 simulacra,
1542 971 1611 997 caelo
1632 978 1754 1005 veroque
1779 970 1831 998 Deo

1041 1005 1181 1036 derelicto,
1200 1006 1311 1032 minime
1332 1006 1470 1032 adoranda
1493 1012 1554 1031 esse
1579 1006 1730 1032 concludit.
1759 1005 1829 1033 Nihil

1040 1041 1120 1076 enim
1133 1044 1196 1067 sunt
1212 1040 1283 1076 aliud
1299 1041 1351 1067 nisi
1377 1042 1491 1076 terra",
1506 1040 1550 1066 cui
1572 1041 1684 1067 artiﬁcis
1699 1049 1751 1075 ope
1765 1044 1831 1076 ligu-

1040 1082 1070 1101 ra
1087 1075 1177 1110 aliqua
1199 1075 1304 1109 adjecta
1319 1080 1370 1103 est.
1388 1075 1455 1102 llliid
1479 1080 1567 1102 autem
1589 1076 1652 1102 inde
1675 1075 1828 1108 conﬁrmat,

1040 1111 1110 1148 quod
1124 1118 1162 1138 ete
1179 1114 1274 1137 statua:
1291 1114 1365 1148 tanta
1375 1115 1433 1138 arte
1445 1110 1652 1148 efﬁctaeJurpes
1661 1112 1729 1138 adeo
1740 1112 1794 1138 sint
1804 1111 1835 1148 ﬁ,

1040 1149 1067 1172 et
1085 1146 1220 1176 obscente,
1235 1149 1264 1172 ut
1275 1146 1383 1180 quidam
1399 1146 1553 1172 meretricio
1563 1146 1726 1180 uel'arioqiie
1736 1146 1827 1172 eariiiii

1040 1188 1132 1207 amore
1146 1181 1274 1208 arsci'iiit.
1292 1180 1344 1207 Sed
1360 1181 1482 1215 majoris,
1503 1181 1601 1215 inquit,
1619 1189 1701 1215 quam
1719 1181 1745 1207 hi
1765 1182 1829 1208 arti-

1040 1216 1115 1248 ﬁces,
1129 1216 1253 1242 criminis
1271 1215 1289 1242 ii
1315 1224 1381 1243 sane
1403 1216 1441 1242 rei
1462 1217 1594 1250 sunt,'qui
1620 1224 1668 1243 cas
1684 1217 1777 1243 colunt
1802 1223 1828 1244 ei

1040 1251 1164 1277 adorant.
1182 1251 1238 1277 lmo
1253 1259 1317 1277 vero
1329 1251 1379 1278 hos
1396 1251 1449 1278 illis
1465 1251 1561 1278 bestiis
1576 1251 1696 1277 afﬁrmat
1709 1259 1769 1278 esse
1783 1251 1829 1278 de-

1040 1286 1165 1314 teriores.
1178 1293 1247 1320 quas
1263 1287 1382 1320 quidem,
1397 1286 1421 1313 si
1445 1286 1539 1314 simias
1563 1290 1653 1312 tanien
1678 1289 1826 1321 execperis,

1040 1321 1158 1347 maxima
1172 1322 1328 1348 earumdem
1342 1325 1494 1348 statuarum
1511 1329 1572 1348 cuni
1588 1322 1740 1356 archetypo
1753 1322 1827 1349 simi-

1040 1356 1126 1391 litudo
1137 1363 1330 1390 nonnunquam
1345 1356 1460 1391 decepit.

1076 1390 1134 1417 Non
1151 1391 1282 1418 minorem
1310 1399 1391 1426 porro
1413 1390 1516 1418 asserit
1532 1399 1593 1418 esse
1612 1391 1780 1426 impietatem
1796 1392 1827 1419 il-

1040 1426 1106 1457 laut,
1123 1433 1175 1460 qua
1190 1430 1228 1453 tot
1245 1430 1353 1461 tamque
1366 1427 1512 1461 perniciosi
1528 1431 1682 1452 statuarum
1700 1428 1825 1456 artiﬁces.

1042 1465 1122 1494 atque
1137 1461 1219 1488 etiam
1243 1462 1361 1495 pictores
1378 1466 1404 1488 et
1421 1466 1504 1496 poetzc
1519 1462 1539 1477 ⁹¹
1557 1463 1670 1488 omnino
1687 1462 1826 1488 ridiculam

1041 1495 1207 1532 indtieebaiit
1221 1496 1331 1523 deorum
1342 1497 1460 1527 turbam,
1473 1501 1536 1531 puta
1551 1502 1669 1531 satyros,
1683 1498 1825 1532 nymphas.

1043 1531 1154 1558 naiades
1170 1536 1196 1558 ct
1209 1531 1350 1564 nereides;
1366 1540 1418 1566 qua
1434 1534 1516 1558 etiam
1535 1534 1606 1566 magi
1623 1532 1764 1558 daemones
1775 1533 1826 1558 sibi

1042 1573 1139 1593 servos
1151 1567 1249 1593 fecisse
1259 1567 1462 1601 gloriabantur;
1479 1574 1532 1601 qua
1551 1567 1660 1593 deiiiiziii
1681 1571 1767 1601 poeta:
1779 1568 1827 1593 iiii-

197 1601 253 1637 illis
270 1597 478 1636 aiiliquissiiiios
493 1602 565 1637 inter
579 1602 645 1637 deos
662 1597 910 1637 collocatur,neii_io
926 1606 988 1628 ante
1002 1597 1023 1626 C
1039 1609 1111 1636 pune
1127 1603 1239 1629 deorum
1256 1597 1367 1628 suorum
1383 1597 1503 1636 nuptias,
1517 1602 1660 1629 adulteria.
1672 1597 1826 1637 puerperia.

198 1635 345 1663 Cliarmuui
357 1637 482 1664 coluerit.
496 1636 588 1670 Neque
601 1636 781 1663 Athenienses
797 1636 858 1670 quis
877 1635 933 1662 Pan
945 1645 989 1664 es-

199 1675 242 1697 set
254 1672 331 1706 prius
346 1676 489 1702 iioveiaiit,
505 1680 586 1705 quam
617 1671 642 1698 id
669 1679 684 1697 a
699 1671 853 1706 l’hilippide
873 1671 989 1698 didii-is-

197 1705 266 1732 sent.
282 1706 333 1738 Qui
346 1707 455 1741 quidem
469 1715 527 1733 nios
543 1714 687 1741 pervorsus
699 1714 760 1732 cuiu
774 1705 903 1740 paulatim
917 1707 988 1732 iiiva-

197 1741 295 1768 luisset
304 1741 335 1772 ¹⁸,
348 1745 413 1768 tunc
428 1746 565 1768 exstructa
575 1746 638 1768 sunt
650 1741 748 1775 templa
760 1748 791 1767 ae
800 1745 898 1767 cuncta
912 1741 989 1768 dein-

197 1777 231 1802 de
247 1776 404 1803 simulacra.
421 1775 484 1803 Hice
501 1780 590 1803 autem
609 1776 710 1810 templa
731 1776 799 1802 nihil
814 1775 887 1802 aliud
906 1784 988 1810 quam

197 1810 311 1837 deorum
336 1812 460 1845 sepulcra
483 1811 578 1844 fuisse,
599 1815 742 1845 postquam
766 1811 842 1845 brevi
858 1815 988 1845 certaque

198 1845 357 1873 inductione
372 1847 431 1881 ipso
446 1848 503 1873 sole
515 1846 666 1873 meridiano
678 1846 779 1872 clarius
795 1846 930 1880 patefecit,
947 1847 989 1873 iii-

197 1881 230 1907 de
241 1881 336 1908 merito
353 1882 467 1916 gentiles
482 1881 605 1915 castigat,
620 1881 693 1916 quod
705 1889 758 1915 _eos
769 1886 899 1916 tanquam
919 1882 986 1909 deos

197 1916 312 1978 gilgraiie
332 1924 387 1944 non
402 1918 605 1949 erubescerent,
621 1924 690 1951 quos
713 1921 834 1944 mortuos
852 1924 913 1943 esse
928 1924 988 1944 cre-

216 1960 229 1978 c
251 1958 283 1977 aii
301 1971 307 1978 .

196 1952 307 1978 dobant.

231 1985 330 2014 Postea
344 1994 408 2013 vero
424 1987 556 2021 majorem
582 1987 610 2013 in
637 1985 756 2014 absurdo
777 1986 986 2014 simulacrorum

197 2021 272 2048 cultu
281 2022 369 2057 fuisse
380 2022 536 2049 eoriiiiidein
550 2030 716 2057 paganorum
728 2029 848 2048 errorem
861 2023 930 2049 scite
943 2030 987 2048 ar-

196 2057 264 2092 guit.
280 2056 362 2083 Plane
378 2057 511 2092 siquidem
535 2061 561 2084 ct
575 2056 718 2092 perspicue
733 2057 853 2084 ostendit
870 2057 914 2083 illa
930 2058 985 2091 pri—

198 2091 282 2118 initus
296 2092 368 2126 ligna
381 2091 476 2123 fuisse,
489 2100 609 2126 saxaque
624 2092 801 2122 inelaborata,
816 2096 929 2119 truncos
941 2099 988 2119 cx-

197 2127 282 2159 cisos,
303 2128 496 2162 siniplicesque
511 2127 663 2157 Columnas,
677 2128 719 2154 vel
738 2127 854 2158 tabulas,
870 2127 912 2154 vel
938 2127 988 2153 lia-

197 2165 266 2195 stas,
279 2162 418 2197 gladiosve
434 2166 482 2189 aut
498 2162 633 2189 acinaces.
652 2162 686 2188 At
702 2166 845 2197 postquam
861 2162 987 2189 homines

197 2197 224 2223 in
241 2197 406 2232 imaginibus
420 2201 446 2224 et
460 2198 558 2224 statuis
570 2198 715 2224 humanam
726 2197 886 2224 didicissent
896 2198 987 2231 expri-

197 2240 272 2259 mere
287 2232 402 2267 et'ligiem
428 2233 459 2264 ιε,
484 2236 549 2259 tunc
567 2233 680 2266 impium
696 2240 790 2259 coruui
806 2233 921 2263 cultum,
938 2240 986 2266 per

196 2275 304 2307 omnem
322 2266 398 2307 orbis
410 2272 488 2307 terra}
499 2271 589 2307 partes
603 2272 777 2307 pervagatum
791 2268 870 2307 longa
884 2270 986 2307 sta_t_ua-
1000 2266 1023 2297 D

197 2310 257 2329 riim
273 2301 496 2338 JovisﬂOlyuipii.
514 2301 754 2338 JunonisﬁSa’niite
781 2307 808 2330 et
822 2301 982 2338 Tirynthize,

195 2337 339 2371 Apollinis,
349 2336 477 2371 Neptuni.
491 2337 613 2372 Dionysi,
630 2337 768 2369 Minervee,
783 2336 954 2372 aliarumque
968 2346 984 2365 a

197 2372 371 2407 peritissimis
386 2372 536 2400 artilieibus
548 2373 698 2400 et’ﬁctariim
715 2374 873 2400 recensione
888 2373 984 2400 certis—

197 2407 266 2433 sime
274 2407 392 2434 conl‘icit.
408 2407 490 2434 Facta
507 2413 594 2435 auteiii
612 2408 649 2434 ibi
665 2408 804 2442 Serapidis
821 2416 882 2435 cum
898 2409 984 2434 simu-

197 2442 274 2472 lacri,
291 2445 347 2468 tum
361 2443 506 2476 sepultura:
522 2445 658 2470 mentione
670 2443 700 2473 ¹⁰.
720 2452 816 2470 rursus
830 2444 856 2469 in
873 2444 985 2470 deorum

197 2477 310 2510 templa,
328 2485 359 2504 ac
375 2478 448 2505 illius
461 2479 610 2513 pra‘sertim
625 2478 697 2513 quod
710 2479 782 2513 turpi
800 2479 919 2505 Antinoo
934 2479 986 2504 iiii—

197 2515 308 2547 perator
319 2517 457 2546 posuerat.
483 2513 574 2540 aerius
600 2513 751 2546 invehitur;
771 2521 858 2548 eaque
873 2513 945 2542 sicut
959 2517 986 2539 et

197 2547 361 2582 pyramides,
390 2549 538 2579 niausolea,
560 2552 586 2575 et
612 2549 780 2583 labyrinthus
807 2547 901 2582 probat
925 2556 986 2575 esse

199 2583 311 2618 Jcorum
328 2583 463 2618 sepulcra,
479 2591 510 2610 ac
526 2587 733 2617 praenuntiatum
746 2592 759 2610 a
777 2583 879 2618 Sibylla
896 2583 982 2610 fuisse

198 2617 359 2657 templorum
386 2617 477 2645 Diana:
498 2618 640 2653 Ephesina:
664 2627 695 2646 ac
720 2617 858 2654 Serapidis
873 2619 982 2646 destru-

197 2656 313 2679 ctionem
319 2672 325 2678 .

232 2686 273 2713 Ad
298 2687 445 2724 simulacra
467 2687 529 2715 inde
545 2696 671 2716 reversus
689 2690 721 2721 ¹⁷,
737 2693 839 2724 quanta
855 2689 889 2716 sit
903 2689 930 2716 in
950 2689 984 2717 iis

197 2721 344 2759 aderandis
355 2723 491 2757 impietas.
508 2724 570 2750 hinc
585 2728 680 2751 auctor
696 2721 789 2751 noster
805 2725 906 2759 liquido
918 2733 985 2751 con-

197 2757 294 2791 vincit,
310 2761 366 2784 tum
390 2759 453 2793 quia
467 2759 512 2785 illa
538 2766 593 2786 non
611 2760 698 2786 solum
725 2760 759 2787 ab
774 2757 897 2794 ipsismet
914 2768 985 2794 saepe

236 2835 258 2851 ιο
272 2835 503 2873 pangSetseqq.
531 2837 550 2852 “
561 2844 621 2871 pag.
637 2837 681 2865 (ὶὸ.
713 2837 734 2853 ¹²
753 2845 814 2873 pag.
828 2837 874 2864 ‘26.

200 2870 221 2908 {7
236 2844 703 2908 ζηὲῗέἐὲιθὲῗῗατὲ,ζεὶὲῗὲξὲ
715 2844 924 2908 ’ῥηξῗέδῖῗωῖ

202 2905 294 2940 “pag.
310 2906 352 2934 45.
392 2908 414 2923 ’⁸
432 2915 490 2943 pag.
504 2905 548 2935 Π.

914 2837 936 2853 ¹³
952 2845 1014 2873 pag.
1026 2837 1061 2864 27
1075 2843 1101 2864 et
1114 2838 1158 2865 28.

972 2873 994 2888 ²⁰
1009 2880 1071 2908 pag.
1085 2874 1128 2901 38.

1039 1637 1163 1663 convivia
1182 1638 1325 1665 cauet-ant.
1341 1638 1376 1663 At
1391 1637 1555 1664 Christianis
1566 1639 1622 1671 qui,
1639 1638 1677 1663 uti
1696 1638 1753 1671 ipse
1766 1638 1827 1664 sub—

1037 1672 1127 1705 iungit
1141 1673 1162 1687 "
1173 1692 1180 1704 ,
1196 1671 1251 1707 Deo
1265 1672 1348 1699 dicati
1367 1677 1430 1699 stitit
1443 1692 1449 1703 ,
1469 1673 1509 1698 las
1535 1681 1588 1698 non
1612 1676 1655 1699 est
1670 1673 1736 1699 ullis
1752 1673 1827 1707 plane

1040 1707 1143 1741 stupris
1156 1710 1202 1733 aut
1218 1706 1447 1734 fornicationibus
1465 1707 1506 1734 vel
1529 1707 1602 1742 ipsas
1619 1707 1733 1741 quidem
1750 1706 1826 1734 aures

1039 1750 1104 1769 suas
1120 1742 1272 1774 inquinare.
1290 1743 1392 1769 Contra
1406 1751 1468 1769 vero
1483 1744 1580 1776 pagani
1600 1742 1825 1772 obscenissiinas,

1039 1784 1106 1811 quas
1131 1777 1175 1804 ille
1195 1777 1294 1804 ibidem
1311 1778 1442 1804 acerrime
1459 1783 1587 1812 exagitat,
1603 1779 1720 1804 deorum
1733 1778 1826 1812 imagi—

1038 1820 1098 1843 nes,
1112 1816 1138 1838 et
1153 1813 1269 1839 annulos
1286 1813 1459 1847 turpissimos
1471 1813 1555 1843 domi,
1565 1813 1745 1846 omniumque
1754 1820 1828 1846 aspe-

1039 1847 1093 1873 ctui
1109 1855 1246 1882 nunquam
1264 1855 1318 1874 non
1336 1848 1486 1882 expositos,
1501 1855 1612 1874 sei-vare
1628 1856 1683 1874 iion
1699 1848 1826 1874 vereban-

1039 1886 1092 1908 tur.
1110 1882 1281 1916 Quapropter
1295 1891 1327 1909 ea
1342 1883 1432 1909 omnia
1447 1883 1600 1917 respuenda
1616 1891 1678 1909 esse
1694 1882 1786 1916 docet,
1801 1887 1827 1910 et

1038 1918 1088 1944 soli
1104 1917 1150 1951 qui
1165 1922 1261 1943 cuncta
1275 1918 1394 1946 creavit.
1413 1917 1466 1944 Deo
1482 1918 1667 1945 sci-viciidiiiii.

1073 1952 1113 1978 Ad
1138 1952 1300 1979 rel‘clleudas
1325 1953 1424 1980 dehinc
1445 1953 1670 1987 philosophorum
1695 1951 1780 1979 falsas
1795 1952 1827 1979 de

1038 1986 1093 2013 Deo
1110 1988 1252 2022 opiniones
1268 1996 1322 2014 non
1347 1995 1462 2022 prorsus
1479 1986 1568 2022 inepta
1586 1988 1752 2014 transitione
1768 1987 1827 2014 Cle—

1037 2030 1114 2048 mens
1130 2023 1366 2049 iiosterdelabitiir
1381 2023 1412 2050 ’³.
1430 2025 1467 2049 Ac
1482 2024 1568 2057 primo
1581 2023 1691 2058 quidem
1705 2023 1756 2050 hos
1770 2024 1827 2049 obi-

1037 2060 1079 2083 ter
1094 2058 1261 2092 perstringit,
1278 2059 1323 2092 qui
1340 2066 1371 2084 ea
1385 2067 1444 2093 quae
1459 2058 1485 2084 iii
1510 2059 1580 2084 cinlo
1609 2061 1673 2084 sunt
1690 2058 1826 2084 adoranda

1038 2093 1194 2119 censebant.
1211 2093 1280 2119 'l‘uni
1298 2094 1429 2120 continuo
1445 2094 1513 2120 alios
1530 2093 1681 2128 redarguit,
1699 2094 1746 2127 qui
1762 2101 1827 2128 qua-

1038 2130 1100 2153 tuor
1113 2128 1255 2160 eleiucnta,
1272 2133 1318 2154 aut
1332 2137 1414 2155 unum
1426 2136 1458 2155 ex
1473 2129 1516 2159 iis,
1529 2134 1574 2154 aut
1587 2133 1686 2162 piaetei'
1701 2129 1747 2154 illa
1763 2136 1826 2154 con-

1038 2163 1185 2189 tentionem
1211 2168 1237 2190 et
1257 2164 1404 2190 amicitiam
1429 2163 1516 2198 prima
1546 2164 1681 2198 principia
1710 2167 1737 2189 et
1764 2163 1827 2190 deos

1037 2205 1098 2224 esse
1109 2198 1302 2232 opinabantur.
1318 2198 1376 2225 Non
1394 2200 1484 2225 minus
1499 2199 1598 2233 quippe
1622 2199 1724 2225 stultos
1738 2203 1765 2225 et
1778 2199 1827 2225 im-

1037 2233 1097 2266 pios
1115 2233 1174 2260 illos
1189 2242 1249 2260 esse
1258 2234 1355 2268 probat
1369 2242 1450 2268 quam
1466 2234 1585 2267 plebeios
1602 2240 1728 2268 quoSque
1742 2234 1827 2260 liouii-

1037 2275 1096 2304 nos,
1112 2269 1157 2302 qui
1173 2269 1254 2304 ligna,
1271 2269 1373 2303 lapides
1389 2273 1548 2303 et_terram,
1565 2270 1610 2303 qui
1631 2268 1789 2302 Neptunum
1802 2272 1827 2294 et

1038 2302 1214 2334 Vulcanuin',
1247 2302 1434 2339 quiidenique
1468 2305 1628 2338 siiiipliuter
1660 2304 1826 2339 aquaniivel

1020 2342 1023 2344 '
1038 2339 1127 2372 ignem
1141 2338 1299 2366 adorarunt.
1312 2338 1445 2366 Praeterea
1453 2347 1515 2365 vero
1529 2347 1590 2366 cuni
1607 2339 1699 2365 Persa:
1711 2339 1753 2365 vel
1766 2338 1826 2365 Sar-

1039 2377 1118 2409 iiiatie
1134 2378 1279 2408 antequam
1295 2375 1381 2409 prima
1397 2375 1430 2401 ad
1454 2374 1594 2401 hominum
1622 2374 1712 2401 instar
1740 2378 1826 2400 statua

1038 2407 1151 2436 Veneris
1167 2407 1302 2436 Taiiaidis'
1315 2411 1384 2436 l'acta
1411 2411 1457 2442 sit,
1481 2409 1571 2443 ignem
1593 2410 1746 2440 coluerint,
1766 2409 1826 2435 inde

1040 2444 1085 2470 ille
1105 2445 1208 2479 colligit
1223 2445 1245 2459 ”‘
1260 2445 1436 2479 phil050plios
1452 2453 1484 2471 ex
1510 2445 1542 2471 iis
1563 2453 1640 2471 suam
1668 2445 1702 2471 de
1733 2444 1826 2479 primis

1038 2479 1182 2515 principiis
1218 2479 1403 2515 desuinpSisse
1431 2480 1600 2514 opinionem.
1627 2479 1824 2515 Anaximandri

1039 2514 1147 2546 deinde,
1156 2515 1202 2550 qui
1215 2515 1361 2550 inﬁnitum,
1373 2520 1454 2550 atque
1465 2517 1634 2549 Anaxagorae
1647 2519 1676 2541 et
1689 2514 1823 2544 Archelai.

1041 2550 1086 2584 qui
1102 2557 1164 2576 cum
1179 2549 1285 2576 inﬁnito
1309 2549 1426 2578 mentem
1443 2551 1561 2585 primum
1580 2550 1748 2585 principium
1767 2557 1824 2577 esse

1033 2585 1236 2620 existimabant,
1246 2586 1372 2612 convellit
1381 2586 1540 2613 sententias.
1550 2585 1644 2620 Neque
1651 2585 1753 2612 minori
1761 2592 1824 2611 sane

1033 2619 1168 2647 evidentia
1180 2624 1313 2647 assertum
1329 2628 1344 2646 a
1360 2620 1497 2655 Leucippo
1511 2626 1536 2647 et
1553 2619 1708 2647 Metrodoro
1717 2620 1821 2655 plenum

1035 2659 1061 2682 et
1074 2656 1168 2686 inane,
1185 2659 1264 2689 atque
1281 2656 1385 2690 adjecta
1401 2658 1508 2690 utrique
1523 2664 1537 2682 a
1554 2655 1711 2682 Democrito
1729 2659 1755 2681 et
1773 2654 1821 2681 He-

1036 2690 1141 2717 raclide
1154 2690 1262 2722 εῖδωλα,
1281 2699 1326 2718 seu
1340 2692 1444 2725 species
1452 2696 1477 2718 ct
1490 2691 1623 2725 imagines
1640 2691 1698 2725 ipse
1715 2692 1820 2724 penitus

1035 2726 1171 2759 repudiat.
1196 2725 1294 2752 Eadem
1322 2726 1451 2753 facilitate
1478 2734 1587 2754 errores
1608 2726 1819 2756 evertit",cum

1036 2761 1209 2793 Alcmaeonis,
1221 2761 1267 2796 qui
1281 2766 1354 2788 astra
1366 2761 1432 2789 deos
1439 2769 1498 2789 esse
1509 2761 1654 2796 garriebat,
1672 2766 1730 2788 tum
1742 2761 1818 2788 etiam

1197 2838 1219 2853 "
1233 2846 1292 2873 pag.
1311 2839 1356 2866 29.
1389 2839 1411 2854 ¹⁵
1428 2847 1486 2874 pag.
1499 2838 1534 2865 30
1546 2842 1571 2866 et
1586 2839 1629 2866 5i.
1661 2839 1682 2854 “
1699 2847 1757 2874 pag.
1776 2838 1817 2874 3g.

1180 2874 1200 2889 ¹¹
1220 2869 1280 2909 pag:
1294 2874 1337 2902 39.
1388 2875 1411 2891 "
1503 2874 1546 2907 ἆυ,
1566 2874 1609 2902 41.
1666 2869 1763 2910 "pag.
1775 2869 1817 2901 ιε.

1905 161 1907 184 l

1904 301 1907 395 l
