1927 3074
216 211 268 238 805

534 210 566 236 ΙΝ
587 209 794 237 CLEMENTEM
813 208 913 237 ALEX.
936 209 965 235 D.
986 209 1028 235 LE
1049 207 1190 237 NOURRY
1209 207 1437 236 DlSSERTATIO
1457 207 1477 234 l.

1788 207 1835 232 δα

216 275 272 298 ras,
294 266 366 301 ligna
382 271 409 292 et
424 265 527 301 lapides
555 266 678 297 adorant,
700 265 746 292 sed
763 265 902 297 graculum
919 265 999 291 etiam
1016 269 1038 295 Α
1053 273 1113 291 cum
1125 266 1180 292 sint
1194 265 1352 301 onmia,rvir
1367 263 1511 301 religiosos
1522 283 1528 294 ,
1547 262 1595 301 Dei
1611 263 1731 301 amicus,
1748 265 1834 290 omnia

216 307 244 330 et
258 309 369 329 corvum
387 301 433 328 Dei
450 301 559 328 nuntios
578 309 638 328 esse
667 301 718 327 sibi
745 302 813 326 adeo
832 301 914 327 stulte
940 308 1001 334 per-

217 341 382 367 suaserunt,
415 340 444 363 ut
472 336 608 368 homines,
624 337 670 369 qui
698 337 759 362 illus
782 336 962 369 adjustitiam
975 339 1001 362 et

218 373 346 407 pietatem
364 375 482 402 vocant,
498 371 687 398 crudelissime
702 376 911 405 persequantur.
928 370 1001 401 Quo-

219 409 291 434 circa
316 407 463 441 spiritalem
486 414 580 433 eorum
604 413 666 432 cum
682 407 845 436 caecitatem,
863 409 923 441 tuin
941 413 1002 431 sur-

218 439 340 472 ditatem,
360 441 432 476 quod
452 442 560 475 quidem
577 442 708 468 tnalorutn
722 441 842 467 onmium
853 439 1001 466 maximum

221 483 271 508 est,
291 486 322 503 eo
336 475 422 508 magis
437 476 561 509 deplorat
573 476 606 507 ⁸ο,
622 484 676 509 qtto
690 476 758 510 ipsis
774 475 893 508 facilius,
910 482 1002 508 prom-

219 513 344 546 ptiusque
360 512 395 538 sit
413 512 445 538 ad
469 511 514 538 Dei
533 512 674 545 pervenire
693 509 884 544 cognitionem.
902 509 1002 536 Verum

219 545 272 574 non
288 545 367 574 secus
383 554 414 572 ac
425 551 565 580 serpentes
576 546 864 576 incantationibus,ita
876 545 1002 571 illiobvio

218 582 313 608 lumini
331 582 435 611 oculos.
448 589 582 616 auresque
598 581 699 607 divina:
712 581 783 616 voci,
796 588 1001 616 nunquanrnon

218 617 388 651 pet-sonanti,
407 624 514 650 semper
528 614 686 643 occludunt.
701 615 790 642 Monet
808 623 873 649 ergo
892 619 921 641 ut
935 614 1001 642 Ver-

218 652 282 678 butn
295 652 416 678 divinum
431 652 524 678 audire
536 659 589 678 non
603 651 719 685 amplius
732 651 933 681 recusent,sed,
947 651 1002 685 pri-

217 687 282 714 stini
300 687 403 713 erroris
431 687 611 720 pmuitentes,
634 686 688 713 Deo
708 688 820 712 credant
839 691 865 712 et
880 685 1000 716 Christo,

219 722 278 756 qui,
294 722 377 748 homo
393 721 491 753 iactus,
523 727 549 748 et
566 725 705 752 mortuus,
727 721 803 747 solus
820 728 852 747 ex
875 721 1001 747 omnibus

219 757 374 784 hominibus
404 756 473 784 Deus
496 761 546 784 est.
573 756 624 788 Qui
654 757 726 782 cuitu
752 756 826 782 illum
850 763 912 782 vere
928 763 1001 790 quaa-

217 796 282 818 runt
293 793 326 823 ",
343 792 457 826 ejusque
474 795 569 826 parent
585 792 699 826 legibus,
725 791 780 817 vita
810 793 910 817 acterna
934 791 1001 825 ipsis

217 835 322 854 merces
335 828 387 853 erit
403 831 430 853 et
444 827 569 861 pretiutn.
777 830 780 834 ‘

255 861 357 888 Divinis
370 860 452 896 porro
468 861 682 888 illiusinstitutis
697 860 916 896 quandoquidem
933 860 1001 896 nihil

218 897 299 932 plane
328 895 433 931 aequius
462 902 504 923 εει
533 895 724 932 ειᾼειειιοιὶυςς
755 904 850 932 omnes
880 895 1002 930 profecto

218 928 313 959 eorum
328 928 552 966 prievarieatorcs
568 928 675 962 belluis,
691 928 751 965 qua:
764 928 933 957 nihilcoutra
945 936 1001 958 sta-

218 971 261 994 tas
270 971 373 993 natura:
387 974 444 993 suae
459 966 531 1001 leges
547 970 640 1000 agunt,
656 967 804 993 deteriores
820 973 881 992 esse
893 967 1004 992 convin-

217 1007 327 1028 cuntur.
347 1002 469 1036 Paganos
482 1002 564 1036 igitur
583 1002 757 1029 vehementer
773 1001 944 1032 adhortatur,
961 1005 1002 1034 ut,

218 1037 338 1070 antiquis
347 1037 497 1068 erroribus,
514 1037 541 1063 in
557 1037 666 1071 quibus
681 1037 784 1063 tamdiu
802 1037 909 1071 rversati
926 1041 1001 1068 sunt,

218 1072 326 1111 tandem
342 1071 591 1111 depp_sitis,_veram
604 1070 781 1111 proﬁteantur
794 1070 897 1098 Christi
911 1071 999 1111 iidem.

217 1105 319 1133 Omnes
331 1105 463 1140 siquidem
473 1106 532 1138 ejus
547 1105 752 1141 discipulileges
769 1114 846 1137 suas,
862 1114 930 1140 quas
942 1106 1003 1133 Cle—

218 1149 296 1168 mens
311 1141 664 1176 nostersanctissimasesse
680 1142 787 1176 probat,
806 1149 861 1168 non
873 1142 945 1168 sicut
956 1141 1002 1168 alii

217 1176 311 1212 populi
325 1177 370 1202 uni
379 1176 488 1203 cuidam
500 1184 539 1212 ex,
556 1175 666 1203 Grmciae
680 1175 860 1212 sapientibus,
875 1177 922 1204 sed
937 1176 1003 1212 ipsi-

219 1184 311 1211 popuu
325 1184 488 1203 unicuiuam
500 1184 532 1203 ex
556 1184 666 1203 urmcnaa
680 1184 860 1237 sap‘ientmus,
875 1184 922 1204 seu
937 1184 1001 1212 lpSl-

219 1215 274 1237 met
290 1210 345 1237 Deo
356 1216 482 1245 acceptas
497 1211 652 1238 referebant
665 1212 698 1239 δ’.
739 1219 808 1246 eque
820 1211 864 1238 iile
878 1211 930 1238 sibi
951 1212 1001 1238 ob-

215 1246 265 1280 jici
278 1246 380 1280 patitur
396 1253 443 1273 eas
454 1254 515 1273 esse
526 1246 662 1274 duriores.
677 1246 803 1274 Christus
818 1246 918 1281 quippe
931 1254 1004 1273 sum—

218 1288 264 1316 mo
285 1286 311 1308 et
326 1280 500 1308 divinissimo
523 1281 718 1316 redemptionis
732 1280 857 1308 humana:
868 1280 1002 1308 beneﬁcio

218 1315 286 1342 dura
295 1323 408 1350 qumque
432 1320 459 1352 et
481 1323 579 1351 aspera
595 1315 788 1352 complanavit.
808 1316 885 1352 Unde
907 1322 1003 1352 auctor

217 1352 311 1378 noster
321 1351 465 1386 concludit
485 1350 572 1386 neque
595 1350 729 1384 Athenas,
746 1359 833 1386 neque
857 1350 1000 1386 Graeciam,

217 1390 306 1420 neque
320 1384 433 1416 Ioniam,
447 1390 494 1412 aut
508 1384 694 1421 philosophos,
705 1387 752 1413 sed
764 1384 851 1413 solum
861 1385 1001 1414 Christum

218 1421 394 1457 audiendum,
408 1421 492 1457 eique,
501 1425 528 1448 et
542 1422 601 1455 ejus
616 1421 759 1457 discipulis
770 1442 778 1453 ,
794 1422 937 1448 veritatem
950 1429 1001 1448 an-

219 1455 409 1483 nuntiantibus
421 1476 428 1486 .
453 1456 604 1483 habendam
628 1455 717 1484 ﬁdem.
733 1456 766 1483 Et
794 1464 859 1483 vero
875 1457 1001 1484 omnibus

216 1491 390 1517 ethnicorum
413 1491 567 1526 sapientum
593 1491 708 1526 legibus,
732 1499 813 1526 quam
840 1492 918 1526 longe
934 1499 1003 1526 prae-

219 1525 352 1552 stantiora
375 1526 430 1553 sint
444 1525 557 1561 ;Christi
585 1525 719 1561 praecepta
734 1525 748 1558 ζ
766 1525 870 1561 liquido
891 1525 979 1561 aperit
992 1547 999 1557 ,

219 1561 428 1594 ostenditque",
438 1559 577 1588 Christum
586 1559 688 1588 rerum
701 1568 761 1589 esse
773 1559 887 1595 justitia:
904 1559 999 1594 solem,

219 1596 277 1629 qui,
288 1595 389 1630 fugatis
397 1603 521 1622 errorum
530 1596 660 1627 tenebris,
672 1602 812 1631 moneque
823 1596 897 1624 cruci
910 1596 999 1629 atiixa,

220 1626 339 1657 divinam
361 1631 440 1657 nobis
471 1631 657 1658 haereditatem
681 1631 753 1658 ultro
768 1626 932 1666 impertitur.
949 1626 1002 1658 Pro
1015 1626 1037 1654 (ί

221 1666 303 1693 tantis
317 1669 406 1692 autem
425 1666 562 1692 beneﬁciis
580 1666 648 1692 nihil
667 1666 705 1692 ait
726 1666 759 1693 ab
780 1666 895 1699 ipsomet
909 1667 1003 1694 eodem

219 1700 331 1728 Christo
352 1701 483 1734 postulari
506 1700 598 1732 aliud,
625 1701 677 1728 nisi
701 1705 730 1727 tit
759 1708 850 1728 veram
866 1701 1003 1735 pietatem,

220 1735 398 1769 debitumque
417 1735 469 1769 ipsi
491 1735 593 1762 cultum
610 1736 796 1763 exhibeamus.
811 1736 936 1762 Clemens
954 1737 1006 1762 ita—

220 1778 275 1805 que
290 1770 404 1804 paganis
422 1769 518 1797 suadet
536 1773 575 1800 ut,
592 1771 684 1798 audita
704 1770 805 1797 Christi
831 1778 909 1802 voce,
926 1779 1005 1798 nemo

221 1805 400 1832 obsordescat
414 1805 548 1839 amplius;
568 1806 615 1832 sed
639 1813 734 1832 omnes
760 1806 861 1832 divinis
877 1806 1006 1832 salutari-

221 1840 326 1876 busque
337 1840 409 1876 illius
423 1840 558 1876 lililrtidalis
572 1840 776 1875 obtemperent,
794 1845 876 1875 atqtte
898 1841 930 1868 ad
946 1842 1006 1876 ejus

221 1875 368 1902 classicum
383 1875 482 1908 singuli
495 1875 615 1902 cmlestia
627 1875 687 1910 ejus
699 1876 806 1910 capiant
823 1884 910 1908 artua,
928 1877 1005 1903 Iidem

222 1910 328 1946 scilicet
340 1914 367 1936 et
381 1910 524 1946 justitiam.
538 1910 586 1937 liis
598 1911 670 1937 enim
680 1912 763 1938 armis
774 1911 890 1946 quisque
904 1915 1006 1938 certam

222 1952 238 1971 a
260 1945 378 1980 spiritali
403 1945 481 1971 hoste
508 1946 648 1972 victoriam
674 1945 854 1980 reportabit;’
869 1954 932 1973 cum
951 1946 1006 1973 Deo

222 1980 295 2007 enim
306 1984 494 2009 conversatus.
509 1988 625 2015 eumque
639 1981 771 2013 imitatus,
790 1986 921 2008 aeternam
932 1983 1007 2009 salu-

221 2018 276 2042 tem
291 2021 474 2049 consequetur
484 2015 515 2041 “.

259 2050 300 2077 Ad
315 2058 346 2077 ea
362 2058 442 2084 porro
455 2050 570 2085 ipsemet
584 2049 721 2086 Christus,
737 2051 783 2086 qui
800 2051 827 2078 in
848 2055 1007 2086 regenerato

223 2084 332 2112 homine
345 2093 464 2115 sacrum,
481 2086 508 2111 in
517 2093 570 2119 quo
584 2085 654 2113 Deus
670 2084 783 2118 habitet,
797 2084 926 2120 templum
943 2087 1007 2113 aedi—

223 2120 296 2151 ficat,
316 2120 377 2147 illos
394 2127 502 2154 semper
518 2121 644 2147 hortatur
666 2124 692 2148 et
713 2122 818 2148 incitat.
834 2122 868 2147 At
878 2121 1006 2149 Clemens

223 2155 371 2191 prudenter
397 2159 488 2182 mouet
502 2190 506 2191 ν
516 2155 670 2190 volttptates
681 2176 688 2186 ,
706 2164 871 2191 pravamque
889 2164 1008 2184 consue-

223 2190 346 2217 tudinem
359 2194 488 2226 tanquam
501 2190 646 2226 immanem
662 2191 827 2226 Charybdim
840 2191 1006 2226 fugiendam,

224 2231 358 2260 sacroque
384 2225 475 2251 crucis
502 2225 576 2260 ligno
602 2225 809 2257 inhm‘endum;
833 2225 887 2260 quo
903 2227 936 2253 ad
951 2234 1007 2253 cre-

224 2260 320 2287 lestem
345 2263 453 2294 portutn
473 2260 611 2320 possimus
635 2262 780 2296 appellere.
797 2261 836 2287 ibi
853 2266 942 2288 autem
952 2269 1007 2288 non

225 2294 305 2320 Redis
330 2295 447 2320 amolius
496 2295 572 2320 acchi
601 2296 725 2320 orgiis“.
754 2296 801 2320 sed
829 2296 1007 2320 sanctissimis

225 2294 305 2322 Redis
330 2295 447 2328 amplius

224 2329 324 2356 initiati
340 2329 489 2363 mysteriis,
503 2331 576 2356 circa
589 2329 649 2357 eum
661 2352 667 2363 ,
684 2332 729 2365 qui
742 2332 816 2358 solus
837 2331 908 2359 Deus
922 2335 948 2358 ct
963 2332 1005 2358 in-

224 2365 334 2399 genitus
346 2369 400 2395 est,
415 2365 516 2392 choros
527 2373 589 2391 cum
609 2366 712 2399 angelis
726 2367 866 2394 ducemus.

260 2399 410 2433 Postquam
423 2407 488 2436 vero
502 2399 627 2428 Clemens
639 2399 777 2428 Christum
795 2401 911 2432 induxit.
929 2408 1008 2436 paga-

225 2441 276 2461 nos
290 2441 384 2470 omnes
398 2437 428 2460 ut
444 2434 478 2461 ad
502 2442 531 2462 se
542 2436 651 2462 veniant
666 2436 817 2463 hortantem
829 2436 861 2468 “,
873 2434 1008 2470 pollicem

225 2474 334 2503 temque
347 2469 405 2496 fore
426 2473 456 2496 ut
480 2470 540 2497 illos
556 2471 658 2499 similes
673 2471 725 2498 sibi
740 2471 848 2503 ell'iciat,
867 2469 924 2498 tum
939 2479 1007 2498 cott-

225 2504 303 2530 tinuo
315 2504 426 2531 eosdem
439 2505 556 2536 excitat,
576 2509 605 2532 ut
620 2506 653 2532 ad
676 2507 752 2533 illum
767 2510 924 2537 accurrant,
942 2507 1008 2533 iiant

227 2538 351 2575 homines
366 2539 403 2573 pii
419 2545 446 2565 et
459 2540 598 2575 religiosi,
615 2541 650 2567 ad
669 2542 785 2568 honesta
802 2545 830 2568 et
844 2545 938 2568 sancta
950 2549 1008 2568 ma—

227 2581 280 2610 gno
291 2573 414 2601 ferantur
429 2573 530 2605 animo.
544 2583 593 2602 nec
607 2575 640 2603 iis
667 2584 787 2610 unquam
814 2576 1006 2608 idololatriam,

227 2607 356 2646 dedecus,
381 2613 461 2646 atque
487 2610 652 2644 impietatem
677 2607 805 2646 deinceps
829 2607 1006 2646 anteponant.

226 2643 352 2671 Cultores
369 2644 503 2678 siquidem
519 2643 642 2672 veritatis
661 2646 744 2673 Deum
767 2643 831 2674 totis
849 2643 954 2673 viribus
966 2655 1010 2673 se—

227 2679 303 2713 qui"
314 2698 322 2711 ,
338 2683 366 2706 et
382 2680 487 2714 seipsos
501 2684 572 2706 totos
586 2681 610 2707 ci
627 2682 793 2714 permittere,
811 2689 843 2708 ac
858 2685 914 2708 toto
926 2682 1008 2709 corde

227 2714 302 2742 illum
314 2713 431 2749 diligere,
441 2714 550 2742 debent.
566 2713 721 2742 Amicorum
737 2717 838 2751 quippe
854 2717 1009 2744 communia

263 2791 285 2807 ιο
303 2799 363 2826 pag.
377 2791 422 2819 es.

461 2792 481 2828 ⁵ν¹
497 2792 617 2828 ρειθῃβῖ.
655 2793 676 2808 δ’
694 2801 755 2828 pag.
767 2793 801 2821 68
814 2799 839 2821 et
852 2802 909 2828 seq.

229 2861 330 2897 Script.
344 2862 442 2890 eccles.
455 2866 482 2889 et
496 2870 537 2897 ep.
558 2863 592 2889 84
609 2863 641 2889 ad
657 2861 747 2897 Magn:

231 2900 343 2938 Str-om...
362 2906 423 2938 pag.
441 2897 502 2938 ili].

231 2933 356 2966 curand.,
373 2933 455 2961 sc‘rm.
474 2933 517 2966 10,
534 2941 594 2970 pag.
607 2933 669 2962 652.

950 2794 972 2810 ﬁl

263 2794 285 2807 δ’
303 2799 363 2834 pag.
377 2794 422 2819 66.
461 2794 481 2832 ⁵]
497 2800 557 2826 pag.
573 2794 617 2832 6"].
655 2794 676 2808 δ’
694 2801 755 2828 pag.
767 2794 801 2821 68
814 2799 839 2821 et
852 2802 909 2834 seq.
950 2794 972 2810 ’⁵³
989 2802 1049 2829 pag.
1069 2794 1097 2820 7i
1114 2799 1141 2821 et
1153 2794 1197 2821 72.
1253 2795 1276 2810 “
1293 2795 1416 2833 pag._75.
1467 2795 1490 2811 δ’
1511 2802 1571 2830 pag.
1587 2795 1630 2822 7i.

340 2827 441 2880 406;“;li
455 2827 547 2880 ilibzﬂvt
559 2827 679 2880 Epigr“
703 2836 764 2863 cap.
784 2830 867 2880 latret
882 2829 951 2880 iID'll
967 2830 1178 2880 Prtep.levang.,
1205 2830 1299 2880 oath?)
1316 2830 1489 2880 et'ohelt'iib‘.‘
1501 2839 1537 2862 iv,
1555 2838 1615 2880 capi
1624 2829 1677 2880 ¹106.

558 2864 592 2889 84
609 2864 641 2889 ad
657 2864 747 2897 Magn.
785 2865 809 2880 ⁸⁰
822 2864 869 2890 lib.
885 2871 952 2891 xvttt
965 2870 1038 2892 cont.
1055 2865 1168 2896 Juliau.,
1183 2873 1209 2900 p.
1222 2865 1285 2892 542.

549 2898 572 2914 ⁵³
589 2898 669 2936 libi]:
684 2898 769 2934 l’raap.
785 2907 894 2934 evang,
915 2908 973 2936 cap.
987 2901 1004 2928 5
1017 2904 1043 2927 ct
1056 2900 1087 2933 6;
1103 2900 1148 2927 lib.
1168 2908 1203 2934 tv,
1217 2908 1242 2927 ς.
1258 2901 1298 2926 16.

1052 308 1113 326 cum
1122 300 1326 327 illocotnmunia
1337 299 1454 326 habebit.
1464 298 1502 324 Ex
1517 298 1618 332 quibus
1632 298 1762 325 Clemens
1774 306 1836 324 cnn-

1052 335 1138 361 cludit
1150 335 1238 362 Solum
1264 333 1461 364 Christianum,
1481 334 1527 368 qui
1544 334 1606 368 pius
1625 337 1667 360 est
1686 337 1713 360 et
1728 334 1834 368 religio-

1052 378 1109 401 sus,
1125 378 1186 398 esse
1199 370 1320 399 divitem.
1331 373 1536 403 temperantem,
1552 369 1670 395 similem
1687 368 1756 400 Deo,
1764 370 1835 403 ejus-

1051 413 1104 440 qtte
1119 405 1273 440 imaginem.
1303 404 1421 438 Detiique
1444 411 1597 431 sermonem
1628 411 1710 440 suum
1732 405 1834 438 longius

1053 441 1166 467 forsitan
1182 439 1357 475 produxisse,
1375 439 1397 466 si
1417 443 1507 475 tamen
1523 446 1613 475 sermo
1637 439 1673 465 de
1687 439 1757 470 vita,
1779 447 1835 473 quae

1053 476 1156 502 nullum
1169 475 1251 502 habet
1267 476 1356 505 linem,
1376 474 1482 508 longius
1498 474 1609 508 produci
1634 478 1745 508 potest,
1764 474 1835 509 post-

1051 519 1133 544 quam
1148 510 1241 545 paucis
1261 510 1305 536 ille
1317 510 1471 541 excusavit,
1486 509 1514 544 6
1529 509 1636 545 nullum
1658 517 1776 544 prorsus
1788 510 1834 537 sibi

1052 544 1193 573 dubitandi
1203 546 1292 572 locum
1307 552 1368 571 esse
1383 544 1437 575 ait,
1456 545 1521 578 quin
1535 544 1651 579 gentiles
1663 545 1689 572 id
1707 544 1781 579 quod
1796 549 1835 572 est

1052 581 1236 616 przestantius.
1262 580 1366 616 scilicet
1389 582 1471 606 vitam
1496 581 1587 614 potius
1611 587 1696 614 quam
1723 584 1835 607 mortem

1052 615 1153 651 eligant
1167 620 1194 643 et
1210 615 1420 650 amplectantur.

1314 658 1514 686 ARTICULUS
1539 659 1570 686 ll.

1052 707 1091 734 De
1105 707 1183 742 hujus
1198 707 1260 733 libri
1277 711 1392 737 auctore,
1410 710 1498 736 wlale,
1520 706 1607 737 titulo,
1628 711 1795 740 argumento.
1809 715 1837 733 ac

1087 743 1168 769 totius
1191 742 1275 776 operis
1305 741 1450 773 divisione,
1473 742 1613 776 elegantia,
1633 742 1793 776 eruditione,
1815 747 1837 768 et

1086 778 1272 811 manuscriptis
1285 777 1427 805 codicibus.

1087 817 1198 851 Librum
1224 824 1296 850 hunc
1314 824 1348 850 ab
1369 831 1413 855 eo,
1433 823 1512 856 cujus
1535 822 1645 850 nomine
1667 823 1837 855 inscribitur,

1052 864 1148 887 nostro
1171 859 1275 886 scilicet
1296 858 1434 886 Clemente
1457 858 1652 889 Alexandrino,
1672 858 1761 886 fuisse
1784 860 1839 886 edi-

1052 899 1110 921 tutn
1137 895 1211 921 nulla
1238 901 1313 925 sane,
1335 902 1369 920 ne
1394 894 1506 920 minima
1531 893 1653 928 quidem,
1678 898 1769 928 potest
1782 902 1840 921 esse

1018 941 1038 968 Β
1053 930 1249 968 controversia.
1267 929 1306 956 llli
1321 929 1393 956 enim
1411 936 1465 968 non
1481 929 1515 955 ab
1528 929 1655 968 omnibus
1669 929 1759 968 solum
1772 931 1839 968 anti-

1054 966 1116 1000 quis
1130 965 1273 991 codicibus
1289 964 1493 998 manusctiptis,
1518 964 1569 1000 sed
1590 971 1605 990 a
1624 965 1838 1000 rcunctis_etiam

1053 998 1199 1034 cujuslibet
1218 1002 1305 1026 aetatis
1332 999 1524 1034 scriptoribus.
1550 998 1670 1026 Eusebio
1688 999 1720 1030 ⁸³,
1747 998 1839 1026 lliero-

1054 1033 1135 1070 nyino
1150 1035 1183 1065 δ’.
1198 1034 1299 1070 Cyrillo
1314 1034 1499 1061 Alexandrino
1511 1033 1544 1064 '°,
1562 1034 1659 1060 l‘hotio
1676 1035 1710 1067 “,
1724 1035 1838 1068 aliisque

1053 1069 1231 1106 postmodum
1247 1070 1398 1106 innumeris
1413 1069 1591 1106 invictissime
1607 1069 1754 1106 asseritur.
1771 1069 1838 1102 Quid

1053 1104 1117 1133 vero
1160 1105 1233 1140 quod
1254 1108 1281 1132 et
1305 1104 1430 1140 Clemens
1455 1105 1573 1140 ipsemet
1588 1105 1757 1140 seihujusee
1779 1105 1837 1132 libri

1053 1139 1192 1168 auctorem
1207 1143 1299 1174 aperte
1310 1139 1400 1171 prodit
1416 1145 1442 1167 et
1463 1139 1618 1166 denuntiat?
1627 1139 1690 1166 Haec
1704 1140 1838 1174 siquidem

1053 1180 1117 1203 sntit
1129 1175 1202 1203 illius
1219 1173 1270 1201 alia
1287 1175 1312 1201 iu
1328 1173 1492 1201 Stramatum
1513 1174 1589 1202 libris
1605 1175 1689 1202 verba
1704 1173 1746 1200 "5
1766 1184 1775 1199 ε
1793 1176 1837 1201 Λι-

1052 1218 1106 1245 que
1122 1211 1180 1238 haac
1192 1210 1225 1237 de
1239 1209 1395 1245 Graecorum
1410 1209 1520 1245 quidem
1533 1209 1599 1237 falsa
1616 1211 1749 1244 religione
1761 1211 1835 1240 satis.

1053 1250 1083 1272 ut
1102 1246 1239 1280 arbitror,
1259 1244 1429 1280 ostendimus
1444 1245 1471 1271 in
1488 1245 1558 1271 libro
1579 1245 1625 1279 qui
1650 1245 1754 1272 dicitur
1771 1245 1836 1280 Προ-

1052 1281 1208 1321 ξερεπτριός,
1219 1279 1325 1321 abunde
1346 1279 1476 1321 adhibitis
1565 1287 1637 1320 quze.
1650 1287 1688 1321 eo
1702 1279 1834 1321 faciebant

1052 1314 1185 1343 historiis.
1205 1325 1214 1341 ι
1231 1315 1286 1350 Καρ.
1298 1318 1362 1350 περὶ
1377 1316 1427 1349 μὲν
1441 1314 1661 1350 τῆςξἘλληνικῆς
1673 1315 1835 1350 δεισιδαιμο-

1052 1351 1110 1382 νίας
1126 1349 1234 1382 ἱκανῶς.
1251 1348 1341 1384 uiuat,
1354 1348 1382 1376 ὲὺ
1400 1350 1439 1385 τῷ
1461 1348 1665 1383 Προτρεπτιλῷ
1684 1348 1833 1385 ἐπιγραξιν),

1053 1385 1126 1421 μένῳ
1142 1387 1207 1420 ἡμῖν
1219 1385 1290 1419 λόγῳ
1310 1386 1528 1421 παρεσῖήςαμεν.
1545 1385 1723 1421 κατακόρῳςι
1738 1387 1772 1420 τῇ
1787 1394 1834 1411 κα-

1050 1419 1215 1456 ’ὶεπέιγοῦσῃ
1243 1419 1510 1456 συγκατὰχρώμενοιν
1526 1421 1643 1456 ἱστορέῃ
1662 1419 1770 1452 Quibus
1792 1421 1835 1447 ille

1051 1457 1141 1483 verbis
1162 1456 1235 1482 hunc
1252 1455 1350 1482 librum
1375 1455 1390 1482 a
1414 1464 1443 1482 sc
1457 1455 1589 1490 scriptum
1608 1455 1693 1482 fuisse
1713 1463 1768 1482 non
1792 1464 1835 1482 so-

1052 1491 1106 1517 lum
1130 1495 1257 1522 testatur,
1275 1490 1322 1517 sed
1346 1490 1454 1517 titulum
1479 1490 1561 1520 illius,
1586 1494 1613 1516 et
1634 1495 1836 1524 argumentum,

1051 1526 1124 1560 quod
1152 1527 1179 1552 in
1203 1534 1236 1553 eo
1261 1533 1355 1552 revera
1385 1529 1527 1557 tractatur,
1555 1525 1625 1552 haud
1649 1527 1770 1553 obscure
1789 1526 1835 1552 de-

1051 1562 1147 1588 clarat.
1736 1570 1742 1575 -

1087 1595 1172 1623 Nemo
1186 1599 1275 1623 autem
1290 1598 1337 1622 aut
1358 1595 1472 1622 nimium
1491 1603 1627 1626 morosus.
1646 1599 1694 1621 aut
1711 1595 1781 1622 male
1795 1603 1837 1622 sa-

1054 1639 1096 1658 na:
1117 1632 1215 1658 mentis
1236 1632 1316 1657 homo
1340 1631 1418 1657 nobis
1444 1630 1556 1663 obiiciat
1578 1631 1662 1657 alium
1680 1630 1836 1664 quemdam.

1055 1674 1137 1700 quam
1159 1673 1231 1698 eum,
1255 1666 1289 1692 de
1309 1673 1363 1699 quo
1391 1665 1574 1699 disputamus,
1599 1666 1699 1693 librutn
1723 1666 1758 1692 ab
1782 1666 1839 1700 ipso

1056 1702 1205 1732 Clemente.
1230 1701 1345 1734 aliisque
1368 1701 1485 1728 laudatis
1507 1701 1666 1727 auctoribus
1689 1701 1838 1734 designari.

1055 1736 1122 1762 Nam
1140 1736 1272 1763 Eusebius
1283 1736 1316 1766 ⁸³,
1327 1735 1447 1770 Cyrillus
1459 1735 1659 1763 Alexandrinus
1670 1736 1704 1765 ⁵⁸.
1718 1742 1746 1762 et
1757 1735 1841 1762 Theo—

1056 1772 1168 1798 doretus
1184 1771 1217 1801 ⁵⁵,
1236 1771 1341 1804 prolixa
1356 1771 1428 1797 illius
1443 1770 1595 1805 fragmenta
1609 1770 1724 1802 Crreris,
1739 1775 1769 1796 ut
1786 1771 1841 1797 ﬁeri

1056 1807 1168 1837 assolet,
1192 1806 1304 1832 totidem
1328 1806 1418 1833 verbis
1444 1807 1606 1832 retulerunt.
1634 1805 1714 1832 Unde
1738 1811 1839 1837 autem.

1056 1850 1159 1876 qtueso,
1181 1849 1212 1869 ea
1235 1842 1388 1875 potuissent
1407 1842 1598 1872 transcribere,
1617 1841 1671 1867 nisi
1684 1849 1718 1867 es
1734 1849 1800 1868 vero
1816 1845 1842 1867 et

1056 1877 1174 1911 genuino
1198 1877 1311 1910 hujusce
1331 1876 1421 1910 operis
1435 1877 1593 1911 exetnpiari,
1609 1877 1689 1909 cujus
1704 1876 1732 1902 itt
1756 1876 1842 1902 fronte

1057 1912 1128 1938 haud
1157 1912 1225 1938 falso
1256 1911 1418 1945 inscriptum
1446 1911 1594 1938 Clementis
1625 1911 1715 1938 nostri
1745 1918 1842 1938 nomen

1056 1946 1239 1982 agnoverant?

1092 1981 1130 2009 De
1146 1982 1228 2016 hujus
1241 1982 1332 2015 itaque
1345 1980 1436 2015 operis
1447 1984 1527 2008 aetate
1543 1985 1618 2008 certo
1629 1984 1657 2007 et
1670 1979 1782 2016 deﬁnite
1799 1980 1844 2007 ali-

1057 2017 1122 2051 quid
1135 2021 1254 2044 statucre
1269 2017 1348 2051 longe
1362 2016 1497 2043 dillieilius
1513 2016 1661 2043 videbitur.
1677 2015 1758 2042 Nulla
1772 2017 1842 2042 enim

1058 2052 1198 2086 temporis,
1212 2059 1267 2086 quo
1284 2052 1318 2078 ab
1331 2055 1442 2078 auctore
1459 2059 1509 2078 suo
1526 2051 1607 2077 fuerit
1618 2051 1735 2082 editum,
1753 2051 1781 2077 in
1800 2051 1845 2076 illo

1057 2087 1170 2121 vestigia
1185 2090 1343 2113 occurrunt.
1359 2086 1397 2112 Ex
1415 2086 1475 2113 aliis
1489 2090 1579 2113 tatnen
1596 2087 1656 2117 ejus
1676 2086 1844 2112 lucubratio‘

1058 2122 1139 2149 nibus
1161 2122 1231 2149 haud
1255 2122 1371 2148 obscure
1393 2122 1557 2156 colligimus,
1582 2121 1648 2147 illud
1670 2128 1686 2147 a
1706 2121 1845 2147 Clemente

1058 2161 1137 2184 antea
1153 2157 1237 2184 fuisse
1254 2157 1450 2190 conscriptum,
1466 2163 1547 2190 quam
1560 2157 1617 2183 suis
1632 2156 1801 2182 Stromatum
1815 2157 1845 2182 il-

1059 2192 1116 2219 bris
1142 2192 1265 2218 ultimam
1287 2199 1397 2218 manum
1423 2192 1588 2218 admoveret.
1615 2190 1643 2217 In
1666 2191 1711 2218 his
1733 2191 1843 2225 quippe,

1059 2227 1098 2253 uti
1113 2227 1194 2261 paulo
1212 2234 1294 2261 supra
1314 2227 1442 2258 vidimus,
1459 2226 1505 2252 illa
1523 2235 1532 2250 ι
1553 2227 1585 2253 ad
1601 2233 1696 2260 gentes
1716 2226 1846 2253 Admoni-

1059 2262 1098 2289 tio
1113 2271 1122 2287 ›
1147 2262 1258 2289 disertis
1281 2261 1371 2289 verbis
1387 2261 1420 2288 ab
1440 2261 1500 2296 ipso
1515 2262 1625 2288 citatur.
1649 2261 1723 2288 Ante
1746 2268 1844 2296 annum

496 2295 572 2321 acciti
601 2296 726 2330 orgiis“,
754 2296 802 2322 sed
829 2296 1009 2324 sanctissimis
1024 2297 1046 2324 D
1060 2304 1125 2331 ergo
1139 2297 1200 2327 194,
1219 2297 1292 2323 circa
1308 2304 1387 2331 quem
1403 2297 1545 2330 peritiores
1558 2296 1657 2329 critici,
1675 2300 1705 2323 ut
1718 2295 1791 2322 infra
1807 2296 1846 2322 di-

1060 2336 1147 2364 cetur,
1166 2332 1251 2359 libros
1270 2332 1433 2358 Stromatum
1448 2331 1482 2358 ab
1496 2332 1590 2359 eodem
1605 2331 1748 2358 Clemente
1760 2331 1847 2358 divul-

1060 2370 1138 2402 gatos
1155 2375 1215 2394 esse
1229 2367 1396 2402 existimant,
1412 2366 1543 2402 hmcipsa
1562 2375 1571 2391 ι
1589 2366 1624 2393 ad
1637 2370 1735 2401 gentes
1751 2366 1847 2393 Admo-

1061 2401 1129 2429 iiitio
1149 2412 1158 2428 ι
1176 2403 1312 2436 publicam
1324 2401 1462 2436 prodierat
1475 2401 1502 2427 in
1517 2402 1615 2429 lucem.

1099 2436 1192 2464 Utrum
1215 2445 1279 2464 vero
1301 2437 1346 2463 illa
1368 2437 1457 2464 tribus
1475 2443 1583 2471 quoque
1604 2436 1751 2470 Pwdugogi
1775 2436 1846 2463 libris

1061 2473 1208 2507 praaiverit,
1220 2473 1294 2498 nulla
1308 2479 1374 2499 sane
1388 2474 1461 2498 esset
1469 2471 1612 2507 dubitandi
1626 2471 1706 2503 ratio,
1722 2472 1746 2498 si
1762 2472 1846 2505 prima

1062 2505 1171 2534 illorum
1195 2508 1313 2542 phrasis,
1338 2515 1397 2541 qua:
1420 2507 1446 2533 in
1468 2505 1575 2533 Herveti
1593 2507 1692 2541 legitur
1716 2507 1844 2537 editione,

1061 2543 1096 2568 ab
1113 2543 1228 2577 ipsemet
1241 2542 1380 2569 Clemente
1396 2548 1458 2569 vere
1477 2542 1597 2577 proiecta
1615 2542 1699 2568 luisse
1715 2543 1844 2577 probare-

1063 2576 1190 2604 [ιιι-,δρα
1214 2585 1276 2604 cum
1292 2585 1334 2612 ea,
1358 2583 1387 2603 ut
1409 2580 1504 2611 postea
1529 2576 1664 2607 dicemus,
1683 2576 1846 2612 in'utroque

1061 2615 1155 2639 nostro
1174 2613 1268 2639 codice
1292 2611 1385 2639 Grmca
1404 2619 1486 2638 manu
1507 2615 1618 2638 exarato
1639 2619 1692 2638 non
1710 2611 1845 2641 occurrat.

1061 2651 1089 2674 et
1102 2648 1129 2674 in
1141 2647 1202 2674 aliis
1217 2647 1381 2675 editionibus
1394 2651 1422 2674 ut
1437 2648 1530 2681 spuria
1543 2652 1570 2674 et
1584 2647 1741 2673 adulterina
1755 2648 1846 2673 nterim

1062 2683 1163 2715 reiecta
1184 2683 1231 2713 sit,
1254 2683 1321 2709 nihil
1344 2682 1408 2709 inde
1430 2683 1497 2708 certi
1522 2681 1634 2708 omnino
1657 2687 1686 2708 et
1703 2682 1846 2708 indubitati

1063 2717 1122 2744 erui
1136 2725 1218 2752 posse
1236 2718 1411 2744 arbitramur.
1428 2716 1542 2744 Photius
1557 2721 1647 2743 tamen
1666 2717 1739 2743 hanc
1752 2718 1847 2742 Admo-

1253 2795 1276 2810 “
1293 2803 1354 2830 pag.
1373 2795 1416 2822 75.
1467 2795 1490 2811 δ’
1511 2802 1571 2830 pag.
1587 2795 1630 2822 7i.
1682 2795 1705 2810 “
1723 2802 1785 2829 pag.
1805 2793 1844 2820 75.

1253 2840 1267 2856 I.
1283 2830 1299 2856 5
1316 2835 1343 2856 et
1355 2830 1382 2856 ὃ.
1398 2835 1424 2856 et
1438 2830 1485 2856 lib.
1501 2839 1537 2856 iv.
1555 2838 1615 2856 can.
1633 2829 1677 2856 i6.
1719 2831 1741 2845 ⁸³
1757 2830 1803 2856 lib.
1815 2828 1846 2854 de

1768 2840 1803 2856 Ιυ.

1333 2865 1354 2881 ⁵·
1374 2865 1515 2897 Biblioth.,
1530 2865 1590 2892 cod.
1605 2865 1667 2892 ΗΟ.
1708 2866 1730 2880 ⁵¹
1747 2865 1794 2892 lib.
1810 2867 1846 2889 νη

1351 2901 1373 2916 ⁵⁸
1392 2902 1451 2928 loco
1468 2901 1514 2928 cit.
1563 2900 1585 2916 ⁵⁵
1603 2900 1639 2927 De
1652 2900 1740 2928 Grmc.
1758 2899 1842 2926 εσθαι

1183 2873 1209 2900 p.
1222 2865 1285 2892 542.
