1927 3074
102 166 142 195 ]05
602 165 645 191 DE
665 163 932 192 COHORTATIONE
952 165 997 192 AD
1017 165 1162 192 GENTES.

1646 165 1698 192 806

102 226 206 252 titionem
217 223 298 250 tribus
313 222 454 258 Pwdagogi
467 223 544 264 libris
557 223 858 264 a‘Cleiiientepraamis-
872 227 895 254 A
910 225 957 264 ris.
972 225 1052 264 scias.
1065 225 1143 264 velim
1163 224 1218 264 illa_
1229 224 1503 264 essc__subaudienda,
1515 225 1700 264 _q_ttatidqqui.

99 267 147 288 sam
165 264 338 286 asseveranler
360 259 547 292 pronuntiavit
566 259 598 286 ".
624 258 669 285 Sic
695 258 768 286 enim
793 259 854 286 ille:

103 296 127 322 '0
136 295 160 320 δὲ
173 293 359 327 Παιδαγίιη-ὑς.
375 294 403 320 ὲν
416 294 488 328 τρισὶ
499 294 625 328 τόμοις...
643 294 698 328 ἔχει
714 294 743 320 δὲ
756 294 857 320 τούτων

98 328 256 364 χαὶ-προηγᾳύ
261 336 348 364 μενον,
366 329 412 364 καὶ
425 329 640 364 συνταττόμενον
656 328 744 364 λόγονη
753 329 856 364 ἓτερον,

98 337 348 388 χαιγπροηγουῖενον,
366 337 412 354 και
428 337 640 363 συνταττομενον
656 337 733 363 Λογον
754 337 856 364 ετερον,

97 366 121 391 ἐν
136 374 155 397 ῳ
173 364 217 399 τὴν
236 363 268 389 ”Ε’
279 363 366 399 λήνων
384 363 516 398 διελέγχει
532 364 674 398 ἀθεότητα.
695 373 704 389 ι
729 363 858 399 Pwdago-

97 408 137 434 gus
149 399 226 425 tribus
240 398 372 434 libris.....
388 399 488 433 quibus
506 403 533 426 et
555 399 637 426 alium
654 400 795 434 prmmittit
810 398 858 426 ad-

96 435 219 469 iungitque
233 433 394 467 singularem
416 434 524 466 librum,
550 443 604 468 quo
622 435 743 469 gentium
760 435 858 461 refellit

96 470 251 504 impietatem.
270 477 282 504 »γ
297 469 330 493 At
344 476 398 504 quo
417 469 502 496 fretus
517 473 676 503 argumento
687 469 712 496 id
728 469 764 496 ita
783 477 859 496 asse-

95 503 177 533 ruérit,
199 503 435 539 quandoquidem
456 504 493 530 ibi
516 504 628 531 minime
647 505 775 539 explicat,
792 504 857 539 quid

95 539 202 574 prohibet
226 538 371 574 quominus
390 538 436 565 ille
451 542 497 565 aut
509 547 542 565 ex
556 539 616 565 aliis
634 539 782 566 Clementis
797 538 860 573 ope-

94 573 159 601 ribus
171 577 195 600 et
213 573 332 607 scriptis,
355 577 402 599 aut
420 581 452 600 ex
467 574 583 601 testibus
603 574 677 600 omni
697 574 857 608 exceptione

94 609 228 644 majoribus
238 612 338 635 certam
354 608 500 644 deduxerit
515 610 675 636 asscrtionis
690 617 746 637 suae
758 610 857 644 proba-

93 643 195 670 tionem?
211 643 242 669 Et
261 651 327 670 Vero
347 643 473 671 Clemens
496 644 553 678 ipse
575 644 602 670 in
620 644 742 677 ejusdem
760 643 858 672 'Pwda-

92 680 142 713 gogi
155 679 257 713 prologo
271 678 293 693 ⁵⁷
312 678 464 706 clarissime
479 679 559 706 docet
579 689 588 704 ‹
609 679 824 706 exhortatoriam
844 690 853 705 ι

93 721 235 744 sermonem,
251 713 298 748 qui
313 713 436 741 homines
452 721 467 740 a
482 713 549 741 falsa
564 715 694 749 religione
710 715 856 747 deterreat,

91 749 119 776 iis
129 756 183 775 esse
195 748 420 784 praemittendum,
431 757 492 783 qua
504 750 532 776 in
545 748 687 784 Pwdagogi
705 750 783 777 libris
795 758 857 784 per-

91 787 235 811 tractantur.
258 783 316 818 Hac
338 784 421 818 igitur
444 784 565 812 auctoris
590 783 677 811 noétri
709 783 857 812 ratiocina-

91 819 161 850 tione,
175 823 199 846 et
211 819 265 853 ipsa
281 817 370 847 Pbotii
383 819 546 847 auctoritate
560 819 630 853 fulti,
643 819 716 846 haud
729 820 856 847 dubitan—

89 859 123 880 ter
132 854 411 890 allirmarepossumus
424 855 506 887 hunc,
519 863 576 890 quo
584 855 617 882 de
628 855 744 890 agimus,
757 855 854 882 librum

89 897 136 915 non
155 889 229 930 modo
243 888 427 930 'Stroma-tum,
446 890 494 917 sed
511 888 655 930 Pwdagogi
667 890 757 930 etiam
779 890 856 930 libris
871 901 893 930 Β

89 932 140 952 esse
152 924 338 958 antiquiorem.
350 924 388 950 Ea
404 933 485 959 porro
500 929 542 953 est
558 924 655 952 horum
667 925 799 952 librorum
814 926 856 952 in-

88 963 168 996 terrse
187 960 328 996 connexio,
345 967 406 996 quae
435 961 497 988 illos
513 961 595 996 longo
615 961 747 995 temporis
772 961 856 988 inter-

88 995 148 1031 vallo
163 1001 176 1020 a
191 1002 219 1031 se
235 995 350 1022 invicem
369 994 492 1031 divulsos
515 994 573 1023 dici
591 994 704 1022 minime
724 996 854 1031 patiatur.

90 1038 97 1066 ᾳ
113 1029 254 1057 Admonitio
272 1039 282 1055 ι
302 1031 393 1064 itaque
406 1039 416 1055 κ
432 1030 466 1057 ad
481 1035 575 1066 gentes
591 1040 600 1056 ι
616 1031 717 1066 aliquo,
725 1029 781 1058 'sed
791 1039 855 1066 non

87 1064 118 1090 ita
133 1065 215 1099 longo,
226 1069 287 1092 ante
303 1073 403 1092 annum
420 1064 572 1100 l94,‘circa
586 1064 668 1100 quem
684 1065 770 1093 libros
783 1065 856 1093 Stro-

87 1104 174 1137 malum
187 1100 383 1137 scriptos_esse
398 1105 493 1136 postea
507 1100 694 1134 ostendemus,
715 1102 743 1128 in
758 1101 854 1137 vulgus

86 1135 205 1168 prodiisse
219 1134 334 1162 dicenda
352 1134 404 1162 est:

115 1169 140 1196 ln
159 1170 234 1204 hujus
257 1174 349 1197 autem
370 1170 511 1197 sententia:
530 1170 763 1199 conﬁrmationem
787 1171 854 1199 illud

85 1205 185 1265 produci
208 1209 307 1245 potest,
328 1206 400 1240 quod
421 1206 459 1232 ait
478 1205 613 1247 Eusebius
628 1207 652 1222 “
674 1207 852 1248 Clementem,

101 1240 146 1265 aud
163 1240 240 1265 dubie
256 1244 382 1265 nostrum
408 1240 634 1265 Alexandrinum.
655 1249 687 1265 ex
709 1250 744 1265 na
768 1249 851 1265 unum

101 1240 146 1266 aud
163 1240 240 1267 dubie
256 1244 382 1267 nostrum
407 1240 634 1273 Alexandrinum,
655 1249 688 1269 ex
709 1242 744 1269 iis
768 1249 851 1269 unum

85 1274 167 1305 fuisse,
188 1275 232 1310 qui
243 1279 323 1311 _ante
347 1275 499 1302 Romanum
523 1275 642 1304 Victoris
665 1276 852 1311 pontiﬁcatum

84 1309 222 1346 supremam
237 1309 340 1337 Christi
352 1311 521 1338 divinitatem
535 1312 562 1338 in
577 1312 634 1339 suis
646 1309 776 1340 adversus
787 1320 853 1346 gen-

85 1344 136 1382 tiles
148 1348 190 1382 arut
202 1345 345 1382 haereticos
359 1346 437 1382 libris
459 1347 682 1382 constantissime
695 1344 852 1382 propugna-

83 1379 233 1417 veruqt."_At
255 1378 403 1417 hun_c,_de
422 1378 854 1417 quordisptltamus,'ClemEntis

83 1411 268 1454 ppitl‘i‘librunll
290 1411 466 1454 ab_’_Eusebio
481 1411 627 1451 designari,
650 1411 757 1453 et'ipse
771 1411 853 1454 quem

82 1444 171 1487 indicat
184 1447 306 1487 ejusdem
324 1449 383 1487 libii
401 1451 505 1487 titulus,
523 1444 555 1478 εἴ
572 1444 679 1480 summa
696 1444 854 1482 Crlirisii—d-i;

82 1484 174 1522 ‘vtnrtas'
184 1484 207 1522 in
221 1490 263 1522 e_o,
277 1488 310 1522 ut
326 1484 397 1522 infra
412 1486 580 1522 videbimus,
596 1488 748 1517 clarissime
763 1497 853 1518 asser-

81 1517 113 1556 ta,
126 1516 217 1556 iui'licio
233 1518 307 1556 haud
323 1519 402 1553 plane
424 1520 529 1556 incerto
550 1516 687 1550 evincunt.
703 1516 853 1552 Porroau-

81 1549 232 1590 tem_\'ietor
251 1549 377 1590 Romano
398 1555 555 1590 episcopatu
580 1549 663 1585 anno"
674 1549 786 1586 Christi
801 1549 854 1588 1—52

911 260 971 286 dem
990 263 1016 287 et
1036 260 1071 286 ibi
1085 268 1114 287 se
1130 260 1158 286 in
1170 259 1264 286 eodem
1280 259 1347 286 libro
1367 259 1498 287 adversus
1513 259 1608 287 falsam
1624 259 1686 288 om

910 302 1004 330 eorum
1019 295 1176 330 religionem
1191 294 1350 328 disputasse
1367 299 1556 330 asseveranter
1571 294 1697 330 adirmat.

910 329 1007 364 Liquet
1027 329 1109 364 igitur
1130 337 1222 356 veram
1245 330 1270 364 7
1294 337 1506 364 germanamque
1529 329 1612 364 hujus
1634 331 1698 358 libri

911 365 1116 399 inscriptionem
1140 372 1199 391 eam
1223 372 1294 397 esse,
1315 372 1396 399 quam
1421 364 1554 392 Eusebius
1577 369 1604 392 et
1623 369 1699 393 vetn‘

910 400 1050 427 stissimus
1076 399 1177 435 Regius
1207 400 1292 426 codex
1318 401 1453 435 integram
1480 405 1696 434 repraesentave-

910 439 983 461 runt.

944 470 977 496 Et
997 477 1063 496 vero
1086 469 1143 496 haec
1165 468 1313 503 epigraphe
1333 473 1419 496 totum
1441 477 1555 503 prorsus
1579 469 1698 503 hujusce

909 505 1149 532 commentationis
1171 509 1360 538 argumentum
1383 505 1583 538 complectitur.
1603 505 1640 532 Ex
1663 506 1696 532 il-

909 540 962 566 lius
979 540 1089 574 quippe,
1106 547 1188 574 quam
1204 539 1340 571 dedimus,
1364 539 1468 573 analysi
1487 540 1601 574 quilibet
1614 540 1695 567 facile

910 575 1035 610 intelligit
1051 575 1216 601 Clementem
1230 582 1340 609 operam
1361 582 1470 601 omnem
1482 575 1510 601 in
1521 582 1554 601 eo
1566 583 1695 602 consum-

910 609 1009 644 psisse;
1024 609 1147 643 nihilque
1161 609 1249 642 egisse
1263 609 1335 635 aliud
1351 609 1402 636 nisi
1417 614 1445 635 ut
1459 610 1573 643 gentiles
1592 611 1627 637 ab
1642 610 1695 637 im-

908 645 953 679 pio
965 645 1098 671 idolorum
1123 644 1308 678 falsorumque
1325 644 1437 671 deorum
1458 645 1531 672 cultu
1548 645 1692 675 abductos.

908 678 942 706 ad
959 688 1049 707 veram
1067 678 1168 706 Christi
1180 680 1259 706 tidem
1275 683 1302 706 et
1315 680 1473 715 religionem
1487 680 1693 714 amplexandam

908 714 1111 742 adhortaretur.

944 749 1074 782 Quamvis
1091 752 1180 776 autem
1195 749 1322 777 Clemens
1333 749 1359 777 id
1375 750 1535 776 continuato
1554 758 1695 782 sermone.

907 786 1037 820 nullaque
1057 784 1265 820 orationisrsuat
1286 785 1357 811 facta
1380 784 1515 812 divisione
1529 790 1695 820 prosecutus

908 821 954 852 sit,
970 819 1071 854 siquis
1088 824 1176 846 tamen
1194 819 1267 846 hunc
1279 820 1378 847 librum
1392 819 1573 847 attentissime
1590 821 1696 847 exami-

907 856 1024 886 naverit,
1041 856 1064 882 is
1081 859 1156 881 certe
1173 855 1321 889 perspiciet
1338 855 1414 881 illum
1431 855 1465 882 ab
1481 855 1541 889 ipso
1553 855 1696 883 Clemente

908 891 998 918 varias
1020 891 1048 917 in
1073 893 1181 924 partes,
1207 897 1222 915 a
1243 898 1273 917 se
1297 890 1413 917 invicem
1438 890 1504 917 satis
1530 890 1691 922 distinctas,

907 926 993 953 fuisse
1004 925 1191 957 distributum.
1204 924 1244 952 Ne
1255 925 1299 951 cui
1314 928 1405 951 tamen
1418 924 1444 951 id
1457 925 1622 952 laboriosius
1636 932 1694 951 mo-

908 961 1059 995 lestiusque
1068 960 1204 991 videatur,
1216 960 1337 994 singulas
1347 959 1463 993 hujusce
1478 960 1540 987 libri
1553 964 1644 994 partes
1664 961 1694 987 in

907 996 980 1024 illius
994 995 1097 1030 analysi
1109 995 1146 1030 ita
1163 995 1309 1030 separatim
1324 995 1493 1022 exhibendas
1509 1002 1570 1022 esse
1584 996 1695 1022 censui-

907 1038 978 1062 mus,
1001 1035 1030 1057 ut
1043 1029 1082 1058 eae
1099 1029 1133 1056 ab
1148 1029 1275 1057 omnibus
1291 1030 1396 1064 possint
1411 1029 1482 1056 haud
1497 1029 1534 1056 ita
1548 1029 1692 1058 diﬂiculter

906 1066 1085 1101 deprehendi.
1103 1064 1139 1101 Et
1151 1065 1208 1101 haec
1220 1072 1285 1101 sane
1299 1065 1362 1092 libri
1382 1064 1463 1101 hujus
1478 1065 1506 1092 in
1520 1072 1585 1092 suas
1599 1069 1692 1101 partes

905 1105 933 1128 et
942 1099 1038 1136 ‘capita
1052 1099 1220 1136 distributio,
1237 1099 1272 1127 ab
1290 1107 1386 1136 eorum
1408 1100 1508 1136 saltem?
1522 1100 1614 1136 aliquo
1633 1100 1694 1136 fieri

905 1134 1009 1168 debuit,
1023 1136 1069 1171 qui
1083 1136 1108 1164 ei
1117 1135 1196 1171 typis
1213 1135 1373 1171 excudendo
1391 1134 1512 1171 praefecti
1532 1135 1618 1171 fuere.
1632 1134 1690 1162 Bac

904 1170 1039 1206 siquidem
1053 1170 1200 1206 partitione
1210 1173 1237 1206 et
1249 1170 1283 1206 ab
1298 1170 1419 1206 auctoris
1431 1174 1522 1206 mente
1535 1178 1594 1206 noni
1610 1170 1694 1206 longe°

905 1205 1104 1238 abfuisset,’ac
1130 1205 1246 1232 morosis
1271 1205 1428 1232 hominibus
1453 1205 1550 1232 ivisset
1569 1205 1690 1237 obviam,

903 1242 950 1276 qui
975 1241 1106 1276 majorem
1129 1240 1486 1276 sermonis_connexionem
1509 1240 1537 1276 in
1565 1240 1694 1276 Clemen-

903 1274 938 1304 tis
953 1274 1040 1304 nostri
1057 1276 1126 1304 libro
1139 1275 1201 1310 jure
1213 1274 1286 1302 haud
1300 1282 1413 1310 prorsus
1432 1275 1568 1302 immerito
1584 1275 1694 1302 deside-

903 1312 1014 1340 rabunt.

937 1346 1030 1382 Neque
1045 1345 1380 1382 tamenrdissimulandum
1399 1353 1463 1382 esse
1477 1349 1604 1382 putamus
1615 1353 1692 1380 quae.

902 1381 965 1409 dam
982 1381 1082 1417 passim
1097 1382 1124 1408 in
1140 1381 1191 1408 hoc
1206 1381 1277 1408 libro
1288 1381 1404 1408 inveniri
1419 1381 1477 1417 loca
1493 1381 1526 1408 iis
1538 1388 1598 1415 quae
1614 1385 1693 1417 ante-

901 1417 1003 1444 cedunt
1024 1422 1051 1444 et
1073 1417 1278 1451 subsequuntur
1302 1423 1358 1442 non
1381 1416 1493 1442 omnino
1514 1416 1692 1443 coharentia.

901 1451 994 1487 Neque
1011 1452 1091 1480 etiam
1107 1451 1267 1487 negabimus
1289 1459 1320 1478 ea
1334 1458 1432 1485 magno
1454 1451 1513 1478 sine
1528 1451 1621 1478 labore
1641 1459 1694 1487 po-

901 1486 988 1515 tuisse
1006 1487 1146 1514 meliorem
1169 1488 1195 1514 in
1211 1487 1334 1514 ordinem
1357 1487 1391 1521 ab
1404 1490 1516 1513 auctore
1532 1493 1583 1513 suo
1602 1486 1692 1521 redigi

900 1526 927 1549 et
940 1522 1078 1550 distribui.
1096 1521 1148 1549 Sed
1163 1522 1220 1549 haec
1234 1520 1419 1549 eruditissimo
1435 1521 1572 1555 scriptori,
1587 1521 1634 1555 qui
1647 1520 1693 1548 in-

901 1558 981 1592 genio
1003 1558 1167 1592 quandoque
1192 1557 1306 1584 indulsit
1320 1563 1388 1592 suo,
1403 1556 1489 1592 gfacilc
1509 1556 1691 1582 condonanda

81 1582 169 1627 dicitur
192 1594 251 1615 esse
270 1582 470 1627 inaugurat-us;
483 1582 884 1627 Aliquo'i'giiur'ﬁié'1.53;c
901 1582 977 1620 Suilii?
989 1582 1295 1624 N‘uiiibisiii'ﬁﬁééin
1319 1591 1352 1618 iis
1373 1582 1455 1617 etiam
1478 1598 1540 1625 qua:
1560 1595 1690 1627 notantur

81 1624 170 1660 annum
187 1627 314 1660 iempore
339 1624 437 1660 librum
459 1624 544 1654 istuni
565 1634 581 1654 a
596 1624 735 1656 Clemente
760 1635 854 1657 nostro

264 1658 368 1686 factum
384 1659 470 1688 fuisse
486 1662 559 1690 haud
571 1654 854 1699 prorsusin'epte—eolﬁ-

174 1699 222 1718 εει.

108 1727 160 1755 Huc
174 1730 277 1757 accedit
291 1730 366 1766 quod
384 1731 436 1758 iste
453 1731 521 1758 liber
540 1731 573 1759 iis
589 1732 696 1760 videtur
706 1733 848 1761 confectus

78 1769 130 1802 esse
142 1766 323 1797 sermonibus,
341 1774 410 1801 quos
431 1767 488 1798 ille,
507 1767 571 1794 dum
584 1767 741 1795 catechistac
761 1768 848 1796 olftcio

77 1804 253 1837 circaannnm
270 1802 330 1837 189A
345 1802 514 1836 fungeretur,
530 1803 646 1837 publicis
661 1803 688 1830 in
708 1803 848 1830 concioni-

77 1831 121 1872 hus
142 1834 281 1872 habuerat.
307 1835 380 1863 Nulli
395 1831 538 1871 siquidem
553 1838 666 1864 dubium
683 1846 744 1865 esse
758 1842 848 1872 potest

76 1870 133 1901 quin
153 1870 192 1896 vir
211 1871 256 1898 ille
276 1870 457 1899 doctissimus
472 1872 618 1899 maximam
639 1873 667 1899 in
682 1881 714 1900 eo
734 1870 847 1901 m'unere

76 1903 186 1942 obeundo
197 1913 310 1942 operam
332 1907 488 1939 contulerit,
505 1915 557 1941 qua
572 1907 686 1942 gentiles
701 1909 735 1935 ab
746 1909 848 1935 errori-

76 1936 119 1965 bus
135 1941 190 1977 suis
210 1936 242 1968 ad
255 1941 421 1969 Christianae
436 1936 497 1969 fidei
513 1936 710 1977 protrassionem
725 1943 846 1971 adduce—

75 1978 117 2000 ret.
136 1974 198 2007 Quae
216 1980 310 2003 autem
325 1978 397 2011 apud
415 1985 462 2005 eos
478 1974 600 2012 aliosque
621 1985 685 2005 suos
707 1978 846 2006 auditores

75 2014 245 2046 peroraverat,
260 2012 320 2039 haec
330 2013 502 2046 postmodum
517 2017 546 2039 ut
561 2013 621 2040 aliis
636 2014 763 2041 omnibus
774 2014 848 2040 simi-

74 2042 128 2070 liter
141 2042 292 2083 prodesSet,
312 2042 423 2082 scriptis
444 2048 544 2074 tradita
565 2048 760 2083 divulgavisse,
781 2056 847 2076 vero

73 2084 130 2106 sane
142 2085 181 2107 est
193 2082 375 2109 simillimum.

86 2112 181 2154 __Quem
198 2124 270 2154 vero
279 2117 390 2144 titulum
407 2118 470 2145 huic
486 2118 561 2154 operi
583 2126 634 2146 suo
652 2118 710 2153 ipse
724 2118 847 2153 praeﬁxo-

72 2152 111 2187 [l_t,
129 2152 151 2187 si
168 2152 238 2179 scire
252 2159 346 2184 avcas.
363 2160 425 2180 eum
440 2159 466 2180 te
483 2153 590 2180 docebit
611 2152 745 2181 Eusebius
757 2155 790 2181 ".
804 2154 846 2181 Ab

71 2183 260 2225 ilio;siquidem
279 2191 452 2225 constanter_
460 2189 612 2225 appellatur
626 2189 694 2225 πρὸς
714 2189 846 2225 ’Έλληνας

70 2216 138 2259 λάῇος
154 2216 168 2247 ὃ
182 2222 393 2259 προτρεπτικός,
414 2232 424 2248 ‹
441 2216 523 2250 Liber
540 2224 573 2250 ad
590 2216 703 2259 gentiles
719 2216 846 2251 exhorta:

70 2256 189 2294 torius]
205 2256 235 2285 In
252 2256 420 2294 linerautemr
433 2256 617 2292 antiquissimi
634 2259 738 2286 codicis
755 2259 843 2294 Regii,

69 2287 235 2330 hichuidem
252 2293 352 2330 titulus
371 2293 467 2330 eodem
480 2287 589 2330 riegitur
609 2294 707 2321 modo:
728 2292 776 2322 sed
796 2287 845 2322 ‘re;

70 2327 217 2364 centissima
233 2328 365 2364 manurin
383 2329 465 2361 hujus
480 2327 552 2359 libri.
568 2329 640 2356 sicut
653 2333 680 2356 et
692 2331 846 2357 manuscri-

68 2360 101 2392 pli
116 2360 347 2390 Claromontensis
365 2360 455 2400 capite
465 2368 526 2400 post
539 2365 654 2400 verbum
677 2365 843 2400 Κλήμεντος,

67 2401 208 2433 cognomen
234 2398 411 2433 στροματέως
432 2399 503 2425 haud
530 2398 613 2426 dubie
634 2403 665 2426 ut
690 2398 845 2427 eo"auctor

69 2433 151 2469 noster
161 2432 194 2459 ab
209 2432 275 2469 aliis
287 2432 410 2467 ejusdem
426 2434 545 2461 nominis
558 2435 781 2469 distingueretur,
794 2435 843 2461 ad—

67 2463 146 2506 ditum.
154 2463 326 2506 est._Veruin
346 2469 403 2506 haec
427 2469 500 2495 nulla
515 2477 584 2506 sane
598 2463 667 2506 erat,
689 2474 734 2496 aut
747 2463 843 2497 saltem

67 2498 192 2539 levissima
210 2503 328 2538 hujusce
344 2505 520 2531 additamenti
533 2512 626 2532 causa.
640 2498 741 2532 contra
752 2509 841 2532 autem

66 2533 284 2575 illieronymus'“
309 2539 394 2575 verbo
417 2540 616 2575 προτρεπτικός
634 2541 747 2569 omisso.
771 2541 842 2566 hanc

66 2569 274 2600 lucubrationem
291 2569 451 2608 simpliciter
472 2569 553 2602 vocat
569 2585 578 2600 ι
596 2569 693 2602 librum
711 2575 843 2602 adversus

64 2609 165 2645 gentesi
186 2616 195 2632 ι
218 2609 267 2635 sed
285 2609 312 2636 id
335 2610 430 2643 procul
454 2610 538 2636 dubio
560 2610 594 2636 ab
618 2611 676 2645 ipso
701 2610 842 2637 brevitatis

65 2647 139 2677 causa
150 2641 252 2670 factum
265 2651 327 2671 esse
336 2641 421 2671 nemo
431 2652 484 2671 non
497 2644 579 2672 videt.
592 2641 659 2672 Na'm
669 2645 713 2672 hic
728 2645 796 2672 liber
807 2645 842 2671 ab

66 2677 343 2717 Ipsomet_Clemen_t_e,
362 2684 391 2706 ut
403 2680 484 2717 paulo
505 2685 567 2707 ante
588 2680 757 2717 dicebamus,
771 2680 843 2717 Προ-

63 2714 199 2749 τρεπτικός
226 2714 390 2748 appellatur.
407 2715 485 2748 Quod
508 2716 531 2742 si
554 2719 580 2742 et
604 2717 638 2742 ab
660 2716 719 2749 ipso
743 2714 841 2741 ibidem

63 2747 136 2773 verba
151 2756 161 2772 ε
180 2747 316 2776 adversus
329 2747 434 2785 gentes,
451 2760 460 2776 ι
480 2751 662 2785 praetermissa
671 2747 738 2778 esse
749 2758 843 2777 cause-

91 2857 112 2872 "
125 2859 203 2897 l’hot.
216 2860 288 2888 Bibl.
306 2861 367 2888 cod.
382 2862 442 2889 ΗΟ.
481 2862 503 2877 ⁸⁷
521 2869 580 2897 pag.
600 2862 642 2889 78.

690 2862 712 2878 ⁵⁸
726 2861 773 2888 lib.
791 2870 805 2888 v
821 2860 935 2893 “istan,
948 2868 1007 2895 cap.
1022 2860 1068 2888 28.

900 1628 968 1655 locis
982 1635 997 1655 a
1022 1635 1106 1662 scopo
1119 1628 1228 1654 aberrat
1241 1634 1302 1658 suo,
1316 1633 1404 1660 neque
1418 1629 1494 1662 extra
1508 1626 1641 1660 propositi
1656 1626 1690 1653 lia

899 1663 981 1690 mites
998 1661 1106 1698 longius
1125 1667 1248 1697 vagatur.
1264 1662 1333 1688 Toto
1348 1664 1437 1698 autem
1455 1661 1483 1687 in
1506 1668 1588 1695 opere
1604 1668 1688 1698 argu-

899 1703 1021 1725 mentum
1045 1697 1123 1725 suum
1147 1706 1201 1724 non
1223 1698 1319 1724 validis
1341 1697 1479 1730 certisque
1500 1697 1692 1723 tantummod»

898 1733 996 1767 probat
1018 1733 1186 1760 rationibus:
1213 1733 1261 1759 sed
1286 1732 1376 1759 varios
1393 1739 1510 1767 quoque
1537 1730 1686 1767 identidem

899 1766 1002 1803 spargit
1017 1769 1178 1803 eloquentia:
1191 1767 1331 1803 ﬂoscalos,
1353 1766 1452 1803 quibus
1466 1767 1572 1793 animos
1596 1766 1689 1800 legen-

899 1801 1076 1835 tium’allicit,‘
1090 1806 1194 1829 recreat
1207 1807 1233 1829 et
1243 1802 1388 1829 demulcet.
1402 1801 1495 1836 Neque
1508 1805 1582 1828 certe
1594 1802 1689 1828 minus

898 1842 975 1872 grata
988 1839 1023 1866 iis
1045 1846 1106 1865 esse
1119 1839 1198 1865 debet
1211 1845 1317 1864 summa
1339 1837 1505 1871 minimeque
1520 1836 1640 1871 vulgaris
1654 1837 1689 1863 il-

898 1871 951 1900 lius
965 1873 1092 1906 eruditio,
1118 1881 1170 1907 qua
1187 1873 1283 1907 plenus
1303 1875 1345 1899 est
1361 1872 1404 1898 hic
1422 1872 1500 1903 liber,
1522 1876 1549 1899 et
1567 1871 1691 1906 undique

898 1909 1107 1936 refertissimus.
1126 1906 1208 1934 illanc
1230 1911 1319 1934 autem
1343 1914 1405 1933 cum
1426 1906 1489 1941 styli
1512 1906 1687 1940 elegantiam,

898 1947 955 1970 tum
983 1944 1075 1977 operis
1098 1943 1280 1970 eruditionem
1307 1941 1436 1973 Photius,
1463 1941 1608 1977 utriusque
1636 1949 1690 1968 nec

897 1976 1020 2012 iniquus,
1046 1986 1097 2006 nec
1122 1978 1264 2012 imperitus
1291 1977 1451 2005 aestimator.
1477 1977 1545 2004 scite
1570 1976 1686 2003 adnota-

897 2015 936 2041 vit
949 2014 981 2040 δι.

931 2082 1005 2110 Duos
1018 2089 1101 2117 porro
1111 2081 1225 2116 hujusce
1236 2080 1330 2117 operis
1339 2080 1448 2117 Graecos
1460 2080 1574 2117 codices
1589 2088 1689 2108 manus

897 2116 1100 2153 scriptos’nacti
1118 2125 1222 2153 sumus.
1238 2116 1321 2153 Prior
1334 2121 1377 2144 est
1390 2116 1491 2153 Regiaa
1514 2116 1687 2153 bibliotheca:

896 2159 922 2181 et
934 2151 1095 2180 veneranda:
1110 2151 1282 2186 antiquitatis
1295 2151 1373 2183 liber,
1389 2152 1417 2178 in
1431 2159 1485 2186 quo
1497 2151 1621 2185 quaedam
1634 2151 1684 2178 Ju~

896 2189 961 2216 stini
985 2188 1120 2223 Martyris,
1142 2187 1331 2223 Athenagorae,
1354 2188 1527 2223 aliorumque
1550 2194 1684 2223 quorum-

895 2225 958 2251 dam
971 2221 1094 2255 Patrum,
1112 2230 1185 2249 anno
1201 2222 1313 2253 Christi,
1328 2223 1368 2249 uti
1392 2222 1457 2249 alibi
1474 2221 1603 2252 diximus,
1619 2221 1686 2253 914,

896 2259 1034 2286 descripta
1057 2262 1124 2286 sunt
1149 2258 1181 2284 δ’.
1209 2257 1391 2284 Posteriorem
1415 2264 1480 2283 vero
1504 2264 1536 2283 ex
1565 2256 1686 2284 Parisini

896 2293 955 2320 RR.
973 2291 1025 2320 PP.
1053 2293 1192 2321 societatis
1207 2292 1272 2320 Jcsu
1291 2293 1396 2327 collegii
1414 2291 1577 2319 bibliotheca
1601 2291 1637 2318 [ὶ-
1652 2291 1684 2319 Ρ.

897 2329 1054 2356 Harduinus
1067 2336 1116 2363 pro
1128 2336 1203 2355 more
1217 2335 1267 2355 suo
1280 2327 1423 2355 nobiscum
1437 2334 1567 2363 perquam
1587 2327 1684 2353 huma-

897 2364 1011 2391 nissime
1024 2362 1281 2391 communicavith
1296 2370 1378 2397 porro
1395 2363 1464 2389 liber
1479 2363 1508 2388 in
1523 2362 1618 2388 charta
1633 2369 1685 2396 pa-

897 2407 1012 2434 pyracea
1028 2402 1166 2430 exaratus,
1189 2398 1482 2434 recentiorisquidem
1503 2401 1544 2423 est
1558 2404 1663 2434 manus
1675 2407 1684 2425 :

897 2432 944 2462 sed
960 2434 1054 2468 plures
1074 2434 1101 2460 in
1117 2441 1161 2465 eo,
1184 2432 1412 2467 quemadmodum
1428 2432 1456 2459 in
1473 2432 1619 2466 superiori,
1636 2440 1685 2458 va-

897 2470 944 2496 riae
956 2469 1118 2496 exhibentur
1139 2469 1279 2499 lectiones,
1294 2475 1362 2502 quas
1385 2468 1532 2502 aliquando
1546 2474 1608 2494 cum
1623 2475 1686 2495 sese

896 2505 1005 2531 occasio
1017 2503 1133 2535 dederit,
1148 2511 1195 2538 per
1208 2510 1269 2534 nos,
1284 2504 1326 2530 vel
1342 2511 1389 2537 per
1402 2503 1480 2534 alios,
1495 2502 1540 2537 qui
1555 2502 1685 2529 recuden-

896 2540 938 2566 dis
958 2539 1106 2566 Clementis
1120 2539 1206 2566 nostri
1221 2538 1498 2565 commentationibus
1512 2545 1623 2572 operam
1638 2544 1686 2563 na-

894 2582 959 2601 vare
972 2574 1118 2606 voluerint,
1134 2574 1234 2608 publici
1247 2573 1318 2607 juris
1337 2573 1477 2600 faciemus.
1494 2571 1524 2599 In
1532 2571 1685 2608 utriusque

894 2611 977 2637 etiam
1000 2607 1178 2644 manuscripti
1198 2608 1301 2636 codicis
1324 2608 1493 2644 marginibus
1509 2607 1634 2644 quaedam
1650 2607 1683 2644 ad

895 2645 1056 2672 obscuriora
1080 2642 1243 2671 Clementini
1265 2647 1354 2670 textus
1377 2642 1436 2670 Iaca
1459 2643 1578 2670 breviter
1596 2642 1685 2677 expli—

895 2681 982 2707 canda
1012 2680 1126 2714 adjectat
1153 2684 1216 2706 sunt
1240 2679 1350 2708 notulzc.
1371 2686 1406 2714 ex
1431 2678 1531 2714 quibus
1557 2677 1684 2714 plurima?
1701 2678 1709 2685 '

894 2715 927 2751 ad
955 2712 1194 2751 calcemuoperum
1219 2713 1342 2748 ejusdem
1365 2712 1512 2751 Clementis
1541 2712 1639 2751 nostri,
1666 2718 1683 2751 a

894 2749 1026 2778 Gcntiana
1053 2747 1168 2777 Herveto
1191 2747 1365 2781 excusorum,
1390 2748 1470 2775 editae
1495 2752 1571 2775 sunt.
1596 2747 1632 2773 At
1657 2747 1682 2773 si

1124 2860 1147 2875 ⁸⁹
1160 2859 1207 2886 lib.
1219 2867 1245 2887 vi
1262 2858 1378 2889 llistor.,
1396 2865 1456 2891 cap.
1474 2857 1517 2887 l3,
1532 2860 1559 2884 ct
1575 2856 1680 2890 Evang.

62 2898 136 2929 ΡΠεΡ-
150 2895 197 2923 ὶὶῢ-
212 2904 242 2931 tl,
258 2904 321 2931 cap.
337 2897 365 2931 2,
382 2905 443 2933 pag.
458 2897 502 2925 61.
521 2892 529 2897 ’
541 2892 622 2925 6"vlih.
638 2897 785 2935 de_Script.
801 2897 868 2925 eccl.
883 2917 890 2930 ,
902 2903 927 2924 c.
944 2892 989 2924 48:
1028 2896 1049 2912 ⁶¹
1067 2895 1144 2922 Phot.
1156 2894 1306 2928 Bibl.,cod.
1328 2893 1388 2920 ll0.
1428 2893 1449 2908 ⁶²
1467 2899 1528 2927 sup.
1547 2892 1597 2919 lib.
1613 2899 1645 2917 rt.
