1927 3074
212 180 264 208 807

558 180 591 208 ΙΝ
611 180 772 210 CLEMENT
793 178 946 208 ALEX.EM
967 179 999 207 D.
1017 177 1061 206 LE
1074 177 1220 206 NOURRY
1241 177 1468 207 DlSSERTATlO
1487 179 1510 207 1.

1781 179 1834 207 803

210 240 273 274 quid
288 239 315 266 in
333 238 388 266 illis
411 238 644 269 animadversione
660 239 770 274 dignum
788 238 879 270 fuerit,
895 238 921 266 id
935 238 993 266 suis
1008 238 1031 267 Α
1045 235 1152 274 Quibus
1164 243 1229 274 ergo
1246 243 1279 263 ex
1296 235 1417 274 fontibus
1430 240 1457 274 et
1471 236 1654 274 scriptoribus
1669 235 1728 274 lucc
1743 241 1835 270 poste-

210 273 362 310 quibusque
378 274 444 301 locis
458 274 563 301 a-nobis
578 273 650 300 infra
666 273 853 302 adnotabitur.

472 319 670 347 ARTICULUS
685 320 730 347 Ill.

210 368 247 395 De
265 369 341 404 hujus
356 368 416 395 libri
439 368 640 404 integritatenet
656 367 687 404 de
707 367 772 404 locis
785 375 829 401 qut
844 371 994 404 corruptio-

245 405 285 431 nis
295 400 461 438 'argnuntur.
471 400 530 429 ἰ’ὁί
545 402 578 429 de
595 400 842 438 Corybantibus,ret
862 402 996 438 tertiq_eo-

246 449 304 466 rum
322 435 404 474 fratre
422 439 520 474 orciso;
544 437 575 464 de
595 438 690 474 auriga
714 437 838 474 Plirygis,
861 435 996 474 se_it_Il!yr-

246 470 348 507 tilla,'et
363 474 467 507 Pelopis
478 473 591 507 inferiis;
607 473 637 499 de
648 471 711 499 Jove
726 470 993 507 Olynitlico,fisnne,

244 516 268 537 et
286 506 474 544 ’Λποτροπάιῳ
487 517 494 540 ;
507 506 539 534 de
554 508 643 544 divino
658 506 767 538 honore,
782 514 856 544 quem
867 506 995 544 _Tliessali

246 546 353 572 cicauiis
371 541 534 574 tribuebant;
558 543 589 570 de
611 541 733 577 Neptuno
755 543 798 577 qui
816 543 843 568 in
866 541 936 569 Tene
954 551 996 569 ca-

246 581 357 610 lebatur,
369 580 475 614 ejusque
486 584 510 605 et
525 576 694 614 Amp/iitrites
703 576 800 614 _statua
812 576 876 603 Teni
892 578 995 614 posita;

244 616 276 642 de
300 612 398 649 triplici
425 614 556 641 Mercurio
582 612 732 649 Andocyde,
761 614 869 647 Antyeto
897 618 921 639 et
943 613 996 648 Ty-

245 648 343 684 phone;
361 650 392 677 de
405 649 494 677 Minoe
508 649 581 676 Jovis
593 648 733 682 discipulo.

247 696 341 724 Utrum
357 700 447 722 autem
466 696 571 729 integer
585 698 612 721 et
626 694 738 721 omnino
758 692 934 729 incorruptus
951 693 996 720 ille

210 732 279 758 liber
292 732 324 758 ad
339 739 389 758 nos
409 727 574 765 pervenerit.
594 729 620 756 in
639 729 751 756 dubium
772 727 845 765 haud
859 729 995 765 immerito

210 768 301 793 vocari
318 763 418 800 potest:
433 766 596 800 Depravatos
609 765 753 800 enimvero
764 764 855 797 plures
864 763 941 800 illius
956 764 996 790 lo-

210 810 268 831 cos,
289 799 445 835 milliusque
469 799 647 834 inanuscripti
667 799 772 825 codicis
792 806 842 835 ope
863 799 995 835 hactenus

211 838 347 864 sanabiles
364 833 467 863 notavit
488 833 630 862 llervetus.
652 834 686 861 At
701 833 930 868 quemadmodum
951 834 996 861 ille

211 873 342 906 quosdam
358 871 541 905 c0rrupliouls
556 877 696 904 perperam
706 869 806 903 arguit,
825 868 862 895 ita
875 870 994 906 nonnul-

211 905 262 937 los,
282 907 327 934 sed
343 906 522 940 paucissimos
541 905 703 939 scriptorum
729 905 995 940 amanuensiumrin—

211 943 286 969 curia
312 939 424 968 mancos
447 946 472 968 et
500 941 610 967 mutilos
635 940 679 966 vix
708 947 740 966 ac
759 946 793 965 ne
818 939 861 964 vix
886 939 995 973 quidem

212 985 226 1003 a
243 985 389 1011 quoquam,
405 976 456 1002 nisi
472 975 532 1002 aliis
553 982 633 1001 manu
650 973 769 1001 exaratis
780 973 927 1011 codicibus
944 974 994 1011 ad"-

210 1009 279 1045 juto,
295 1009 376 1046 posse
389 1019 508 1046 unquam
529 1010 618 1038 sanari
634 1012 766 1046 apertemet
779 1009 895 1043 ingenue
914 1010 997 1036 conti-

212 1052 310 1076 temur.

247 1083 286 1109 Ne
302 1081 364 1116 quis
381 1085 470 1108 tamen
486 1080 511 1107 id
526 1088 540 1106 a
555 1080 633 1107 nobis
647 1079 730 1116 gratis
744 1078 995 1116 fictumesistimct,

211 1124 300 1151 opera:
312 1114 429 1151 pretium
445 1123 505 1143 esse
519 1116 646 1142 duximus
663 1115 770 1151 hrevem
780 1114 822 1151 _de
836 1114 901 1151 illis,
919 1118 995 1141 ante-

212 1149 292 1185 quam
305 1149 338 1178 ad
353 1152 404 1178 alia
420 1155 601 1180 transeamus,
616 1150 758 1177 instituere
770 1149 994 1185 disputationem.

211 1186 319 1213 Primus
335 1192 424 1213 autem
441 1186 486 1220 qui
505 1186 585 1212 nobis
598 1185 719 1220 occurrit
734 1184 811 1211 locus
826 1184 872 1211 ille
893 1188 934 1211 est
947 1184 995 1220 ubi

211 1222 335 1249 Clemens
348 1222 380 1248 de
392 1218 594 1255 Corybantibus
608 1221 660 1247 ait:
678 1229 686 1245 ι
700 1219 731 1246 Hi
743 1227 805 1246 cum
819 1219 929 1246 tertium
943 1218 995 1255 frag

211 1261 279 1283 trem
300 1257 399 1292 (τρίτον
417 1254 530 1289 sset-etv
550 1255 583 1292 ")
599 1255 774 1285 occidissent,
792 1258 873 1292 caput
894 1254 995 1292 mortui

210 1289 334 1326 purpura'
345 1295 533 1321 contexerunt,
546 1289 578 1318 et'
587 1294 747 1318 coronatum
763 1289 995 1326 sepelierunt,_fe-

212 1323 300 1354 renies
313 1328 339 1353 in
355 1327 448 1362 clypeo
462 1334 536 1353 mneo
553 1326 585 1353 ad
600 1326 718 1362 radicem
731 1326 831 1362 montis
844 1323 963 1359 Olympi.
973 1334 991 1362 _r

212 1362 343 1389 llervetus
360 1359 448 1388 autem
468 1361 575 1388 etiamsi
590 1360 722 1396 concedat
741 1360 811 1396 hanc
825 1366 918 1396 vocem
929 1359 993 1396 spt-

210 1406 255 1423 τον
272 1397 298 1424 in
314 1396 461 1424 Clementis
473 1396 621 1430 exemplari
632 1400 659 1423 et
671 1395 791 1426 Eusebii,
806 1395 844 1421 uti
861 1395 992 1430 loquitur,

213 1442 222 1458 ‹
233 1433 365 1463 versione,
380 1441 388 1457 ι
405 1432 452 1459 sed
465 1431 562 1458 melius
572 1431 766 1465 exscriptione,
778 1437 872 1458 revera
888 1430 993 1463 haberi,

213 1477 222 1492 ι
237 1475 287 1495 nos
299 1472 400 1498 tamen,
414 1466 510 1501 inquit,
523 1466 673 1493 Arnobium
690 1465 789 1501 secuti,
801 1473 856 1492 non
872 1466 992 1498 tertium,

211 1502 258 1529 sed
276 1512 284 1527 ι
301 1510 379 1530 suum
404 1511 414 1528 ι
433 1500 543 1528 fratrem
561 1501 703 1531 vertimus,
719 1504 749 1528 ut
771 1500 864 1528 Graece
888 1501 994 1536 legatur

210 1545 263 1564 non
278 1536 443 1573 τρίτονηκοά
466 1536 580 1573 ἑαυτῷν.
597 1546 611 1573 ιΔ
631 1536 665 1562 At
684 1544 717 1563 ex
735 1543 788 1573 quo
803 1535 915 1573 Arnobii
932 1537 993 1573 loco

212 1573 281 1600 hanc
296 1571 513 1599 emendationem
538 1572 583 1598 ille
596 1571 789 1606 desumpserit,
815 1571 894 1598 nobis
904 1571 994 1606 iplane

210 1608 408 1642 incompertum
436 1615 497 1633 esse
522 1614 621 1640 negare
645 1614 699 1633 non
727 1605 994 1642 possumusrlpsius

210 1640 310 1678 quippe
326 1642 436 1678 Arnobii
450 1642 508 1678 haec
523 1646 586 1668 stitit
603 1642 702 1678 verba:
727 1640 896 1678 (“Oblivioni
912 1640 994 1678 etiam

210 1676 373 1713 Corybantia
396 1684 474 1703 sacra
493 1677 639 1713 donentur,
657 1677 683 1702 in
701 1676 800 1713 quibus
815 1681 939 1702 sanctum
959 1677 994 1713 il-

210 1713 256 1740 lud
267 1711 574 1747 mysteriumtraditur,
589 1712 673 1739 frater
700 1711 888 1747 trucidatusa
903 1711 995 1747 fratris

209 1749 272 1777 bus.
287 1746 441 1780 interempti
455 1754 488 1773 ex
500 1747 631 1781 sanguine
645 1750 737 1772 natum
751 1746 841 1780 apium
850 1746 882 1772 εδ.
901 1756 910 1772 ι
925 1746 995 1778 Quid

210 1787 313 1813 autent,
342 1782 439 1807 amabo
462 1785 499 1811 te,
533 1782 666 1809 llcrvetus
694 1785 789 1808 contra
822 1788 995 1808 communem

210 1816 372 1845 Clementini
385 1820 476 1843 textus
492 1817 655 1843 locutionem
671 1817 799 1850 colligere
814 1816 877 1842 inde
895 1817 994 1850 potuit,

211 1852 263 1879 nisi
281 1851 391 1879 aliunde
412 1853 512 1885 plures.
529 1859 611 1887 quam
633 1851 713 1883 duos,
735 1851 892 1887 probaverit
910 1851 995 1879 fuisse

212 1889 390 1921 interemptos
406 1887 521 1914 fratres?

244 1922 334 1950 Nescii
349 1921 458 1956 quidem
475 1929 528 1948 non
542 1929 637 1949 sumus
651 1925 769 1956 quatuor
787 1921 928 1952 Cabeiros,
947 1922 994 1956 qui

210 1957 292 1985 iidem
323 1965 355 1984 ac
381 1957 550 1992 Corybantes
574 1964 635 1992 esse
657 1956 847 1992 dicunturtab
858 1956 994 1991 Apollonii

210 1992 356 2020 sclioliaste
371 1992 520 2019 recenseri.
539 1991 592 2018 Sed
614 1991 636 2018 is
652 1996 727 2019 certe
743 1993 777 2018 ab
794 1991 920 2022 llerveto,
943 1993 996 2019 mi-

210 2028 282 2055 nime
299 2035 363 2054 vero
377 2027 515 2054 Arnobius
528 2026 655 2053 citandus
666 2030 734 2054 erat.
749 2027 882 2054 Cancrum
899 2035 995 2061 quam-

209 2063 251 2090 vis
266 2067 340 2090 certa
352 2063 464 2089 omnino
476 2066 548 2089 esset
561 2069 592 2089 ea
607 2062 763 2097 sclioliastis
773 2062 933 2097 auctoritas,
946 2070 995 2097 po-

210 2102 280 2125 terat
292 2097 400 2132 quidem
418 2097 548 2124 llervetus
563 2104 623 2123 eam
639 2096 667 2122 in
680 2097 737 2124 suis
752 2096 995 2132 animadversioni-

211 2133 261 2160 bus
279 2131 434 2164 observare,
451 2132 499 2159 sed
515 2132 582 2159 nihil
598 2136 687 2158 tamen
703 2132 737 2159 ab
751 2140 784 2159 eo
800 2132 827 2158 in
843 2131 995 2159 Clementis

210 2172 286 2195 textu
299 2168 401 2194 idcirco
413 2171 472 2194 erat
487 2166 695 2193 immutandum.
709 2166 762 2193 Pro
773 2167 893 2194 auctoris
906 2167 994 2194 enim-

209 2211 274 2230 vero
290 2203 377 2230 nostri
391 2203 520 2237 opinione
535 2205 658 2236 pugnant
671 2202 717 2228 alii
735 2210 788 2228 non
804 2202 890 2229 intimi
906 2202 994 2229 nomi—

210 2238 253 2265 nis
268 2238 427 2272 scriptores.
444 2237 477 2263 Et
497 2238 585 2272 primo
600 2237 710 2271 quidem
730 2237 795 2272 quid
815 2238 843 2263 in
859 2237 932 2264 illius
946 2237 993 2264 de-

211 2270 362 2300 fensionem
383 2273 426 2299 his
447 2270 512 2299 Julii
528 2270 638 2299 Firmici
655 2270 748 2300 verbis
759 2272 861 2299 clarius
873 2276 900 2299 et
914 2280 991 2306 aper-
1010 2270 1031 2298 D
1045 2270 1144 2306 Pelops
1158 2277 1248 2300 autem
1268 2272 1396 2305 Lctrinac,

210 2308 281 2334 tius?
304 2316 312 2333 ι
332 2307 362 2334 In
385 2307 472 2334 sacris
486 2307 670 2342 Corybantum
688 2307 863 2342 parricidium
882 2307 992 2334 colitur.

210 2342 277 2369 Nam
295 2350 366 2370 unus
383 2343 466 2369 frater
487 2350 502 2369 a
516 2342 624 2369 duobus
639 2342 820 2377 interemptus
835 2346 891 2375 est;
909 2346 937 2369 et
959 2350 993 2370 ne

210 2377 281 2412 quod
295 2378 423 2404 indicium
440 2385 534 2404 necem
548 2377 675 2405 fraterna:
690 2378 786 2404 mortis
801 2377 929 2412 aperiret,
942 2378 994 2404 sub

210 2413 347 2440 radicibus
361 2412 467 2447 Olympi
481 2412 582 2439 montis
597 2420 612 2439 a
625 2413 769 2447 parricidis
779 2412 912 2447 fratribus
927 2420 994 2439 con-

211 2452 333 2475 secratur
349 2448 381 2475 ".
396 2446 410 2473 ⁷»
432 2447 543 2479 Verum,
562 2446 678 2482 inquies,
696 2448 753 2475 btec
770 2446 860 2476 Julius
877 2455 911 2474 ex
933 2455 994 2474 cor-

211 2485 292 2517 rupto
306 2483 452 2510 Clementis
466 2486 542 2509 testu
565 2483 702 2515 detibavit,
721 2487 804 2517 atque
821 2490 854 2510 eo
876 2483 944 2510 duce
965 2483 992 2509 in

211 2517 336 2544 eumdem
353 2518 445 2552 lapsus
459 2521 500 2544 est
518 2525 648 2545 errorem.
666 2518 719 2545 Sed
735 2526 800 2553 quo,
813 2517 993 2552 respondebi-

211 2560 282 2588 mus,
308 2557 468 2587 argumento
495 2553 624 2587 probabis
646 2554 703 2588 jam
728 2558 785 2580 tum
813 2553 990 2588 depravatum

212 2587 296 2614 fuisse
311 2589 432 2614 auctoris
447 2590 533 2615 nostri
550 2592 664 2616 textum.
681 2592 707 2614 et
729 2587 793 2615 inde
814 2595 828 2614 a
849 2587 921 2614 Julio
935 2588 992 2614 haec

210 2630 270 2657 quae
287 2622 370 2649 tradit
389 2623 474 2650 fuisse
488 2623 638 2658 decerpta?
652 2622 735 2650 Nobis
749 2629 814 2650 sane
833 2627 941 2649 constat
960 2623 993 2649 il-

212 2658 266 2684 lum
280 2665 313 2685 ex
329 2657 467 2685 Clemente
481 2666 514 2685 ea
528 2666 581 2684 non
597 2658 786 2692 descripsisse,
806 2658 835 2692 8
849 2665 909 2692 qua:
926 2665 993 2684 eon-

202 2691 287 2719 ‘tinuo
301 2693 440 2728 subjungit
461 2703 467 2720 :
487 2703 496 2718 ι
517 2692 595 2719 Hunc
611 2691 736 2720 eumdem
753 2691 931 2720 Macedonum
943 2700 992 2720 co-

210 2727 242 2754 lit
265 2729 347 2755 stulta
372 2727 523 2762 persuasio,
551 2729 595 2754 cui
619 2728 879 2755 'l‘bessaloniceuses
903 2736 991 2762 quon-

210 2763 272 2790 dam
299 2767 413 2790 cruento
444 2764 565 2790 cruentis
593 2763 719 2790 manibus
751 2763 953 2798 supplicabant.
979 2772 988 2789 ›

246 2871 268 2885 ⁵⁸
282 2880 340 2907 pag.
360 2873 400 2899 ιθ.

210 2910 238 2941 ιι.
254 2906 315 2937 tu.
356 2908 378 2924 ‘7
394 2908 460 2937 ibid.
506 2909 527 2925 ⁸³
544 2916 604 2943 pug.
620 2909 663 2936 2!.

483 2873 506 2889 “
519 2873 620 2900 Arnob.
639 2873 684 2900 lib.
701 2881 729 2901 Ill
745 2873 807 2899 adv.
817 2877 901 2909 gent”
913 2872 1012 2908 p.169.
1050 2873 1073 2888 ⁶⁵
1087 2872 1125 2899 De
1141 2880 1233 2909 errore
1250 2872 1425 2909 prof.»relig.,
1441 2881 1467 2909 p.
1486 2873 1547 2902 151.

745 2909 767 2925 θ’
781 2907 829 2936 tibi
845 2917 864 2936 ιι
878 2908 964 2942 Ρτωβ.
983 2915 1091 2942 evang.,
1106 2915 1165 2938 can.
1182 2908 1209 2939 6,
1227 2916 1287 2941 pag.
1304 2907 1342 2935 72
1371 2915 1379 2917 λ

1047 271 1120 297 riora
1132 270 1233 302 hausit,
1249 279 1282 298 ex
1299 271 1395 298 iisdem
1408 272 1489 298 etiam
1505 270 1532 298 et
1544 271 1647 306 priora,
1661 271 1765 306 quibus
1778 276 1835 299 tres

1045 309 1153 368 Lautum
1166 306 1296 334 dicuntur
1311 306 1396 334 fuisse
1406 306 1513 334 Cabeiri
1525 306 1634 340 fratres,
1652 306 1734 333 facile
1744 308 1833 341 potuit

1065 348 1166 368 aurire.
1382 346 1387 349 ·

1065 348 1166 368 aurtre.
1382 346 1387 349 ”

1081 375 1184 403 Deinde
1201 383 1266 403 vero
1280 375 1351 403 idem
1366 377 1446 410 plane
1461 380 1554 403 narrat
1571 375 1682 408 Strabo,
1697 377 1745 411 qui
1766 376 1834 403 illud

1045 418 1101 438 non
1118 419 1150 438 ex
1165 411 1315 443 Clemente,
1331 411 1378 438 sed
1392 419 1425 438 ex
1440 411 1568 439 Acusilao
1583 420 1612 438 se
1632 413 1775 446 accepisse
1789 412 1832 439 his

1045 447 1138 481 verbis
1160 450 1294 474 testatur:
1314 455 1323 470 ι
1341 446 1486 473 Acusilaus
1509 447 1640 481 Argivus,
1662 447 1780 474 Cabeira
1806 452 1834 474 et

1046 480 1168 509 Vulcano
1184 485 1277 508 natum
1293 481 1330 508 ait
1348 481 1491 515 Camillum
1512 492 1519 509 ε
1538 480 1569 508 ex
1594 482 1646 508 hoc
1662 486 1719 509 tres
1734 482 1834 510 Cabei-

1046 524 1103 547 ros,
1119 524 1152 543 ex
1170 517 1212 544 bis
1226 517 1360 551 nymphas
1374 516 1532 544 Cabeiridas
1544 517 1577 543 θθ.
1589 526 1598 542 ι
1616 516 1656 543 Ex
1673 517 1726 544 hoc
1740 522 1833 545 autem

1047 551 1191 578 Strabonis
1220 552 1280 578 loco
1302 551 1374 578 haud
1404 552 1522 579 absurde
1547 552 1610 586 quis
1641 553 1774 586 colligat,
1799 553 1835 580 ab

1045 587 1181 621 Apollonii
1201 587 1349 614 scboliaste
1363 590 1389 613 et
1406 586 1530 618 Mnasea,
1546 587 1592 622 qui
1615 586 1764 614 Camillum
1780 587 1834 614 Ca-

1045 621 1184 683 bClrIOI'UJtt
1195 626 1323 657 quartum
1333 629 1394 649 esse
1407 621 1562 656 perhibent,
1577 627 1681 657 patrem
1693 631 1757 650 cum
1769 623 1833 650 ﬁliis

1046 664 1096 683 con
1113 665 1147 683 un
1170 666 1187 683 ι.

1046 664 1187 685 εωιιυηαι.

1080 691 1136 720 Nos
1152 696 1226 719 certe
1240 700 1295 718 non
1311 691 1381 726 fugit
1394 691 1562 727 Corybantes
1577 699 1591 719 a
1607 692 1732 720 Cabeiris
1747 692 1835 720 fuisse

1045 735 1060 754 a
1071 727 1233 762 quibusdam
1246 727 1403 759 distinctos,
1415 727 1634 762 quandoquidem
1648 727 1720 755 idem
1733 727 1834 756 Strabo

1045 764 1177 803 continuo
1202 762 1365 803 subjuhngiu:
1383 772 1392 787 ι
1406 762 1580 803 Pherecydes
1593 770 1630 803 ex
1654 764 1834 803 Apolline_et

1046 796 1144 833 Bhytia
1160 805 1257 833 novem
1273 796 1453 833 Corybantes,
1475 796 1521 832 qui
1536 796 1719 833 habitaverint
1735 798 1763 825 in
1782 798 1834 825 Sa-

1046 831 1196 863 mothrace,
1205 840 1220 859 e
1230 831 1344 859 Cabcira
1356 831 1445 860 Protei
1461 832 1514 859 ﬁlia
1526 839 1552 860 et
1567 832 1689 860 Vulcano
1701 833 1834 860 Cabeiros

1047 871 1119 900 tres,
1142 871 1169 895 et
1191 872 1249 894 tres
1272 867 1407 903 nymphas
1432 868 1592 895 Cabeiridas
1605 869 1662 895 ⁵⁷.»
1688 868 1742 895 Sed
1767 869 1834 903 quid

1048 903 1104 930 haec
1118 907 1213 930 contra
1226 903 1374 930 Clementis
1390 903 1494 930 faciunt
1511 903 1692 938 propositum,
1707 911 1771 930 cum
1787 905 1835 930 ille

1046 937 1080 965 de
1098 938 1283 973 Corybantum
1306 938 1407 972 orgiis,
1430 938 1458 965 in
1479 939 1579 973 quibus
1602 938 1710 965 Cabeiri
1738 938 1834 966 fratris

1046 946 1080 965 oe
1098 946 1283 1000 uorynantum
1306 946 1407 972 orgiis,
1430 946 1458 965 in
1479 946 1579 973 qutDllS
1602 946 1710 965 canem
1738 946 1833 966 Iratris

1046 973 1134 1001 cmdes
1161 974 1224 1000 iaud
1240 973 1322 1000 dubie
1338 974 1553 1006 celebrabratur,
1567 974 1758 1000 tanlununodo
1773 975 1833 1001 dis-

1047 1007 1140 1042 putet?
1149 1008 1269 1042 Denique
1281 1008 1388 1035 etiamsi
1403 1009 1581 1043 quorumdam
1596 1009 1763 1043 scriptorum
1779 1010 1833 1035 alia

1046 1043 1155 1074 fuisset,
1170 1051 1252 1079 quam
1272 1044 1420 1072 Clementis
1439 1052 1469 1071 ea
1485 1043 1518 1070 de
1533 1051 1566 1079 re
1581 1044 1693 1078 opinio;
1709 1044 1774 1078 quia
1792 1049 1833 1070 La-

1046 1085 1108 1114 men
1123 1078 1226 1114 plures
1260 1086 1316 1105 non
1341 1078 1445 1105 minimi
1469 1078 1597 1114 ponderis
1617 1083 1745 1106 auctores
1764 1087 1834 1114 pra}-

1045 1113 1105 1140 vios
1122 1113 1227 1144 babu‘it,
1242 1114 1269 1140 in
1284 1114 1343 1147 ejus
1357 1117 1442 1144 textu,
1457 1113 1511 1141 non
1524 1113 1634 1141 Eusebii
1652 1113 1771 1145 tantum,
1785 1115 1833 1141 sed

1047 1150 1297 1183 manuscriptorum
1324 1154 1481 1175 nostrorum
1510 1149 1671 1175 auctoritate
1708 1149 1832 1180 ﬁrmato,

1046 1183 1120 1219 nulla
1137 1184 1216 1218 plane
1233 1184 1347 1210 mutatio
1358 1184 1414 1211 fieri
1429 1183 1554 1210 debebat.
1574 1184 1615 1219 De
1629 1184 1833 1219 Corybantibus

1046 1222 1072 1254 ej.
1087 1218 1210 1246 Cabeiris
1230 1220 1252 1246 si
1276 1220 1354 1253 plura
1370 1220 1521 1254 quaesieris,
1536 1219 1581 1245 adi
1597 1218 1725 1246 Vossium
1750 1220 1787 1246 lib
1814 1228 1831 1246 ιι

1046 1251 1085 1280 De
1101 1254 1224 1289 ido‘lalat.
1238 1251 1303 1289 orig.
1315 1259 1340 1281 et
1359 1251 1510 1289 progressu,
1533 1262 1594 1289 cap.
1610 1255 1644 1281 55
1658 1260 1685 1281 et
1705 1254 1756 1287 57;
1777 1253 1831 1281 Na-

1046 1288 1094 1328 tal.
1117 1288 1216 1317 Comit.
1233 1288 1325 1317 libkix
1345 1288 1475 1325 ﬁgi/10L,
1496 1297 1557 1325 cap.
1568 1288 1606 1324 ’7;
1628 1290 1699 1316 le.
1726 1289 1831 1317 Rhodi-

1046 1330 1116 1358 gm.,
1130 1329 1184 1352 etc.

1082 1358 1225 1388 Secundus
1248 1359 1397 1387 Clementis
1424 1360 1512 1392 locus,
1527 1368 1606 1395 quem
1632 1359 1769 1395 llervetus
1786 1360 1832 1387 de-

1045 1398 1188 1428 pravatum
1200 1403 1261 1422 esse
1274 1399 1376 1430 ccn_set,
1392 1395 1418 1422 in
1434 1395 1513 1423 editis
1531 1393 1570 1422 sic
1586 1395 1684 1430 legitur
1698 1404 1703 1421 :
1718 1393 1789 1421 Πίσα
1805 1395 1832 1421 δὲ

1045 1427 1109 1466 ubi»)
1123 1430 1206 1466 τάφος
1220 1430 1302 1462 ἐστὶν,
1316 1427 1338 1456 ὦ
1348 1430 1524 1466 Πανέλληνες,
1536 1427 1643 1466 ἡνιόχόυ
1658 1430 1775 1466 Φρυγὸς,
1787 1431 1834 1456 καὶ

1044 1465 1091 1491 τοῦ
1107 1465 1226 1496 Πέλοπος
1242 1465 1291 1497 τὰς
1314 1465 1389 1501 χοᾲς,
1404 1465 1437 1491 τὰ
1460 1465 1594 1501 Ὀλύμπια
1610 1467 1624 1491 ὁ
1643 1465 1749 1501 Φεεδίου
1770 1474 1834 1500 σφε-

1044 1500 1181 1535 τερίζεςται
1202 1501 1268 1532 Ζεύς
1279 1499 1338 1527 “fi
1351 1500 1412 1528 Pisa
1428 1499 1529 1528 autem
1541 1501 1629 1532 vobis.
1643 1508 1660 1528 ο
1676 1499 1777 1532 Graeci,
1792 1499 1833 1527 ea

1046 1537 1201 1571 sepulcrum
1223 1536 1325 1570 auriga:
1342 1535 1467 1571 Phrygis,
1496 1541 1523 1564 et
1560 1535 1668 1570 Pelopis
1706 1536 1832 1568 inferias,

1045 1569 1168 1605 Olympia
1193 1571 1244 1598 sibi
1260 1569 1380 1597 vindicat
1397 1569 1502 1606 Jupiter
1518 1569 1633 1598 Phidiae;
1644 1581 1654 1596 ι
1673 1571 1834 1606 Legendum

1045 1606 1118 1642 enim
1135 1605 1293 1642 arbitratur,
1307 1606 1354 1632 τοῦ
1368 1605 1488 1638 nemo;
1504 1607 1589 1642 χοαιη
1601 1614 1655 1633 non
1675 1605 1770 1634 autem
1785 1606 1834 1637 τὰς

1045 1640 1120 1675 χοάς.
1136 1640 1317 1674 Quamobrem
1335 1641 1406 1668 hunc
1422 1640 1563 1669 locuni'ita
1580 1641 1676 1668 Latine
1692 1642 1833 1668 reddidit:

1049 1684 1061 1711 ε
1075 1675 1137 1702 Pisa
1151 1681 1242 1703 autem
1257 1677 1346 1709 vobis,
1359 1685 1376 1704 ο
1387 1675 1484 1709 Graeci,
1501 1681 1541 1704 est
1557 1678 1716 1711 sepulcrum
1732 1677 1836 1711 auriga:

1045 1709 1213 1747 Phrygistet
1231 1711 1346 1747 Pelopis
1361 1712 1473 1739 inferiae.
1496 1709 1620 1747 Olympia
1635 1712 1689 1739 sibi
1714 1709 1835 1739 vindicat

1045 1744 1151 1780 Jupiter
1172 1744 1307 1773 Phidian—3
1336 1746 1388 1774 Sed
1404 1755 1473 1774 vana
1488 1744 1600 1774 omnino
1615 1751 1642 1773 et
1662 1747 1772 1774 inutilis
1794 1752 1836 1774 est

1045 1781 1103 1817 haec
1116 1780 1225 1817 llerveti
1238 1782 1402 1814 emendatio,
1415 1791 1495 1817 quatit
1512 1790 1566 1809 non
1581 1782 1662 1809 modo
1679 1782 1792 1809 Eusebii
1801 1783 1834 1814 “,

1046 1816 1093 1850 qui
1118 1816 1190 1843 hunc
1211 1817 1302 1844 rctulit
1328 1816 1432 1850 locum,
1445 1826 1477 1846 ac
1500 1818 1758 1852 manuscriptorum
1787 1825 1836 1844 nn-

1046 1855 1165 1878 strorum
1191 1852 1258 1879 fides
1279 1853 1397 1887 respuit,
1414 1853 1460 1880 sed
1478 1860 1559 1880 verus
1574 1853 1657 1879 etiam
1682 1852 1836 1879 Clementis

1046 1890 1137 1914 textus
1160 1895 1298 1922 nunquam
1315 1891 1404 1922 potest
1428 1888 1580 1915 admittere.
1604 1887 1661 1914 Cur
1678 1888 1766 1916 enim,
1787 1895 1836 1914 oro

1045 1925 1083 1957 t_e,
1100 1922 1126 1947 in
1149 1925 1202 1948 tam
1227 1926 1306 1956 longo
1329 1922 1463 1950 ilervctus
1477 1923 1687 1954 conmentario,
1705 1923 1773 1957 quid
1801 1923 1838 1949 ibi

1045 1955 1153 1993 Pelopis
1169 1955 1484 1993 inferim’signilicarent,
1502 1958 1578 1984 nullo
1594 1958 1673 1992 plane
1689 1955 1774 1984 modo
1789 1966 1839 1984 ex-

1045 1991 1238 2044 plicavit,9nisi
1257 1991 1325 2028 quia
1342 1996 1460 2020 mentem
1479 1991 1628 2020 Clementis
1648 2000 1705 2020 non
1728 1997 1775 2019 est
1793 2001 1838 2020 as—

1047 2032 1158 2044 anna-Inc

1047 2032 1176 2055 secutus?

1080 2063 1146 2093 Quae
1161 2065 1251 2089 autem
1275 2069 1307 2090 ea
1325 2062 1445 2090 auctoris
1467 2062 1554 2089 nostri
1583 2070 1661 2089 mens
1682 2066 1711 2089 et
1737 2070 1840 2090 sensus

1046 2094 1189 2132 fuerithi
1210 2098 1362 2132 rogaveris,
1386 2098 1544 2124 meminisse
1572 2096 1656 2124 debes
1679 2097 1839 2132 Olympiam

1045 2131 1140 2158 urbem
1153 2131 1238 2159 fuisse
1246 2131 1317 2159 ’olim
1334 2134 1501 2168 sitamiinter
1518 2131 1615 2168 Ossam
1631 2137 1659 2158 et
1675 2131 1838 2168 Olympium

1045 2171 1176 2202 montem,
1194 2175 1249 2194 non
1267 2169 1361 2202 procul
1378 2175 1392 2194 a
1409 2167 1521 2195 Gracia:
1535 2167 1694 2195 civitatibus
1715 2167 1796 2195 Elide
1811 2173 1840 2195 ct

1045 2200 1118 2237 Pisa,
1144 2202 1190 2229 ubi
1214 2200 1343 2237 templum
1363 2207 1422 2230 erat
1446 2202 1521 2230 Jovis
1542 2203 1674 2237 Olympii,
1699 2206 1728 2230 et
1747 2203 1840 2237 ﬁgura

1046 2236 1120 2272 illius
1144 2245 1159 2263 a
1183 2236 1278 2264 Phidia
1303 2238 1474 2266 nobilissimo
1501 2236 1640 2272 sculptore
1669 2236 1838 2264 fabrefacta.

1434 2281 1474 2300 uie
1489 2273 1574 2299 Elidis
1590 2273 1686 2300 civitas
1710 2272 1776 2304 fuit,
1794 2281 1840 2300 se—

1046 2307 1140 2343 pultus
1155 2315 1216 2335 esse
1238 2308 1405 2342 perhibetur.
1420 2306 1446 2335 Is
1462 2316 1543 2343 porro
1557 2308 1680 2342 aurigam
1697 2306 1839 2343 Phrygem

1048 2342 1152 2374 habuit,
1167 2344 1279 2370 nomine
1297 2342 1521 2378 Myl-tiliuquui
1547 2344 1680 2377 pruinissa
1696 2350 1712 2369 a
1733 2342 1841 2378 Pelope

1047 2377 1169 2413 pecunia
1183 2379 1223 2405 sic
1240 2377 1386 2413 corruptus
1399 2383 1457 2409 est,
1479 2377 1509 2405 ut
1526 2378 1599 2405 illius
1622 2377 1718 2404 fraude
1742 2377 1840 2405 (Eno-

1047 2419 1135 2444 maus,
1149 2412 1234 2440 Elidis
1246 2418 1272 2441 et
1289 2412 1358 2440 Pisa:
1374 2421 1431 2446 rex,
1447 2414 1535 2440 fracto
1548 2420 1631 2439 curru
1649 2413 1777 2446 dejectus
1797 2414 1842 2440 in-

1046 2447 1162 2474 terierit.
1184 2447 1282 2476 Postea
1297 2456 1363 2476 vero
1385 2457 1448 2476 cum
1471 2448 1543 2475 idem
1564 2447 1698 2480 Ityrtillus
1724 2452 1839 2483 pactam

1046 2483 1165 2518 perfidiae
1176 2483 1327 2511 mercedem
1341 2491 1355 2509 a
1367 2485 1464 2518 Pelope
1478 2483 1659 2518 importunius
1671 2484 1840 2518 postularet,

1047 2517 1131 2553 abeo
1145 2517 1173 2544 in
1190 2526 1264 2545 mare
1281 2519 1466 2553 praecipitatus
1480 2517 1530 2545 est.

1080 2551 1129 2579 Hic
1147 2553 1238 2588 itaque
1256 2551 1415 2584 Ciciiientis.
1431 2554 1477 2588 qui
1495 2553 1590 2588 paucis
1610 2553 1702 2580 verbis
1718 2553 1771 2580 has
1787 2561 1842 2587 pa-

1044 2594 1178 2622 ganorum
1193 2589 1298 2615 fabulas
1312 2593 1340 2615 et
1354 2589 1565 2623 superstitiones
1577 2589 1708 2621 exagitat,
1724 2588 1841 2615 videtur

1043 2629 1105 2658 esse
1122 2631 1219 2651 sensus
1239 2633 1246 2651 ε
1270 2623 1333 2651 Pisa
1359 2623 1469 2658 Myrtilli
1500 2624 1602 2658 auriga:
1623 2623 1753 2658 Phrygis,
1774 2627 1803 2650 et
1823 2632 1840 2650 a

1043 2656 1143 2693 [’elope
1160 2659 1186 2684 in
1205 2666 1277 2685 mare
1293 2656 1452 2693 praecipitati
1468 2656 1635 2693 sepulcrum,
1651 2656 1734 2693 atque
1750 2659 1838 2685 etiam

1043 2691 1152 2728 Pelopis
1172 2691 1300 2725 inferias,
1315 2691 1545 2728 quemadmodum
1563 2691 1696 2728 Olympia'
1713 2697 1839 2720 statuam

1043 2726 1118 2756 Jovis
1133 2736 1148 2754 a
1164 2728 1261 2755 Phidia
1282 2726 1397 2756 edictam
1422 2729 1475 2756 sibi
1498 2726 1629 2756 vindicat.
1644 2726 1714 2755 Cum
1739 2733 1839 2755 autem

1046 2761 1109 2790 Pisa
1126 2771 1180 2790 non
1194 2764 1301 2799 procul,
1324 2765 1362 2791 uti
1386 2764 1516 2792 diximus.
1538 2764 1574 2791 ab
1593 2763 1721 2798 Olympio
1740 2769 1840 2790 monte

1586 2873 1609 2888 “
1624 2872 1672 2901 lib.
1691 2880 1707 2900 ι
1720 2871 1839 2908 Geogr.,
