1927 3074
56 188 103 216 809

59 248 136 283 posita
153 250 233 283 esset,
254 246 317 283 hi_nc
334 246 521 283 eademVJorvis
536 251 625 274 statna
644 248 679 275 ab
694 249 753 283 ipso
767 249 825 276 Cle~
841 253 861 281 Α

59 281 138 310 iuente
155 281 256 317 Jupiter
278 281 395 318 Pisanus
419 282 483 309 alibi
506 283 669 318 appellatur.
691 281 824 310 (Athleta

58 318 157 352 quidam
172 324 224 344 non
237 317 374 352 ignobilis.
388 317 488 352 inquit,
504 317 554 345 nec
577 318 668 352 pusilli
684 319 826 346 animi.....

58 351 143 389 petens
160 351 280 393 glympia
291 373 297 384 ,
319 360 380 393 cum
392 351 495 393 _Pisani
507 351 585 393 lovis
595 353 747 393 aspeitisset
771 357 828 381 sta-

57 387 141 415 iuam:
160 387 306 417 Si'omnia.
325 387 422 422 inquit,
438 395 455 414 ο
471 387 587 422 Jupiter,
605 387 670 414 mihi
686 393 759 415 recte
774 396 823 422 pa-

57 427 108 450 rata
128 426 187 449 sunt
206 423 237 450 ad
260 426 408 454 certamen,
425 423 523 450 merito
545 423 610 449 mihi
628 422 712 450 redde
735 423 824 450 victo-

56 461 115 485 riam
127 458 158 484 ⁷⁸.
173 469 181 483 ›

87 493 132 520 Ubi
147 496 233 520 autem
245 493 318 519 varia
332 491 407 520 Jovis
420 493 583 528 cognomina
599 500 614 519 a
627 492 767 520 Clemente
782 501 827 520 re-

55 532 190 555 censentur
206 529 242 564 f',
258 528 307 564 ibi,
322 527 463 555 llervetus'
479 535 529 563 pro
552 528 664 564 nomine
687 528 825 564 Προστρῤ-

55 572 135 596 παιος,
148 563 217 598 quod
233 563 259 590 in
276 563 357 590 editis
373 571 405 590 ac
420 563 615 598 manuscriptis
630 563 733 590 nostris
752 563 826 590 codi-

55 599 124 625 cibus
139 597 292 626 constanter
309 598 463 629 exhibetur.
472 599 529 625 vult
551 597 754 633 Ἀποτρόπαιος,
765 606 827 626 esse

56 634 272 661 substituendum.
296 633 350 660 Nec
370 641 436 661 sane
452 633 588 660 immerito
608 633 678 660 hanc
695 633 824 661 emenda-

54 669 144 696 tionetn
159 669 263 703 prolato
278 668 404 701 Luciani,
420 676 433 694 a
449 675 504 703 quo
517 668 624 703 Jupiter
640 668 676 694 ita
690 669 826 703 cognomi-

55 708 126 730 natus
150 708 207 735 est,
234 704 392 730 testimonio
415 703 569 731 confirmat.
596 703 651 730 Sed
674 710 706 730 ea
730 703 825 738 procul

54 739 127 766 dubio
141 747 192 766 non
213 739 300 766 solum
319 739 412 773 hujus,
428 739 475 766 sed
490 739 603 766 alteritts
623 738 674 765 loci
690 740 826 765 correctio

53 782 81 801 ex
97 774 232 808 ipsiusmet
253 774 402 801 Clementis
424 777 500 801 textu
517 777 623 808 poterat
639 773 711 800 haud
733 774 825 802 minus

54 809 131 836 valide
156 809 282 837 stabiliri.
305 809 374 837 Deos
393 809 466 836 enim
492 809 630 839 tutelares.
657 816 704 836 seu
733 809 824 844 potius

53 845 173 871 malorum
196 844 356 879 depulsores
371 844 473 871 alit-ubi
498 848 577 871 vocat
608 844 824 879 Προτροπαίους,

53 880 97 908 vel.
111 884 136 906 ut
151 880 176 906 in
190 880 332 907 codicibus
344 887 426 906 manu
439 880 559 906 exaratis
571 880 677 915 legitur,
692 879 825 915 Προστρο-

53 915 151 946 παίουςς
168 914 230 941 alibi
242 923 308 942 vero
327 915 543 950 Ἀποτροπαίους
559 915 592 940 ⁷¹.
612 914 651 940 Ex
667 914 718 950 hac
733 914 823 941 :tntein

52 950 183 984 posteriori
200 950 328 979 lectione.
349 949 431 985 quam
449 957 544 976 sanam
559 953 588 977 et
603 949 748 985 genuinam
763 957 826 978 esse

54 993 121 1012 nemo
136 985 254 1020 negabit,
268 985 338 1012 duos
353 986 457 1020 priores
473 985 554 1020 locos
564 984 741 1018 corrigendos
761 985 824 1019 quis

53 1020 209 1047 diflitehitur?
229 1019 420 1047 Verumtamen
436 1028 496 1055 cum
512 1027 527 1046 a
540 1019 639 1055 Budteo
650 1019 673 1034 ⁷³
689 1019 825 1055 Προστρό-

53 1064 121 1086 παιος
134 1055 206 1086 Ζεὺς,
223 1055 248 1083 is
272 1055 378 1082 dicatur
394 1063 455 1083 esse
470 1054 585 1089 Jupiter,
602 1054 636 1081 ad
654 1054 738 1090 quem
758 1054 825 1090 stip-

68 1090 125 1117 liees
149 1090 190 1117 vel
215 1095 329 1125 egentes
356 1093 569 1123 convertuntur;
595 1090 697 1125 quique
723 1089 825 1117 dicitur

71 1125 196 1158 iacularis,
211 1124 268 1152 non
288 1129 343 1152 tam
360 1125 440 1153 facile
453 1133 468 1152 e
483 1125 572 1152 medio
588 1124 708 1151 tollenda
721 1129 763 1152 est
777 1125 824 1152 illa

52 1161 187 1188 communis
207 1160 345 1188 editorum
369 1160 673 1195 manuscriptorumque
694 1160 823 1195 codicum

53 1195 129 1225 lectio,
141 1204 198 1229 qua:
218 1195 336 1223 forsitan
351 1197 385 1223 ab
405 1196 466 1224 aliis
482 1194 660 1231 peritioribus
676 1194 823 1229 aliquando

51 1230 202 1257 admittenda
214 1231 364 1258 videbitur.

82 1265 195 1292 Hiulcutn
212 1273 280 1293 vero
302 1270 328 1292 et
353 1265 471 1293 hiantem
497 1263 631 1292 l'lervetus
650 1267 727 1300 puiat
749 1264 822 1292 hunc

50 1306 102 1335 esse
113 1300 260 1328 Clementis
273 1301 374 1334 locum,
395 1301 422 1327 in
435 1308 490 1335 quo
510 1301 632 1328 ciconias
650 1298 666 1326 a
682 1298 822 1327 Thessalis

52 1334 167 1362 honorari
183 1335 225 1363 his
240 1336 334 1363 verbis
352 1334 481 1362 memorat
495 1345 502 1362 :
523 1345 530 1361 ι
547 1335 585 1362 Ex
607 1334 684 1362 vobis
700 1335 822 1363 ciconias

51 1369 140 1398 honore
166 1370 316 1406 affecerunt
349 1369 474 1406 Thessali
503 1375 623 1406 propter
642 1369 821 1406 consuetudi-

51 1412 120 1431 nem:
136 1415 144 1430 ι
164 1405 297 1432 Decentio).
324 1406 378 1441 μὲνν
397 1405 474 1440 ὑμῶν
491 1405 561 1437 robe
583 1405 735 1441 πελὰργους
750 1413 821 1433 τετυ-

50 1440 142 1480 μήκασρ
162 1440 205 1467 διὰ
225 1441 278 1481 τὴν
302 1440 445 1481 cmi/ﬁdam?
460 1441 493 1481 7f.
513 1441 698 1481 Quid’antein
721 1440 754 1480 in.
768 1441 822 1481 hoc

50 1475 156 1510 auctoris
171 1475 262 1503 nostri
278 1480 407 1503 contextu
425 1476 506 1506 desit,
520 1484 575 1502 non
591 1475 694 1502 indicat
709 1476 820 1510 quidem

49 1507 186 1545 ilervetus:
201 1511 248 1538 sed
269 1519 283 1537 a
300 1519 364 1538 vero
379 1518 492 1545 prorsus
509 1511 628 1538 alienum
649 1507 820 1538 esse-censet

50 1544 191 1582 Thessalos,
210 1546 261 1582 qui
275 1544 407 1577 cicornias,
423 1550 452 1573 ttt
467 1546 524 1582 ipse
545 1546 682 1580 opinatur.
701 1553 753 1582 pro
767 1546 820 1573 diis

51 1587 96 1616 non
118 1581 263 1616 habebant,
286 1588 332 1608 eas
355 1585 467 1616 propter
481 1581 567 1608 solam
594 1581 819 1608 consuetudinem

48 1614 127 1649 aliquo
147 1615 218 1643 haud
234 1616 343 1651 vulgari
356 1614 460 1643 honore
476 1616 609 1643 affecisse.
626 1617 660 1643 At
681 1616 727 1643 ille
738 1615 772 1642 ad
788 1624 820 1643 ea

48 1651 106 1685 satis
119 1650 234 1678 animum
249 1650 306 1678 non
328 1651 454 1680 advertit,
468 1659 528 1685 qua:
539 1659 553 1677 a
571 1651 710 1678 Clemente
725 1655 820 1678 contra

49 1683 145 1720 Qrmcos
167 1686 353 1720 disputantur.
378 1683 503 1713 Ostendit
526 1687 598 1713 enim
624 1685 752 1713 Clemens
773 1693 821 1713 eos

49 1719 178 1755 Egyptiis,
191 1719 264 1756 quos
280 1725 390 1757 propter
405 1722 518 1756 itnpium
537 1721 697 1757 animalium
714 1721 822 1748 ratione

49 1757 183 1791 carentium
208 1757 316 1783 cultum
342 1764 482 1791 nunquam
509 1763 563 1783 non
585 1756 751 1788 irridehant,
775 1760 822 1783 aut

49 1790 161 1818 meliores
183 1799 236 1818 non
253 1799 328 1823 esse,
346 1796 392 1818 aut
409 1790 533 1819 fortasse
556 1791 717 1818 deteriores.
742 1791 821 1823 Quod

47 1825 142 1858 quidem
159 1824 355 1854 Thessalorum
370 1827 494 1861 exemplo
516 1827 635 1861 primum
650 1827 757 1861 probat,
773 1827 821 1853 ait-

49 1867 93 1896 que
105 1861 136 1896 ab
150 1861 203 1888 illis
216 1862 342 1888 ciconias
355 1862 407 1888 coli
424 1861 467 1888 διὰ
482 1861 531 1896 τὴν
547 1861 701 1896 συνήθειαν,
715 1861 755 1887 vel
773 1869 821 1895 po-

46 1895 94 1922 tius
110 1895 240 1931 σύνβειαν,
264 1896 291 1923 id
309 1899 352 1924 est
373 1904 406 1924 eo
420 1897 493 1931 quod
509 1895 634 1923 eamdem
651 1896 689 1923 illi
706 1896 820 1924 cieoniis

48 1934 118 1966 atque
138 1930 257 1966 Egyptii
283 1931 343 1958 aliis
367 1930 532 1958 animalibus
549 1931 718 1958 divinitatem
743 1932 821 1958 attri-

49 1964 157 1992 buerent.
172 1964 287 1993 l-ft‘vero
301 1966 372 1993 hanc
395 1967 476 1994 unius
498 1967 626 1993 litterulae
652 1966 819 2000 amputatio-

49 2008 100 2027 nem
122 2003 259 2035 postulare
281 2001 388 2028 videtur
404 2001 463 2036 ipsa
488 2001 666 2028 Clementinre
687 2001 821 2036 orationis

49 2037 190 2063 consecutio
213 2040 241 2064 et
271 2036 468 2070 disputationis
495 2041 699 2070 argumentum.
727 2035 820 2070 Neque

49 2070 109 2106 enim
124 2078 154 2097 eo
168 2071 364 2099 Thessalorum
385 2072 509 2106 exemplo
525 2071 653 2106 probaret
669 2078 716 2098 eos
726 2070 819 2106 ,Εεν-

48 2105 103 2141 ptiis
115 2113 165 2133 non
177 2114 240 2134 esse
254 2107 392 2135 meliores.
406 2107 458 2133 nisi
466 2105 637 2141 persuasum
654 2106 705 2140 ipsi
722 2105 820 2133 fuisset

48 2139 100 2176 illos
118 2142 244 2171 cieoniis,
268 2141 341 2168 sicut
363 2139 506 2176 Egyptios
526 2142 588 2176 aliis
614 2139 818 2171 animantibus,

48 2174 151 2209 aliquam
166 2176 299 2204 tribuisse
323 2174 503 2204 divinitatem.
528 2175 720 2203 Verumtamen
738 2176 761 2203 si
787 2184 820 2203 ex

48 2211 119 2238 verbo
134 2211 259 2247 συνήθεια.
272 2211 389 2238 similem
403 2211 492 2246 possis
503 2211 602 2247 elicere
613 2218 738 2243 sensum,
753 2211 818 2247 illud

48 2251 101 2271 cum
121 2245 197 2274 editis
218 2250 247 2273 et
263 2247 460 2281 manuscriptis
481 2245 623 2273 codicibus
646 2245 818 2274 retinendum

47 2287 99 2307 esse
113 2281 182 2308 ultro
205 2280 363 2309 fatebimur.
378 2273 512 2309 Caeterum
534 2283 623 2309 cultus
646 2280 772 2314 cieoniis,
787 2289 820 2308 eo
836 2273 858 2299 Ῑ)

47 2315 108 2348 quod
126 2321 265 2351 serpentes
284 2316 463 2351 devorarent.
488 2324 503 2343 a
524 2315 663 2344 Thessalis
691 2316 819 2347 exhibiti,

47 2354 132 2383 praeter
146 2349 262 2379 Plinium
276 2351 300 2366 "
324 2352 358 2378 ab
380 2350 500 2386 llerveto
524 2352 641 2386 citatum
657 2351 750 2386 plures
773 2352 820 2378 alii

47 2387 198 2423 meminere,
229 2394 301 2422 quos
330 2393 345 2412 a
376 2385 512 2413 Bocharto
534 2387 556 2401 "
582 2385 707 2413 laudatos
742 2386 819 2414 inve-~

47 2425 107 2446 mes.

77 2454 109 2481 De
124 2455 172 2483 alia
189 2455 355 2484 Clementini
372 2459 464 2483 textus
480 2455 673 2490 depravatione
687 2460 817 2490 expostu-

46 2488 78 2514 lat
91 2490 234 2525 illervctus,
258 2491 306 2517 ubi
327 2491 361 2518 de
377 2488 532 2522 Furiarum,
548 2489 710 2525 Patareique
722 2488 819 2523 Ilovis,

46 2528 69 2560 et
83 2524 248 2560 9Apollinis
269 2526 424 2553 simulacris
438 2526 496 2553 haec
520 2527 645 2560 leguntur
655 2524 676 2541 τῖ
691 2535 697 2552 ;
714 2525 759 2560 Μὴ
773 2524 820 2552 οὖν

46 2558 225 2597 miomne,
245 2561 272 2597 sl.
283 2560 342 2597 75in
350 2559 460 2595 Σεμνῶν
480 2558 624 2597 Ἀβήῦῃσιν
646 2558 820 2597 καλᾳυμξνων

46 2593 120 2632 Θξῶν,
132 2596 180 2632 τὰς
197 2597 246 2632 μὲν
263 2593 435 2632 “alucitae
455 2593 592 2632 ἐπᾳίῃὰξῖἆ,
610 2596 644 2632 ὲκ
660 2595 707 2622 τοῦ
727 2593 822 2632 ignou-

48 2629 118 2672 μένου
128 2629 255 2672 .λυχύέῳ;
283 2629 483 2672 λίθουετιςᾲλως
552 2630 586 2666 ἣν
606 2631 698 2672 μέσην
725 2631 819 2672 αρταῖν

47 2664 201 2701 ἱςτοροῦντᾶι
221 2666 341 2701 ἔχουσαι,
357 2665 506 2701 Πολέμωνα.
524 2664 659 2692 summa.
675 2664 703 2692 ὲν
720 2667 753 2701 τῇ
773 2674 818 2692 τε-

45 2698 121 2736 τάρὲῃ
134 2701 186 2727 τῶν
201 2698 271 2736 πρδς
290 2701 413 2736 Τίμαιον.
428 2698 505 2736 Μηδὲ
518 2701 552 2727 τὰ
571 2701 600 2727 ὲν
617 2698 753 2736 Πατάροιξ
770 2701 820 2736 τῆς

840 927 861 954 Β

75 2801 96 2817 ⁷⁸
113 2802 158 2829 lib.
175 2811 213 2830 vit
229 2802 344 2835 Strom.,
359 2810 419 2838 pag.
437 2802 511 2838 727.7
531 2803 558 2838 j‘
576 2810 637 2838 pag.
649 2803 695 2830 25.
734 2803 756 2818 τ’
771 2809 821 2838 pag

46 2834 87 2873 iib.
101 2844 134 2869 ιι,
148 2845 208 2873 cap.
221 2838 264 2873 25
275 2859 282 2869 ,
298 2834 436 2872 pagfﬂz.
491 2837 514 2873 ’ξ
530 2834 722 2873 Βοὲὴέηκιίι).
741 2845 759 2864 n
771 2834 847 2864 'lli'st.

46 2870 65 2886 "
78 2875 142 2898 orat.
157 2870 206 2907 pro
218 2870 305 2904 Flav.,
317 2870 378 2908 pag.
391 2873 453 2900 ὅθι.

47 2911 110 2932 cont.
126 2912 210 2942 gerit.,
223 2915 286 2942 pag.
303 2907 362 2935 tu;
402 2908 425 2923 "
441 2915 502 2943 pag.
517 2907 561 2936 l8.

151 2955 289 2986 ΡΑτιιοι..
318 2956 377 2986 Gn.
405 2956 463 2988 1X.

572 185 616 212 DE
633 185 903 215 COHORTATIONE
923 187 968 214 AD
987 186 1132 215 GENTES.

826 2822 831 2828 .
848 2801 881 2828 16
922 2805 950 2829 et
968 2808 1026 2836 pag.
1045 2801 1089 2828 27.

500 2872 522 2888 ⁸⁸
539 2877 604 2901 tom.
619 2873 641 2900 ll
654 2872 736 2908 Oper.
753 2873 880 2907 Aristot.,
895 2879 956 2907 pag.
973 2870 1055 2899 “61.

1616 191 1667 220 8l0

878 249 980 281 Λυκίας
999 249 1144 284 ἀγάλματα.
1167 247 1227 280 Διὸς
1251 248 1296 275 καὶ
1317 247 1493 284 Ἀπόλλωνος,
1523 247 1541 275 ἃ
1559 248 1667 284 νΦειδῐας

880 284 959 310 πάλιν
976 283 1119 311 ὲκεϊναέὰ
1135 284 1295 318 ἀγάλματα,
1323 283 1447 318 καθάπερ
1470 283 1667 318 τοὺςγλέοντας

878 320 942 351 τοὺς
962 320 1010 346 σὺν
1033 320 1125 354 αὐτοῖς
1144 317 1338 353 ἀνακειμένους
1353 317 1502 354 εῐργαὰται.
1521 317 1580 346 «Ne
1601 326 1664 353 ergo

879 354 1011 382 dubitetis
1031 355 1096 389 qttin
1114 353 1287 389 Severarutn,
1310 353 1507 389 quae'Athenis
1530 357 1666 389 vocantur

878 389 991 416 dearum
1008 387 1076 416 duas
1094 388 1204 424 quidem
1224 387 1324 416 fecerit
1335 387 1485 423 Scopasvex
1504 388 1602 422 lapide,
1617 389 1664 423 qui

879 428 993 451 vocatur
1007 424 1131 459 λυχνεύς.
1143 423 1224 459 Calos
1235 426 1325 451 autem
1334 431 1409 459 eam,
1421 431 1502 458 quam
1516 429 1665 450 narrantur

878 459 977 486 habere
1001 458 1127 490 mediam,
1144 458 1316 486 Polemonem
1333 458 1359 485 in
1375 463 1472 492 quarto
1488 466 1592 491 eorum,
1604 467 1665 494 qua:

878 494 990 529 scripsit
1003 494 1035 521 ad
1052 494 1351 529 Timmuin,ostende[e
1366 494 1460 520 aiunt:
1474 501 1523 520 nec
1537 494 1608 529 quin
1616 502 1664 522 eas

897 527 944 556 utcf
959 533 1022 557 sunt
1037 530 1064 556 in
1081 529 1186 556 Pataris
1202 527 1301 563 Lyciae,
1320 528 1395 556 Jovis
1408 533 1435 556 et
1449 527 1583 563 Apollinis
1598 528 1664 556 Phi-

897 537 939 556 ua:
959 537 1022 557 διιηι
1037 538 1064 556 In
1081 537 1186 556 l’alat‘ls
1202 537 1301 563 LyClIB,
1320 537 1395 556 JO\'IS
1408 537 1435 556 ει
1449 537 1583 563 Αροιιιιιιε
1598 537 1664 556 I’Dl-

877 537 937 592 ﬂias
953 572 1050 592 rursus
1076 565 1148 592 sicut
1162 568 1187 591 et
1213 565 1315 594 leones,
1338 564 1383 598 qui
1399 571 1461 591 cum
1479 564 1519 591 eis
1545 563 1664 592 dedicati

878 603 953 630 sunt,
971 599 1076 626 fecerit.
1093 609 1101 625 ›
1121 599 1254 626 Hcrvetus
1267 603 1293 626 et
1308 599 1353 625 alii
1369 598 1482 633 hujusce
1498 599 1589 633 operis
1607 599 1665 627 edi-

878 638 951 662 tores
967 635 994 661 in
1010 635 1052 662 his
1069 635 1157 661 verbis
1171 633 1319 669 Πολέμωνα
1333 633 1468 661 δεικνύναι
1484 634 1585 668 aliquid
1601 634 1665 662 sub-

877 677 938 696 esse
951 669 1053 701 mendi,
1067 675 1112 696 aut
1125 669 1236 696 verbum
1251 669 1360 703 aliquod
1376 670 1483 703 ipsitnet
1500 670 1605 696 auctori
1615 673 1663 696 aut

877 705 1037 732 amanuensi
1059 705 1118 738 ejus
1136 704 1246 731 librario
1263 704 1409 739 ρςυὶιιὶδείςἒ
1422 704 1493 730 haud
1516 705 1594 739 plane
1611 705 1664 731 im-

877 740 973 766 tnerito
989 740 1177 774 suspicantur.
1190 739 1372 774 Quamobrem
1389 738 1523 767 Hervetus
1540 739 1606 767 illud
1622 739 1663 767 sic

876 773 1070 809 corrigendum
1084 782 1146 801 esse
1159 777 1247 808 putat,
1261 773 1298 805 ὡς
1313 773 1441 808 Πολέμων
1452 773 1596 806 δείκνυσιν,
1614 783 1624 800 ‹
1634 777 1663 801 ιιι

877 808 997 837 ostendit
1013 809 1153 837 Polemon.
1166 819 1175 835 ν
1194 808 1247 835 Alii
1261 811 1354 835 vacem
1371 808 1446 842 φασί,
1465 818 1473 834 ‹
1490 809 1575 840 aiunt,
1588 819 1597 835 ›
1618 817 1663 837 re-

877 844 1043 872 stituendam
1066 852 1128 872 esse
1155 848 1294 871 asserunt.
1321 843 1374 871 Sed
1394 843 1435 870 hac
1458 844 1662 871 emendationes

876 880 951 906 nulla
963 880 1104 906 firmantur
1114 879 1362 913 manuscriptorum
1378 884 1534 906 nostrorum
1547 879 1664 906 auctori-

877 919 941 942 tate.
958 915 1059 942 Eadem
1076 914 1175 949 quippe
1189 914 1215 940 in
1231 915 1270 941 eis
1288 918 1368 948 atque
1384 914 1411 941 in
1426 913 1506 941 editis
1522 914 1663 941 codicibus

876 954 1040 981 occurrunt,
1059 950 1111 976 nisi
1126 948 1206 984 quod
1222 949 1259 976 illi
1277 956 1326 984 pro
1347 948 1364 975 ἃ
1386 949 1491 980 Φειδίας
1503 954 1664 984 constanter

875 984 898 1011 ὤ
917 985 1022 1016 Φειδίας
1045 983 1155 1011 habent.
1178 983 1311 1011 Przeterea
1335 983 1362 1010 in
1381 984 1475 1011 codice
1500 983 1586 1019 Regio
1612 992 1662 1019 pro

876 1020 993 1055 σεμνῶν,
1010 1020 1126 1054 legimus
1145 1020 1268 1055 ᾰσμνῷν,
1290 1019 1337 1055 sed
1360 1019 1397 1046 ibi
1413 1019 1515 1055 omissa
1530 1024 1573 1055 est
1590 1019 1662 1047 haud

875 1053 957 1082 dubie
982 1053 1073 1082 littera
1091 1063 1115 1086 ε,
1135 1053 1272 1089 ἀσέμνῶν.
1292 1053 1399 1090 Ῠνθγυιη
1428 1054 1485 1082 inec
1510 1053 1543 1081 ad
1562 1055 1663 1090 praeci-

875 1098 958 1125 puum
974 1090 1056 1122 hujus
1080 1090 1132 1116 loci
1157 1089 1348 1125 corrigendum
1360 1096 1492 1125 errorem
1510 1089 1578 1116 nihil
1596 1097 1662 1117 con-

874 1124 987 1152 ducunt.
1004 1125 1073 1158 Quia
1091 1129 1181 1151 tamen
1199 1124 1326 1152 omnibus
1341 1124 1439 1152 obvius
1452 1128 1479 1151 et
1493 1129 1604 1158 apertus
1619 1130 1662 1152 est

875 1161 950 1187 illius
971 1167 1081 1192 sensus,
1103 1159 1131 1186 in
1146 1167 1211 1187 vera
1233 1160 1351 1186 lectione
1373 1159 1535 1194 inquirenda
1558 1160 1662 1188 diutius

874 1196 977 1222 haerere
989 1201 1015 1222 et
1031 1195 1195 1222 commorari
1209 1194 1275 1229 quid
1293 1202 1403 1222 necesse
1417 1194 1476 1222 est?

909 1229 974 1263 Quae
989 1234 1079 1258 autem
1099 1230 1198 1256 ibidem
1213 1237 1228 1255 a
1248 1229 1387 1257 Clemente
1402 1230 1574 1256 continenter
1595 1230 1661 1257 sub-

873 1270 1031 1297 nectuntur,
1051 1271 1084 1292 ea
1110 1264 1245 1292 Hervetus
1268 1272 1283 1290 a
1300 1264 1421 1300 librariis
1441 1264 1509 1300 adeo
1533 1270 1661 1300 corrupta

874 1308 936 1328 esse
950 1300 1075 1330 afﬁrmat.
1093 1303 1122 1326 ut
1139 1300 1231 1326 nttllus
1253 1299 1338 1333 possit
1353 1299 1393 1326 eis
1410 1299 1527 1334 amplius
1547 1299 1660 1327 mederi.

874 1334 937 1370 Haec
951 1343 1034 1371 porro
1049 1334 1141 1362 Graece
1166 1335 1192 1371 in
1210 1334 1412 1371 manuscripLis
1429 1338 1463 1371 et_
1480 1334 1561 1371 editis
1582 1335 1660 1371 codi—

873 1368 960 1398 Cibus
968 1371 1008 1398 sic
1031 1371 1156 1404 leguntur
1166 1370 1207 1396 '3:
1227 1369 1353 1405 Katp'ljv
1369 1368 1561 1405 Tslsatodjtoﬁ
1583 1369 1661 1405 Ἀθη-

872 1406 958 1438 ναίου,
972 1406 1009 1436 ὡς
1024 1403 1091 1440 (putri
1104 1404 1260 1440 Φιλόχορος,
1282 1403 1360 1439 ἑργὸν
1374 1403 1442 1440 εἰσίν
1459 1403 1603 1440 ἀγᾲλματα
1618 1403 1662 1430 ἐύ-

872 1441 995 1476 νεαπὴχη
1010 1439 1175 1476 Ποάειᾷῶγος
1189 1439 1236 1476 atat
1253 1439 1430 1476 Ἀμφιτρίτης
1439 1440 1467 1476 sv
1483 1439 1562 1475 Τήνῳ
1576 1447 1660 1475 προσ-

873 1473 1039 1511 κυνούῇένα·
1071 1484 1080 1497 ι
1093 1475 1248 1511 Quinetiam
1263 1473 1617 1511 Telesiumi'Athenienseni,
1631 1480 1662 1511 ut

872 1512 911 1538 ait
925 1509 1117 1542 Philochorus,
1132 1510 1249 1544 Neptuni
1264 1512 1291 1536 et
1311 1509 1507 1544 Amphitrites,
1523 1517 1584 1544 quae
1612 1510 1659 1537 ad.

872 1550 987 1573 orantur
1003 1545 1085 1576 Teni,
1102 1552 1198 1572 novem
1224 1544 1378 1571 cubitorum
1406 1548 1502 1571 stature
1529 1544 1660 1572 artificem

872 1584 1034 1616 agnoscunt.
1049 1590 1057 1606 ι
1076 1580 1104 1607 ln
1125 1580 1168 1607 his
1189 1583 1263 1616 certe
1280 1579 1369 1616 verbis
1390 1579 1466 1606 nulla
1485 1580 1593 1616 penitus
1605 1581 1660 1616 iob»

873 1614 1006 1646 séuritas,
1032 1615 1171 1650 nullaque.
1190 1614 1334 1642 adulterati
1362 1619 1452 1642 textus
1478 1614 1520 1641 vel
1546 1615 1655 1641 minim:

872 1652 1004 1687 suspicio.
1020 1651 1074 1678 Sed
1090 1650 1235 1687 Hervetutn
1248 1657 1298 1676 vox
1313 1650 1467 1687 sweanﬁm
1479 1668 1486 1679 ,
1504 1656 1586 1687 quam
1602 1651 1662 1687 qui.

871 1683 932 1713 deni
947 1686 1015 1713 duas
1032 1686 1134 1713 secavit
1154 1685 1180 1711 in
1198 1689 1301 1719 partes,
1317 1688 1344 1711 et
1359 1683 1454 1711 Latine
1463 1683 1596 1717 reddidit,
1611 1683 1662 1712 iin

871 1721 1042 1756 Neapeeha,»
1052 1721 1159 1747 induxit
1174 1721 1340 1756 inci-rorem.
1356 1719 1489 1756 Quocirca
1503 1719 1530 1746 in
1538 1720 1661 1756 animad-

869 1754 1042 1784 vers‘ionibus
1081 1755 1139 1782 suis
1161 1764 1167 1781 :
1190 1765 1199 1780 ε
1220 1754 1271 1781 Sed
1299 1762 1350 1782 nec
1374 1754 1513 1789 intelligo,
1554 1754 1659 1789 inquit.

871 1791 937 1826 quid
950 1792 1002 1819 sibi
1018 1791 1082 1818 velit
1102 1789 1252 1826 Neapecha_,
1267 1790 1300 1826 de
1317 1797 1370 1826 qua
1385 1797 1465 1826 nemo
1479 1793 1528 1826 est
1551 1790 1598 1824 qui
1618 1791 1661 1818 vel

872 1823 956 1854 tinum
976 1826 1089 1853 verbum
1111 1823 1193 1852 dicat.
1207 1834 1216 1850 ι
1233 1824 1302 1857 Quid
1320 1823 1418 1851 mirum
1435 1824 1458 1851 si
1478 1823 1613 1853 Hervetus
1633 1826 1661 1853 id

871 1861 974 1889 frustra
989 1860 1138 1895 quaesierit,
1157 1860 1191 1887 de
1205 1867 1259 1894 quo
1275 1859 1342 1886 nihil
1359 1859 1525 1895 Clementem
1541 1867 1660 1895 unquam

872 1905 922 1923 nec
939 1894 1042 1923 dixisse
1060 1902 1110 1922 nec
1125 1895 1263 1930 cogitasse
1277 1899 1382 1921 certttm
1402 1895 1462 1921 est?
1484 1894 1553 1930 Vera
1578 1894 1661 1930 igitur

871 1935 898 1958 et
915 1931 1021 1958 sincera
1039 1930 1152 1964 hujusce
1166 1930 1241 1957 voi-is
1261 1929 1435 1965 restitutione
1450 1929 1539 1957 nodus
1558 1929 1658 1965 propo-

872 1967 931 1993 sita:
949 1966 982 1992 ab
1001 1963 1118 1993 Herveto
1143 1964 1312 1992 difﬁcultatis
1334 1963 1414 1992 facile
1437 1963 1595 1993 solvitnr’et
1609 1963 1659 1992 cx-

891 2001 992 2028 editur.

873 2009 1056 2063 pexgudddem
1079 2034 1195 2062 Hcrveto
1213 2033 1310 2061 deinde
1335 2041 1477 2060 monemur
1499 2033 1658 2061 Ciceronem

872 2069 939 2098 Teni
963 2070 1056 2105 oppidi
1081 2069 1183 2096 alicubi
1207 2068 1364 2105 meminisse
1380 2069 1451 2105 73;}
1469 2067 1521 2095 Sed
1549 2069 1660 2105 ubinam

872 2106 954 2133 sitmn
968 2102 1018 2138 sit',
1034 2105 1136 2140 inquit,
1157 2111 1212 2140 non
1229 2104 1372 2140 invenio.)
1392 2102 1504 2140 Librum
1519 2104 1660 2140 ergoArif

872 2141 976 2168 stotelis
987 2141 1009 2156 ⁸ο
1024 2140 1063 2167 De
1073 2138 1248 2166 'mirabilibus
1264 2138 1502 2165 auscultationibus
1527 2139 1571 2166 ille
1587 2139 1660 2166 haud

871 2176 953 2203 dubie
969 2183 1023 2202 non
1038 2176 1150 2210 legerat.
1166 2175 1223 2201 Sui)
1239 2174 1424 2210 illiusetenim
1441 2173 1520 2210 finem
1535 2174 1658 2210 philoso-

890 2211 943 2238 hus
966 2210 1040 2237 haud
1059 2208 1178 2238 obscure
1196 2209 1275 2236 nobis
1299 2208 1436 2243 significat
1453 2209 1521 2235 illud
1544 2209 1609 2236 olim
1631 2209 1658 2236 in

895 2246 1015 2274 bessalia
1030 2246 1113 2273 situtn
1130 2245 1225 2272 fuisse.

908 2280 1031 2316 Denique
1044 2280 1077 2316 ab
1091 2279 1193 2316 eodem
1211 2278 1350 2316 Clemente
1359 2314 1363 2316 _
1369 2282 1466 2316 nostro
1476 2277 1658 2316 ",__quemad-

873 2313 1035 2343 modum’ab
1054 2315 1173 2342 Arnobio
1185 2314 1206 2330 ³¹
1223 2317 1249 2341 et
1268 2314 1329 2341 aliis
1349 2313 1481 2348 discimus
1502 2313 1659 2348 Neptunum

874 2351 991 2378 violasse
1006 2350 1191 2385 Amphitrites
1202 2347 1561 2385 virginitatein.‘Utriusque
1576 2356 1660 2384 porro

873 2385 991 2421 Neptuni
1010 2389 1038 2412 et
1051 2382 1237 2421 itmphitriles
1249 2382 1256 2384 V
1270 2387 1375 2421 statuas
1396 2382 1463 2410 Teni
1480 2382 1583 2421 positas
1598 2391 1660 2411 esse

873 2418 934 2448 cuin
953 2418 1135 2448 Philochorus
1155 2421 1272 2452 asserat,
1287 2419 1381 2446 nullus
1397 2426 1463 2446 sane
1478 2426 1510 2446 ea
1523 2418 1556 2446 de
1573 2426 1603 2446 re
1613 2422 1658 2446 est

872 2455 1016 2484 dubitandi
1030 2455 1117 2483 locus.

908 2491 947 2518 Ex
963 2491 1014 2517 hac
1030 2494 1122 2517 autem
1143 2489 1197 2517 loci
1212 2489 1285 2517 illius
1305 2488 1487 2524 explicatione
1504 2489 1552 2525 lux
1568 2489 1659 2525 aliqua

873 2526 951 2553 alteri
972 2525 1063 2552 ail‘erri
1085 2529 1186 2559 potest,
1203 2524 1248 2551 ubi
1267 2524 1362 2551 isthwc
1377 2524 1493 2559 legimus
1508 2524 1659 2553 Clementis

873 2561 960 2588 nostri
980 2561 1062 2588 verba
1078 2561 1120 2588 83:
1141 2569 1150 2585 ‹
1164 2559 1345 2586 Philochorus
1369 2563 1460 2587 autem
1483 2559 1549 2587 dicit
1572 2561 1659 2587 medi-

871 2603 934 2623 cum
949 2597 977 2622 in
992 2593 1067 2622 Teno
1078 2595 1130 2623 coli
1146 2594 1311 2630 Neptunum.
1329 2603 1338 2620 ι
1358 2593 1488 2627 Quamvis
1507 2594 1578 2622 enim
1594 2594 1659 2622 Her-

872 2635 951 2658 vetus
967 2631 1085 2658 fateatur
1109 2630 1137 2657 id
1159 2630 1212 2658 sibi
1229 2630 1320 2657 adhuc
1341 2636 1403 2657 esse
1418 2630 1528 2664 penitus
1553 2630 1660 2657 incom-

891 2671 989 2697 ertum.
1002 2666 1064 2700 quis
1079 2669 1170 2693 tamen
1185 2673 1239 2692 non
1252 2665 1324 2700 videt
1334 2664 1500 2692 Clementem
1513 2665 1547 2692 de
1561 2665 1658 2692 eodem

896 2708 948 2728 eno
965 2699 1077 2736 oppido,
1096 2701 1247 2736 eodemque
1271 2699 1409 2735 Neptuno,
1434 2700 1467 2727 de
1487 2708 1541 2735 quo
1563 2707 1658 2736 supra,

1156 2801 1179 2816 ⁷³
1195 2800 1300 2839 in_l:ex.
1331 2801 1370 2839 λι
1384 2801 1504 2839 [iag._25.
1587 2797 1656 2839 Plin.

870 2834 1014 2868 anim.,'ca
1037 2856 1042 2862 .
1061 2835 1114 2866 29.
1135 2842 1197 2870 pag.
1218 2835 1280 2863 528.
1331 2837 1352 2852 "
1376 2834 1491 2870 pag.50.
1543 2835 1569 2849 "
1591 2834 1655 2860 ilml.

873 2893 880 2906 ,
895 2879 956 2906 pag.
973 2842 1055 2899 ηιξ-1.
1105 2869 1128 2887 ⁵⁸
1142 2871 1230 2898 Clem.
1246 2878 1308 2906 pag.
1324 2871 1368 2898 30.
1421 2872 1443 2886 "
1455 2869 1557 2897 Arnob.
1573 2868 1619 2896 lib.
1632 2875 1656 2895 tv

1461 2953 1498 2980 ES
