1927 3074
253 162 302 192 3H

568 162 602 189 ΙΝ
622 161 835 191 CLEMENTEM
854 160 958 188 ALEX.
978 161 1011 188 D.
1031 160 1076 187 LE
1094 160 1238 188 NOURRY
1260 159 1488 188 DlSSERTATlO
1508 159 1530 190 1.
1822 161 1870 189 812

247 222 386 257 disputare
397 222 430 254 ⁵⁵,
444 228 474 249 ac
486 221 610 250 eumdem
629 223 663 249 ab
677 230 710 250 eo
724 226 819 250 testem
839 222 918 249 citari
933 221 1026 257 Pliilo-
1043 224 1063 252 Α
1079 221 1150 248 dicio
1167 221 1360 255 permittimus,
1374 220 1441 247 nihil
1455 220 1586 248 audemus
1599 220 1670 247 certi
1684 219 1793 254 aliquid
1807 228 1868 246 con-

246 256 373 293 ctioriun?
389 257 425 293 De
440 257 491 284 hoc
507 262 594 284 autem
609 258 733 293 Neptuno
747 258 853 285 medico
867 256 970 292 aliquid
986 257 1027 283 in-

246 293 286 319 fra
303 292 392 319 adhuc
406 292 522 319 dicetur.

272 327 366 362 'Negat
387 332 478 363 postea
495 327 627 355 llervotus
646 328 705 354 sine
725 326 926 363 emendationis
943 325 1030 363 Grteci

245 361 361 397 alicujus
375 361 553 396 manuscripti
568 363 670 389 auxilio
686 370 766 397 posse
785 362 948 389 medicinam
967 361 1030 397 huic

245 396 388 431 desperato
403 397 551 424 Clementis
575 398 663 425 nostri
688 396 749 424 loco
770 397 904 428 adhiberi,
928 396 974 422 ubi
998 396 1031 422 de

245 434 358 467 deorum
380 433 535 459 simulacris
552 433 592 460 sic
607 433 718 460 disserit
727 433 750 448 ⁸⁸
765 442 770 459 :
787 432 819 457 Tt
833 432 887 467 γὰρ
908 431 1029 467 ἡγεῖσθε,

244 465 266 492 ὦ
287 467 434 503 ἄνθρωποι,
449 467 494 493 τὸν
516 467 642 501 Τυφῶνα,
658 468 705 494 καὶ
720 467 765 503 τρν
786 465 900 503 Ἑρμῆν,
916 465 1031 503 ita.th

250 501 481 538 Ἂνδοῗίίδηνκκαὶ
503 502 547 528 τδν
572 503 719 538 Ἀμύητονς
732 501 770 530 Ἦ
789 501 868 538 “rrde
891 510 929 536 τῳ
951 501 1031 538 δῆλον

245 538 285 573 ὅτι
299 536 398 569 λίθους,
417 536 510 573 ὥσπερ
526 537 573 563 καὶ
593 536 638 573 Ξὺν
653 536 780 573 νἘρμῆῊ
799 546 808 562 ‹
821 536 893 573 Quid
913 536 998 573 enim,
1014 543 1031 562 0

247 572 380 603 homines,
403 571 566 600 existimatis
591 571 750 607 Typhonem
770 575 796 598 et
819 571 983 598 Mercurium
1004 574 1031 597 et

244 607 423 638 Andocidem,
438 613 465 634 et
487 606 647 642 Amyetiiin?
668 607 709 634 An
733 614 787 633 non
810 606 1031 642 ciiilibet__inani-

246 641 345 669 fcslum
360 646 403 670 est
425 640 615 677 lapides’csse
637 650 696 674 eos,
721 643 793 669 sicut
817 642 898 668 etiam
924 640 1031 677 Mercu-

245 677 333 704 riuni?
347 687 355 703 I
378 675 478 703 Eodem
504 678 582 711 plane
607 677 688 704 modo
710 677 754 704 hic
778 677 855 703 locus
876 676 903 702 in
925 675 1031 703 duobus

246 712 349 740 nostris
371 711 464 738 Graeca
482 719 564 738 manu
579 713 697 739 exaratis
717 711 858 738 codicibus
879 719 1032 746 reprmsen-

245 751 329 778 tatur,
345 748 397 774 nisi
415 747 486 782 quod
505 755 553 781 pro
570 747 685 781 Τυφῶνα
699 748 746 774 καὶ
761 747 806 782 τὸν
826 746 939 781 Ἑρμῆν.
963 747 1028 773 sim-

265 783 344 809 licius
366 781 483 809 halicant
508 781 624 816 Τυφῶνα
649 782 762 817 Ἑρμῆν.
786 781 843 814 Qua
866 782 1030 817 quidemicx

256 818 363 844 ectione
375 819 426 844 etsi
443 824 496 844 non
514 817 622 844 facilius
634 816 715 852 quam
731 825 763 852 ex
780 818 865 843 altera
879 824 959 843 verus
975 816 1032 843 Cle-

246 853 346 879 mentis
359 860 456 879 sensus
469 853 600 886 explicari
614 851 694 886 pesse
705 851 840 883 videatur,
852 859 882 878 ex
896 859 927 878 ea
940 855 1029 878 tamen

246 887 378 914 discimus
411 887 587 922 Typhonem,
611 894 643 914 ac
669 886 784 921 proinde
811 886 977 922 Andocidem
1003 891 1030 913 et

247 922 402 957 Ainyetum,
419 920 471 949 tria
489 929 549 949 esse
565 920 690 949 Mercurii
710 922 882 956 cognomina.
896 920 963 948 Tota
981 921 1031 947 ita-

247 956 305 990 que
321 957 465 984 difficultas
488 958 515 983 in
536 957 636 991 triplici
661 957 706 984 illo
729 957 840 984 nomine
870 956 1031 991 exponendo

267 993 336 1018 osita
349 995 401 1018 est.

247 999 449 1062 poiliapi‘isiiium
466 1026 499 1054 de
520 1026 653 1062 Mercurio
672 1026 822 1057 Andocide,
847 1029 877 1052 ut
899 1025 1031 1062 llervetus

248 1066 322 1090 recte
335 1061 478 1093 observat,
494 1061 596 1096 aliquid
617 1063 643 1088 in
659 1061 800 1088 Aischiiiis
816 1065 911 1088 contra
926 1061 1032 1087 Timar-

248 1099 328 1124 chum
345 1097 468 1123 oratione
482 1095 628 1124 invenitur.
647 1097 707 1124 Hice
719 1097 791 1124 enim
811 1100 874 1123 sunt
891 1095 1032 1124 Eschiuis

246 1133 331 1159 verba
342 1132 366 1148 ⁸⁵
380 1140 386 1158 :
407 1141 415 1157 ι
431 1131 514 1159 Edes
533 1132 560 1158 in
580 1132 689 1164 colono,
704 1140 765 1167 quae
779 1131 922 1159 dzemoniis
936 1131 1032 1158 dican-

248 1172 303 1198 tur,
322 1167 420 1202 falsum
447 1167 547 1194 habere
573 1174 740 1202 cognomen;
767 1174 853 1201 neque
874 1167 947 1202 enim
971 1174 1031 1194 esse

248 1203 388 1229 daemonis.
406 1201 506 1228 Deinde
523 1201 698 1233 Mercurium,
714 1202 760 1236 qui
776 1201 929 1229 Andocides
952 1209 1032 1228 voce-

247 1242 303 1268 tur,
326 1244 379 1264 nOn
393 1244 454 1264 esse
468 1237 630 1267 Anilocidis.
653 1238 702 1264 sed
719 1236 821 1271 Egeire
836 1236 925 1263 tribus
948 1236 1032 1262 dena-

247 1274 329 1299 rium.
344 1282 352 1298 ι
370 1271 485 1304 Quidam
501 1272 585 1306 igitur
603 1273 720 1307 aliquem
741 1271 908 1299 Andocidem
927 1271 1033 1299 Mercu-

247 1308 317 1334 rium
333 1315 394 1334 esse
408 1307 593 1334 crediderunt.

284 1343 319 1368 De
333 1343 446 1377 Amyeto
461 1346 551 1368 autem
573 1341 648 1369 addit
663 1341 798 1371 Hervetus
813 1351 820 1370 :
840 1352 849 1368 ι
862 1341 932 1375 Quid
953 1342 1033 1368 intelo

246 1378 323 1415 ligat,
341 1376 444 1409 neScio,
460 1377 530 1403 sitne
556 1376 677 1415 ἀμύητος
708 1378 846 1415 mysteriis
868 1377 1033 1415 non_ii_iit_i:_i-

247 1412 306 1446 tus;
323 1420 356 1439 an
381 1419 479 1448 nomen
506 1413 680 1448 proprium.)
691 1412 745 1448 AEx
763 1413 823 1448 ejus
839 1412 934 1448 procul
948 1412 1032 1438 dubio

249 1448 379 1475 memoria
392 1447 541 1478 exciderat,
553 1455 583 1474 se
598 1447 669 1481 apud
685 1446 827 1475 Giraldum
839 1446 872 1480 ⁸⁷,
888 1454 967 1481 quem
983 1454 1033 1474 sa:-

248 1483 360 1518 pissime
374 1483 451 1513 citat,
464 1482 609 1518 aliquando
623 1483 721 1518 legisse
735 1483 866 1518 ὰμύητον,
881 1482 907 1509 id
923 1487 964 1508 est
978 1489 1032 1508 non

249 1516 385 1544 initiatum
400 1520 427 1544 et
441 1516 638 1552 profanumdta
658 1516 783 1544 Mercurii
804 1516 947 1552 proprium
972 1525 1034 1544 esse

248 1559 412 1587 cognomen;
429 1552 661 1587 tit-Athenienses.
675 1555 743 1579 teste
760 1552 904 1585 Favorino,
916 1555 1031 1579 statuam

249 1586 300 1621 ipsi
323 1595 355 1614 eo
373 1587 483 1614 nomine
508 1587 535 1613 'rn
558 1586 684 1621 Acropoli
716 1588 870 1614 statuerint.
898 1587 1032 1614 Przcterca

248 1623 379 1650 Erasmus
394 1622 439 1648 ubi
456 1622 489 1648 de
503 1622 555 1648 hoc
571 1622 667 1656 adagio
686 1622 789 1657 Ἐρμῆς
812 1622 958 1657 ἀμύθητος,
981 1622 1032 1648 hoc

248 1663 289 1686 est
313 1657 463 1684 Mercurius
484 1657 586 1688 infans,
609 1657 651 1683 vel
667 1657 798 1692 elinguis.
826 1661 872 1683 aut
894 1658 1031 1688 indoctus,

249 1700 403 1719 sermonem
422 1692 548 1723 instituit,
563 1700 617 1727 nos,
630 1692 756 1718 admonet
770 1693 796 1719 in
812 1692 927 1727 vulgatis
943 1699 1033 1718 exeni-

250 1727 370 1762 plaribus
389 1726 438 1760 legi
455 1726 585 1762 ᾴμύητος.
602 1726 679 1759 Quod
695 1727 804 1761 quidem
823 1727 927 1762 ironice
942 1730 969 1753 et
986 1734 1034 1761 per

249 1761 430 1796 antiphrasiiii
445 1761 547 1788 dictum
568 1769 630 1788 esse
648 1769 726 1788 nemo
741 1762 855 1788 dubitat.
875 1761 1032 1796 Quisieniin

249 1795 440 1832 mysteriorum
451 1797 544 1832 magis
561 1804 663 1831 gnarus
676 1801 703 1824 et
716 1797 818 1829 sciens,
832 1804 913 1831 quam
928 1795 1034 1823 Mercu-

250 1831 308 1858 ritis
323 1831 435 1858 deorum
450 1831 602 1865 interpres?

284 1865 409 1902 Tertium
429 1866 520 1902 itaque
547 1870 632 1893 restat
655 1866 795 1902 Typhonis
822 1873 938 1902 nomen,
959 1866 1032 1900 quod

249 1906 324 1928 certe
348 1901 454 1937 duobus
469 1901 530 1937 aliis
553 1900 798 1937 explicatu’longe
824 1900 960 1928 difﬁcilius
979 1905 1030 1937 est.

250 1936 358 1964 Scimus
372 1936 487 1972 quidem
497 1936 567 1972 ha_nc
587 1936 694 1963 Herveti
711 1936 796 1964 fuisse
809 1936 962 1972 opinionem
976 1936 1033 1963 Cle-

250 1977 365 1999 mentem
381 1970 460 2005 loqui
470 1971 506 2007 de
523 1970 652 2005 Typhone
673 1972 789 2007 gigante,
812 1971 1033 2007 cujusfrequens

250 2007 322 2041 apud
336 2010 440 2041 poetas,
453 2006 576 2040 aliosque
591 2005 740 2041 scriptorcs
755 2007 866 2033 mentio.
882 2005 934 2034 Sed
949 2005 1032 2040 quor-

249 2040 309 2068 siim
325 2040 407 2076 hujus
421 2040 570 2076 Typhonis,
584 2042 630 2076 qui
647 2040 715 2068 nihil
729 2042 763 2068 ad
778 2049 836 2068 rem
851 2049 928 2068 suam
944 2041 1033 2068 facere

248 2077 403 2107 videbatur,
419 2076 464 2103 ille
480 2076 667 2104 meminisset?
691 2076 803 2104 Rectius
817 2076 908 2110 itaque
926 2084 960 2103 ex
977 2084 1034 2102 ma-

249 2112 399 2146 nuscriptis
423 2111 565 2146 codicibus
586 2112 689 2138 nostris
713 2111 844 2139 discimus
869 2111 1032 2138 Mercurium

250 2145 369 2180 aliquem
396 2147 447 2173 hoc
470 2145 610 2180 Typhonis
625 2147 736 2173 nomine
761 2146 845 2173 fuisse
872 2147 1031 2172 vocitatum.

249 2182 316 2214 Quis
331 2185 420 2208 autent
437 2180 482 2207 ille
505 2181 595 2213 fuerit,
614 2185 641 2208 et
663 2186 753 2208 utrum
771 2181 823 2208 hoc
842 2189 941 2208 nomen
964 2189 979 2208 a
1001 2181 1034 2206 li—

248 2217 349 2243 brariis
371 2216 584 2242 amanuensibus
598 2219 671 2243 recte
685 2217 816 2250 scriptum
839 2216 884 2247 sit,
907 2217 977 2242 haud
995 2216 1034 2242 fa-

249 2252 301 2278 cile
321 2250 441 2278 dixeris:
459 2250 526 2276 nihil
542 2251 614 2277 eiiiin
629 2258 679 2277 nos
693 2252 726 2278 de
741 2252 792 2277 hoc
817 2250 945 2286 Typhone
964 2251 1033 2277 Mer-

250 2286 327 2313 curio
345 2285 478 2320 comperti
496 2285 597 2320 aliquid
615 2286 754 2313 invenisse
776 2286 891 2319 ingenue
907 2286 1032 2312 fatemur.

249 2321 284 2347 At
298 2320 395 2348 Cicero
409 2320 454 2347 ubi
465 2320 597 2354 triplicem
610 2320 773 2348 Mercurium
790 2321 875 2348 fuisse
890 2325 1033 2354 memorat,

250 2356 286 2382 ibi
309 2359 438 2382 testatum
458 2350 552 2389 utique
575 2355 640 2382 facit
665 2356 814 2383 secundum
837 2355 947 2382 nomine
969 2350 1030 2382 Tri:

250 2391 342 2424 phonii
360 2389 489 2425 appellari
504 2399 509 2416 :
531 2398 540 2414 ι
555 2389 717 2424 Mercurius,
739 2391 826 2425 inquit
846 2391 891 2417 ille
913 2391 947 2422 ⁸³,
963 2398 1034 2417 unus

249 2425 325 2452 leo
349 2424 477 2460 patre...
492 2424 566 2452 Alter
583 2425 704 2453 Valentis
717 2430 744 2453 et
759 2424 925 2460 Phoronidis
950 2425 1032 2456 ﬁlius,

250 2461 273 2486 is
290 2460 334 2495 qui
360 2460 411 2487 sub
429 2460 510 2486 terris
529 2460 653 2492 habetur,
670 2460 741 2487 idem
758 2459 941 2495 Trophonius.
967 2460 1035 2487 Ter-

250 2495 304 2522 tius
315 2494 381 2522 .Iove
397 2495 505 2523 tertio,»
518 2499 572 2521 etc.
592 2495 641 2522 llic
657 2499 747 2522 autem
764 2494 857 2523 Latine
869 2494 1034 2529 Triphonius

250 2537 303 2556 una
316 2530 440 2557 etaltera
458 2529 547 2556 littera
562 2538 577 2556 a
596 2531 714 2557 librariis
731 2537 858 2564 perverse
872 2530 923 2564 ιο
939 2530 1035 2556 immu-

250 2568 321 2597 tata,
344 2565 414 2592 idem
439 2563 556 2591 fortasse
578 2569 635 2592 erat
652 2573 683 2592 ac
707 2563 800 2592 Griece
827 2563 949 2600 Typhon.
966 2564 1034 2591 Cum

248 2600 324 2626 varia
346 2604 435 2626 tamen
451 2607 483 2626 ac
505 2600 700 2634 propemodum
729 2600 849 2632 infinita,
870 2604 899 2625 ut
920 2600 1035 2633 ipsemet

249 2635 376 2662 Clemens
400 2637 516 2661 testatur
528 2634 561 2666 ⁸³,
587 2634 688 2662 fuerint
709 2634 897 2669 hujuscemodi
920 2635 1033 2661 deorum

249 2670 421 2704 cognomina,
442 2669 475 2696 de
492 2669 567 2696 hisce
585 2670 759 2704 eonjecturis,
776 2677 844 2704 quas
862 2670 978 2696 aliorum
991 2669 1035 2703 ju-

285 2778 307 2797 "
322 2778 391 2805 infra
405 2785 464 2813 eap.
484 2778 527 2805 15.

247 2821 274 2848 p.
284 2813 348 2841 ΞΜ.
385 2813 409 2829 ⁵⁸
421 2812 469 2840 ιιι).
484 2821 514 2840 ιιι
525 2813 561 2840 De
575 2818 673 2840 natura
687 2813 774 2848 deor..
785 2821 847 2848 pag.
859 2812 921 2839 248.

249 2847 362 2878 Strom.,
379 2855 441 2884 pag.
460 2849 521 2884 5751.
536 2883 539 2884 ν
570 2849 593 2863 νι
611 2848 658 2875 lib.
675 2847 981 2884 iiStroniqipagirﬁtiI

248 2884 309 2911 cod.
326 2883 385 2910 Hi.
423 2885 446 2900 ν’
461 2883 561 2911 Euseb.
578 2883 624 2911 lih.
644 2892 672 2911 ιιι
690 2883 804 2917 llistor.,
817 2891 877 2918 cap.
890 2883 934 2910 ‘25.

566 2778 588 2796 "
601 2786 660 2812 pag.
677 2777 720 2804 64.

758 2777 782 2793 ⁸⁸
793 2777 1056 2821 apiid‘R‘cmos‘then.
1071 2782 1140 2821 orat.
1152 2779 1181 2821 “iu
1199 2778 1351 2821 “march”...
1367 2786 1427 2813 pag.
1438 2778 1510 2821 Αἰξὶιῖ.

961 2814 1051 2848 “,pag.
1069 2814 1112 2840 l6.
1152 2814 1174 2829 ⁹⁰
1186 2822 1244 2849 pag.
1258 2814 1284 2841 9.
1323 2815 1344 2830 ⁹¹
1360 2822 1420 2848 pag.
1437 2814 1482 2839 69.
1522 2814 1531 2828 ν

961 2849 981 2876 7.
1020 2850 1041 2864 ⁹⁵
1059 2848 1158 2876 Euseb.
1178 2849 1225 2877 lib.
1242 2857 1265 2875 vt
1283 2847 1397 2882 llistor.,
1415 2856 1475 2883 cap.
1493 2848 1534 2875 l5.

1082 257 1205 283 stituere.

1115 291 1208 325 Neque
1222 294 1264 318 est
1278 290 1350 324 quod
1365 290 1444 318 nobis
1465 291 1564 325 aliquis
1579 290 1693 323 obiiciat
1713 289 1791 325 easi
1810 290 1863 317 sint

1081 323 1209 353 Mercurii
1228 323 1402 359 cognomina,
1431 323 1554 352 inutilem
1582 325 1619 352 ibi
1648 325 1707 352 fore
1740 323 1868 351 Mercurii

1081 362 1280 396 repetitionem.
1298 360 1410 396 Etenim
1427 361 1479 387 alia
1497 361 1560 387 huic
1575 368 1630 387 non
1649 361 1732 394 plane
1747 360 1868 396 absimi-

1082 396 1115 422 lis
1138 396 1214 431 prius
1231 395 1366 431 occurrit,
1385 395 1488 431 Ilblﬂde
1509 396 1644 430 Apollinis
1657 395 1783 422 oraculis
1799 395 1868 431 hunc

1082 429 1177 458 scribit
1194 431 1220 457 iii
1233 430 1342 457 moduni
1355 431 1377 446 ⁹⁰
1390 439 1396 456 ;
1413 440 1421 456 ι
1438 429 1523 457 Narra
1534 429 1619 458 nobis
1633 431 1687 456 alia
1700 437 1814 464 quoque
1828 430 1868 456 di-

1081 466 1238 495 vinationis.
1252 466 1293 492 vel
1305 466 1410 492 insana:
1421 466 1511 500 potius
1526 465 1655 492 vanitatis
1671 465 1798 496 oracula,
1811 465 1866 492 Cla-

1081 501 1163 534 rium,
1180 501 1323 536 Pytliium,
1343 500 1526 535 Didymacum,
1543 501 1743 535 Amphionem,
1765 500 1867 536 Apolli-

1081 544 1153 563 nem.
1170 545 1179 561 ι
1205 535 1314 562 Scimus
1336 536 1444 570 quidem
1472 536 1611 563 nonnullis
1638 536 1728 562 visum
1749 542 1784 562 ex
1809 535 1867 562 Cie

1082 571 1204 598 mentino
1219 575 1292 597 textu
1302 570 1444 598 delendam
1460 579 1522 598 esse
1535 571 1604 597 hanc
1619 570 1745 597 ultimam
1761 577 1866 597 vocem.

1083 605 1135 634 Sed
1151 606 1262 632 omnino
1278 613 1429 640 perperam.
1448 605 1495 632 Illa
1511 606 1583 633 enini
1601 613 1656 632 non
1671 605 1761 632 solum
1778 606 1864 632 edito-

1083 649 1143 668 rum
1166 642 1468 675 niaiiuscriptoruinque
1484 641 1610 668 codicum
1633 644 1806 671 nostrorum,
1822 648 1867 666 V8-

1082 684 1143 703 rum
1160 677 1242 703 etiam
1265 676 1385 706 Eusebii.
1402 676 1448 710 qui
1468 676 1540 702 hunc
1560 675 1709 703 Clementis
1724 675 1815 702 nostri
1828 676 1866 702 lo-

1082 719 1142 738 cum
1160 711 1252 738 retulit
1268 714 1342 738 certa
1358 712 1716 738 auctoritateconfirmatur.

1117 745 1297 778 Quamobrem
1315 746 1338 772 si
1356 746 1400 773 cui
1412 752 1504 773 nostra
1516 746 1571 772 haec
1586 747 1731 773 verborum
1745 744 1866 779 ejusdem

1083 782 1203 808 aucwris
1217 782 1303 808 nostri
1319 782 1463 816 explicatio
1478 781 1611 812 arriserit,
1628 781 1691 807 inde
1706 788 1780 816 sane
1798 779 1868 806 haud

1082 816 1225 843 dilliciliter
1247 814 1362 851 colliget»
1380 824 1491 844 sensum
1507 817 1580 843 illitis
1596 823 1657 843 esse
1680 821 1739 843 tres
1755 814 1864 851 Mercu-

1082 852 1138 891 rios
1155 850 1325 891 Typhonem}
1339 851 1513 891 Andocydem
1534 857 1561 878 et
1580 850 1827 891 Ai-nyetumhsicut
1844 854 1869 891 et

1082 887 1127 914 ille
1140 885 1186 921 qui
1205 886 1354 914 Mercurius
1371 885 1530 920 simpliciter
1541 887 1700 915 vocabatur.
1708 885 1780 912 nihil
1793 886 1868 921 aliud

1082 920 1193 948 omnino
1210 929 1280 951 esse.
1293 929 1374 956 quam
1393 922 1496 956 lapides
1510 925 1537 949 et
1553 928 1630 953 saxa,
1645 929 1706 955 qua:
1721 920 1798 947 omni
1819 927 1865 955 pe—

1083 957 1158 983 nitus
1176 964 1258 983 sensu
1275 956 1405 984 destituta
1419 963 1506 983 erant.

1117 992 1240 1025 Paganos
1253 999 1334 1026 porro
1349 991 1382 1018 ad
1398 991 1501 1018 Christi
1519 991 1596 1018 fidem
1609 990 1673 1017 dum
1685 989 1816 1026 Clemens
1831 990 1867 1015 al-

1083 1027 1165 1054 licere
1181 1024 1308 1058 eonatur,
1326 1027 1366 1054 sic
1384 1031 1480 1053 contra
1498 1034 1545 1053 eos
1566 1026 1721 1060 disputat"
1739 1033 1745 1049 :
1763 1024 1803 1060 υὺ
1816 1025 1868 1060 γὰρ

1129 1061 1235 1098 λμύΟῳμ
1246 1062 1294 1098 μὲν
1323 1061 1478 1098 emere-tisse
1499 1060 1639 1098 νποιητικῴ
1661 1061 1706 1086 τὸν
1727 1059 1813 1098 Altino
1826 1060 1868 1098 ῖὺν

1082 1094 1178 1132 Κρἦα
1190 1094 1236 1122 eoa
1247 1094 1311 1132 ’Διὸς
1322 1097 1360 1128 ὡς
1373 1096 1482 1131 ἄριστον
1493 1094 1685 1132 ἀναγράφρνατι.
1704 1104 1713 1120 ‹
1726 1094 1787 1121 Non
1797 1095 1868 1132 enim

1083 1130 1195 1164 poeticae
1218 1131 1373 1159 credidistis
1393 1130 1506 1163 'l‘abiilie,
1536 1130 1596 1165 qum
1629 1130 1747 1157 Minoem
1773 1130 1867 1155 scribit

1082 1168 1240 1194 Cretensem
1254 1174 1331 1193 usuin
1341 1174 1402 1194 esse
1411 1166 1537 1193 familiari
1547 1166 1623 1194 Jovis
1639 1165 1850 1192 consuetudine.
1857 1173 1865 1188 ι

1083 1202 1116 1229 At
1142 1202 1252 1236 quidam
1276 1202 1423 1229 Clementis
1447 1201 1608 1229 scholiastes
1638 1202 1721 1228 verba
1750 1200 1799 1236 iila
1828 1199 1863 1229 ὡς

1082 1235 1202 1272 ἅρισὶον,
1225 1245 1256 1263 ex
1280 1236 1398 1272 Iloiiiero
1422 1237 1583 1271 corrigenda
1607 1243 1669 1263 esse
1691 1239 1768 1272 putat
1778 1235 1868 1272 "hac

1088 1269 1228 1306 legendum
1247 1271 1384 1307 ὀαριστὴν,
1400 1271 1425 1298 id
1438 1276 1479 1298 est
1499 1269 1675 1307 discipulum
1688 1275 1735 1296 aut
1752 1269 1868 1307 familia-

1082 1304 1150 1338 rem,
1166 1307 1208 1333 vel
1228 1304 1431 1334 collocutorem.
1448 1307 1504 1333 Nec
1527 1304 1597 1333 male
1612 1305 1734 1341 quidem.
1751 1304 1819 1331 Nam
1841 1305 1867 1330 in

1083 1343 1279 1376 nianuscriptis
1299 1342 1412 1373 nostris,
1428 1350 1482 1368 una
1498 1342 1616 1368 litterula
1629 1350 1645 1376 η
1674 1342 1700 1366 in
1712 1348 1727 1365 ο
1744 1341 1867 1376 abrania-

1084 1377 1179 1404 nti-ensi
1194 1375 1390 1412 librariomale
1403 1378 1554 1408 immutata,
1570 1375 1694 1412 ὀαριάτρν
1715 1382 1767 1412 pro
1776 1375 1866 1412 impig-

1082 1411 1131 1447 τὴν
1153 1413 1275 1446 legimus.
1296 1410 1327 1438 Et
1352 1411 1379 1438 id
1400 1416 1474 1439 certe
1499 1411 1692 1447 subsequentia
1719 1410 1866 1447 Clementis

1084 1444 1166 1474 verba
1180 1444 1323 1481 postulare
1340 1447 1475 1473 videntur.
1494 1446 1574 1473 Addit
1591 1444 1662 1473 enim
1676 1454 1682 1470 :
1695 1454 1704 1470 ‹
1719 1444 1807 1471 Nobis
1820 1451 1866 1481 ati-

1084 1486 1137 1508 tein
1163 1479 1217 1508 non
1239 1482 1350 1509 creditis
1377 1481 1422 1508 Dei
1446 1489 1496 1509 nos
1513 1482 1597 1508 fuisse
1613 1481 1775 1515 discipulos.
1790 1489 1799 1504 ι
1820 1479 1866 1504 Mi-

1085 1524 1162 1544 noem
1176 1524 1242 1544 vero
1258 1517 1343 1544 fuisse
1357 1516 1432 1544 Jovis
1448 1516 1611 1551 discipulum
1630 1516 1695 1551 alibi
1710 1516 1792 1542 docet
1816 1522 1863 1540 au-

1085 1556 1144 1578 ctor
1159 1556 1270 1579 noster:
1288 1561 1296 1577 ι
1312 1551 1344 1578 Ει
1355 1552 1470 1579 Minoem
1486 1550 1605 1578 referant
1620 1551 1652 1578 ad
1667 1550 1745 1577 Jovis
1759 1555 1865 1576 antrum

1084 1587 1247 1617 venientem,
1268 1595 1364 1614 novem
1393 1595 1526 1613 annorum
1552 1587 1641 1621 spatio
1667 1587 1741 1619 leges
1764 1593 1777 1611 a
1800 1584 1865 1621 flore

1084 1622 1222 1656 accepisse
1234 1622 1266 1648 ⁸³.
1286 1632 1294 1647 ι
1320 1622 1352 1648 Et
1376 1630 1484 1649 rursum
1514 1619 1583 1648 libro
1609 1622 1736 1656 sequenti
1752 1628 1758 1644 2
1774 1629 1784 1645 ι
1799 1619 1831 1645 Et
1853 1626 1865 1644 δ

1083 1656 1185 1683 Gra‘cis
1211 1657 1365 1684 celebratur
1388 1665 1434 1684 rex
1460 1656 1564 1689 Minos,
1590 1657 1635 1691 qui
1662 1663 1762 1682 norem
1791 1656 1867 1682 annis

1083 1691 1252 1718 familiariter
1269 1700 1329 1719 cum
1341 1691 1408 1719 Jove
1418 1696 1458 1719 est
1477 1691 1640 1719 versatus“.
1655 1700 1663 1716 i

1121 1726 1148 1753 Si
1165 1734 1224 1762 quae
1239 1728 1347 1754 tandem
1366 1728 1425 1754 aliae
1443 1731 1573 1754 notentur
1591 1725 1868 1762 Cleiiicntinintcxtus

1084 1761 1112 1788 in
1127 1760 1180 1789 hac
1192 1763 1251 1796 ejus
1266 1762 1449 1788 Αάηιοηῐιὶωιιι
1465 1762 1684 1796 depravationes.
1703 1761 1738 1787 de
1758 1760 1814 1796 illis
1829 1760 1868 1785 iii-

1084 1797 1135 1827 fra.
1154 1795 1325 1824 ubi'occasio
1348 1797 1465 1827 dabitur.
1493 1795 1543 1824 suo
1566 1798 1624 1823 loco
1653 1795 1866 1830 disputabimus.

1085 1831 1196 1859 Sedeas
1214 1836 1303 1858 tamen
1322 1832 1570 1866 praztermittemus,
1585 1839 1648 1866 quae
1663 1833 1704 1857 vel
1720 1831 1865 1857 levissimae

1084 1871 1157 1896 sunt.
1175 1874 1225 1894 nec
1245 1862 1365 1894 aucto-ris
1394 1875 1505 1894 sensum
1527 1862 1645 1894 reddunt
1667 1866 1866 1895 oliscuriurein.

1084 1902 1126 1929 vel
1143 1909 1204 1936 quae
1219 1903 1293 1929 nulla
1306 1902 1440 1936 probabili
1453 1903 1557 1928 ratione
1573 1902 1728 1928 firmantur.

1341 1947 1542 1975 ARTICULUS
1562 1946 1606 1974 IV.

1085 1993 1150 2026 Quis
1165 1994 1243 2026 fuerit
1259 1993 1377 2021 Clemens
1395 1994 1503 2028 hujusce
1520 1993 1553 2019 ad
1569 1991 1675 2028 Grrecos
1691 1991 1867 2028 Admonitio-

1119 2029 1172 2061 nis,
1191 2029 1342 2063 Paedagogi,
1361 2027 1540 2059 Stromatum.
1559 2027 1728 2061 aliarumque
1745 2027 1867 2053 lucubra-

1121 2065 1220 2090 tionum
1245 2070 1355 2095 auctor.
1380 2064 1424 2098 qui
1441 2063 1497 2097 ejus
1519 2066 1692 2098 prwceptores
1704 2081 1718 2098 ,ν
1736 2063 1865 2098 quodnam

1119 2099 1193 2125 illius
1214 2107 1309 2126 munus
1324 2104 1349 2125 et
1364 2099 1486 2133 ofﬁciunt.
1504 2098 1548 2124 ubi
1562 2102 1586 2123 et
1605 2097 1737 2131 quomodo
1754 2097 1822 2123 liam:
1837 2097 1866 2122 ad

1120 2134 1224 2161 (ἐι-ωσος
1238 2134 1457 2161 Admonitionem
1472 2133 1655 2166 composuerit.

1119 2180 1285 2207 Clementem
1314 2180 1428 2214 hujusce
1459 2179 1492 2205 ad
1515 2178 1624 2206 Graecos
1655 2177 1866 2214 Admonitiom‘s,

1086 2215 1264 2249 aliarumque,
1280 2222 1340 2249 qure
1352 2215 1480 2248 deinceps
1495 2213 1684 2241 examinanda:
1703 2217 1779 2244 sunt,
1797 2214 1867 2239 lucu-

1051 2242 1072 2269 D
1086 2242 1240 2277 hrationu‘iii
1257 2242 1352 2277 verum
1365 2255 1392 2276 et
1410 2242 1558 2284 genuinum
1574 2253 1716 2284 auctorem
1731 2242 1795 2284 esse
1808 2254 1866 2274 cum

1086 2289 1203 2317 constet,
1225 2290 1369 2319 antequam
1397 2282 1513 2311 ulterius
1538 2282 1759 2318 progrediamur.
1779 2283 1835 2316 jam
1854 2289 1866 2306 a

1086 2320 1167 2346 nobis
1191 2320 1253 2354 quis
1276 2318 1321 2346 ille
1343 2319 1435 2350 fuerit.
1460 2319 1554 2354 scdulo
1574 2318 1799 2352 investigandum
1818 2321 1865 2354 est.

1086 2355 1127 2381 Ab
1145 2352 1207 2388 ejus
1222 2359 1311 2381 autem
1332 2355 1441 2381 nomine
1457 2358 1486 2380 ut
1503 2353 1655 2384 ordiamur,
1672 2353 1725 2386 ipsi
1740 2352 1867 2388 quemad—

1086 2385 1196 2416 niodiim
1222 2389 1353 2416 Eusebius
1361 2389 1383 2404 νυ
1404 2389 1572 2423 Photiusque
1580 2389 1604 2406 ³⁸
1621 2385 1762 2414 testantur
1776 2395 1782 2412 2
1799 2395 1808 2411 ι
1821 2385 1863 2412 Ti-

1086 2425 1140 2451 tius
1152 2424 1261 2451 Flavius
1273 2423 1397 2451 Clemens
1411 2433 1419 2449 ι
1435 2431 1534 2450 nomen
1547 2427 1616 2454 erat,
1629 2430 1786 2456 cognomen
1797 2428 1865 2450 vero,

1087 2460 1109 2486 si
1133 2459 1220 2486 eidem
1242 2459 1360 2486 Eusebio
1394 2459 1582 2489 credideris",
1612 2457 1863 2483 «Alexandrinus.»

1087 2495 1146 2526 Quo
1171 2494 1279 2529 quidem
1312 2495 1473 2528 cognomine
1498 2493 1558 2529 ideo
1586 2493 1737 2529 insignitus
1761 2491 1865 2529 dicitur,

1086 2530 1129 2555 vel
1144 2526 1216 2563 quod
1240 2526 1403 2555 Alexandria
1425 2528 1568 2558 oriundus,
1587 2529 1628 2554 vel
1649 2527 1743 2561 potius
1759 2526 1865 2561 quodet

1087 2563 1114 2590 in
1131 2564 1181 2591 hac
1197 2564 1263 2590 urbe
1284 2564 1330 2590 diu
1347 2568 1543 2593 commoratus.
1559 2567 1585 2589 et
1600 2563 1745 2597 presbyter
1763 2566 1865 2588 creatus

1088 2599 1179 2626 fuerit.
1203 2598 1262 2625 Non
1285 2599 1356 2625 enim
1382 2599 1419 2625 ita
1445 2603 1550 2625 certum
1574 2601 1616 2624 est
1639 2604 1705 2623 cuin
1725 2597 1763 2623 ibi
1779 2602 1864 2622 revera

1086 2640 1187 2665 ortum,
1203 2634 1272 2670 quin
1296 2634 1399 2670 plures,
1420 2637 1490 2660 teste
1509 2632 1677 2670 Epiphanio_,
1701 2630 1864 2670 crediderim

1086 2670 1173 2702 patria
1199 2665 1284 2696 fuisse
1296 2665 1499 2695 'Atlieniensem
1514 2665 1584 2694 :‘Ov
1602 2666 1667 2701 φασί
1692 2675 1766 2698 τινες
1783 2665 1863 2696 Ἀλεξ-

1551 2777 1572 2792 ⁸⁷
1590 2776 1696 2804 Girald.
1711 2776 1829 2812 Syntag.‘
1839 2774 1863 2806 9,

1522 2814 1543 2828 ν’
1555 2811 1654 2840 Odyss.
1669 2810 1741 2840 iiixf
1769 2812 1792 2826 "
1805 2810 1863 2838 ωλι

1152 2814 1174 2829 ⁹⁰
1186 2822 1244 2849 pag.
1258 2814 1284 2841 9.
1323 2815 1344 2830 ⁹¹
1360 2822 1420 2848 pag.
1437 2814 1482 2839 69.
1522 2814 1543 2828 ν’
1555 2814 1654 2847 Odyss.
1669 2820 1729 2840 iiix.
1769 2814 1792 2826 "
1805 2814 1861 2838 ωλι

1152 2869 1158 2874 .
1178 2849 1225 2874 lib.
1242 2857 1265 2874 Vl
1283 2847 1397 2874 “lSlOl‘..
1415 2856 1475 2874 cat).
1493 2848 1534 2874 l5.
1588 2847 1611 2863 "
1626 2847 1708 2874 Phot.
1729 2846 1861 2874 Biblioth..

1323 2815 1344 2830 ⁹¹
1360 2822 1420 2848 pag.
1437 2813 1482 2839 69.
