1927 3074
252 156 305 182 8'13

586 156 618 184 1N
639 156 851 184 CLEMENTEM
869 156 971 184 ALEX.
989 157 1020 184 D.
1047 157 1091 184 LE
1108 156 1252 185 NOUHRY
1269 157 1496 185 DISSERTATIO
1517 159 1537 188 l.

1837 161 1884 189 895

253 215 302 241 diti
326 221 516 253 perceperunt,
536 224 596 243 mox
617 226 625 242 ι
641 217 815 248 incitatorio,
830 228 838 243 ι
859 217 1036 253 παιδαγωγῷ,
1054 221 1073 248 Α
1089 223 1130 244 est
1155 219 1299 246 candidius
1323 223 1349 246 et
1368 219 1486 247 dulcius.
1504 218 1541 244 ita
1560 218 1628 245 nihil
1642 226 1707 246 esse
1720 226 1778 252 quo
1792 220 1884 248 melius

253 259 307 285 quo
338 253 436 285 prioris
466 252 527 278 vita:
554 257 666 286 peccata
687 257 714 279 et
738 253 803 279 vilia
822 253 978 285 emendare,
1008 262 1039 280 ac

253 286 384 320 deinceps
400 287 443 321 pie
458 287 668 322 Cbrislianeque
691 288 782 315 vivere
799 288 959 319 doceantur,
977 296 1039 316 esse

255 322 452 348 inforiuandos.
467 322 610 356 I‘wdagogi
625 323 726 357 quippe
740 324 763 350 is
776 327 818 350 est
836 324 907 350 linis.
928 328 958 350 ut
980 324 1040 350 ani»

255 365 304 393 nuc
321 358 423 383 morbis
439 357 745 392 pertui'batimiibusque
761 359 911 389 medeatur,
924 366 1039 393 eamque

254 391 280 417 in
302 396 440 428 posterum
462 392 571 424 virtute,
595 391 753 428 sanctisque
771 394 926 421 actionibus
942 391 1037 421 melio-

254 433 311 453 rcin
328 427 435 453 eilieiat.

289 461 340 499 Qui
367 466 458 499 autem
488 466 562 499 recte
587 471 620 490 eo
652 463 792 498 pmdagogi
822 472 935 491 munere
963 464 1037 499 fungi

253 497 350 529 possit,
375 497 480 523 nullum
503 497 586 532 alium
613 503 709 525 auctor
726 497 821 526 noster
845 507 906 526 esse
922 499 1002 527 docet
1013 497 1036 532 7,

252 539 331 564 quarti
356 532 495 569 Christum
522 531 678 569 Dominum,
694 533 832 569 quiipatri
858 542 908 562 suo
936 541 1038 562 aitcrno

252 574 359 604 semper
374 567 523 604 siniilis,_et
537 567 608 595 idem
626 576 688 595 cum
702 567 734 596 eo
747 568 828 601 Deus,
846 569 927 596 homo
943 575 1036 604 postea

252 602 350 639 factus,
369 602 418 639 sed
440 602 508 639 nulli
526 611 646 639 unquam
671 609 795 638 peccato,
809 605 874 631 nulli
891 602 1038 639 reprelien-

255 637 339 668 sioni,
354 637 437 665 nullis
448 638 532 664 animi
549 637 801 672 perturbationibus
816 637 951 667 obnoxius
974 640 1034 668 fuit.

250 671 282 697 Et
295 680 359 700 vero
374 673 419 700 ille
444 681 500 699 non
514 671 602 700 solum
620 675 662 701 his
686 675 785 701 divina-
802 680 907 702 natura:
926 680 952 702 et
973 684 1037 703 sati-

248 708 397 739 ctiinoniae,
419 716 501 742 quam
521 716 570 736 nos
584 716 598 735 a
616 710 736 743 peccatis
760 710 887 738 omnibus
911 718 973 737 cum
989 719 1036 738 vo-

251 742 388 780 luntariis,
402 747 465 780 tumr
477 742 681 780 involunta’riis,
696 745 784 779 quoad
801 746 857 772 ﬁeri
872 750 971 780 potest,
991 753 1037 772 ca-

248 779 338 805 vendo
367 778 468 804 imitari
490 778 633 812 debemus,
664 778 793 814 praeditus
818 778 880 807 erat
902 782 1011 809 dotibus
1031 791 1034 793 τ

248 820 342 840 verum
358 814 438 840 etiam
451 814 526 851 ne__in
539 815 582 840 illa
601 821 709 851 peccata
727 816 913 851 prolahainur,
929 824 1034 844 summa

246 855 313 886 cum
328 849 538 886 mansuetudine
551 850 690 883 prohibet;
706 849 738 877 ac
763 859 846 886 penes
874 852 962 885 ipsum
990 853 1034 878 illa

248 883 415 915 dimittendi,
437 889 464 910 et
489 891 585 911 omnes
617 885 714 912 animae
742 883 843 913 nostra:
873 883 984 914 morbos
1007 892 1034 914 et

248 919 424 956 aegritudines
440 919 561 956 perfecte
574 920 688 947 sanandi
701 928 808 948 summa
822 925 864 949 est
881 926 1012 956 potestas.

282 953 350 991 Cum
367 958 457 981 autem
483 954 528 981 ille
550 955 609 989 ipse
625 963 705 983 verus
718 957 757 983 sit
774 953 1033 991 Deus‘,‘quodlibet

247 989 363 1026 remittit
380 993 539 1026 peccatum,
558 994 639 1024 atque
657 991 731 1018 illius
744 992 772 1018 in
787 989 935 1023 hominem,
952 1000 1032 1026 quem

247 1023 280 1050 ad
304 1024 450 1058 imaginem
469 1032 545 1051 suam
572 1023 684 1056 creavit.
709 1031 800 1054 tantus
819 1031 861 1054 est
880 1023 978 1058 amor',
1004 1032 1033 1053 ut

246 1059 307 1096 ejus
322 1066 406 1096 causa
421 1059 502 1096 homo
517 1059 617 1092 factus,
633 1061 672 1087 illi
687 1068 765 1095 opem
780 1070 887 1096 semper
903 1062 983 1093 ferat,
1001 1070 1033 1089 ac

247 1094 350 1128 ubique
364 1094 511 1131 subveniat
529 1099 555 1121 et
570 1094 728 1130 opituletur.
741 1094 933 1131 Neque-porro
946 1099 1032 1125 solius

246 1130 298 1167 viri
315 1130 436 1167 liunc_in
453 1130 562 1157 modum
582 1135 626 1167 est
645 1130 836 1167 pcedagogris”,
851 1130 906 1160 sed
925 1132 1032 1160 femina:

246 1165 340 1203 etiam,
355 1165 436 1203 crius
450 1166 604 1203 communis
615 1165 677 1203 cuin
688 1165 748 1193 vii-‘0
759 1165 824 1199 irita,
842 1168 917 1194 salus
931 1173 957 1195 et
970 1176 1032 1203 gra-

247 1199 294 1230 tia,
311 1207 342 1227 ac
355 1200 425 1227 bona
441 1199 558 1234 denique
573 1201 663 1228 omnia
676 1206 740 1228 sunt
754 1203 920 1229 communia.

280 1235 360 1272 Quia;
373 1243 438 1262 vero
461 1236 512 1262 soli
524 1237 607 1272 pueri
627 1238 653 1263 in
671 1237 847 1272 disciplinain
872 1238 1030 1268 traduntur.

246 1270 310 1298 hinc
331 1270 458 1297 Clemens
484 1271 596 1305 quinam
622 1279 637 1297 a
662 1270 772 1299 Clii-isto
809 1273 951 1299 erudiendi
977 1275 1031 1300 sint

245 1305 390 1343 diligenter
405 1305 592 1343 investigat".
607 1305 698 1333 Palam
708 1312 797 1334 autem
812 1307 876 1334 facit
892 1316 939 1335 eos
956 1308 1031 1343 ipsos

245 1348 318 1378 esse,
337 1341 383 1376 qui
409 1348 503 1367 revera
521 1341 670 1369 Christiani
684 1347 759 1373 sunt,
773 1350 862 1377 eoque
879 1341 1032 1378 gloriantur

245 1376 368 1407 nomine,
385 1383 440 1410 quo
463 1383 518 1402 non
536 1380 613 1407 aetas,
631 1378 679 1404 sed
691 1376 853 1412 simplicitas
868 1376 974 1404 nioruin
991 1379 1030 1405 vi-

244 1417 334 1446 taeque
359 1411 503 1445 integritas
530 1416 556 1438 et
585 1411 750 1439 innocentia
769 1413 939 1447 signiﬁcatur
975 1413 1030 1441 Nec

244 1447 336 1474 minus
352 1448 424 1474 clare
441 1446 536 1480 probat
557 1446 618 1474 illos
634 1447 756 1474 eamdem
770 1446 805 1474 oli
821 1455 931 1475 causam
944 1449 1031 1476 sacris

244 1490 272 1508 in
294 1482 445 1516 Scripturis
464 1481 694 1513 adolescentulos,
716 1483 848 1516 agnellos,
873 1488 900 1510 et
917 1483 1028 1516 vitulos,

245 1517 387 1549 lactantes,
410 1517 552 1543 columbas
567 1517 717 1551 simplices.
737 1519 825 1552 pullos
840 1519 1028 1546 columbarum

244 1557 270 1578 ct
284 1553 448 1586 gallinarum
460 1551 577 1578 infantes
590 1552 671 1584 ﬁlios,
688 1551 795 1584 ﬁliolos,
811 1561 910 1580 novum
927 1555 968 1580 vel
978 1561 1028 1580 na—

226 1596 227 1600 π
245 1581 364 1614 εςυῖιιειιι
378 1587 522 1626 _p0puluin_
538 1581 681 1626 appellari.
701 1581 801 1626 Eodem
819 1596 1026 1626 quoquc_sensu
1041 1581 1063 1611 (ἶ

245 1630 339 1649 vorem
355 1624 450 1656 νήπιος
466 1622 552 1656 accipi
567 1622 676 1656 planum
698 1623 814 1649 subinde
829 1623 904 1649 facit.
924 1623 956 1650 Et
970 1624 1027 1651 lucc

244 1658 353 1691 quidem
377 1657 533 1691 appellatio,
558 1665 639 1691 quam
664 1657 747 1692 aliqui
773 1665 912 1692 perperam
931 1659 1028 1686 irride-

244 1693 320 1723 baut,
337 1692 502 1728 Christianis
522 1692 641 1726 gloriOsa
662 1693 743 1727 plane
755 1693 918 1726 videbatur;
935 1698 1029 1728 utpote

244 1735 304 1762 qua:
318 1732 441 1755 sanctam
458 1727 673 1760 simplicitatem.
689 1728 925 1762 mternitatemque
938 1727 1028 1756 omnis

244 1762 314 1789 senii
339 1767 475 1796 expertem
498 1763 641 1796 significet.
661 1762 699 1789 Eo
714 1764 813 1790 etenim
829 1763 939 1790 nomine
953 1772 968 1790 a
983 1773 1029 1791 ve-

244 1797 296 1824 teri
312 1797 496 1824 lsraelitarum
513 1798 613 1831 populo
632 1798 755 1828 discreti,
772 1802 797 1825 et
815 1797 916 1832 Spiritu
933 1804 1028 1826 sancto

245 1834 272 1859 in
289 1833 405 1859 ﬁliorum
421 1832 596 1868 adoptionem
612 1834 746 1866 generati,
770 1833 825 1860 Deo
847 1834 926 1868 longe
949 1839 1028 1861 erant

244 1868 352 1894 caeteris
367 1868 494 1894 omnibus
512 1867 663 1895 chariores.
680 1867 757 1900 Quod
777 1868 886 1902 quidem
898 1867 1028 1897 Clemens

245 1903 370 1938 mysticis
393 1902 491 1933 lsaaci,
513 1910 574 1929 cum
596 1911 681 1930 uxore
706 1911 755 1930 sua
771 1903 892 1930 Rebecca
910 1904 1028 1932 ludentis

243 1942 271 1964 et
296 1938 420 1970 ridentis,
440 1938 712 1972 interpretationibus
737 1939 850 1972 pulchre
873 1940 1026 1966 confirmat.

244 1973 303 2000 Huc
318 1973 425 2001 accedit
434 1973 508 2009 quod
521 1973 713 2009 Christusipse
722 1981 798 2008 puer,
813 1974 928 2008 puellus.
942 1982 1028 2009 agnus

244 2013 271 2035 et
287 2009 380 2036 infans
394 2008 487 2036 vocari
503 2015 557 2034 non
572 2009 692 2036 erubuit.
706 2008 742 2035 Ex
755 2010 854 2043 quibus
869 2008 1029 2036 auctor’no-

246 2048 301 2071 ster
319 2044 382 2078 jure
405 2043 503 2070 merito
524 2043 664 2070 concludit
690 2044 838 2078 perfectam
861 2044 1029 2072 Christiano-

245 2087 304 2106 rum
322 2079 453 2114 puerilem
466 2078 639 2112 disciplinam
654 2079 705 2105 hac
719 2081 1029 2108 sacranonienclatione

244 2114 387 2141 declarari.

281 2149 349 2176 Tum
365 2156 430 2176 vero
445 2156 492 2176 eos
517 2148 564 2183 qui
592 2152 704 2183 propter
732 2148 783 2175 hoc
814 2149 903 2183 ipsum
929 2157 1028 2177 nomen

245 2185 355 2212 eosdem
372 2184 547 2210 Christianos
568 2184 795 2218 aspernabantur,
819 2185 927 2219 egregie
948 2185 1030 2212 refel-

246 2220 320 2246 lit”.
350 2219 508 2246 Christiana
541 2219 642 2253 quippe
663 2219 778 2246 infantia
803 2227 883 2246 stium
907 2227 921 2245 a
941 2221 1028 2247 sacris

246 2255 373 2289 baptismi
395 2254 476 2281 undis
494 2255 514 2288 ι

244 2298 276 2316 cu
294 2289 361 2316 nihil
375 2290 454 2324 plane
464 2289 628 2324 imperfecti,
643 2289 689 2317 sed
700 2297 833 2316 summam
846 2297 908 2316 esse
938 2290 1025 2325 perfe-

245 2325 375 2355 ctionem,
393 2332 427 2351 ex
445 2325 530 2351 variis
545 2325 665 2359 ejusdem
682 2325 847 2351 sacramenti
862 2325 1028 2359 nominibus,

244 2364 271 2386 et
291 2360 400 2390 etlectu,
419 2363 502 2394 atque
519 2367 551 2386 ex
568 2361 628 2394 ipso
642 2360 743 2386 Christi
758 2360 919 2394 baptismate
937 2362 1025 2387 mani-

246 2395 394 2422 festissinie
417 2394 544 2422 ostendit.
570 2395 603 2421 Et
619 2395 646 2421 id
658 2395 768 2429 quidem
793 2395 915 2429 Apostoli
937 2397 1027 2422 ﬁrmat

244 2431 351 2461 verbis,
377 2430 477 2464 quibus
495 2430 666 2457 Christianos
688 2430 754 2457 vitio
772 2430 908 2461 infantes,
936 2434 1027 2458 mente

245 2465 381 2499 perfectos
408 2472 468 2492 esse
493 2465 581 2499 jubet.
607 2465 732 2492 Attamen
755 2465 883 2499 quoniam
902 2466 1025 2492 nonnulli

245 2500 411 2534 objiciebant
436 2500 512 2526 illum
535 2500 630 2527 eadem
647 2501 792 2535 scripsisse
804 2500 831 2526 in
849 2500 980 2534 Epistola,
996 2508 1026 2528 se

245 2535 411 2562 Christianis
437 2539 529 2569 utpote
559 2535 755 2562 inﬁrmioribus
783 2544 838 2562 non
858 2535 960 2567 cibum,
980 2536 1026 2562 sed

245 2574 375 2605 tauquam
390 2569 539 2598 infantibus
552 2571 594 2598 lac
607 2570 714 2598 dedisse
727 2580 733 2604 ;
751 2571 814 2597 hinc
830 2571 874 2597 ille
897 2573 952 2597 tam
973 2570 1027 2597 llo-

246 2608 326 2638 ineri,
344 2613 423 2640 quam
440 2606 583 2639 ipsiusmet
607 2606 728 2640 Apostoli
746 2606 912 2632 auctoritate
930 2605 1028 2640 probat

247 2640 289 2667 lac
313 2640 463 2675 perfectum
483 2648 546 2668 esse
568 2641 738 2669 alimentum.
756 2640 835 2673 Quod
859 2641 968 2674 quidem
996 2645 1027 2667 ut

247 2676 356 2710 planius
372 2675 551 2708 demonstret,
574 2677 651 2711 plura
665 2677 698 2703 de
714 2677 792 2702 laetis
814 2676 841 2702 in
862 2676 1025 2702 feminarum

245 2711 385 2750 uberibus
397 2711 583 2750 procreatione
599 2711 736 2745 disputat;
752 2719 784 2750 ac
799 2711 919 2750 physicis
942 2711 1027 2750 ratio-

245 2745 328 2774 nibus
342 2745 421 2773 nobis
436 2746 600 2781 persuadere
618 2750 735 2773 conatur
751 2746 816 2772 illud
832 2753 865 2773 ex
880 2745 1023 2781 sanguine,

245 2781 338 2808 album
353 2781 380 2807 in
392 2780 509 2808 colerem
522 2789 664 2812 converso.
678 2788 785 2812 semper
799 2780 922 2808 formari.
940 2780 1024 2808 Porro

247 2788 338 2808 auium
353 2788 380 2807 in
392 2788 509 2808 cciorem
522 2789 664 2812 converso,
678 2788 734 2808 sem
756 2788 785 2807 er
799 2788 922 2808 iormari.
940 2788 1024 2808 ενοι-το

247 2820 336 2843 autem
359 2814 421 2843 inde
436 2816 481 2843 ille
498 2817 611 2852 colligit,
628 2788 857 2851 quemadmodum
871 2815 940 2842 nihil
955 2817 1024 2843 lacte

279 2895 290 2910 ¹
303 2901 362 2929 cap.
376 2893 403 2921 2.
440 2895 450 2910 ⁸
464 2902 523 2931 cap.
541 2895 566 2922 5.
605 2895 615 2910 ⁹
627 2901 686 2929 cap.
702 2893 727 2920 4.
767 2893 788 2909 ¹⁰
804 2900 862 2928 cap.
880 2893 905 2920 5.

945 2894 963 2909 “
980 2901 1040 2930 cap.
1053 2894 1080 2921 6.

1092 254 1172 281 homo
1189 254 1335 280 nutriatur.
1360 254 1449 288 Atque
1472 254 1562 285 banc,
1589 254 1699 288 inquit,
1720 254 1758 280 ob
1775 261 1882 282 causam

1091 289 1200 323 quidam
1214 289 1255 315 lac
1268 296 1365 315 manna
1379 288 1595 324 appellaverunt,
1607 293 1633 316 et
1644 288 1781 317 Christus
1795 289 1882 316 Domi-

1090 332 1142 351 nus
1171 325 1197 350 in
1224 324 1397 351 eucharistiae
1427 328 1600 351 sacramento
1625 331 1708 351 suum
1735 331 1839 359 corpus
1859 331 1882 352 et

1090 359 1261 394 sanguinem,
1280 360 1326 394 qui
1345 360 1427 395 etiam
1449 359 1540 385 vinum
1556 359 1672 395 mystice
1697 359 1818 390 dicitur,
1835 368 1881 395 pro

1090 395 1160 422 lacte
1174 399 1200 421 ct
1217 395 1356 428 spirituali
1367 394 1497 421 alimento
1514 394 1643 421 omnibus
1663 398 1691 421 et
1709 394 1879 422 manducan-

1089 429 1153 456 dum
1171 429 1287 464 prmbuit
1306 434 1333 456 et
1352 429 1511 456 bibendum.
1528 429 1663 456 Casterum
1679 430 1815 464 quoniam
1832 432 1880 456 uti-

1090 465 1124 492 lis
1139 465 1312 500 salubrisque
1328 469 1371 492 est
1387 464 1467 491 lactis
1484 472 1546 491 cum
1563 472 1634 500 aqua
1648 469 1676 492 et
1694 466 1791 494 melle.
1803 471 1879 500 atque

1090 501 1172 526 etiam
1188 501 1252 527 vino
1270 499 1342 526 dulci
1361 499 1512 535 perinistio,
1530 507 1589 526 eam
1605 499 1736 527 Clemens
1756 499 1880 535 proptér-

1088 542 1119 561 ea
1147 542 1209 562 cum
1241 533 1394 569 baptismo,
1417 533 1506 561 Verbo
1529 534 1640 566 divino,
1670 540 1698 562 et
1723 533 1878 563 Cliristiana

1089 569 1141 596 ﬁde
1164 571 1316 597 luculenter
1339 570 1490 604 componit.
1508 569 1631 604 Denique
1653 571 1787 604 quamvis
1808 576 1878 598 tanta

1088 606 1123 632 sit
1140 605 1358 633 Christianorum
1377 612 1391 630 a
1408 610 1536 639 suscepto
1554 605 1720 640 baptismate
1731 605 1875 640 perfectio,

1087 645 1276 668 verumtamen
1291 648 1353 667 cuin
1369 640 1414 666 illa
1431 641 1552 667 omnium
1571 640 1689 667 maxima
1702 649 1759 667 non
1778 641 1827 672 sit,
1839 650 1880 668 co—

1087 683 1147 703 rum
1169 676 1272 702 ideirco
1293 675 1415 703 retundit
1441 675 1609 710 superbiam,
1624 676 1670 710 qui
1698 683 1729 703 se
1755 676 1879 710 ipsismet

1088 711 1220 746 apostolis
1235 710 1411 746 perfectiores
1421 718 1482 737 esse
1497 712 1578 737 stulte
1590 711 1783 746 venditabant.
1801 711 1879 737 Sum-

1086 745 1129 773 nie
1158 745 1297 774 enimvero
1327 745 1465 780 perfectus
1490 746 1565 773 solus
1585 750 1628 773 est
1655 747 1729 773 Deus
1744 745 1877 776 Pater,et

1085 782 1213 809 Christus
1229 781 1314 809 Filius
1329 781 1398 815 ejus,
1417 780 1583 815 Padagogus
1599 785 1703 812 noster,
1721 782 1806 816 cujus
1821 783 1878 807 oui-

1086 818 1158 844 cium
1180 821 1222 844 est
1249 824 1299 844 nos
1322 824 1422 851 pueros
1449 824 1515 844 suos
1530 816 1564 843 ad
1578 820 1708 843 retentam
1725 816 1879 851 perducere

1086 853 1212 880 salutem.

1050 903 1071 929 Β
1121 888 1191 928 Quid
1206 892 1303 928 autem
1327 891 1355 928 et
1375 887 1520 929 quotuple}
1535 886 1677 929 ‘sitnillius
1691 886 1877 929 παεδᾳγῳγίέι,

1085 923 1295 952 seuinstitutio,
1311 923 1406 957 quisye
1421 922 1483 957 ejus
1497 922 1568 953 linis,
1585 921 1713 948 Clemens
1725 921 1827 948 deinde
1838 923 1878 949 de-

1086 958 1194 990 ﬁnit“;
1222 966 1254 985 ac
1278 956 1448 985 demonstrat
1470 956 1609 992 Christum
1627 957 1688 984 aliis
1707 957 1877 992 pxdagogis,

1083 992 1224 1024 Phwnice,
1242 993 1369 1024 Adrasto,
1384 992 1513 1022 Leonide,
1529 991 1689 1023 Nausitlioo,
1706 991 1822 1026 Zopiro,
1836 992 1878 1018 Si-

1083 1029 1175 1059 einno,
1193 1032 1220 1055 et
1234 1028 1380 1055 Persarum
1396 1028 1468 1061 regis
1483 1027 1600 1054 ﬁliorum
1616 1027 1780 1054 doctoribus
1802 1028 1877 1061 longe

1083 1071 1144 1091 esse
1158 1064 1386 1098 praestantiorem.
1403 1062 1480 1095 Quod
1504 1067 1577 1089 certe
1599 1066 1629 1088 ut
1650 1063 1754 1089 clarius
1771 1064 1879 1096 patefa—

1083 1099 1148 1130 ciat,
1158 1097 1225 1126 ante
1238 1100 1359 1126 omnium
1375 1099 1450 1133 ponit
1464 1098 1570 1129 oculos,
1582 1105 1637 1132 quo
1652 1097 1798 1133 illeinodo
1813 1098 1877 1124 olim

1083 1134 1264 1168 patriarchas,
1283 1134 1383 1168 quibus
1399 1141 1429 1160 se
1442 1132 1588 1160 videndum
1607 1132 1757 1167 pra-bebat,
1775 1137 1804 1159 et
1830 1140 1877 1168 po-

1084 1169 1176 1204 pulum
1194 1168 1372 1196 lsraelitieuni
1386 1169 1414 1194 in
1430 1168 1514 1204 veteri
1539 1171 1706 1204 testamento
1718 1168 1832 1199 rexerit,
1846 1175 1877 1195 ac

1082 1204 1253 1230 Christianos
1271 1204 1298 1230 in
1318 1211 1388 1230 novo
1418 1203 1550 1237 gubernet
1567 1207 1594 1230 et
1609 1203 1777 1230 moderetur.

1116 1239 1215 1266 Eorum
1233 1242 1323 1266 autem
1340 1239 1522 1272 objectionem
1537 1237 1657 1268 diluit”,
1683 1238 1732 1272 qui
1747 1238 1876 1266 eumdem

1082 1274 1221 1301 Christum
1237 1274 1393 1303 Dominum,
1413 1278 1505 1308 utpote
1520 1274 1566 1307 qui
1589 1273 1679 1299 minas
1699 1277 1727 1300 et
1743 1278 1875 1300 terrorem

1083 1310 1216 1340 intendat,
1227 1317 1259 1336 ac
1272 1309 1347 1344 virga
1360 1308 1508 1343 aliquando
1519 1308 1615 1339 caedat,
1630 1308 1734 1334 bonum
1746 1316 1802 1335 non
1816 1316 1878 1335 esse

1081 1346 1241 1379 arguebant.
1264 1343 1385 1370 Primum
1408 1343 1480 1370 enim
1504 1344 1603 1370 invicte
1625 1344 1723 1377 probat
1737 1351 1800 1379 eum
1816 1351 1877 1370 esse

1081 1378 1134 1406 non
1151 1380 1232 1406 modo
1249 1379 1361 1409 bonum,
1379 1379 1426 1406 sed
1437 1381 1518 1405 etiam
1535 1378 1665 1408 maximo,
1680 1385 1736 1412 quo
1749 1378 1876 1405 homines

1080 1415 1264 1449 prosequitur,
1281 1414 1366 1440 amori
1384 1414 1498 1440 nihilum
1513 1413 1621 1448 quidem
1636 1413 1745 1440 allicere
1758 1414 1821 1448 ejus
1833 1414 1878 1447 ju-

1081 1450 1193 1476 stitiaui.
1217 1449 1286 1476 Tum
1310 1449 1459 1479 continuo,
1483 1449 1630 1483 propositae
1660 1449 1811 1482 objectioni
1833 1457 1877 1475 re-

1081 1484 1196 1518 spondet
1210 1485 1298 1511 ininas
1314 1484 1397 1515 illius,
1413 1484 1651 1518 reprehensiones,
1667 1487 1800 1514 terrores.
1816 1485 1877 1510 ani-

1080 1520 1294 1550 madversiones,
1309 1519 1513 1553 castigationes.
1531 1519 1646 1553 ﬂagella,
1664 1526 1720 1545 non
1743 1519 1800 1545 odii
1815 1527 1877 1546 esse

1080 1556 1169 1590 signa,
1185 1555 1232 1581 sed
1248 1554 1452 1590 benevolentiae,
1468 1559 1494 1581 ct
1509 1559 1613 1581 certum
1628 1554 1807 1590 salutareque
1820 1562 1878 1581 ine-

1079 1589 1275 1621 dicaineutum,
1295 1597 1349 1623 quo
1368 1589 1492 1616 homines
1506 1597 1520 1615 a
1535 1593 1647 1623 peccato
1661 1589 1796 1621 deterret,
1815 1596 1876 1615 om-

1080 1633 1183 1659 nesque
1200 1629 1280 1652 sanat
1296 1625 1393 1651 anima:
1406 1628 1508 1651 nostra:
1521 1624 1631 1651 morbos
1642 1629 1669 1650 et
1684 1623 1875 1658 aegritudines.

1078 1660 1165 1695 Negat
1181 1664 1272 1686 tamen
1289 1659 1421 1695 Clemens
1431 1659 1525 1690 ullam,
1552 1659 1614 1695 nisi,
1628 1659 1822 1693 melaphorice
1839 1661 1878 1685 lo-

1080 1693 1199 1728 quendo,
1210 1695 1264 1722 dici
1282 1701 1362 1729 posse
1379 1694 1424 1720 Dei
1437 1695 1516 1725 iram,
1532 1695 1573 1720 vel
1589 1693 1665 1720 illum
1679 1694 1801 1728 injurias
1814 1701 1878 1721 suas

1080 1731 1175 1757 ulcisci
1190 1735 1216 1757 et
1232 1729 1369 1764 persequi.
1388 1729 1441 1756 Nec
1464 1730 1561 1755 minori
1578 1736 1644 1756 sane
1660 1729 1802 1756 evidentia
1819 1730 1878 1764 pla-

1079 1773 1144 1791 num
1168 1766 1397 1800 perspicuunique
1418 1764 1484 1800 facit
1507 1772 1591 1800 unum
1610 1764 1799 1800 eamdemque
1817 1771 1879 1792 esse.

1079 1799 1174 1827 verum
1193 1801 1268 1826 illuni
1287 1799 1382 1830 Deum,
1397 1799 1443 1833 qui
1459 1799 1548 1826 bonus
1564 1799 1646 1826 simul
1663 1802 1691 1825 et
1705 1800 1804 1833 justus
1824 1803 1876 1829 est.

1079 1835 1380 1870 eaindeniqueiomnino
1395 1841 1455 1861 esse
1473 1834 1545 1861 illius
1565 1838 1592 1861 et
1612 1834 1838 1870 misericordiam
1852 1839 1879 1861 et

1077 1869 1223 1904 justitiam.
1244 1869 1364 1904 Utraque
1379 1870 1464 1899 enim.
1486 1870 1566 1896 sicuti
1587 1873 1613 1896 et
1637 1869 1879 1904 increpationibus

1080 1910 1161 1940 atque
1187 1904 1426 1940 castigationibus,
1449 1910 1579 1931 aeternam
1605 1904 1725 1931 salutem
1753 1908 1879 1932 nostram

1080 1948 1186 1975 semper
1198 1944 1336 1975 pI'OCllI'ZlL

1114 1974 1215 2003 Oinnes
1242 1983 1323 2010 porro
1348 1974 1615 2002 animadversionum
1636 1974 1878 2002 admonitionum-

1079 2018 1133 2045 que
1154 2011 1227 2037 illius
1244 2010 1327 2041 modi,
1343 2010 1422 2044 longa
1438 2017 1504 2037 sane
1519 2014 1545 2036 ct
1564 2016 1694 2036 accurata
1711 2010 1879 2037 inductione

1080 2044 1115 2072 ab
1129 2050 1240 2072 auctore
1255 2050 1349 2072 nostro
1367 2044 1585 2074 recensentur“.
1602 2045 1737 2071 nimirum
1752 2046 1880 2073 admoni-

1081 2081 1129 2111 tio,
1143 2081 1318 2115 vituperatio,
1335 2080 1456 2115 querela,
1470 2080 1631 2113 increpatio,
1649 2081 1825 2115 redargutio,
1837 2089 1879 2107 ca-

1080 2116 1199 2150 stigatio,
1216 2115 1345 2146 visitatio,
1363 2115 1547 2146 maledictum,
1566 2115 1718 2148 accusatio,
1730 2120 1878 2150 expostu-

1082 2149 1160 2183 latio,
1175 2150 1349 2181 obtrectatio,
1366 2150 1526 2184 indignatio,
1536 2151 1709 2186 alquevariis
1726 2149 1878 2186 Scriptum

1080 2193 1164 2212 sacrae
1184 2185 1347 2212 testimoniis
1367 2193 1460 2212 earum
1485 2185 1660 2219 proferuntur
1685 2185 1876 2213 deﬁnitiones.

1082 2220 1118 2247 Ex
1143 2221 1176 2247 iis
1197 2225 1287 2248 autem
1309 2221 1352 2247 ille
1367 2220 1509 2247 Dominum
1525 2227 1619 2246 revera
1637 2220 1741 2247 bonum
1757 2229 1823 2248 esse
1835 2229 1879 2248 ar-

519 2254 544 2288 2
565 2254 727 2289 principium
752 2254 878 2281 habebat.
902 2255 985 2289 Atqui
1000 2256 1027 2282 in
1045 2254 1066 2282 Ι)
1080 2256 1147 2290 guit.
1164 2255 1196 2282 Et
1214 2256 1265 2283 hoc
1284 2256 1393 2289 quidem
1416 2256 1505 2290 ipsum
1528 2255 1580 2281 alia
1601 2254 1754 2289 Scriptura:
1779 2264 1876 2285 sacne.

1079 2296 1160 2326 atque
1181 2291 1263 2317 etiam
1282 2290 1403 2318 Platonis
1425 2290 1596 2320 auctoritate,
1611 2297 1649 2326 ac
1657 2291 1722 2317 boni
1742 2292 1878 2326 principis

1079 2331 1102 2352 el
1117 2324 1212 2352 inedici
1227 2326 1350 2361 exemplo
1361 2333 1458 2353 rursus
1473 2324 1699 2352 conﬁrmat.Tum
1716 2324 1786 2353 vero
1797 2324 1878 2361 quam

1080 2361 1168 2387 bonus
1183 2361 1219 2387 sit
1229 2360 1392 2396 Paedagogus
1409 2365 1514 2392 noster,
1527 2368 1559 2388 eo
1575 2361 1726 2391 convincit,
1740 2360 1817 2396 quod
1831 2369 1879 2388 no-

1080 2400 1137 2423 ster
1152 2397 1187 2423 sit
1204 2400 1306 2430 pastor,
1323 2397 1368 2432 qui
1383 2403 1438 2423 non
1457 2396 1544 2432 solum
1559 2396 1644 2428 ducit,
1660 2401 1756 2432 curat,
1781 2402 1811 2424 et
1836 2405 1879 2431 pa-

1080 2431 1143 2462 scit,
1164 2432 1211 2458 sed
1229 2432 1309 2458 homo
1325 2431 1418 2462 etiam,
1434 2435 1461 2457 et
1483 2431 1569 2457 frater
1584 2435 1678 2458 noster
1701 2431 1807 2462 factus.
1830 2439 1879 2466 pro

1080 2466 1158 2493 nobis
1182 2471 1305 2493 mortuus
1328 2469 1380 2493 est.
1395 2466 1524 2499 Quinimo
1543 2466 1622 2492 nobis
1647 2466 1741 2493 adhuc
1766 2468 1814 2495 ille
1831 2468 1879 2493 de-

1081 2505 1216 2528 monstrat
1233 2508 1286 2528 non
1304 2502 1391 2528 solum
1411 2501 1539 2536 imposito
1553 2501 1663 2528 nomine
1683 2500 1751 2528 Jesu
1770 2503 1878 2529 bonita-

1081 2541 1134 2563 tcm
1150 2537 1210 2570 ejus
1225 2537 1388 2571 significari;
1406 2535 1457 2564 sed
1464 2537 1568 2563 nullum
1579 2535 1660 2563 etiam
1678 2536 1823 2564 hominem
1835 2546 1877 2563 re-

1081 2571 1261 2606 prehensione
1277 2575 1304 2598 et
1318 2572 1409 2607 servili
1426 2575 1498 2598 metu
1511 2592 1517 2603 ,
1535 2571 1582 2605 qui
1596 2579 1611 2597 a
1626 2571 1702 2597 ﬁliali
1718 2572 1805 2607 longe
1820 2572 1877 2598 dis-

1080 2605 1172 2634 cretus
1188 2612 1239 2637 est,
1254 2606 1288 2633 ad
1304 2605 1422 2633 ofﬁcium
1438 2614 1517 2633 suum
1530 2607 1665 2637 revocari,
1683 2607 1739 2633 nisi
1762 2605 1811 2642 qui
1828 2608 1876 2634 bo-

1080 2642 1193 2668 nitatem
1209 2642 1269 2676 ejus
1284 2642 1488 2676 contempserit.
1501 2641 1528 2668 In
1543 2641 1811 2676 reprehensionibus
1822 2643 1875 2669 ita-

1080 2685 1133 2711 que
1147 2675 1320 2711 idemjustus
1331 2681 1359 2703 et
1373 2675 1461 2703 bimus
1476 2680 1528 2704 est.
1543 2675 1620 2703 Sicut
1631 2676 1704 2703 enim
1716 2679 1874 2711 speculum,

1079 2719 1134 2746 quo
1148 2711 1309 2739 deformitas
1325 2711 1490 2744 ostenditur,
1506 2715 1537 2747 ret
1555 2711 1688 2744 medicus,
1707 2720 1768 2747 quo
1783 2714 1873 2740 decla-

1079 2751 1155 2774 ratur
1170 2747 1263 2778 febris,
1281 2754 1334 2774 non
1350 2747 1449 2777 malus,
1467 2746 1514 2774 sed
1529 2747 1617 2774 bonus
1633 2751 1686 2778 est,
1706 2746 1746 2774 ita
1765 2752 1793 2775 et
1806 2747 1875 2773 Deus

1078 2789 1141 2808 cum
1159 2789 1209 2810 nos
1225 2782 1324 2816 arguit,
1341 2786 1397 2809 tuin
1417 2789 1511 2809 revera
1526 2782 1619 2817 justus
1629 2782 1688 2817 ipse
1699 2786 1756 2814 est,
1768 2783 1818 2818 qui
1830 2790 1875 2816 per

1078 2817 1208 2851 scipsum,
1225 2822 1371 2853 antequam
1396 2823 1504 2844 creator
1531 2821 1613 2850 esset,
1636 2818 1727 2845 bonus
1755 2817 1828 2851 erat,
1846 2825 1875 2844 ac

1121 2895 1142 2910 "
1154 2902 1211 2930 cap.
1228 2894 1252 2922 7.
1293 2895 1384 2930 "cap.
1401 2895 1426 2922 8.
1467 2894 1562 2932 “_cap.
1577 2893 1603 2921 9.
