  <div class='ocr_page' id='page_1' title='image "/cluster/home/n/w/nwhite01/storage/ocr_20150623/9/njp.32101077772398/478.png"; bbox 0 0 1927 3074; ppageno 0'>
   <div class='ocr_carea' id='block_1_1' title="bbox 32 199 87 226">
    <p class='ocr_par' dir='ltr' id='par_1_1' title="bbox 32 199 87 226">
     <span class='ocr_line' id='line_1_1' title="bbox 32 199 87 226; baseline 0 0"><span class='ocrx_word' id='word_1_1' title='bbox 32 199 87 226; x_wconf 84' lang='grc'><strong>817</strong></span> 
     </span>
    </p>
   </div>
   <div class='ocr_carea' id='block_1_2' title="bbox 581 199 1116 229">
    <p class='ocr_par' dir='ltr' id='par_1_2' title="bbox 581 199 1116 229">
     <span class='ocr_line' id='line_1_2' title="bbox 581 199 1116 229; baseline 0 -1"><span class='ocrx_word' id='word_1_2' title='bbox 581 201 625 228; x_wconf 81' lang='lat' dir='ltr'><strong>DE</strong></span> <span class='ocrx_word' id='word_1_3' title='bbox 642 199 772 229; x_wconf 75' lang='lat' dir='ltr'><strong>TRIBUS</strong></span> <span class='ocrx_word' id='word_1_4' title='bbox 789 199 973 228; x_wconf 59' lang='lat' dir='ltr'><strong>PEDAGOGI</strong></span> <span class='ocrx_word' id='word_1_5' title='bbox 993 199 1116 228; x_wconf 78' lang='lat' dir='ltr'><strong>LlllRlS.</strong></span> 
     </span>
    </p>
   </div>
   <div class='ocr_carea' id='block_1_3' title="bbox 1613 200 1667 228">
    <p class='ocr_par' dir='ltr' id='par_1_3' title="bbox 1613 200 1667 228">
     <span class='ocr_line' id='line_1_3' title="bbox 1613 200 1667 228; baseline 0 0"><span class='ocrx_word' id='word_1_6' title='bbox 1613 200 1667 228; x_wconf 78' lang='lat' dir='ltr'><strong>8lS</strong></span> 
     </span>
    </p>
   </div>
   <div class='ocr_carea' id='block_1_4' title="bbox 33 258 1668 301">
    <p class='ocr_par' dir='ltr' id='par_1_4' title="bbox 33 258 1668 301">
     <span class='ocr_line' id='line_1_4' title="bbox 33 258 1668 301; baseline -0.001 -15"><span class='ocrx_word' id='word_1_7' title='bbox 33 263 130 299; x_wconf 75' lang='lat' dir='ltr'><strong>postea</strong></span> <span class='ocrx_word' id='word_1_8' title='bbox 144 258 381 301; x_wconf 51' lang='lat' dir='ltr'><strong>Verbumusuum.</strong></span> <span class='ocrx_word' id='word_1_9' title='bbox 397 267 412 286; x_wconf 86' lang='lat' dir='ltr'><strong>a</strong></span> <span class='ocrx_word' id='word_1_10' title='bbox 427 267 482 301; x_wconf 76' lang='lat' dir='ltr'><strong>qpo</strong></span> <span class='ocrx_word' id='word_1_11' title='bbox 499 260 567 301; x_wconf 75' lang='lat' dir='ltr'><strong>bona</strong></span> <span class='ocrx_word' id='word_1_12' title='bbox 582 269 615 288; x_wconf 89' lang='lat' dir='ltr'><strong>ex</strong></span> <span class='ocrx_word' id='word_1_13' title='bbox 628 261 710 301; x_wconf 54' lang='lat' dir='ltr'><strong>caelis</strong></span> <span class='ocrx_word' id='word_1_14' title='bbox 720 261 827 295; x_wconf 83' lang='lat' dir='ltr'><strong>justitia</strong></span> <span class='ocrx_word' id='word_1_15' title='bbox 843 263 864 291; x_wconf 76' lang='grc' dir='ltr'>Α</span> <span class='ocrx_word' id='word_1_16' title='bbox 879 261 1039 301; x_wconf 49' lang='grc' dir='ltr'><strong>ξιίρηυς,“υι</strong></span> <span class='ocrx_word' id='word_1_17' title='bbox 1053 260 1177 301; x_wconf 79' lang='lat' dir='ltr'><strong>Clemens</strong></span> <span class='ocrx_word' id='word_1_18' title='bbox 1194 259 1336 301; x_wconf 77' lang='lat' dir='ltr'><strong>perspicue</strong></span> <span class='ocrx_word' id='word_1_19' title='bbox 1352 266 1414 301; x_wconf 81' lang='lat' dir='ltr'><strong>ante</strong></span> <span class='ocrx_word' id='word_1_20' title='bbox 1425 261 1595 296; x_wconf 76' lang='lat' dir='ltr'><strong>singulorum</strong></span> <span class='ocrx_word' id='word_1_21' title='bbox 1611 265 1668 301; x_wconf 67' lang='lat' dir='ltr'><strong>sta-</strong></span> 
     </span>
    </p>
   </div>
   <div class='ocr_carea' id='block_1_5' title="bbox 33 295 828 329">
    <p class='ocr_par' dir='ltr' id='par_1_5' title="bbox 33 295 828 329">
     <span class='ocr_line' id='line_1_5' title="bbox 33 295 828 329; baseline 0.003 -8"><span class='ocrx_word' id='word_1_22' title='bbox 33 296 156 329; x_wconf 88' lang='lat' dir='ltr'><strong>primum</strong></span> <span class='ocrx_word' id='word_1_23' title='bbox 170 295 328 323; x_wconf 89' lang='lat' dir='ltr'><strong>hominibus</strong></span> <span class='ocrx_word' id='word_1_24' title='bbox 342 295 513 327; x_wconf 85' lang='lat' dir='ltr'><strong>annnntiata,</strong></span> <span class='ocrx_word' id='word_1_25' title='bbox 531 296 603 323; x_wconf 91' lang='lat' dir='ltr'><strong>hunc</strong></span> <span class='ocrx_word' id='word_1_26' title='bbox 614 296 689 323; x_wconf 84' lang='lat' dir='ltr'><strong>misit</strong></span> <span class='ocrx_word' id='word_1_27' title='bbox 704 296 731 323; x_wconf 92' lang='lat' dir='ltr'><strong>in</strong></span> <span class='ocrx_word' id='word_1_28' title='bbox 748 304 828 324; x_wconf 89' lang='lat' dir='ltr'><strong>mun-</strong></span> 
     </span>
    </p>
   </div>
   <div class='ocr_carea' id='block_1_6' title="bbox 31 330 112 357">
    <p class='ocr_par' dir='ltr' id='par_1_6' title="bbox 31 330 112 357">
     <span class='ocr_line' id='line_1_6' title="bbox 31 330 112 357; baseline 0 0"><span class='ocrx_word' id='word_1_29' title='bbox 31 330 112 357; x_wconf 88' lang='lat' dir='ltr'><strong>dum.</strong></span> 
     </span>
    </p>
   </div>
   <div class='ocr_carea' id='block_1_7' title="bbox 69 365 828 400">
    <p class='ocr_par' dir='ltr' id='par_1_7' title="bbox 69 365 828 400">
     <span class='ocr_line' id='line_1_7' title="bbox 69 365 828 400; baseline 0.004 -10"><span class='ocrx_word' id='word_1_30' title='bbox 69 365 181 397; x_wconf 81' lang='lat' dir='ltr'><strong>Quanta</strong></span> <span class='ocrx_word' id='word_1_31' title='bbox 205 369 296 393; x_wconf 84' lang='lat' dir='ltr'><strong>autem</strong></span> <span class='ocrx_word' id='word_1_32' title='bbox 314 365 456 400; x_wconf 72' lang='lat' dir='ltr'><strong>Pzedagogi</strong></span> <span class='ocrx_word' id='word_1_33' title='bbox 481 366 567 393; x_wconf 82' lang='lat' dir='ltr'><strong>nostri</strong></span> <span class='ocrx_word' id='word_1_34' title='bbox 584 367 610 393; x_wconf 94' lang='lat' dir='ltr'><strong>in</strong></span> <span class='ocrx_word' id='word_1_35' title='bbox 626 367 684 394; x_wconf 86' lang='lat' dir='ltr'><strong>suis</strong></span> <span class='ocrx_word' id='word_1_36' title='bbox 698 366 828 393; x_wconf 85' lang='lat' dir='ltr'><strong>adhorta-</strong></span> 
     </span>
    </p>
   </div>
   <div class='ocr_carea' id='block_1_8' title="bbox 31 400 827 431">
    <p class='ocr_par' dir='ltr' id='par_1_8' title="bbox 31 400 827 431">
     <span class='ocr_line' id='line_1_8' title="bbox 31 400 827 431; baseline 0.004 -5"><span class='ocrx_word' id='word_1_37' title='bbox 31 401 158 426; x_wconf 87' lang='lat' dir='ltr'><strong>tionibus</strong></span> <span class='ocrx_word' id='word_1_38' title='bbox 182 401 218 428; x_wconf 89' lang='lat' dir='ltr'><strong>sit</strong></span> <span class='ocrx_word' id='word_1_39' title='bbox 243 400 342 428; x_wconf 84' lang='lat' dir='ltr'><strong>lenitas</strong></span> <span class='ocrx_word' id='word_1_40' title='bbox 364 404 390 428; x_wconf 88' lang='lat' dir='ltr'><strong>et</strong></span> <span class='ocrx_word' id='word_1_41' title='bbox 413 401 606 431; x_wconf 72' lang='lat' dir='ltr'><strong>mansuetudo.</strong></span> <span class='ocrx_word' id='word_1_42' title='bbox 621 401 684 431; x_wconf 89' lang='lat' dir='ltr'><strong>inde</strong></span> <span class='ocrx_word' id='word_1_43' title='bbox 700 401 827 429; x_wconf 79' lang='lat' dir='ltr'><strong>Clemens</strong></span> 
     </span>
    </p>
   </div>
   <div class='ocr_carea' id='block_1_9' title="bbox 31 435 826 471">
    <p class='ocr_par' dir='ltr' id='par_1_9' title="bbox 31 435 826 471">
     <span class='ocr_line' id='line_1_9' title="bbox 31 435 826 471; baseline 0.004 -10"><span class='ocrx_word' id='word_1_44' title='bbox 31 435 178 469; x_wconf 81' lang='lat' dir='ltr'><strong>colligit“.</strong></span> <span class='ocrx_word' id='word_1_45' title='bbox 200 435 273 471; x_wconf 89' lang='lat' dir='ltr'><strong>quod</strong></span> <span class='ocrx_word' id='word_1_46' title='bbox 289 436 322 463; x_wconf 89' lang='lat' dir='ltr'><strong>ad</strong></span> <span class='ocrx_word' id='word_1_47' title='bbox 339 444 370 463; x_wconf 86' lang='lat' dir='ltr'><strong>ea</strong></span> <span class='ocrx_word' id='word_1_48' title='bbox 386 443 446 470; x_wconf 67' lang='lat' dir='ltr'><strong>quae</strong></span> <span class='ocrx_word' id='word_1_49' title='bbox 463 440 528 463; x_wconf 88' lang='lat' dir='ltr'><strong>sunt</strong></span> <span class='ocrx_word' id='word_1_50' title='bbox 550 436 626 463; x_wconf 86' lang='lat' dir='ltr'><strong>utilia</strong></span> <span class='ocrx_word' id='word_1_51' title='bbox 644 437 688 464; x_wconf 89' lang='lat' dir='ltr'><strong>ille</strong></span> <span class='ocrx_word' id='word_1_52' title='bbox 704 437 826 464; x_wconf 86' lang='lat' dir='ltr'><strong>homines</strong></span> 
     </span>
    </p>
   </div>
   <div class='ocr_carea' id='block_1_10' title="bbox 30 470 827 503">
    <p class='ocr_par' dir='ltr' id='par_1_10' title="bbox 30 470 827 503">
     <span class='ocr_line' id='line_1_10' title="bbox 30 470 827 503; baseline 0.003 -7"><span class='ocrx_word' id='word_1_53' title='bbox 30 470 208 500; x_wconf 87' lang='lat' dir='ltr'><strong>adhortetur,</strong></span> <span class='ocrx_word' id='word_1_54' title='bbox 225 471 355 498; x_wconf 82' lang='lat' dir='ltr'><strong>salutaria</strong></span> <span class='ocrx_word' id='word_1_55' title='bbox 378 471 424 498; x_wconf 89' lang='lat' dir='ltr'><strong>det</strong></span> <span class='ocrx_word' id='word_1_56' title='bbox 452 471 505 498; x_wconf 83' lang='lat' dir='ltr'><strong>illis</strong></span> <span class='ocrx_word' id='word_1_57' title='bbox 531 472 656 503; x_wconf 83' lang='lat' dir='ltr'><strong>consilia,</strong></span> <span class='ocrx_word' id='word_1_58' title='bbox 679 479 727 499; x_wconf 90' lang='lat' dir='ltr'><strong>eos</strong></span> <span class='ocrx_word' id='word_1_59' title='bbox 750 477 827 499; x_wconf 83' lang='lat' dir='ltr'><strong>certa</strong></span> 
     </span>
    </p>
   </div>
   <div class='ocr_carea' id='block_1_11' title="bbox 29 505 825 540">
    <p class='ocr_par' dir='ltr' id='par_1_11' title="bbox 29 505 825 540">
     <span class='ocr_line' id='line_1_11' title="bbox 29 505 825 540; baseline 0.004 -9"><span class='ocrx_word' id='word_1_60' title='bbox 29 510 144 532; x_wconf 66' lang='lat' dir='ltr'><strong>tutetute</strong></span> <span class='ocrx_word' id='word_1_61' title='bbox 161 505 258 533; x_wconf 86' lang='lat' dir='ltr'><strong>salutis</strong></span> <span class='ocrx_word' id='word_1_62' title='bbox 273 513 321 540; x_wconf 86' lang='lat' dir='ltr'><strong>spe</strong></span> <span class='ocrx_word' id='word_1_63' title='bbox 333 505 501 539; x_wconf 74' lang='lat' dir='ltr'><strong>consoletur,</strong></span> <span class='ocrx_word' id='word_1_64' title='bbox 512 514 528 532; x_wconf 91' lang='lat' dir='ltr'><strong>a</strong></span> <span class='ocrx_word' id='word_1_65' title='bbox 540 508 652 534; x_wconf 87' lang='lat' dir='ltr'><strong>veritate</strong></span> <span class='ocrx_word' id='word_1_66' title='bbox 668 507 825 534; x_wconf 77' lang='lat' dir='ltr'><strong>aberrantes</strong></span> 
     </span>
    </p>
   </div>
   <div class='ocr_carea' id='block_1_12' title="bbox 30 540 826 576">
    <p class='ocr_par' dir='ltr' id='par_1_12' title="bbox 30 540 826 576">
     <span class='ocr_line' id='line_1_12' title="bbox 30 540 826 576; baseline 0.001 -9"><span class='ocrx_word' id='word_1_67' title='bbox 30 540 181 570; x_wconf 86' lang='lat' dir='ltr'><strong>illumiuct,</strong></span> <span class='ocrx_word' id='word_1_68' title='bbox 199 544 226 567; x_wconf 88' lang='lat' dir='ltr'><strong>ct</strong></span> <span class='ocrx_word' id='word_1_69' title='bbox 242 541 324 568; x_wconf 88' lang='lat' dir='ltr'><strong>ducat</strong></span> <span class='ocrx_word' id='word_1_70' title='bbox 340 540 372 567; x_wconf 90' lang='lat' dir='ltr'><strong>ad</strong></span> <span class='ocrx_word' id='word_1_71' title='bbox 388 541 588 575; x_wconf 72' lang='lat' dir='ltr'><strong>ptenitentiatu.</strong></span> <span class='ocrx_word' id='word_1_72' title='bbox 603 541 630 568; x_wconf 93' lang='lat' dir='ltr'><strong>ln</strong></span> <span class='ocrx_word' id='word_1_73' title='bbox 648 542 729 576; x_wconf 82' lang='lat' dir='ltr'><strong>hujus</strong></span> <span class='ocrx_word' id='word_1_74' title='bbox 744 550 826 576; x_wconf 88' lang='lat' dir='ltr'><strong>porro</strong></span> 
     </span>
    </p>
   </div>
   <div class='ocr_carea' id='block_1_13' title="bbox 29 575 824 612">
    <p class='ocr_par' dir='ltr' id='par_1_13' title="bbox 29 575 824 612">
     <span class='ocr_line' id='line_1_13' title="bbox 29 575 824 612; baseline 0.001 -10"><span class='ocrx_word' id='word_1_75' title='bbox 29 575 188 612; x_wconf 75' lang='lat' dir='ltr'><strong>argumenti</strong></span> <span class='ocrx_word' id='word_1_76' title='bbox 204 576 439 612; x_wconf 58' lang='lat' dir='ltr'><strong>continuationem</strong></span> <span class='ocrx_word' id='word_1_77' title='bbox 464 577 539 603; x_wconf 86' lang='lat' dir='ltr'><strong>addit</strong></span> <span class='ocrx_word' id='word_1_78' title='bbox 566 585 594 604; x_wconf 88' lang='lat' dir='ltr'><strong>se</strong></span> <span class='ocrx_word' id='word_1_79' title='bbox 618 575 824 612; x_wconf 31' lang='lat' dir='ltr'><strong>potuisse’quo-</strong></span> 
     </span>
    </p>
   </div>
   <div class='ocr_carea' id='block_1_14' title="bbox 29 609 824 647">
    <p class='ocr_par' dir='ltr' id='par_1_14' title="bbox 29 609 824 647">
     <span class='ocr_line' id='line_1_14' title="bbox 29 609 824 647; baseline 0.001 -10"><span class='ocrx_word' id='word_1_80' title='bbox 29 609 163 647; x_wconf 66' lang='lat' dir='ltr'><strong>ruiudant</strong></span> <span class='ocrx_word' id='word_1_81' title='bbox 175 611 366 647; x_wconf 83' lang='lat' dir='ltr'><strong>auctoritatem</strong></span> <span class='ocrx_word' id='word_1_82' title='bbox 382 611 519 639; x_wconf 82' lang='lat' dir='ltr'><strong>adducere</strong></span> <span class='ocrx_word' id='word_1_83' title='bbox 530 609 824 647; x_wconf 38' lang='lat' dir='ltr'><strong>philosophorumiqui</strong></span> 
     </span>
    </p>
   </div>
   <div class='ocr_carea' id='block_1_15' title="bbox 28 645 825 680">
    <p class='ocr_par' dir='ltr' id='par_1_15' title="bbox 28 645 825 680">
     <span class='ocr_line' id='line_1_15' title="bbox 28 645 825 680; baseline 0.005 -9"><span class='ocrx_word' id='word_1_84' title='bbox 28 653 94 672; x_wconf 88' lang='lat' dir='ltr'><strong>eum</strong></span> <span class='ocrx_word' id='word_1_85' title='bbox 124 645 225 676; x_wconf 82' lang='lat' dir='ltr'><strong>solum.</strong></span> <span class='ocrx_word' id='word_1_86' title='bbox 241 646 287 680; x_wconf 89' lang='lat' dir='ltr'><strong>qui</strong></span> <span class='ocrx_word' id='word_1_87' title='bbox 315 645 402 672; x_wconf 86' lang='lat' dir='ltr'><strong>bonus</strong></span> <span class='ocrx_word' id='word_1_88' title='bbox 421 650 473 678; x_wconf 84' lang='lat' dir='ltr'><strong>est,</strong></span> <span class='ocrx_word' id='word_1_89' title='bbox 497 645 671 679; x_wconf 71' lang='lat' dir='ltr'><strong>laudabilem,</strong></span> <span class='ocrx_word' id='word_1_90' title='bbox 687 647 732 680; x_wconf 91' lang='lat' dir='ltr'><strong>qui</strong></span> <span class='ocrx_word' id='word_1_91' title='bbox 760 645 825 675; x_wconf 76' lang='lat' dir='ltr'><strong>vero</strong></span> 
     </span>
    </p>
   </div>
   <div class='ocr_carea' id='block_1_16' title="bbox 28 680 824 717">
    <p class='ocr_par' dir='ltr' id='par_1_16' title="bbox 28 680 824 717">
     <span class='ocr_line' id='line_1_16' title="bbox 28 680 824 717; baseline 0.006 -12"><span class='ocrx_word' id='word_1_92' title='bbox 28 681 133 717; x_wconf 47' lang='lat' dir='ltr'><strong>maius,</strong></span> <span class='ocrx_word' id='word_1_93' title='bbox 150 680 355 717; x_wconf 87' lang='lat' dir='ltr'><strong>vituperabilem</strong></span> <span class='ocrx_word' id='word_1_94' title='bbox 367 716 370 717; x_wconf 22' lang='grc' dir='ltr'><em>ν</em></span> <span class='ocrx_word' id='word_1_95' title='bbox 382 689 444 717; x_wconf 80' lang='lat' dir='ltr'><strong>esse</strong></span> <span class='ocrx_word' id='word_1_96' title='bbox 466 681 670 717; x_wconf 70' lang='lat' dir='ltr'><strong>asseverabant.</strong></span> <span class='ocrx_word' id='word_1_97' title='bbox 690 682 742 709; x_wconf 87' lang='lat' dir='ltr'><strong>Sed</strong></span> <span class='ocrx_word' id='word_1_98' title='bbox 760 683 824 717; x_wconf 94' lang='lat' dir='ltr'><strong>quia</strong></span> 
     </span>
    </p>
   </div>
   <div class='ocr_carea' id='block_1_17' title="bbox 28 715 823 751">
    <p class='ocr_par' dir='ltr' id='par_1_17' title="bbox 28 715 823 751">
     <span class='ocr_line' id='line_1_17' title="bbox 28 715 823 751; baseline 0.004 -10"><span class='ocrx_word' id='word_1_99' title='bbox 28 715 48 741; x_wconf 90' lang='lat' dir='ltr'><strong>ii</strong></span> <span class='ocrx_word' id='word_1_100' title='bbox 74 715 124 751; x_wconf 85' lang='lat' dir='ltr'><strong>Dei</strong></span> <span class='ocrx_word' id='word_1_101' title='bbox 149 716 285 751; x_wconf 79' lang='lat' dir='ltr'><strong>negabant</strong></span> <span class='ocrx_word' id='word_1_102' title='bbox 298 716 506 750; x_wconf 80' lang='lat' dir='ltr'><strong>providentiam,</strong></span> <span class='ocrx_word' id='word_1_103' title='bbox 523 724 573 744; x_wconf 84' lang='lat' dir='ltr'><strong>nec</strong></span> <span class='ocrx_word' id='word_1_104' title='bbox 589 716 615 743; x_wconf 90' lang='lat' dir='ltr'><strong>id</strong></span> <span class='ocrx_word' id='word_1_105' title='bbox 630 718 702 751; x_wconf 92' lang='lat' dir='ltr'><strong>quod</strong></span> <span class='ocrx_word' id='word_1_106' title='bbox 723 715 823 744; x_wconf 77' lang='lat' dir='ltr'><strong>bonum</strong></span> 
     </span>
    </p>
   </div>
   <div class='ocr_carea' id='block_1_18' title="bbox 27 750 824 786">
    <p class='ocr_par' dir='ltr' id='par_1_18' title="bbox 27 750 824 786">
     <span class='ocr_line' id='line_1_18' title="bbox 27 750 824 786; baseline 0.003 -9"><span class='ocrx_word' id='word_1_107' title='bbox 27 755 83 781; x_wconf 82' lang='lat' dir='ltr'><strong>est,</strong></span> <span class='ocrx_word' id='word_1_108' title='bbox 99 750 284 786; x_wconf 76' lang='lat' dir='ltr'><strong>justum&#39;esse</strong></span> <span class='ocrx_word' id='word_1_109' title='bbox 298 751 366 778; x_wconf 88' lang='lat' dir='ltr'><strong>falso</strong></span> <span class='ocrx_word' id='word_1_110' title='bbox 381 751 574 786; x_wconf 79' lang='lat' dir='ltr'><strong>opinabantur.</strong></span> <span class='ocrx_word' id='word_1_111' title='bbox 591 752 625 778; x_wconf 90' lang='lat' dir='ltr'><strong>iis</strong></span> <span class='ocrx_word' id='word_1_112' title='bbox 639 750 759 779; x_wconf 79' lang='lat' dir='ltr'><strong>citandis</strong></span> <span class='ocrx_word' id='word_1_113' title='bbox 777 760 824 780; x_wconf 88' lang='lat' dir='ltr'><strong>su-</strong></span> 
     </span>
    </p>
   </div>
   <div class='ocr_carea' id='block_1_19' title="bbox 28 785 822 821">
    <p class='ocr_par' dir='ltr' id='par_1_19' title="bbox 28 785 822 821">
     <span class='ocr_line' id='line_1_19' title="bbox 28 785 822 821; baseline 0.005 -10"><span class='ocrx_word' id='word_1_114' title='bbox 28 785 232 821; x_wconf 69' lang='lat' dir='ltr'><strong>persedendum</strong></span> <span class='ocrx_word' id='word_1_115' title='bbox 246 785 456 813; x_wconf 47' lang='lat' dir='ltr'><strong>arbitratus&#39;est.</strong></span> <span class='ocrx_word' id='word_1_116' title='bbox 468 785 560 821; x_wconf 83' lang='lat' dir='ltr'><strong>Neque</strong></span> <span class='ocrx_word' id='word_1_117' title='bbox 571 787 651 813; x_wconf 90' lang='lat' dir='ltr'><strong>etiam</strong></span> <span class='ocrx_word' id='word_1_118' title='bbox 665 787 822 815; x_wconf 86' lang='lat' dir='ltr'><strong>inmedium</strong></span> 
     </span>
    </p>
   </div>
   <div class='ocr_carea' id='block_1_20' title="bbox 28 819 823 857">
    <p class='ocr_par' dir='ltr' id='par_1_20' title="bbox 28 819 823 857">
     <span class='ocr_line' id='line_1_20' title="bbox 28 819 823 857; baseline 0.004 -11"><span class='ocrx_word' id='word_1_119' title='bbox 28 819 196 857; x_wconf 71' lang='lat' dir='ltr'><strong>proferenda</strong></span> <span class='ocrx_word' id='word_1_120' title='bbox 211 828 273 848; x_wconf 87' lang='lat' dir='ltr'><strong>esse</strong></span> <span class='ocrx_word' id='word_1_121' title='bbox 287 821 392 848; x_wconf 78' lang='lat' dir='ltr'><strong>ceuSuit</strong></span> <span class='ocrx_word' id='word_1_122' title='bbox 410 819 566 857; x_wconf 79' lang='lat' dir='ltr'><strong>testimonia</strong></span> <span class='ocrx_word' id='word_1_123' title='bbox 578 823 702 853; x_wconf 87' lang='lat' dir='ltr'><strong>aliorum,</strong></span> <span class='ocrx_word' id='word_1_124' title='bbox 718 823 764 857; x_wconf 87' lang='lat' dir='ltr'><strong>qui</strong></span> <span class='ocrx_word' id='word_1_125' title='bbox 778 831 823 850; x_wconf 90' lang='lat' dir='ltr'><strong>so-</strong></span> 
     </span>
    </p>
   </div>
   <div class='ocr_carea' id='block_1_21' title="bbox 28 855 820 891">
    <p class='ocr_par' dir='ltr' id='par_1_21' title="bbox 28 855 820 891">
     <span class='ocr_line' id='line_1_21' title="bbox 28 855 820 891; baseline 0.004 -10"><span class='ocrx_word' id='word_1_126' title='bbox 28 858 85 891; x_wconf 84' lang='lat' dir='ltr'><strong>l_um</strong></span> <span class='ocrx_word' id='word_1_127' title='bbox 105 855 191 882; x_wconf 84' lang='lat' dir='ltr'><strong>Deum</strong></span> <span class='ocrx_word' id='word_1_128' title='bbox 208 856 358 890; x_wconf 86' lang='lat' dir='ltr'><strong>sapientem</strong></span> <span class='ocrx_word' id='word_1_129' title='bbox 371 861 397 883; x_wconf 85' lang='lat' dir='ltr'><strong>et</strong></span> <span class='ocrx_word' id='word_1_130' title='bbox 412 856 491 884; x_wconf 81' lang='lat' dir='ltr'><strong>laude</strong></span> <span class='ocrx_word' id='word_1_131' title='bbox 507 857 618 891; x_wconf 78' lang='lat' dir='ltr'><strong>dignum</strong></span> <span class='ocrx_word' id='word_1_132' title='bbox 636 855 820 884; x_wconf 83' lang='lat' dir='ltr'><strong>crediderunt.</strong></span> 
     </span>
    </p>
   </div>
   <div class='ocr_carea' id='block_1_22' title="bbox 29 889 820 927">
    <p class='ocr_par' dir='ltr' id='par_1_22' title="bbox 29 889 820 927">
     <span class='ocr_line' id='line_1_22' title="bbox 29 889 820 927; baseline 0.005 -11"><span class='ocrx_word' id='word_1_133' title='bbox 29 889 180 927; x_wconf 63' lang='lat' dir='ltr'><strong>Proposito</strong></span> <span class='ocrx_word' id='word_1_134' title='bbox 197 889 299 927; x_wconf 84' lang='lat' dir='ltr'><strong>quippe</strong></span> <span class='ocrx_word' id='word_1_135' title='bbox 316 898 366 927; x_wconf 86' lang='lat' dir='ltr'><strong>suo</strong></span> <span class='ocrx_word' id='word_1_136' title='bbox 382 892 448 918; x_wconf 81' lang='lat' dir='ltr'><strong>satis</strong></span> <span class='ocrx_word' id='word_1_137' title='bbox 470 889 606 927; x_wconf 77' lang='lat' dir='ltr'><strong>superque</strong></span> <span class='ocrx_word' id='word_1_138' title='bbox 626 900 686 920; x_wconf 86' lang='lat' dir='ltr'><strong>esse</strong></span> <span class='ocrx_word' id='word_1_139' title='bbox 705 895 820 927; x_wconf 85' lang='lat' dir='ltr'><strong>putavit,</strong></span> 
     </span>
    </p>
   </div>
   <div class='ocr_carea' id='block_1_23' title="bbox 879 295 1668 331">
    <p class='ocr_par' dir='ltr' id='par_1_23' title="bbox 879 295 1668 331">
     <span class='ocr_line' id='line_1_23' title="bbox 879 295 1668 331; baseline 0.003 -9"><span class='ocrx_word' id='word_1_140' title='bbox 879 300 935 322; x_wconf 85' lang='lat' dir='ltr'><strong>luat</strong></span> <span class='ocrx_word' id='word_1_141' title='bbox 951 295 1056 331; x_wconf 85' lang='lat' dir='ltr'><strong>oculos.</strong></span> <span class='ocrx_word' id='word_1_142' title='bbox 1075 304 1090 322; x_wconf 92' lang='lat' dir='ltr'><strong>a</strong></span> <span class='ocrx_word' id='word_1_143' title='bbox 1109 296 1342 331; x_wconf 17' lang='lat' dir='ltr'><strong>rebusrexternis.</strong></span> <span class='ocrx_word' id='word_1_144' title='bbox 1365 300 1391 323; x_wconf 88' lang='lat' dir='ltr'><strong>et</strong></span> <span class='ocrx_word' id='word_1_145' title='bbox 1413 304 1427 322; x_wconf 90' lang='lat' dir='ltr'><strong>a</strong></span> <span class='ocrx_word' id='word_1_146' title='bbox 1449 301 1523 324; x_wconf 86' lang='lat' dir='ltr'><strong>recta</strong></span> <span class='ocrx_word' id='word_1_147' title='bbox 1543 297 1668 331; x_wconf 72' lang='lat' dir='ltr'><strong>corporis</strong></span> 
     </span>
    </p>
   </div>
   <div class='ocr_carea' id='block_1_24' title="bbox 880 330 1665 365">
    <p class='ocr_par' dir='ltr' id='par_1_24' title="bbox 880 330 1665 365">
     <span class='ocr_line' id='line_1_24' title="bbox 880 330 1665 365; baseline 0.001 -8"><span class='ocrx_word' id='word_1_148' title='bbox 880 331 923 358; x_wconf 87' lang='lat' dir='ltr'><strong>sui</strong></span> <span class='ocrx_word' id='word_1_149' title='bbox 940 330 1100 357; x_wconf 79' lang='lat' dir='ltr'><strong>moderandi</strong></span> <span class='ocrx_word' id='word_1_150' title='bbox 1115 334 1142 356; x_wconf 86' lang='lat' dir='ltr'><strong>et</strong></span> <span class='ocrx_word' id='word_1_151' title='bbox 1159 330 1327 365; x_wconf 77' lang='lat' dir='ltr'><strong>gubernandi</strong></span> <span class='ocrx_word' id='word_1_152' title='bbox 1343 332 1449 358; x_wconf 79' lang='lat' dir='ltr'><strong>ratione</strong></span> <span class='ocrx_word' id='word_1_153' title='bbox 1464 332 1548 359; x_wconf 88' lang='lat' dir='ltr'><strong>sumit</strong></span> <span class='ocrx_word' id='word_1_154' title='bbox 1559 330 1665 358; x_wconf 74' lang='lat' dir='ltr'><strong>dicendi</strong></span> 
     </span>
    </p>
   </div>
   <div class='ocr_carea' id='block_1_25' title="bbox 878 365 1664 400">
    <p class='ocr_par' dir='ltr' id='par_1_25' title="bbox 878 365 1664 400">
     <span class='ocr_line' id='line_1_25' title="bbox 878 365 1664 400; baseline 0 -8"><span class='ocrx_word' id='word_1_155' title='bbox 878 367 985 392; x_wconf 86' lang='lat' dir='ltr'><strong>initium</strong></span> <span class='ocrx_word' id='word_1_156' title='bbox 997 365 1027 392; x_wconf 81' lang='grc'><strong>⁸⁸.</strong></span> <span class='ocrx_word' id='word_1_157' title='bbox 1044 367 1082 392; x_wconf 81' lang='lat' dir='ltr'><strong>Ac</strong></span> <span class='ocrx_word' id='word_1_158' title='bbox 1099 366 1188 400; x_wconf 91' lang='lat' dir='ltr'><strong>primo</strong></span> <span class='ocrx_word' id='word_1_159' title='bbox 1209 366 1317 400; x_wconf 87' lang='lat' dir='ltr'><strong>quidem</strong></span> <span class='ocrx_word' id='word_1_160' title='bbox 1332 366 1365 393; x_wconf 91' lang='lat' dir='ltr'><strong>de</strong></span> <span class='ocrx_word' id='word_1_161' title='bbox 1382 366 1519 393; x_wconf 83' lang='lat' dir='ltr'><strong>alimentis</strong></span> <span class='ocrx_word' id='word_1_162' title='bbox 1543 366 1664 397; x_wconf 79' lang='lat' dir='ltr'><strong>disserit.</strong></span> 
     </span>
    </p>
   </div>
   <div class='ocr_carea' id='block_1_26' title="bbox 877 401 1666 436">
    <p class='ocr_par' dir='ltr' id='par_1_26' title="bbox 877 401 1666 436">
     <span class='ocr_line' id='line_1_26' title="bbox 877 401 1666 436; baseline 0.003 -10"><span class='ocrx_word' id='word_1_163' title='bbox 877 406 903 427; x_wconf 90' lang='lat' dir='ltr'><strong>et</strong></span> <span class='ocrx_word' id='word_1_164' title='bbox 920 401 953 427; x_wconf 91' lang='lat' dir='ltr'><strong>iis</strong></span> <span class='ocrx_word' id='word_1_165' title='bbox 971 409 1023 427; x_wconf 91' lang='lat' dir='ltr'><strong>non</strong></span> <span class='ocrx_word' id='word_1_166' title='bbox 1047 404 1157 435; x_wconf 83' lang='lat' dir='ltr'><strong>propter</strong></span> <span class='ocrx_word' id='word_1_167' title='bbox 1174 401 1350 436; x_wconf 86' lang='lat' dir='ltr'><strong>voluptatem,</strong></span> <span class='ocrx_word' id='word_1_168' title='bbox 1367 401 1415 429; x_wconf 87' lang='lat' dir='ltr'><strong>sed</strong></span> <span class='ocrx_word' id='word_1_169' title='bbox 1435 401 1468 428; x_wconf 88' lang='lat' dir='ltr'><strong>ad</strong></span> <span class='ocrx_word' id='word_1_170' title='bbox 1491 407 1592 428; x_wconf 67' lang='lat' dir='ltr'><strong>nostra:</strong></span> <span class='ocrx_word' id='word_1_171' title='bbox 1606 407 1666 428; x_wconf 83' lang='lat' dir='ltr'><strong>latt-</strong></span> 
     </span>
    </p>
   </div>
   <div class='ocr_carea' id='block_1_27' title="bbox 878 435 1667 470">
    <p class='ocr_par' dir='ltr' id='par_1_27' title="bbox 878 435 1667 470">
     <span class='ocr_line' id='line_1_27' title="bbox 878 435 1667 470; baseline -0.001 -8"><span class='ocrx_word' id='word_1_172' title='bbox 878 439 934 462; x_wconf 90' lang='lat' dir='ltr'><strong>tum</strong></span> <span class='ocrx_word' id='word_1_173' title='bbox 951 435 1012 462; x_wconf 71' lang='lat' dir='ltr'><strong>vita:</strong></span> <span class='ocrx_word' id='word_1_174' title='bbox 1028 435 1261 463; x_wconf 78' lang='lat' dir='ltr'><strong>conservationem</strong></span> <span class='ocrx_word' id='word_1_175' title='bbox 1276 436 1405 463; x_wconf 88' lang='lat' dir='ltr'><strong>utendum</strong></span> <span class='ocrx_word' id='word_1_176' title='bbox 1421 444 1481 463; x_wconf 90' lang='lat' dir='ltr'><strong>esse</strong></span> <span class='ocrx_word' id='word_1_177' title='bbox 1494 437 1583 464; x_wconf 81' lang='lat' dir='ltr'><strong>docet.</strong></span> <span class='ocrx_word' id='word_1_178' title='bbox 1593 437 1667 470; x_wconf 67' lang='lat' dir='ltr'><strong>Qua-</strong></span> 
     </span>
    </p>
   </div>
   <div class='ocr_carea' id='block_1_28' title="bbox 877 470 1666 506">
    <p class='ocr_par' dir='ltr' id='par_1_28' title="bbox 877 470 1666 506">
     <span class='ocr_line' id='line_1_28' title="bbox 877 470 1666 506; baseline 0.003 -10"><span class='ocrx_word' id='word_1_179' title='bbox 877 477 988 504; x_wconf 77' lang='lat' dir='ltr'><strong>propter</strong></span> <span class='ocrx_word' id='word_1_180' title='bbox 1003 470 1068 497; x_wconf 90' lang='lat' dir='ltr'><strong>illud</strong></span> <span class='ocrx_word' id='word_1_181' title='bbox 1085 471 1199 505; x_wconf 78' lang='lat' dir='ltr'><strong>simplex</strong></span> <span class='ocrx_word' id='word_1_182' title='bbox 1215 478 1277 498; x_wconf 86' lang='lat' dir='ltr'><strong>esse</strong></span> <span class='ocrx_word' id='word_1_183' title='bbox 1296 471 1395 498; x_wconf 83' lang='lat' dir='ltr'><strong>debere</strong></span> <span class='ocrx_word' id='word_1_184' title='bbox 1410 473 1539 503; x_wconf 82' lang='lat' dir='ltr'><strong>ostendit,</strong></span> <span class='ocrx_word' id='word_1_185' title='bbox 1558 475 1585 499; x_wconf 90' lang='lat' dir='ltr'><strong>et</strong></span> <span class='ocrx_word' id='word_1_186' title='bbox 1604 474 1666 506; x_wconf 91' lang='lat' dir='ltr'><strong>qni-</strong></span> 
     </span>
    </p>
   </div>
   <div class='ocr_carea' id='block_1_29' title="bbox 877 505 1665 542">
    <p class='ocr_par' dir='ltr' id='par_1_29' title="bbox 877 505 1665 542">
     <span class='ocr_line' id='line_1_29' title="bbox 877 505 1665 542; baseline 0.005 -11"><span class='ocrx_word' id='word_1_187' title='bbox 877 506 937 542; x_wconf 80' lang='lat' dir='ltr'><strong>(lem</strong></span> <span class='ocrx_word' id='word_1_188' title='bbox 950 513 1004 532; x_wconf 92' lang='lat' dir='ltr'><strong>non</strong></span> <span class='ocrx_word' id='word_1_189' title='bbox 1020 505 1052 542; x_wconf 79' lang='lat' dir='ltr'><strong>ad</strong></span> <span class='ocrx_word' id='word_1_190' title='bbox 1069 506 1193 537; x_wconf 81' lang='lat' dir='ltr'><strong>delicias,</strong></span> <span class='ocrx_word' id='word_1_191' title='bbox 1209 506 1255 533; x_wconf 86' lang='lat' dir='ltr'><strong>sed</strong></span> <span class='ocrx_word' id='word_1_192' title='bbox 1272 507 1304 533; x_wconf 88' lang='lat' dir='ltr'><strong>ad</strong></span> <span class='ocrx_word' id='word_1_193' title='bbox 1316 508 1388 533; x_wconf 88' lang='lat' dir='ltr'><strong>vires</strong></span> <span class='ocrx_word' id='word_1_194' title='bbox 1401 507 1525 542; x_wconf 87' lang='lat' dir='ltr'><strong>corporis</strong></span> <span class='ocrx_word' id='word_1_195' title='bbox 1540 505 1665 534; x_wconf 69' lang='lat' dir='ltr'><strong>reficien—</strong></span> 
     </span>
    </p>
   </div>
   <div class='ocr_carea' id='block_1_30' title="bbox 876 540 1662 576">
    <p class='ocr_par' dir='ltr' id='par_1_30' title="bbox 876 540 1662 576">
     <span class='ocr_line' id='line_1_30' title="bbox 876 540 1662 576; baseline 0.003 -10"><span class='ocrx_word' id='word_1_196' title='bbox 876 540 938 571; x_wconf 88' lang='lat' dir='ltr'><strong>das,</strong></span> <span class='ocrx_word' id='word_1_197' title='bbox 955 540 1136 575; x_wconf 88' lang='lat' dir='ltr'><strong>tuendamque</strong></span> <span class='ocrx_word' id='word_1_198' title='bbox 1153 541 1295 568; x_wconf 84' lang='lat' dir='ltr'><strong>sanitatem</strong></span> <span class='ocrx_word' id='word_1_199' title='bbox 1320 546 1413 576; x_wconf 91' lang='lat' dir='ltr'><strong>aptum</strong></span> <span class='ocrx_word' id='word_1_200' title='bbox 1440 540 1466 569; x_wconf 79' lang='lat' dir='ltr'><strong>et</strong></span> <span class='ocrx_word' id='word_1_201' title='bbox 1487 543 1662 569; x_wconf 82' lang='lat' dir='ltr'><strong>conveniens.</strong></span> 
     </span>
    </p>
   </div>
   <div class='ocr_carea' id='block_1_31' title="bbox 877 575 1665 610">
    <p class='ocr_par' dir='ltr' id='par_1_31' title="bbox 877 575 1665 610">
     <span class='ocr_line' id='line_1_31' title="bbox 877 575 1665 610; baseline 0.004 -9"><span class='ocrx_word' id='word_1_202' title='bbox 877 575 918 601; x_wconf 82' lang='lat' dir='ltr'><strong>Ab</strong></span> <span class='ocrx_word' id='word_1_203' title='bbox 938 575 1065 603; x_wconf 88' lang='lat' dir='ltr'><strong>omnibus</strong></span> <span class='ocrx_word' id='word_1_204' title='bbox 1090 575 1173 610; x_wconf 82' lang='lat' dir='ltr'><strong>igitur</strong></span> <span class='ocrx_word' id='word_1_205' title='bbox 1187 577 1244 602; x_wconf 89' lang='lat' dir='ltr'><strong>vult</strong></span> <span class='ocrx_word' id='word_1_206' title='bbox 1260 576 1336 610; x_wconf 91' lang='lat' dir='ltr'><strong>rejici</strong></span> <span class='ocrx_word' id='word_1_207' title='bbox 1353 577 1462 603; x_wconf 83' lang='lat' dir='ltr'><strong>nimiam</strong></span> <span class='ocrx_word' id='word_1_208' title='bbox 1476 584 1600 604; x_wconf 86' lang='lat' dir='ltr'><strong>escarum</strong></span> <span class='ocrx_word' id='word_1_209' title='bbox 1619 586 1665 604; x_wconf 85' lang='lat' dir='ltr'><strong>co-</strong></span> 
     </span>
    </p>
   </div>
   <div class='ocr_carea' id='block_1_32' title="bbox 876 610 1662 644">
    <p class='ocr_par' dir='ltr' id='par_1_32' title="bbox 876 610 1662 644">
     <span class='ocr_line' id='line_1_32' title="bbox 876 610 1662 644; baseline 0.004 -9"><span class='ocrx_word' id='word_1_210' title='bbox 876 610 959 644; x_wconf 85' lang='lat' dir='ltr'><strong>piam,</strong></span> <span class='ocrx_word' id='word_1_211' title='bbox 976 611 1050 636; x_wconf 81' lang='lat' dir='ltr'><strong>varia</strong></span> <span class='ocrx_word' id='word_1_212' title='bbox 1067 611 1240 638; x_wconf 89' lang='lat' dir='ltr'><strong>bellariornm</strong></span> <span class='ocrx_word' id='word_1_213' title='bbox 1253 616 1279 638; x_wconf 90' lang='lat' dir='ltr'><strong>et</strong></span> <span class='ocrx_word' id='word_1_214' title='bbox 1288 611 1523 638; x_wconf 88' lang='lat' dir='ltr'><strong>condimentorttm</strong></span> <span class='ocrx_word' id='word_1_215' title='bbox 1536 612 1662 643; x_wconf 78' lang='lat' dir='ltr'><strong>artiﬁcia,</strong></span> 
     </span>
    </p>
   </div>
   <div class='ocr_carea' id='block_1_33' title="bbox 876 645 1664 681">
    <p class='ocr_par' dir='ltr' id='par_1_33' title="bbox 876 645 1664 681">
     <span class='ocr_line' id='line_1_33' title="bbox 876 645 1664 681; baseline 0.004 -10"><span class='ocrx_word' id='word_1_216' title='bbox 876 645 983 681; x_wconf 85' lang='lat' dir='ltr'><strong>aliaque</strong></span> <span class='ocrx_word' id='word_1_217' title='bbox 999 646 1069 680; x_wconf 76' lang='lat' dir='ltr'><strong>gula:</strong></span> <span class='ocrx_word' id='word_1_218' title='bbox 1086 646 1266 678; x_wconf 90' lang='lat' dir='ltr'><strong>irritamenta,</strong></span> <span class='ocrx_word' id='word_1_219' title='bbox 1283 647 1382 681; x_wconf 87' lang='lat' dir='ltr'><strong>quibus</strong></span> <span class='ocrx_word' id='word_1_220' title='bbox 1399 647 1522 674; x_wconf 86' lang='lat' dir='ltr'><strong>homines</strong></span> <span class='ocrx_word' id='word_1_221' title='bbox 1539 648 1566 674; x_wconf 92' lang='lat' dir='ltr'><strong>in</strong></span> <span class='ocrx_word' id='word_1_222' title='bbox 1583 655 1664 674; x_wconf 90' lang='lat' dir='ltr'><strong>omne</strong></span> 
     </span>
    </p>
   </div>
   <div class='ocr_carea' id='block_1_34' title="bbox 875 681 1664 716">
    <p class='ocr_par' dir='ltr' id='par_1_34' title="bbox 875 681 1664 716">
     <span class='ocr_line' id='line_1_34' title="bbox 875 681 1664 716; baseline 0.005 -10"><span class='ocrx_word' id='word_1_223' title='bbox 875 681 1032 707; x_wconf 84' lang='lat' dir='ltr'><strong>morborum</strong></span> <span class='ocrx_word' id='word_1_224' title='bbox 1050 684 1085 716; x_wconf 18' lang='lat' dir='ltr'><strong>et,</strong></span> <span class='ocrx_word' id='word_1_225' title='bbox 1094 681 1286 715; x_wconf 61' lang='lat' dir='ltr'><strong>aegritudinum</strong></span> <span class='ocrx_word' id='word_1_226' title='bbox 1307 689 1392 716; x_wconf 78' lang='lat' dir='ltr'><strong>genus</strong></span> <span class='ocrx_word' id='word_1_227' title='bbox 1412 689 1520 716; x_wconf 73' lang='lat' dir='ltr'><strong>semper</strong></span> <span class='ocrx_word' id='word_1_228' title='bbox 1534 683 1664 710; x_wconf 79' lang='lat' dir='ltr'><strong>incidisse</strong></span> 
     </span>
    </p>
   </div>
   <div class='ocr_carea' id='block_1_35' title="bbox 875 715 1663 752">
    <p class='ocr_par' dir='ltr' id='par_1_35' title="bbox 875 715 1663 752">
     <span class='ocr_line' id='line_1_35' title="bbox 875 715 1663 752; baseline 0.004 -11"><span class='ocrx_word' id='word_1_229' title='bbox 875 718 979 752; x_wconf 85' lang='lat' dir='ltr'><strong>certum</strong></span> <span class='ocrx_word' id='word_1_230' title='bbox 993 718 1044 752; x_wconf 81' lang='lat' dir='ltr'><strong>est.</strong></span> <span class='ocrx_word' id='word_1_231' title='bbox 1067 715 1135 743; x_wconf 90' lang='lat' dir='ltr'><strong>llinc</strong></span> <span class='ocrx_word' id='word_1_232' title='bbox 1149 724 1196 743; x_wconf 90' lang='lat' dir='ltr'><strong>eos</strong></span> <span class='ocrx_word' id='word_1_233' title='bbox 1210 715 1341 743; x_wconf 79' lang='lat' dir='ltr'><strong>acerrime</strong></span> <span class='ocrx_word' id='word_1_234' title='bbox 1358 715 1517 747; x_wconf 79' lang='lat' dir='ltr'><strong>insectatur,</strong></span> <span class='ocrx_word' id='word_1_235' title='bbox 1532 718 1578 752; x_wconf 86' lang='lat' dir='ltr'><strong>qui</strong></span> <span class='ocrx_word' id='word_1_236' title='bbox 1593 717 1663 744; x_wconf 79' lang='lat' dir='ltr'><strong>cibis</strong></span> 
     </span>
    </p>
   </div>
   <div class='ocr_carea' id='block_1_36' title="bbox 874 751 1661 786">
    <p class='ocr_par' dir='ltr' id='par_1_36' title="bbox 874 751 1661 786">
     <span class='ocr_line' id='line_1_36' title="bbox 874 751 1661 786; baseline 0.003 -10"><span class='ocrx_word' id='word_1_237' title='bbox 874 751 1110 784; x_wconf 77' lang='lat' dir='ltr'><strong>exquisitissimis,</strong></span> <span class='ocrx_word' id='word_1_238' title='bbox 1125 755 1207 785; x_wconf 87' lang='lat' dir='ltr'><strong>atque</strong></span> <span class='ocrx_word' id='word_1_239' title='bbox 1227 759 1261 778; x_wconf 85' lang='lat' dir='ltr'><strong>ex</strong></span> <span class='ocrx_word' id='word_1_240' title='bbox 1283 751 1403 786; x_wconf 86' lang='lat' dir='ltr'><strong>qualibet</strong></span> <span class='ocrx_word' id='word_1_241' title='bbox 1419 753 1601 780; x_wconf 83' lang='lat' dir='ltr'><strong>remotissima</strong></span> <span class='ocrx_word' id='word_1_242' title='bbox 1617 757 1661 778; x_wconf 89' lang='lat' dir='ltr'><strong>to—</strong></span> 
     </span>
    </p>
   </div>
   <div class='ocr_carea' id='block_1_37' title="bbox 874 785 1661 820">
    <p class='ocr_par' dir='ltr' id='par_1_37' title="bbox 874 785 1661 820">
     <span class='ocr_line' id='line_1_37' title="bbox 874 785 1661 820; baseline 0.003 -9"><span class='ocrx_word' id='word_1_243' title='bbox 874 785 929 812; x_wconf 87' lang='lat' dir='ltr'><strong>tius</strong></span> <span class='ocrx_word' id='word_1_244' title='bbox 952 790 1031 812; x_wconf 67' lang='lat' dir='ltr'><strong>terrae</strong></span> <span class='ocrx_word' id='word_1_245' title='bbox 1055 790 1131 820; x_wconf 87' lang='lat' dir='ltr'><strong>parte</strong></span> <span class='ocrx_word' id='word_1_246' title='bbox 1155 785 1298 818; x_wconf 30' lang='lat' dir='ltr'><strong>advectis,’</strong></span> <span class='ocrx_word' id='word_1_247' title='bbox 1315 791 1378 820; x_wconf 87' lang='lat' dir='ltr'><strong>puta</strong></span> <span class='ocrx_word' id='word_1_248' title='bbox 1405 788 1525 814; x_wconf 78' lang='lat' dir='ltr'><strong>murenis</strong></span> <span class='ocrx_word' id='word_1_249' title='bbox 1549 787 1661 820; x_wconf 77' lang='lat' dir='ltr'><strong>Siculis,</strong></span> 
     </span>
    </p>
   </div>
   <div class='ocr_carea' id='block_1_38' title="bbox 874 819 1660 861">
    <p class='ocr_par' dir='ltr' id='par_1_38' title="bbox 874 819 1660 861">
     <span class='ocr_line' id='line_1_38' title="bbox 874 819 1660 861; baseline 0.003 -15"><span class='ocrx_word' id='word_1_250' title='bbox 874 819 996 861; x_wconf 62' lang='lat' dir='ltr'><strong>Dieandri</strong></span> <span class='ocrx_word' id='word_1_251' title='bbox 1011 819 1148 861; x_wconf 65' lang='lat' dir='ltr'><strong>anguinis,</strong></span> <span class='ocrx_word' id='word_1_252' title='bbox 1175 821 1240 861; x_wconf 42' lang='grc' dir='ltr'>ᾔδη.</span> <span class='ocrx_word' id='word_1_253' title='bbox 1257 819 1356 861; x_wconf 60' lang='lat' dir='ltr'><strong>hostiis.</strong></span> <span class='ocrx_word' id='word_1_254' title='bbox 1384 821 1485 861; x_wconf 54' lang='lat' dir='ltr'><strong>Seiethi</strong></span> <span class='ocrx_word' id='word_1_255' title='bbox 1504 823 1660 861; x_wconf 75' lang='lat' dir='ltr'><strong>mugilibus,</strong></span> 
     </span>
    </p>
   </div>
   <div class='ocr_carea' id='block_1_39' title="bbox 873 855 1662 891">
    <p class='ocr_par' dir='ltr' id='par_1_39' title="bbox 873 855 1662 891">
     <span class='ocr_line' id='line_1_39' title="bbox 873 855 1662 891; baseline 0.003 -9"><span class='ocrx_word' id='word_1_256' title='bbox 873 856 989 890; x_wconf 87' lang='lat' dir='ltr'><strong>aliisque</strong></span> <span class='ocrx_word' id='word_1_257' title='bbox 1011 855 1199 890; x_wconf 83' lang='lat' dir='ltr'><strong>hujuscemodi</strong></span> <span class='ocrx_word' id='word_1_258' title='bbox 1216 857 1348 891; x_wconf 77' lang='lat' dir='ltr'><strong>piscibus,</strong></span> <span class='ocrx_word' id='word_1_259' title='bbox 1367 857 1473 888; x_wconf 87' lang='lat' dir='ltr'><strong>avibus,</strong></span> <span class='ocrx_word' id='word_1_260' title='bbox 1489 855 1587 885; x_wconf 81' lang='lat' dir='ltr'><strong>ostreis</strong></span> <span class='ocrx_word' id='word_1_261' title='bbox 1602 859 1662 884; x_wconf 88' lang='lat' dir='ltr'><strong>ani-</strong></span> 
     </span>
    </p>
   </div>
   <div class='ocr_carea' id='block_1_40' title="bbox 872 891 1663 925">
    <p class='ocr_par' dir='ltr' id='par_1_40' title="bbox 872 891 1663 925">
     <span class='ocr_line' id='line_1_40' title="bbox 872 891 1663 925; baseline 0.003 -8"><span class='ocrx_word' id='word_1_262' title='bbox 872 891 1043 924; x_wconf 87' lang='lat' dir='ltr'><strong>malibusque</strong></span> <span class='ocrx_word' id='word_1_263' title='bbox 1059 899 1185 925; x_wconf 85' lang='lat' dir='ltr'><strong>perquam</strong></span> <span class='ocrx_word' id='word_1_264' title='bbox 1205 892 1354 919; x_wconf 84' lang='lat' dir='ltr'><strong>rarissimis</strong></span> <span class='ocrx_word' id='word_1_265' title='bbox 1379 899 1443 918; x_wconf 88' lang='lat' dir='ltr'><strong>suas</strong></span> <span class='ocrx_word' id='word_1_266' title='bbox 1466 899 1572 925; x_wconf 76' lang='lat' dir='ltr'><strong>semper</strong></span> <span class='ocrx_word' id='word_1_267' title='bbox 1586 901 1663 920; x_wconf 83' lang='lat' dir='ltr'><strong>men-</strong></span> 
     </span>
    </p>
   </div>
   <div class='ocr_carea' id='block_1_41' title="bbox 25 925 1662 965">
    <p class='ocr_par' dir='ltr' id='par_1_41' title="bbox 25 925 1662 965">
     <span class='ocr_line' id='line_1_41' title="bbox 25 925 1662 965; baseline 0.002 -14"><span class='ocrx_word' id='word_1_268' title='bbox 25 925 49 965; x_wconf 71' lang='lat' dir='ltr'><strong>si</strong></span> <span class='ocrx_word' id='word_1_269' title='bbox 65 926 295 965; x_wconf 67' lang='lat' dir='ltr'><strong>vituperationem</strong></span> <span class='ocrx_word' id='word_1_270' title='bbox 311 929 337 953; x_wconf 86' lang='lat' dir='ltr'><strong>et</strong></span> <span class='ocrx_word' id='word_1_271' title='bbox 354 926 446 965; x_wconf 77' lang='lat' dir='ltr'><strong>laudes</strong></span> <span class='ocrx_word' id='word_1_272' title='bbox 461 925 522 954; x_wconf 82' lang='lat' dir='ltr'><strong>esse</strong></span> <span class='ocrx_word' id='word_1_273' title='bbox 537 925 653 965; x_wconf 72' lang='lat' dir='ltr'><strong>maxime</strong></span> <span class='ocrx_word' id='word_1_274' title='bbox 666 925 819 965; x_wconf 61' lang='lat' dir='ltr'><strong>necessaria</strong></span> <span class='ocrx_word' id='word_1_275' title='bbox 837 939 857 965; x_wconf 75' lang='grc' dir='ltr'>Β</span> <span class='ocrx_word' id='word_1_276' title='bbox 873 933 918 965; x_wconf 73' lang='lat' dir='ltr'><strong>sas</strong></span> <span class='ocrx_word' id='word_1_277' title='bbox 931 933 985 952; x_wconf 89' lang='lat' dir='ltr'><strong>non</strong></span> <span class='ocrx_word' id='word_1_278' title='bbox 1001 931 1054 965; x_wconf 73' lang='lat' dir='ltr'><strong>tam</strong></span> <span class='ocrx_word' id='word_1_279' title='bbox 1067 927 1239 965; x_wconf 78' lang='lat' dir='ltr'><strong>instruebant</strong></span> <span class='ocrx_word' id='word_1_280' title='bbox 1251 934 1334 965; x_wconf 77' lang='lat' dir='ltr'><strong>quam</strong></span> <span class='ocrx_word' id='word_1_281' title='bbox 1349 927 1509 965; x_wconf 78' lang='lat' dir='ltr'><strong>onerabant.</strong></span> <span class='ocrx_word' id='word_1_282' title='bbox 1522 925 1662 965; x_wconf 19' lang='lat' dir='ltr'><strong>Nequertis</strong></span> 
     </span>
    </p>
   </div>
   <div class='ocr_carea' id='block_1_42' title="bbox 26 960 818 995">
    <p class='ocr_par' dir='ltr' id='par_1_42' title="bbox 26 960 818 995">
     <span class='ocr_line' id='line_1_42' title="bbox 26 960 818 995; baseline 0.005 -9"><span class='ocrx_word' id='word_1_283' title='bbox 26 960 189 995; x_wconf 65' lang='lat' dir='ltr'><strong>hominibus</strong></span> <span class='ocrx_word' id='word_1_284' title='bbox 201 961 396 988; x_wconf 85' lang='lat' dir='ltr'><strong>medicamenta</strong></span> <span class='ocrx_word' id='word_1_285' title='bbox 408 961 618 989; x_wconf 89' lang='lat' dir='ltr'><strong>demonstraret.</strong></span> <span class='ocrx_word' id='word_1_286' title='bbox 632 962 708 995; x_wconf 87' lang='lat' dir='ltr'><strong>Quod</strong></span> <span class='ocrx_word' id='word_1_287' title='bbox 722 971 818 990; x_wconf 78' lang='lat' dir='ltr'><strong>rursus</strong></span> 
     </span>
    </p>
   </div>
   <div class='ocr_carea' id='block_1_43' title="bbox 24 993 816 1031">
    <p class='ocr_par' dir='ltr' id='par_1_43' title="bbox 24 993 816 1031">
     <span class='ocr_line' id='line_1_43' title="bbox 24 993 816 1031; baseline 0.004 -10"><span class='ocrx_word' id='word_1_288' title='bbox 24 993 190 1031; x_wconf 69' lang='lat' dir='ltr'><strong>Pythagorae</strong></span> <span class='ocrx_word' id='word_1_289' title='bbox 206 994 291 1023; x_wconf 82' lang='lat' dir='ltr'><strong>Samii</strong></span> <span class='ocrx_word' id='word_1_290' title='bbox 311 996 393 1023; x_wconf 87' lang='lat' dir='ltr'><strong>allato</strong></span> <span class='ocrx_word' id='word_1_291' title='bbox 405 996 526 1024; x_wconf 83' lang='lat' dir='ltr'><strong>carmine</strong></span> <span class='ocrx_word' id='word_1_292' title='bbox 539 993 651 1031; x_wconf 79' lang='lat' dir='ltr'><strong>pulchre</strong></span> <span class='ocrx_word' id='word_1_293' title='bbox 664 998 816 1025; x_wconf 86' lang='lat' dir='ltr'><strong>conﬁrmat.</strong></span> 
     </span>
    </p>
   </div>
   <div class='ocr_carea' id='block_1_44' title="bbox 25 1030 818 1068">
    <p class='ocr_par' dir='ltr' id='par_1_44' title="bbox 25 1030 818 1068">
     <span class='ocr_line' id='line_1_44' title="bbox 25 1030 818 1068; baseline 0.005 -12"><span class='ocrx_word' id='word_1_294' title='bbox 25 1030 128 1068; x_wconf 67' lang='lat' dir='ltr'><strong>§ubdit</strong></span> <span class='ocrx_word' id='word_1_295' title='bbox 142 1031 195 1068; x_wconf 73' lang='lat' dir='ltr'><strong>alia</strong></span> <span class='ocrx_word' id='word_1_296' title='bbox 210 1038 271 1068; x_wconf 71' lang='lat' dir='ltr'><strong>esse</strong></span> <span class='ocrx_word' id='word_1_297' title='bbox 278 1031 426 1068; x_wconf 76' lang='lat' dir='ltr'><strong>innumera</strong></span> <span class='ocrx_word' id='word_1_298' title='bbox 438 1039 471 1058; x_wconf 80' lang='lat' dir='ltr'><strong>ex</strong></span> <span class='ocrx_word' id='word_1_299' title='bbox 488 1030 586 1068; x_wconf 81' lang='lat' dir='ltr'><strong>quibus</strong></span> <span class='ocrx_word' id='word_1_300' title='bbox 599 1034 728 1060; x_wconf 87' lang='lat' dir='ltr'><strong>nonrntlla</strong></span> <span class='ocrx_word' id='word_1_301' title='bbox 745 1042 818 1068; x_wconf 67' lang='lat' dir='ltr'><strong>qua:-</strong></span> 
     </span>
    </p>
   </div>
   <div class='ocr_carea' id='block_1_45' title="bbox 25 1065 818 1101">
    <p class='ocr_par' dir='ltr' id='par_1_45' title="bbox 25 1065 818 1101">
     <span class='ocr_line' id='line_1_45' title="bbox 25 1065 818 1101; baseline 0.005 -9"><span class='ocrx_word' id='word_1_302' title='bbox 25 1065 88 1092; x_wconf 84' lang='lat' dir='ltr'><strong>dam</strong></span> <span class='ocrx_word' id='word_1_303' title='bbox 114 1067 208 1101; x_wconf 79' lang='lat' dir='ltr'><strong>refert,</strong></span> <span class='ocrx_word' id='word_1_304' title='bbox 225 1065 373 1101; x_wconf 59' lang='lat' dir='ltr'><strong>Scriptura:</strong></span> <span class='ocrx_word' id='word_1_305' title='bbox 393 1074 479 1094; x_wconf 74' lang='lat' dir='ltr'><strong>sacra:</strong></span> <span class='ocrx_word' id='word_1_306' title='bbox 497 1065 531 1094; x_wconf 85' lang='lat' dir='ltr'><strong>de</strong></span> <span class='ocrx_word' id='word_1_307' title='bbox 553 1068 681 1101; x_wconf 86' lang='lat' dir='ltr'><strong>parandis</strong></span> <span class='ocrx_word' id='word_1_308' title='bbox 698 1065 777 1096; x_wconf 90' lang='lat' dir='ltr'><strong>bonis</strong></span> <span class='ocrx_word' id='word_1_309' title='bbox 791 1073 818 1096; x_wconf 89' lang='lat' dir='ltr'><strong>et</strong></span> 
     </span>
    </p>
   </div>
   <div class='ocr_carea' id='block_1_46' title="bbox 25 1100 818 1136">
    <p class='ocr_par' dir='ltr' id='par_1_46' title="bbox 25 1100 818 1136">
     <span class='ocr_line' id='line_1_46' title="bbox 25 1100 818 1136; baseline 0.005 -10"><span class='ocrx_word' id='word_1_310' title='bbox 25 1101 108 1128; x_wconf 87' lang='lat' dir='ltr'><strong>malis</strong></span> <span class='ocrx_word' id='word_1_311' title='bbox 125 1100 272 1136; x_wconf 76' lang='lat' dir='ltr'><strong>fugiendis,</strong></span> <span class='ocrx_word' id='word_1_312' title='bbox 287 1102 356 1133; x_wconf 89' lang='lat' dir='ltr'><strong>loca,</strong></span> <span class='ocrx_word' id='word_1_313' title='bbox 373 1102 474 1136; x_wconf 87' lang='lat' dir='ltr'><strong>quibus</strong></span> <span class='ocrx_word' id='word_1_314' title='bbox 485 1100 649 1130; x_wconf 81' lang='lat' dir='ltr'><strong>Christiana:</strong></span> <span class='ocrx_word' id='word_1_315' title='bbox 665 1104 726 1131; x_wconf 72' lang='lat' dir='ltr'><strong>vita:</strong></span> <span class='ocrx_word' id='word_1_316' title='bbox 740 1105 818 1130; x_wconf 83' lang='lat' dir='ltr'><strong>insti-</strong></span> 
     </span>
    </p>
   </div>
   <div class='ocr_carea' id='block_1_47' title="bbox 25 1136 819 1172">
    <p class='ocr_par' dir='ltr' id='par_1_47' title="bbox 25 1136 819 1172">
     <span class='ocr_line' id='line_1_47' title="bbox 25 1136 819 1172; baseline 0.006 -11"><span class='ocrx_word' id='word_1_317' title='bbox 25 1136 108 1168; x_wconf 88' lang='lat' dir='ltr'><strong>tutio,</strong></span> <span class='ocrx_word' id='word_1_318' title='bbox 130 1141 157 1163; x_wconf 93' lang='lat' dir='ltr'><strong>et</strong></span> <span class='ocrx_word' id='word_1_319' title='bbox 181 1136 348 1164; x_wconf 81' lang='lat' dir='ltr'><strong>conveniens</strong></span> <span class='ocrx_word' id='word_1_320' title='bbox 374 1136 406 1163; x_wconf 90' lang='lat' dir='ltr'><strong>ad</strong></span> <span class='ocrx_word' id='word_1_321' title='bbox 431 1137 615 1172; x_wconf 85' lang='lat' dir='ltr'><strong>comparanda</strong></span> <span class='ocrx_word' id='word_1_322' title='bbox 635 1143 742 1166; x_wconf 73' lang='lat' dir='ltr'><strong>aeterna:</strong></span> <span class='ocrx_word' id='word_1_323' title='bbox 757 1141 819 1166; x_wconf 76' lang='lat' dir='ltr'><strong>vita:</strong></span> 
     </span>
    </p>
   </div>
   <div class='ocr_carea' id='block_1_48' title="bbox 23 1171 818 1208">
    <p class='ocr_par' dir='ltr' id='par_1_48' title="bbox 23 1171 818 1208">
     <span class='ocr_line' id='line_1_48' title="bbox 23 1171 818 1208; baseline 0.004 -10"><span class='ocrx_word' id='word_1_324' title='bbox 23 1171 138 1208; x_wconf 74' lang='lat' dir='ltr'><strong>praemia</strong></span> <span class='ocrx_word' id='word_1_325' title='bbox 151 1172 221 1208; x_wconf 83' lang='lat' dir='ltr'><strong>ratio</strong></span> <span class='ocrx_word' id='word_1_326' title='bbox 236 1172 386 1208; x_wconf 83' lang='lat' dir='ltr'><strong>luculenter</strong></span> <span class='ocrx_word' id='word_1_327' title='bbox 398 1171 552 1199; x_wconf 82' lang='lat' dir='ltr'><strong>exhibetur.</strong></span> <span class='ocrx_word' id='word_1_328' title='bbox 566 1172 683 1208; x_wconf 80' lang='lat' dir='ltr'><strong>Denique</strong></span> <span class='ocrx_word' id='word_1_329' title='bbox 698 1182 728 1200; x_wconf 83' lang='lat' dir='ltr'><strong>ea</strong></span> <span class='ocrx_word' id='word_1_330' title='bbox 744 1176 818 1201; x_wconf 84' lang='lat' dir='ltr'><strong>sulti-</strong></span> 
     </span>
    </p>
   </div>
   <div class='ocr_carea' id='block_1_49' title="bbox 23 1206 817 1244">
    <p class='ocr_par' dir='ltr' id='par_1_49' title="bbox 23 1206 817 1244">
     <span class='ocr_line' id='line_1_49' title="bbox 23 1206 817 1244; baseline 0.005 -12"><span class='ocrx_word' id='word_1_331' title='bbox 23 1213 87 1233; x_wconf 76' lang='lat' dir='ltr'><strong>cere</strong></span> <span class='ocrx_word' id='word_1_332' title='bbox 108 1206 188 1244; x_wconf 79' lang='lat' dir='ltr'><strong>dixit,</strong></span> <span class='ocrx_word' id='word_1_333' title='bbox 206 1214 267 1241; x_wconf 63' lang='lat' dir='ltr'><strong>quae</strong></span> <span class='ocrx_word' id='word_1_334' title='bbox 283 1206 316 1244; x_wconf 80' lang='lat' dir='ltr'><strong>de</strong></span> <span class='ocrx_word' id='word_1_335' title='bbox 334 1207 384 1233; x_wconf 87' lang='lat' dir='ltr'><strong>hoc</strong></span> <span class='ocrx_word' id='word_1_336' title='bbox 403 1207 575 1244; x_wconf 81' lang='lat' dir='ltr'><strong>Christianos</strong></span> <span class='ocrx_word' id='word_1_337' title='bbox 593 1206 755 1236; x_wconf 73' lang='lat' dir='ltr'><strong>informandi</strong></span> <span class='ocrx_word' id='word_1_338' title='bbox 771 1218 817 1244; x_wconf 73' lang='lat' dir='ltr'><strong>ge-</strong></span> 
     </span>
    </p>
   </div>
   <div class='ocr_carea' id='block_1_50' title="bbox 23 1241 817 1276">
    <p class='ocr_par' dir='ltr' id='par_1_50' title="bbox 23 1241 817 1276">
     <span class='ocr_line' id='line_1_50' title="bbox 23 1241 817 1276; baseline 0.005 -9"><span class='ocrx_word' id='word_1_339' title='bbox 23 1248 90 1268; x_wconf 84' lang='lat' dir='ltr'><strong>nere</strong></span> <span class='ocrx_word' id='word_1_340' title='bbox 114 1241 248 1270; x_wconf 73' lang='lat' dir='ltr'><strong>luctenus</strong></span> <span class='ocrx_word' id='word_1_341' title='bbox 273 1241 469 1276; x_wconf 88' lang='lat' dir='ltr'><strong>disputaverat.</strong></span> <span class='ocrx_word' id='word_1_342' title='bbox 485 1242 599 1269; x_wconf 78' lang='lat' dir='ltr'><strong>Addit”</strong></span> <span class='ocrx_word' id='word_1_343' title='bbox 618 1247 708 1270; x_wconf 78' lang='lat' dir='ltr'><strong>tamen</strong></span> <span class='ocrx_word' id='word_1_344' title='bbox 724 1241 817 1272; x_wconf 42' lang='lat' dir='ltr'><strong>corrc.</strong></span> 
     </span>
    </p>
   </div>
   <div class='ocr_carea' id='block_1_51' title="bbox 22 1277 817 1313">
    <p class='ocr_par' dir='ltr' id='par_1_51' title="bbox 22 1277 817 1313">
     <span class='ocr_line' id='line_1_51' title="bbox 22 1277 817 1313; baseline 0.005 -11"><span class='ocrx_word' id='word_1_345' title='bbox 22 1277 134 1310; x_wconf 75' lang='lat' dir='ltr'><strong>ptiones</strong></span> <span class='ocrx_word' id='word_1_346' title='bbox 159 1285 225 1313; x_wconf 67' lang='lat' dir='ltr'><strong>cuiu</strong></span> <span class='ocrx_word' id='word_1_347' title='bbox 247 1277 460 1313; x_wconf 25' lang='lat' dir='ltr'><strong>granoAsiuapis</strong></span> <span class='ocrx_word' id='word_1_348' title='bbox 490 1284 573 1313; x_wconf 27' lang='lat' dir='ltr'><strong>recte”</strong></span> <span class='ocrx_word' id='word_1_349' title='bbox 586 1286 601 1305; x_wconf 89' lang='lat' dir='ltr'><strong>a</strong></span> <span class='ocrx_word' id='word_1_350' title='bbox 620 1277 709 1306; x_wconf 84' lang='lat' dir='ltr'><strong>Verbo</strong></span> <span class='ocrx_word' id='word_1_351' title='bbox 725 1280 817 1306; x_wconf 87' lang='lat' dir='ltr'><strong>divino</strong></span> 
     </span>
    </p>
   </div>
   <div class='ocr_carea' id='block_1_52' title="bbox 21 1311 816 1350">
    <p class='ocr_par' dir='ltr' id='par_1_52' title="bbox 21 1311 816 1350">
     <span class='ocr_line' id='line_1_52' title="bbox 21 1311 816 1350; baseline 0.005 -13"><span class='ocrx_word' id='word_1_352' title='bbox 21 1312 192 1350; x_wconf 73' lang='lat' dir='ltr'><strong>comparari.</strong></span> <span class='ocrx_word' id='word_1_353' title='bbox 206 1311 238 1338; x_wconf 86' lang='lat' dir='ltr'><strong>Et</strong></span> <span class='ocrx_word' id='word_1_354' title='bbox 251 1311 323 1350; x_wconf 66' lang='lat' dir='ltr'><strong>Sane</strong></span> <span class='ocrx_word' id='word_1_355' title='bbox 334 1311 540 1350; x_wconf 69' lang='lat' dir='ltr'><strong>diviuumillud</strong></span> <span class='ocrx_word' id='word_1_356' title='bbox 555 1312 672 1350; x_wconf 69' lang='lat' dir='ltr'><strong>\‘erbum</strong></span> <span class='ocrx_word' id='word_1_357' title='bbox 685 1322 732 1348; x_wconf 81' lang='lat' dir='ltr'><strong>per</strong></span> <span class='ocrx_word' id='word_1_358' title='bbox 743 1314 816 1350; x_wconf 81' lang='lat' dir='ltr'><strong>Moy-</strong></span> 
     </span>
    </p>
   </div>
   <div class='ocr_carea' id='block_1_53' title="bbox 21 1347 816 1387">
    <p class='ocr_par' dir='ltr' id='par_1_53' title="bbox 21 1347 816 1387">
     <span class='ocr_line' id='line_1_53' title="bbox 21 1347 816 1387; baseline 0.005 -14"><span class='ocrx_word' id='word_1_359' title='bbox 21 1353 71 1373; x_wconf 88' lang='lat' dir='ltr'><strong>sen</strong></span> <span class='ocrx_word' id='word_1_360' title='bbox 97 1347 226 1387; x_wconf 81' lang='lat' dir='ltr'><strong>aliosque</strong></span> <span class='ocrx_word' id='word_1_361' title='bbox 247 1347 546 1387; x_wconf 84' lang='lat' dir='ltr'><strong>prophetas,_sed_non</strong></span> <span class='ocrx_word' id='word_1_362' title='bbox 562 1347 772 1387; x_wconf 62' lang='lat' dir='ltr'><strong>sineminarum</strong></span> <span class='ocrx_word' id='word_1_363' title='bbox 787 1347 816 1377; x_wconf 73' lang='lat' dir='ltr'><strong>et</strong></span> 
     </span>
    </p>
   </div>
   <div class='ocr_carea' id='block_1_54' title="bbox 22 1382 815 1417">
    <p class='ocr_par' dir='ltr' id='par_1_54' title="bbox 22 1382 815 1417">
     <span class='ocr_line' id='line_1_54' title="bbox 22 1382 815 1417; baseline 0.006 -11"><span class='ocrx_word' id='word_1_364' title='bbox 22 1382 142 1409; x_wconf 86' lang='lat' dir='ltr'><strong>terroris</strong></span> <span class='ocrx_word' id='word_1_365' title='bbox 155 1382 332 1414; x_wconf 86' lang='lat' dir='ltr'><strong>adminiculo,</strong></span> <span class='ocrx_word' id='word_1_366' title='bbox 344 1390 398 1417; x_wconf 89' lang='lat' dir='ltr'><strong>quo</strong></span> <span class='ocrx_word' id='word_1_367' title='bbox 414 1383 538 1410; x_wconf 87' lang='lat' dir='ltr'><strong>homines</strong></span> <span class='ocrx_word' id='word_1_368' title='bbox 554 1384 588 1410; x_wconf 91' lang='lat' dir='ltr'><strong>ad</strong></span> <span class='ocrx_word' id='word_1_369' title='bbox 600 1383 679 1410; x_wconf 83' lang='lat' dir='ltr'><strong>fidem</strong></span> <span class='ocrx_word' id='word_1_370' title='bbox 695 1390 815 1412; x_wconf 86' lang='lat' dir='ltr'><strong>nostram</strong></span> 
     </span>
    </p>
   </div>
   <div class='ocr_carea' id='block_1_55' title="bbox 20 1417 816 1452">
    <p class='ocr_par' dir='ltr' id='par_1_55' title="bbox 20 1417 816 1452">
     <span class='ocr_line' id='line_1_55' title="bbox 20 1417 816 1452; baseline 0.005 -9"><span class='ocrx_word' id='word_1_371' title='bbox 20 1417 195 1452; x_wconf 76' lang='lat' dir='ltr'><strong>disponeret,</strong></span> <span class='ocrx_word' id='word_1_372' title='bbox 219 1418 356 1452; x_wconf 69' lang='lat' dir='ltr'><strong>paedagogi</strong></span> <span class='ocrx_word' id='word_1_373' title='bbox 377 1417 466 1445; x_wconf 86' lang='lat' dir='ltr'><strong>ollicio</strong></span> <span class='ocrx_word' id='word_1_374' title='bbox 483 1418 655 1452; x_wconf 79' lang='lat' dir='ltr'><strong>fungebatur.</strong></span> <span class='ocrx_word' id='word_1_375' title='bbox 674 1419 734 1446; x_wconf 80' lang='lat' dir='ltr'><strong>Jam</strong></span> <span class='ocrx_word' id='word_1_376' title='bbox 752 1428 816 1447; x_wconf 88' lang='lat' dir='ltr'><strong>vero</strong></span> 
     </span>
    </p>
   </div>
   <div class='ocr_carea' id='block_1_56' title="bbox 18 1450 813 1486">
    <p class='ocr_par' dir='ltr' id='par_1_56' title="bbox 18 1450 813 1486">
     <span class='ocr_line' id='line_1_56' title="bbox 18 1450 813 1486; baseline 0.006 -9"><span class='ocrx_word' id='word_1_377' title='bbox 18 1450 195 1479; x_wconf 86' lang='lat' dir='ltr'><strong>Christianos</strong></span> <span class='ocrx_word' id='word_1_378' title='bbox 210 1450 308 1480; x_wconf 72' lang='lat' dir='ltr'><strong>divina</strong></span> <span class='ocrx_word' id='word_1_379' title='bbox 317 1450 440 1484; x_wconf 84' lang='lat' dir='ltr'><strong>scientia,</strong></span> <span class='ocrx_word' id='word_1_380' title='bbox 453 1461 485 1480; x_wconf 82' lang='lat' dir='ltr'><strong>ac</strong></span> <span class='ocrx_word' id='word_1_381' title='bbox 496 1450 602 1480; x_wconf 81' lang='lat' dir='ltr'><strong>summa</strong></span> <span class='ocrx_word' id='word_1_382' title='bbox 617 1455 813 1486; x_wconf 83' lang='lat' dir='ltr'><strong>benevolentia.</strong></span> 
     </span>
    </p>
   </div>
   <div class='ocr_carea' id='block_1_57' title="bbox 18 1487 815 1523">
    <p class='ocr_par' dir='ltr' id='par_1_57' title="bbox 18 1487 815 1523">
     <span class='ocr_line' id='line_1_57' title="bbox 18 1487 815 1523; baseline 0.005 -10"><span class='ocrx_word' id='word_1_383' title='bbox 18 1491 45 1513; x_wconf 86' lang='lat' dir='ltr'><strong>et</strong></span> <span class='ocrx_word' id='word_1_384' title='bbox 63 1487 176 1523; x_wconf 66' lang='lat' dir='ltr'><strong>dicendi</strong></span> <span class='ocrx_word' id='word_1_385' title='bbox 196 1487 322 1515; x_wconf 85' lang='lat' dir='ltr'><strong>libertate</strong></span> <span class='ocrx_word' id='word_1_386' title='bbox 342 1488 486 1523; x_wconf 69' lang='lat' dir='ltr'><strong>pratceptis</strong></span> <span class='ocrx_word' id='word_1_387' title='bbox 501 1489 559 1516; x_wconf 87' lang='lat' dir='ltr'><strong>suis</strong></span> <span class='ocrx_word' id='word_1_388' title='bbox 576 1489 673 1515; x_wconf 88' lang='lat' dir='ltr'><strong>itubttit</strong></span> <span class='ocrx_word' id='word_1_389' title='bbox 686 1495 712 1517; x_wconf 89' lang='lat' dir='ltr'><strong>et</strong></span> <span class='ocrx_word' id='word_1_390' title='bbox 730 1490 815 1517; x_wconf 80' lang='lat' dir='ltr'><strong>infor-</strong></span> 
     </span>
    </p>
   </div>
   <div class='ocr_carea' id='block_1_58' title="bbox 17 1521 814 1559">
    <p class='ocr_par' dir='ltr' id='par_1_58' title="bbox 17 1521 814 1559">
     <span class='ocr_line' id='line_1_58' title="bbox 17 1521 814 1559; baseline 0.004 -10"><span class='ocrx_word' id='word_1_391' title='bbox 17 1521 169 1559; x_wconf 70' lang='lat' dir='ltr'><strong>mat._ll.cc</strong></span> <span class='ocrx_word' id='word_1_392' title='bbox 186 1527 277 1549; x_wconf 84' lang='lat' dir='ltr'><strong>autem</strong></span> <span class='ocrx_word' id='word_1_393' title='bbox 293 1521 353 1557; x_wconf 81' lang='lat' dir='ltr'><strong>ejus</strong></span> <span class='ocrx_word' id='word_1_394' title='bbox 369 1521 502 1558; x_wconf 70' lang='lat' dir='ltr'><strong>praecepta</strong></span> <span class='ocrx_word' id='word_1_395' title='bbox 514 1524 546 1552; x_wconf 87' lang='grc'><strong>¹⁷.</strong></span> <span class='ocrx_word' id='word_1_396' title='bbox 565 1532 653 1559; x_wconf 84' lang='lat' dir='ltr'><strong>neque</strong></span> <span class='ocrx_word' id='word_1_397' title='bbox 668 1524 814 1552; x_wconf 90' lang='lat' dir='ltr'><strong>admodum</strong></span> 
     </span>
    </p>
   </div>
   <div class='ocr_carea' id='block_1_59' title="bbox 17 1556 814 1593">
    <p class='ocr_par' dir='ltr' id='par_1_59' title="bbox 17 1556 814 1593">
     <span class='ocr_line' id='line_1_59' title="bbox 17 1556 814 1593; baseline 0.006 -10"><span class='ocrx_word' id='word_1_398' title='bbox 17 1556 141 1584; x_wconf 85' lang='lat' dir='ltr'><strong>dillicilia</strong></span> <span class='ocrx_word' id='word_1_399' title='bbox 160 1563 235 1589; x_wconf 83' lang='lat' dir='ltr'><strong>sunt.</strong></span> <span class='ocrx_word' id='word_1_400' title='bbox 251 1566 340 1592; x_wconf 87' lang='lat' dir='ltr'><strong>neque</strong></span> <span class='ocrx_word' id='word_1_401' title='bbox 360 1556 415 1592; x_wconf 75' lang='lat' dir='ltr'><strong>prae</strong></span> <span class='ocrx_word' id='word_1_402' title='bbox 436 1556 739 1593; x_wconf 60' lang='lat' dir='ltr'><strong>benignitatenimium</strong></span> <span class='ocrx_word' id='word_1_403' title='bbox 758 1561 814 1588; x_wconf 83' lang='lat' dir='ltr'><strong>dis-</strong></span> 
     </span>
    </p>
   </div>
   <div class='ocr_carea' id='block_1_60' title="bbox 18 1593 814 1628">
    <p class='ocr_par' dir='ltr' id='par_1_60' title="bbox 18 1593 814 1628">
     <span class='ocr_line' id='line_1_60' title="bbox 18 1593 814 1628; baseline 0.006 -10"><span class='ocrx_word' id='word_1_404' title='bbox 18 1593 122 1623; x_wconf 85' lang='lat' dir='ltr'><strong>soluta,</strong></span> <span class='ocrx_word' id='word_1_405' title='bbox 140 1593 189 1620; x_wconf 86' lang='lat' dir='ltr'><strong>sed</strong></span> <span class='ocrx_word' id='word_1_406' title='bbox 204 1593 319 1628; x_wconf 79' lang='lat' dir='ltr'><strong>singulis</strong></span> <span class='ocrx_word' id='word_1_407' title='bbox 341 1594 382 1620; x_wconf 84' lang='lat' dir='ltr'><strong>sic</strong></span> <span class='ocrx_word' id='word_1_408' title='bbox 398 1597 576 1628; x_wconf 84' lang='lat' dir='ltr'><strong>attemperata</strong></span> <span class='ocrx_word' id='word_1_409' title='bbox 592 1599 621 1621; x_wconf 92' lang='lat' dir='ltr'><strong>ut</strong></span> <span class='ocrx_word' id='word_1_410' title='bbox 636 1595 671 1621; x_wconf 88' lang='lat' dir='ltr'><strong>ab</strong></span> <span class='ocrx_word' id='word_1_411' title='bbox 685 1596 814 1623; x_wconf 87' lang='lat' dir='ltr'><strong>omnibus</strong></span> 
     </span>
    </p>
   </div>
   <div class='ocr_carea' id='block_1_61' title="bbox 18 1627 812 1664">
    <p class='ocr_par' dir='ltr' id='par_1_61' title="bbox 18 1627 812 1664">
     <span class='ocr_line' id='line_1_61' title="bbox 18 1627 812 1664; baseline 0.006 -11"><span class='ocrx_word' id='word_1_412' title='bbox 18 1627 100 1664; x_wconf 74' lang='lat' dir='ltr'><strong>facile</strong></span> <span class='ocrx_word' id='word_1_413' title='bbox 117 1628 213 1664; x_wconf 81' lang='lat' dir='ltr'><strong>perﬁci</strong></span> <span class='ocrx_word' id='word_1_414' title='bbox 231 1627 347 1663; x_wconf 77' lang='lat' dir='ltr'><strong>possint.</strong></span> <span class='ocrx_word' id='word_1_415' title='bbox 363 1627 422 1655; x_wconf 81' lang='lat' dir='ltr'><strong>Non</strong></span> <span class='ocrx_word' id='word_1_416' title='bbox 438 1627 518 1655; x_wconf 81' lang='lat' dir='ltr'><strong>aliam</strong></span> <span class='ocrx_word' id='word_1_417' title='bbox 535 1630 635 1664; x_wconf 90' lang='lat' dir='ltr'><strong>quippe</strong></span> <span class='ocrx_word' id='word_1_418' title='bbox 649 1630 684 1656; x_wconf 90' lang='lat' dir='ltr'><strong>ob</strong></span> <span class='ocrx_word' id='word_1_419' title='bbox 702 1638 812 1658; x_wconf 81' lang='lat' dir='ltr'><strong>causam</strong></span> 
     </span>
    </p>
   </div>
   <div class='ocr_carea' id='block_1_62' title="bbox 17 1662 812 1699">
    <p class='ocr_par' dir='ltr' id='par_1_62' title="bbox 17 1662 812 1699">
     <span class='ocr_line' id='line_1_62' title="bbox 17 1662 812 1699; baseline 0.005 -11"><span class='ocrx_word' id='word_1_420' title='bbox 17 1662 131 1699; x_wconf 78' lang='lat' dir='ltr'><strong>divinus</strong></span> <span class='ocrx_word' id='word_1_421' title='bbox 146 1664 191 1690; x_wconf 91' lang='lat' dir='ltr'><strong>hic</strong></span> <span class='ocrx_word' id='word_1_422' title='bbox 205 1662 370 1699; x_wconf 64' lang='lat' dir='ltr'><strong>l’aulagogus</strong></span> <span class='ocrx_word' id='word_1_423' title='bbox 385 1668 525 1692; x_wconf 89' lang='lat' dir='ltr'><strong>terrenum</strong></span> <span class='ocrx_word' id='word_1_424' title='bbox 540 1662 676 1691; x_wconf 77' lang='lat' dir='ltr'><strong>hominem</strong></span> <span class='ocrx_word' id='word_1_425' title='bbox 690 1665 765 1692; x_wconf 81' lang='lat' dir='ltr'><strong>fluxit</strong></span> <span class='ocrx_word' id='word_1_426' title='bbox 781 1675 812 1692; x_wconf 69' lang='lat' dir='ltr'><strong>ex</strong></span> 
     </span>
    </p>
   </div>
   <div class='ocr_carea' id='block_1_63' title="bbox 18 1698 815 1734">
    <p class='ocr_par' dir='ltr' id='par_1_63' title="bbox 18 1698 815 1734">
     <span class='ocr_line' id='line_1_63' title="bbox 18 1698 815 1734; baseline 0.005 -10"><span class='ocrx_word' id='word_1_427' title='bbox 18 1698 142 1731; x_wconf 87' lang='lat' dir='ltr'><strong>pulvere,</strong></span> <span class='ocrx_word' id='word_1_428' title='bbox 158 1706 229 1733; x_wconf 88' lang='lat' dir='ltr'><strong>aqua</strong></span> <span class='ocrx_word' id='word_1_429' title='bbox 248 1699 428 1733; x_wconf 60' lang='lat' dir='ltr'><strong>regettcravit,</strong></span> <span class='ocrx_word' id='word_1_430' title='bbox 444 1699 521 1726; x_wconf 80' lang='lat' dir='ltr'><strong>auxit</strong></span> <span class='ocrx_word' id='word_1_431' title='bbox 535 1700 642 1734; x_wconf 87' lang='lat' dir='ltr'><strong>spiritu,</strong></span> <span class='ocrx_word' id='word_1_432' title='bbox 652 1701 703 1727; x_wconf 90' lang='lat' dir='ltr'><strong>nisi</strong></span> <span class='ocrx_word' id='word_1_433' title='bbox 713 1707 815 1728; x_wconf 89' lang='lat' dir='ltr'><strong>utsuo-</strong></span> 
     </span>
    </p>
   </div>
   <div class='ocr_carea' id='block_1_64' title="bbox 19 1734 813 1770">
    <p class='ocr_par' dir='ltr' id='par_1_64' title="bbox 19 1734 813 1770">
     <span class='ocr_line' id='line_1_64' title="bbox 19 1734 813 1770; baseline 0.008 -12"><span class='ocrx_word' id='word_1_434' title='bbox 19 1740 79 1759; x_wconf 88' lang='lat' dir='ltr'><strong>runt</strong></span> <span class='ocrx_word' id='word_1_435' title='bbox 94 1734 289 1770; x_wconf 74' lang='lat' dir='ltr'><strong>observatione</strong></span> <span class='ocrx_word' id='word_1_436' title='bbox 303 1735 493 1770; x_wconf 82' lang='lat' dir='ltr'><strong>tnantlatornm</strong></span> <span class='ocrx_word' id='word_1_437' title='bbox 506 1734 582 1762; x_wconf 91' lang='lat' dir='ltr'><strong>illum</strong></span> <span class='ocrx_word' id='word_1_438' title='bbox 600 1735 628 1762; x_wconf 91' lang='lat' dir='ltr'><strong>in</strong></span> <span class='ocrx_word' id='word_1_439' title='bbox 645 1738 813 1770; x_wconf 69' lang='lat' dir='ltr'><strong>supercazlc-</strong></span> 
     </span>
    </p>
   </div>
   <div class='ocr_carea' id='block_1_65' title="bbox 16 1768 482 1796">
    <p class='ocr_par' dir='ltr' id='par_1_65' title="bbox 16 1768 482 1796">
     <span class='ocr_line' id='line_1_65' title="bbox 16 1768 482 1796; baseline 0.002 -2"><span class='ocrx_word' id='word_1_440' title='bbox 16 1773 85 1794; x_wconf 85' lang='lat' dir='ltr'><strong>stem</strong></span> <span class='ocrx_word' id='word_1_441' title='bbox 105 1768 246 1796; x_wconf 88' lang='lat' dir='ltr'><strong>hominem</strong></span> <span class='ocrx_word' id='word_1_442' title='bbox 263 1769 482 1796; x_wconf 74' lang='lat' dir='ltr'><strong>transformat-ct.</strong></span> 
     </span>
    </p>
   </div>
   <div class='ocr_carea' id='block_1_66' title="bbox 49 1804 813 1839">
    <p class='ocr_par' dir='ltr' id='par_1_66' title="bbox 49 1804 813 1839">
     <span class='ocr_line' id='line_1_66' title="bbox 49 1804 813 1839; baseline 0.007 -10"><span class='ocrx_word' id='word_1_443' title='bbox 49 1805 71 1829; x_wconf 76' lang='grc' dir='ltr'><strong>Α</strong></span> <span class='ocrx_word' id='word_1_444' title='bbox 88 1804 173 1839; x_wconf 84' lang='lat' dir='ltr'><strong>nobis</strong></span> <span class='ocrx_word' id='word_1_445' title='bbox 185 1805 269 1839; x_wconf 69' lang='lat' dir='ltr'><strong>igitur</strong></span> <span class='ocrx_word' id='word_1_446' title='bbox 285 1805 325 1831; x_wconf 86' lang='lat' dir='ltr'><strong>sic</strong></span> <span class='ocrx_word' id='word_1_447' title='bbox 342 1805 495 1831; x_wconf 87' lang='lat' dir='ltr'><strong>audiendus</strong></span> <span class='ocrx_word' id='word_1_448' title='bbox 509 1808 561 1835; x_wconf 81' lang='lat' dir='ltr'><strong>est,</strong></span> <span class='ocrx_word' id='word_1_449' title='bbox 574 1808 604 1832; x_wconf 92' lang='lat' dir='ltr'><strong>ut</strong></span> <span class='ocrx_word' id='word_1_450' title='bbox 616 1805 706 1833; x_wconf 81' lang='lat' dir='ltr'><strong>Patris</strong></span> <span class='ocrx_word' id='word_1_451' title='bbox 717 1808 813 1835; x_wconf 88' lang='lat' dir='ltr'><strong>volun-</strong></span> 
     </span>
    </p>
   </div>
   <div class='ocr_carea' id='block_1_67' title="bbox 15 1838 813 1876">
    <p class='ocr_par' dir='ltr' id='par_1_67' title="bbox 15 1838 813 1876">
     <span class='ocr_line' id='line_1_67' title="bbox 15 1838 813 1876; baseline 0.009 -13"><span class='ocrx_word' id='word_1_452' title='bbox 15 1842 98 1876; x_wconf 80' lang='lat' dir='ltr'><strong>tatem</strong></span> <span class='ocrx_word' id='word_1_453' title='bbox 109 1838 171 1876; x_wconf 79' lang='lat'><strong>_13</strong></span> <span class='ocrx_word' id='word_1_454' title='bbox 186 1838 340 1876; x_wconf 70' lang='lat' dir='ltr'><strong>implentes,</strong></span> <span class='ocrx_word' id='word_1_455' title='bbox 356 1840 380 1866; x_wconf 89' lang='lat' dir='ltr'><strong>ei</strong></span> <span class='ocrx_word' id='word_1_456' title='bbox 396 1839 500 1876; x_wconf 86' lang='lat' dir='ltr'><strong>similes</strong></span> <span class='ocrx_word' id='word_1_457' title='bbox 513 1841 673 1868; x_wconf 75' lang='lat' dir='ltr'><strong>efﬁciamur.</strong></span> <span class='ocrx_word' id='word_1_458' title='bbox 688 1841 716 1868; x_wconf 87' lang='lat' dir='ltr'><strong>ld</strong></span> <span class='ocrx_word' id='word_1_459' title='bbox 732 1850 813 1876; x_wconf 90' lang='lat' dir='ltr'><strong>porro</strong></span> 
     </span>
    </p>
   </div>
   <div class='ocr_carea' id='block_1_68' title="bbox 18 1873 813 1908">
    <p class='ocr_par' dir='ltr' id='par_1_68' title="bbox 18 1873 813 1908">
     <span class='ocr_line' id='line_1_68' title="bbox 18 1873 813 1908; baseline 0.008 -9"><span class='ocrx_word' id='word_1_460' title='bbox 18 1881 31 1898; x_wconf 89' lang='lat' dir='ltr'><strong>a</strong></span> <span class='ocrx_word' id='word_1_461' title='bbox 49 1873 133 1900; x_wconf 87' lang='lat' dir='ltr'><strong>nobis</strong></span> <span class='ocrx_word' id='word_1_462' title='bbox 149 1882 212 1900; x_wconf 87' lang='lat' dir='ltr'><strong>vere</strong></span> <span class='ocrx_word' id='word_1_463' title='bbox 234 1874 420 1908; x_wconf 74' lang='lat' dir='ltr'><strong>przcstahitur,</strong></span> <span class='ocrx_word' id='word_1_464' title='bbox 437 1875 459 1901; x_wconf 91' lang='lat' dir='ltr'><strong>si</strong></span> <span class='ocrx_word' id='word_1_465' title='bbox 477 1875 583 1902; x_wconf 84' lang='lat' dir='ltr'><strong>facilem</strong></span> <span class='ocrx_word' id='word_1_466' title='bbox 599 1876 701 1903; x_wconf 83' lang='lat' dir='ltr'><strong>victum</strong></span> <span class='ocrx_word' id='word_1_467' title='bbox 721 1873 813 1905; x_wconf 55' lang='lat' dir='ltr'><strong>c&#39;olen-</strong></span> 
     </span>
    </p>
   </div>
   <div class='ocr_carea' id='block_1_69' title="bbox 15 1910 811 1944">
    <p class='ocr_par' dir='ltr' id='par_1_69' title="bbox 15 1910 811 1944">
     <span class='ocr_line' id='line_1_69' title="bbox 15 1910 811 1944; baseline 0.008 -11"><span class='ocrx_word' id='word_1_468' title='bbox 15 1911 65 1940; x_wconf 88' lang='lat' dir='ltr'><strong>tcs,</strong></span> <span class='ocrx_word' id='word_1_469' title='bbox 80 1916 288 1942; x_wconf 80' lang='lat' dir='ltr'><strong>supervacanea</strong></span> <span class='ocrx_word' id='word_1_470' title='bbox 304 1915 475 1944; x_wconf 77' lang='lat' dir='ltr'><strong>respttcntes,</strong></span> <span class='ocrx_word' id='word_1_471' title='bbox 488 1910 522 1937; x_wconf 87' lang='lat' dir='ltr'><strong>dc</strong></span> <span class='ocrx_word' id='word_1_472' title='bbox 536 1911 657 1938; x_wconf 84' lang='lat' dir='ltr'><strong>crastino</strong></span> <span class='ocrx_word' id='word_1_473' title='bbox 673 1912 740 1939; x_wconf 90' lang='lat' dir='ltr'><strong>nihil</strong></span> <span class='ocrx_word' id='word_1_474' title='bbox 756 1915 811 1939; x_wconf 79' lang='lat' dir='ltr'><strong>sot-</strong></span> 
     </span>
    </p>
   </div>
   <div class='ocr_carea' id='block_1_70' title="bbox 15 1944 809 1980">
    <p class='ocr_par' dir='ltr' id='par_1_70' title="bbox 15 1944 809 1980">
     <span class='ocr_line' id='line_1_70' title="bbox 15 1944 809 1980; baseline 0.009 -12"><span class='ocrx_word' id='word_1_475' title='bbox 15 1944 93 1980; x_wconf 79' lang='lat' dir='ltr'><strong>liciti,</strong></span> <span class='ocrx_word' id='word_1_476' title='bbox 107 1948 248 1980; x_wconf 19' lang='lat' dir='ltr'><strong>etrnostra</strong></span> <span class='ocrx_word' id='word_1_477' title='bbox 261 1949 334 1971; x_wconf 89' lang='lat' dir='ltr'><strong>sorte</strong></span> <span class='ocrx_word' id='word_1_478' title='bbox 347 1952 454 1979; x_wconf 87' lang='lat' dir='ltr'><strong>semper</strong></span> <span class='ocrx_word' id='word_1_479' title='bbox 469 1946 601 1977; x_wconf 85' lang='lat' dir='ltr'><strong>contenti,</strong></span> <span class='ocrx_word' id='word_1_480' title='bbox 614 1946 809 1980; x_wconf 73' lang='lat' dir='ltr'><strong>frugalitatem,</strong></span> 
     </span>
    </p>
   </div>
   <div class='ocr_carea' id='block_1_71' title="bbox 15 1978 809 2017">
    <p class='ocr_par' dir='ltr' id='par_1_71' title="bbox 15 1978 809 2017">
     <span class='ocr_line' id='line_1_71' title="bbox 15 1978 809 2017; baseline 0.006 -13"><span class='ocrx_word' id='word_1_481' title='bbox 15 1978 259 2017; x_wconf 69' lang='lat' dir='ltr'><strong>tuoderationem,_</strong></span> <span class='ocrx_word' id='word_1_482' title='bbox 274 1987 392 2006; x_wconf 86' lang='lat' dir='ltr'><strong>amorem</strong></span> <span class='ocrx_word' id='word_1_483' title='bbox 406 1978 555 2017; x_wconf 23' lang='lat' dir='ltr'><strong>ilibertatis</strong></span> <span class='ocrx_word' id='word_1_484' title='bbox 567 2000 574 2011; x_wconf 95' lang='lat'><strong>,</strong></span> <span class='ocrx_word' id='word_1_485' title='bbox 605 1978 809 2017; x_wconf 81' lang='lat' dir='ltr'><strong>benignitatem,</strong></span> 
     </span>
    </p>
   </div>
   <div class='ocr_carea' id='block_1_72' title="bbox 16 2012 811 2052">
    <p class='ocr_par' dir='ltr' id='par_1_72' title="bbox 16 2012 811 2052">
     <span class='ocr_line' id='line_1_72' title="bbox 16 2012 811 2052; baseline 0.008 -13"><span class='ocrx_word' id='word_1_486' title='bbox 16 2012 171 2052; x_wconf 77' lang='lat' dir='ltr'><strong>honestatis</strong></span> <span class='ocrx_word' id='word_1_487' title='bbox 187 2015 618 2052; x_wconf 72' lang='lat' dir='ltr'><strong>studium._atqueassiduamet</strong></span> <span class='ocrx_word' id='word_1_488' title='bbox 640 2012 744 2052; x_wconf 59' lang='lat' dir='ltr'><strong>absque</strong></span> <span class='ocrx_word' id='word_1_489' title='bbox 765 2012 811 2045; x_wconf 40' lang='lat' dir='ltr'><strong>so-&#39;</strong></span> 
     </span>
    </p>
   </div>
   <div class='ocr_carea' id='block_1_73' title="bbox 14 2048 811 2086">
    <p class='ocr_par' dir='ltr' id='par_1_73' title="bbox 14 2048 811 2086">
     <span class='ocr_line' id='line_1_73' title="bbox 14 2048 811 2086; baseline 0.008 -12"><span class='ocrx_word' id='word_1_490' title='bbox 14 2048 109 2086; x_wconf 83' lang='lat' dir='ltr'><strong>cordia</strong></span> <span class='ocrx_word' id='word_1_491' title='bbox 124 2050 166 2076; x_wconf 85' lang='lat' dir='ltr'><strong>vel</strong></span> <span class='ocrx_word' id='word_1_492' title='bbox 182 2049 346 2086; x_wconf 63' lang='lat' dir='ltr'><strong>negligentia</strong></span> <span class='ocrx_word' id='word_1_493' title='bbox 362 2048 480 2077; x_wconf 89' lang='lat' dir='ltr'><strong>dandam</strong></span> <span class='ocrx_word' id='word_1_494' title='bbox 495 2051 589 2078; x_wconf 86' lang='lat' dir='ltr'><strong>virtuti</strong></span> <span class='ocrx_word' id='word_1_495' title='bbox 606 2048 716 2086; x_wconf 78' lang='lat' dir='ltr'><strong>operarii</strong></span> <span class='ocrx_word' id='word_1_496' title='bbox 731 2053 766 2080; x_wconf 92' lang='lat' dir='ltr'><strong>ab</strong></span> <span class='ocrx_word' id='word_1_497' title='bbox 777 2061 811 2080; x_wconf 91' lang='lat' dir='ltr'><strong>eo</strong></span> 
     </span>
    </p>
   </div>
   <div class='ocr_carea' id='block_1_74' title="bbox 15 2084 810 2122">
    <p class='ocr_par' dir='ltr' id='par_1_74' title="bbox 15 2084 810 2122">
     <span class='ocr_line' id='line_1_74' title="bbox 15 2084 810 2122; baseline 0.009 -13"><span class='ocrx_word' id='word_1_498' title='bbox 15 2084 414 2122; x_wconf 41' lang='lat' dir='ltr'><strong>discamus.“ChriStiauorurn</strong></span> <span class='ocrx_word' id='word_1_499' title='bbox 439 2086 573 2120; x_wconf 90' lang='lat' dir='ltr'><strong>siquidem</strong></span> <span class='ocrx_word' id='word_1_500' title='bbox 597 2084 648 2114; x_wconf 80' lang='lat' dir='ltr'><strong>hoc</strong></span> <span class='ocrx_word' id='word_1_501' title='bbox 673 2088 810 2122; x_wconf 88' lang='lat' dir='ltr'><strong>peculiare</strong></span> 
     </span>
    </p>
   </div>
   <div class='ocr_carea' id='block_1_75' title="bbox 13 2119 808 2155">
    <p class='ocr_par' dir='ltr' id='par_1_75' title="bbox 13 2119 808 2155">
     <span class='ocr_line' id='line_1_75' title="bbox 13 2119 808 2155; baseline 0.006 -10"><span class='ocrx_word' id='word_1_502' title='bbox 13 2123 54 2145; x_wconf 77' lang='lat' dir='ltr'><strong>est</strong></span> <span class='ocrx_word' id='word_1_503' title='bbox 81 2119 193 2146; x_wconf 84' lang='lat' dir='ltr'><strong>vivendi</strong></span> <span class='ocrx_word' id='word_1_504' title='bbox 219 2128 322 2155; x_wconf 75' lang='lat' dir='ltr'><strong>genus,</strong></span> <span class='ocrx_word' id='word_1_505' title='bbox 347 2126 376 2148; x_wconf 89' lang='lat' dir='ltr'><strong>ut</strong></span> <span class='ocrx_word' id='word_1_506' title='bbox 400 2121 427 2148; x_wconf 93' lang='lat' dir='ltr'><strong>in</strong></span> <span class='ocrx_word' id='word_1_507' title='bbox 447 2119 576 2152; x_wconf 81' lang='lat' dir='ltr'><strong>incessu.</strong></span> <span class='ocrx_word' id='word_1_508' title='bbox 595 2119 733 2154; x_wconf 76' lang='lat' dir='ltr'><strong>accubitu,</strong></span> <span class='ocrx_word' id='word_1_509' title='bbox 757 2124 808 2150; x_wconf 85' lang='lat' dir='ltr'><strong>ali-</strong></span> 
     </span>
    </p>
   </div>
   <div class='ocr_carea' id='block_1_76' title="bbox 14 2155 809 2193">
    <p class='ocr_par' dir='ltr' id='par_1_76' title="bbox 14 2155 809 2193">
     <span class='ocr_line' id='line_1_76' title="bbox 14 2155 809 2193; baseline 0.008 -13"><span class='ocrx_word' id='word_1_510' title='bbox 14 2159 235 2193; x_wconf 67' lang='lat' dir='ltr'><strong>nuentp,__somu_o</strong></span> <span class='ocrx_word' id='word_1_511' title='bbox 247 2155 430 2193; x_wconf 81' lang='lat' dir='ltr'><strong>omnibusque</strong></span> <span class='ocrx_word' id='word_1_512' title='bbox 451 2158 514 2184; x_wconf 62' lang='lat' dir='ltr'><strong>vita;</strong></span> <span class='ocrx_word' id='word_1_513' title='bbox 528 2158 682 2193; x_wconf 80' lang='lat' dir='ltr'><strong>actionibus</strong></span> <span class='ocrx_word' id='word_1_514' title='bbox 693 2158 767 2193; x_wconf 83' lang='lat' dir='ltr'><strong>jnsta</strong></span> <span class='ocrx_word' id='word_1_515' title='bbox 782 2164 809 2186; x_wconf 88' lang='lat' dir='ltr'><strong>ct</strong></span> 
     </span>
    </p>
   </div>
   <div class='ocr_carea' id='block_1_77' title="bbox 12 2189 807 2226">
    <p class='ocr_par' dir='ltr' id='par_1_77' title="bbox 12 2189 807 2226">
     <span class='ocr_line' id='line_1_77' title="bbox 12 2189 807 2226; baseline 0.005 -10"><span class='ocrx_word' id='word_1_516' title='bbox 12 2189 348 2226; x_wconf 65' lang='lat' dir='ltr'><strong>aequabilimoderatione</strong></span> <span class='ocrx_word' id='word_1_517' title='bbox 365 2189 400 2218; x_wconf 89' lang='lat' dir='ltr'><strong>sit</strong></span> <span class='ocrx_word' id='word_1_518' title='bbox 416 2194 607 2226; x_wconf 88' lang='lat' dir='ltr'><strong>tetuperatum.</strong></span> <span class='ocrx_word' id='word_1_519' title='bbox 627 2189 713 2220; x_wconf 78' lang='lat' dir='ltr'><strong>Divini</strong></span> <span class='ocrx_word' id='word_1_520' title='bbox 734 2195 807 2221; x_wconf 89' lang='lat' dir='ltr'><strong>enim</strong></span> 
     </span>
    </p>
   </div>
   <div class='ocr_carea' id='block_1_78' title="bbox 12 2225 807 2262">
    <p class='ocr_par' dir='ltr' id='par_1_78' title="bbox 12 2225 807 2262">
     <span class='ocr_line' id='line_1_78' title="bbox 12 2225 807 2262; baseline 0.006 -11"><span class='ocrx_word' id='word_1_521' title='bbox 12 2225 152 2262; x_wconf 63' lang='lat' dir='ltr'><strong>paedagogi</strong></span> <span class='ocrx_word' id='word_1_522' title='bbox 173 2226 263 2262; x_wconf 83' lang='lat' dir='ltr'><strong>nostri</strong></span> <span class='ocrx_word' id='word_1_523' title='bbox 279 2226 376 2262; x_wconf 20' lang='lat' dir='ltr'><strong>earl&#39;uit</strong></span> <span class='ocrx_word' id='word_1_524' title='bbox 395 2225 531 2257; x_wconf 84' lang='lat' dir='ltr'><strong>doctrina.</strong></span> <span class='ocrx_word' id='word_1_525' title='bbox 545 2235 606 2262; x_wconf 67' lang='lat' dir='ltr'><strong>qua:</strong></span> <span class='ocrx_word' id='word_1_526' title='bbox 621 2232 731 2261; x_wconf 81' lang='lat' dir='ltr'><strong>peccata</strong></span> <span class='ocrx_word' id='word_1_527' title='bbox 748 2229 807 2256; x_wconf 91' lang='lat' dir='ltr'><strong>sine</strong></span> 
     </span>
    </p>
   </div>
   <div class='ocr_carea' id='block_1_79' title="bbox 11 2261 808 2296">
    <p class='ocr_par' dir='ltr' id='par_1_79' title="bbox 11 2261 808 2296">
     <span class='ocr_line' id='line_1_79' title="bbox 11 2261 808 2296; baseline 0.006 -10"><span class='ocrx_word' id='word_1_528' title='bbox 11 2261 234 2287; x_wconf 79' lang='lat' dir='ltr'><strong>dissimulatione</strong></span> <span class='ocrx_word' id='word_1_529' title='bbox 247 2261 345 2296; x_wconf 72' lang='lat' dir='ltr'><strong>arguit.</strong></span> <span class='ocrx_word' id='word_1_530' title='bbox 361 2262 448 2290; x_wconf 87' lang='lat' dir='ltr'><strong>malas</strong></span> <span class='ocrx_word' id='word_1_531' title='bbox 463 2261 722 2290; x_wconf 47' lang='lat' dir='ltr'><strong>aninii&#39;atfectiones</strong></span> <span class='ocrx_word' id='word_1_532' title='bbox 737 2264 808 2291; x_wconf 84' lang='lat' dir='ltr'><strong>indi-</strong></span> 
     </span>
    </p>
   </div>
   <div class='ocr_carea' id='block_1_80' title="bbox 12 2295 808 2330">
    <p class='ocr_par' dir='ltr' id='par_1_80' title="bbox 12 2295 808 2330">
     <span class='ocr_line' id='line_1_80' title="bbox 12 2295 808 2330; baseline 0.006 -9"><span class='ocrx_word' id='word_1_533' title='bbox 12 2297 93 2326; x_wconf 85' lang='lat' dir='ltr'><strong>cavit,</strong></span> <span class='ocrx_word' id='word_1_534' title='bbox 109 2295 292 2330; x_wconf 83' lang='lat' dir='ltr'><strong>cupiditatum</strong></span> <span class='ocrx_word' id='word_1_535' title='bbox 315 2297 418 2324; x_wconf 83' lang='lat' dir='ltr'><strong>excidit</strong></span> <span class='ocrx_word' id='word_1_536' title='bbox 442 2298 560 2328; x_wconf 80' lang='lat' dir='ltr'><strong>radices,</strong></span> <span class='ocrx_word' id='word_1_537' title='bbox 583 2299 674 2325; x_wconf 86' lang='lat' dir='ltr'><strong>omnia</strong></span> <span class='ocrx_word' id='word_1_538' title='bbox 699 2299 808 2326; x_wconf 84' lang='lat' dir='ltr'><strong>abunde</strong></span> 
     </span>
    </p>
   </div>
   <div class='ocr_carea' id='block_1_81' title="bbox 11 2331 807 2368">
    <p class='ocr_par' dir='ltr' id='par_1_81' title="bbox 11 2331 807 2368">
     <span class='ocr_line' id='line_1_81' title="bbox 11 2331 807 2368; baseline 0.005 -11"><span class='ocrx_word' id='word_1_539' title='bbox 11 2331 200 2368; x_wconf 80' lang='lat' dir='ltr'><strong>suppeditavit</strong></span> <span class='ocrx_word' id='word_1_540' title='bbox 227 2331 354 2368; x_wconf 79' lang='lat' dir='ltr'><strong>vitiorum</strong></span> <span class='ocrx_word' id='word_1_541' title='bbox 385 2333 517 2363; x_wconf 85' lang='lat' dir='ltr'><strong>remedia,</strong></span> <span class='ocrx_word' id='word_1_542' title='bbox 538 2341 576 2368; x_wconf 79' lang='lat' dir='ltr'><strong>ac</strong></span> <span class='ocrx_word' id='word_1_543' title='bbox 600 2341 661 2368; x_wconf 73' lang='lat' dir='ltr'><strong>qua:</strong></span> <span class='ocrx_word' id='word_1_544' title='bbox 685 2342 700 2360; x_wconf 88' lang='lat' dir='ltr'><strong>a</strong></span> <span class='ocrx_word' id='word_1_545' title='bbox 728 2335 807 2362; x_wconf 87' lang='lat' dir='ltr'><strong>nobis</strong></span> 
     </span>
    </p>
   </div>
   <div class='ocr_carea' id='block_1_82' title="bbox 11 2365 806 2403">
    <p class='ocr_par' dir='ltr' id='par_1_82' title="bbox 11 2365 806 2403">
     <span class='ocr_line' id='line_1_82' title="bbox 11 2365 806 2403; baseline 0.006 -12"><span class='ocrx_word' id='word_1_546' title='bbox 11 2365 116 2400; x_wconf 76' lang='lat' dir='ltr'><strong>agenda</strong></span> <span class='ocrx_word' id='word_1_547' title='bbox 128 2369 206 2398; x_wconf 84' lang='lat' dir='ltr'><strong>sunt,</strong></span> <span class='ocrx_word' id='word_1_548' title='bbox 223 2366 297 2393; x_wconf 88' lang='lat' dir='ltr'><strong>clare</strong></span> <span class='ocrx_word' id='word_1_549' title='bbox 313 2366 521 2403; x_wconf 85' lang='lat' dir='ltr'><strong>demonstravit.</strong></span> <span class='ocrx_word' id='word_1_550' title='bbox 537 2365 680 2403; x_wconf 68' lang='lat' dir='ltr'><strong>Eam&#39;ergo</strong></span> <span class='ocrx_word' id='word_1_551' title='bbox 695 2369 730 2396; x_wconf 87' lang='lat' dir='ltr'><strong>ob</strong></span> <span class='ocrx_word' id='word_1_552' title='bbox 742 2377 806 2396; x_wconf 88' lang='lat' dir='ltr'><strong>cau-</strong></span> 
     </span>
    </p>
   </div>
   <div class='ocr_carea' id='block_1_83' title="bbox 10 2402 807 2439">
    <p class='ocr_par' dir='ltr' id='par_1_83' title="bbox 10 2402 807 2439">
     <span class='ocr_line' id='line_1_83' title="bbox 10 2402 807 2439; baseline 0.008 -13"><span class='ocrx_word' id='word_1_553' title='bbox 10 2408 67 2427; x_wconf 76' lang='lat' dir='ltr'><strong>sam</strong></span> <span class='ocrx_word' id='word_1_554' title='bbox 85 2405 186 2439; x_wconf 75' lang='lat' dir='ltr'><strong>auctor</strong></span> <span class='ocrx_word' id='word_1_555' title='bbox 207 2405 301 2429; x_wconf 86' lang='lat' dir='ltr'><strong>noster</strong></span> <span class='ocrx_word' id='word_1_556' title='bbox 317 2402 457 2430; x_wconf 88' lang='lat' dir='ltr'><strong>concludit</strong></span> <span class='ocrx_word' id='word_1_557' title='bbox 481 2410 605 2430; x_wconf 87' lang='lat' dir='ltr'><strong>summas</strong></span> <span class='ocrx_word' id='word_1_558' title='bbox 628 2403 667 2430; x_wconf 90' lang='lat' dir='ltr'><strong>illi</strong></span> <span class='ocrx_word' id='word_1_559' title='bbox 686 2404 807 2439; x_wconf 78' lang='lat' dir='ltr'><strong>agendas</strong></span> 
     </span>
    </p>
   </div>
   <div class='ocr_carea' id='block_1_84' title="bbox 10 2437 203 2470">
    <p class='ocr_par' dir='ltr' id='par_1_84' title="bbox 10 2437 203 2470">
     <span class='ocr_line' id='line_1_84' title="bbox 10 2437 203 2470; baseline 0.005 -8"><span class='ocrx_word' id='word_1_560' title='bbox 10 2444 70 2462; x_wconf 82' lang='lat' dir='ltr'><strong>esse</strong></span> <span class='ocrx_word' id='word_1_561' title='bbox 84 2437 203 2470; x_wconf 78' lang='lat' dir='ltr'><strong>gratias.</strong></span> 
     </span>
    </p>
   </div>
   <div class='ocr_carea' id='block_1_85' title="bbox 43 2470 806 2508">
    <p class='ocr_par' dir='ltr' id='par_1_85' title="bbox 43 2470 806 2508">
     <span class='ocr_line' id='line_1_85' title="bbox 43 2470 806 2508; baseline 0.007 -11"><span class='ocrx_word' id='word_1_562' title='bbox 43 2470 192 2508; x_wconf 74' lang='lat' dir='ltr'><strong>Postremo</strong></span> <span class='ocrx_word' id='word_1_563' title='bbox 208 2475 239 2508; x_wconf 90' lang='lat' dir='ltr'><strong>ut</strong></span> <span class='ocrx_word' id='word_1_564' title='bbox 259 2471 287 2498; x_wconf 92' lang='lat' dir='ltr'><strong>id</strong></span> <span class='ocrx_word' id='word_1_565' title='bbox 306 2471 397 2508; x_wconf 79' lang='lat' dir='ltr'><strong>adhuc</strong></span> <span class='ocrx_word' id='word_1_566' title='bbox 414 2472 562 2500; x_wconf 89' lang='lat' dir='ltr'><strong>dilucidius</strong></span> <span class='ocrx_word' id='word_1_567' title='bbox 577 2477 678 2508; x_wconf 84' lang='lat' dir='ltr'><strong>pateat.</strong></span> <span class='ocrx_word' id='word_1_568' title='bbox 694 2474 730 2501; x_wconf 89' lang='lat' dir='ltr'><strong>ibi</strong></span> <span class='ocrx_word' id='word_1_569' title='bbox 748 2475 806 2502; x_wconf 88' lang='lat' dir='ltr'><strong>sin-</strong></span> 
     </span>
    </p>
   </div>
   <div class='ocr_carea' id='block_1_86' title="bbox 9 2507 804 2543">
    <p class='ocr_par' dir='ltr' id='par_1_86' title="bbox 9 2507 804 2543">
     <span class='ocr_line' id='line_1_86' title="bbox 9 2507 804 2543; baseline 0.008 -12"><span class='ocrx_word' id='word_1_570' title='bbox 9 2507 88 2543; x_wconf 64' lang='lat' dir='ltr'><strong>gulas</strong></span> <span class='ocrx_word' id='word_1_571' title='bbox 111 2507 232 2543; x_wconf 62' lang='lat' dir='ltr'><strong>peccati,</strong></span> <span class='ocrx_word' id='word_1_572' title='bbox 250 2507 418 2543; x_wconf 84' lang='lat' dir='ltr'><strong>cupiditatis,</strong></span> <span class='ocrx_word' id='word_1_573' title='bbox 441 2512 541 2540; x_wconf 83' lang='lat' dir='ltr'><strong>metus.</strong></span> <span class='ocrx_word' id='word_1_574' title='bbox 557 2507 704 2543; x_wconf 76' lang='lat' dir='ltr'><strong>vclnptatis</strong></span> <span class='ocrx_word' id='word_1_575' title='bbox 726 2510 804 2537; x_wconf 81' lang='lat' dir='ltr'><strong>affert</strong></span> 
     </span>
    </p>
   </div>
   <div class='ocr_carea' id='block_1_87' title="bbox 9 2541 805 2579">
    <p class='ocr_par' dir='ltr' id='par_1_87' title="bbox 9 2541 805 2579">
     <span class='ocr_line' id='line_1_87' title="bbox 9 2541 805 2579; baseline 0.006 -12"><span class='ocrx_word' id='word_1_576' title='bbox 9 2542 196 2579; x_wconf 77' lang='lat' dir='ltr'><strong>definitiones.</strong></span> <span class='ocrx_word' id='word_1_577' title='bbox 213 2541 316 2579; x_wconf 74' lang='lat' dir='ltr'><strong>Dehinc</strong></span> <span class='ocrx_word' id='word_1_578' title='bbox 331 2543 480 2579; x_wconf 80' lang='lat' dir='ltr'><strong>hominem.</strong></span> <span class='ocrx_word' id='word_1_579' title='bbox 495 2541 678 2571; x_wconf 82' lang='lat' dir='ltr'><strong>inobedienlia</strong></span> <span class='ocrx_word' id='word_1_580' title='bbox 693 2552 741 2572; x_wconf 91' lang='lat' dir='ltr'><strong>sua</strong></span> <span class='ocrx_word' id='word_1_581' title='bbox 759 2546 805 2579; x_wconf 85' lang='lat' dir='ltr'><strong>jn-</strong></span> 
     </span>
    </p>
   </div>
   <div class='ocr_carea' id='block_1_88' title="bbox 10 2576 803 2614">
    <p class='ocr_par' dir='ltr' id='par_1_88' title="bbox 10 2576 803 2614">
     <span class='ocr_line' id='line_1_88' title="bbox 10 2576 803 2614; baseline 0.006 -12"><span class='ocrx_word' id='word_1_582' title='bbox 10 2577 110 2614; x_wconf 81' lang='lat' dir='ltr'><strong>mentis</strong></span> <span class='ocrx_word' id='word_1_583' title='bbox 125 2577 186 2614; x_wconf 85' lang='lat' dir='ltr'><strong>fieri</strong></span> <span class='ocrx_word' id='word_1_584' title='bbox 197 2576 324 2614; x_wconf 73' lang='lat' dir='ltr'><strong>similem,</strong></span> <span class='ocrx_word' id='word_1_585' title='bbox 338 2582 366 2614; x_wconf 82' lang='lat' dir='ltr'><strong>et</strong></span> <span class='ocrx_word' id='word_1_586' title='bbox 378 2578 413 2605; x_wconf 90' lang='lat' dir='ltr'><strong>ob</strong></span> <span class='ocrx_word' id='word_1_587' title='bbox 424 2583 565 2614; x_wconf 81' lang='lat' dir='ltr'><strong>peccatum</strong></span> <span class='ocrx_word' id='word_1_588' title='bbox 581 2580 687 2606; x_wconf 86' lang='lat' dir='ltr'><strong>ratione</strong></span> <span class='ocrx_word' id='word_1_589' title='bbox 703 2576 803 2614; x_wconf 70' lang='lat' dir='ltr'><strong>privari</strong></span> 
     </span>
    </p>
   </div>
   <div class='ocr_carea' id='block_1_89' title="bbox 9 2612 802 2657">
    <p class='ocr_par' dir='ltr' id='par_1_89' title="bbox 9 2612 802 2657">
     <span class='ocr_line' id='line_1_89' title="bbox 9 2612 802 2657; baseline 0.005 -20"><span class='ocrx_word' id='word_1_590' title='bbox 9 2619 40 2657; x_wconf 50' lang='lat' dir='ltr'><strong>ex</strong></span> <span class='ocrx_word' id='word_1_591' title='bbox 60 2612 121 2657; x_wconf 61' lang='lat' dir='ltr'><strong>ipsa</strong></span> <span class='ocrx_word' id='word_1_592' title='bbox 134 2612 248 2657; x_wconf 44' lang='lat' dir='ltr'><strong>virtut-is</strong></span> <span class='ocrx_word' id='word_1_593' title='bbox 259 2615 287 2657; x_wconf 75' lang='lat' dir='ltr'><strong>et</strong></span> <span class='ocrx_word' id='word_1_594' title='bbox 298 2613 675 2657; x_wconf 25' lang='lat' dir='ltr'><strong>philosophiaeOdeseriptione</strong></span> <span class='ocrx_word' id='word_1_595' title='bbox 688 2612 802 2657; x_wconf 63' lang='lat' dir='ltr'><strong>colligit.</strong></span> 
     </span>
    </p>
   </div>
   <div class='ocr_carea' id='block_1_90' title="bbox 10 2645 802 2682">
    <p class='ocr_par' dir='ltr' id='par_1_90' title="bbox 10 2645 802 2682">
     <span class='ocr_line' id='line_1_90' title="bbox 10 2645 802 2682; baseline 0.005 -10"><span class='ocrx_word' id='word_1_596' title='bbox 10 2645 79 2674; x_wconf 84' lang='lat' dir='ltr'><strong>Turn</strong></span> <span class='ocrx_word' id='word_1_597' title='bbox 99 2647 274 2674; x_wconf 78' lang='lat' dir='ltr'><strong>demonstrat</strong></span> <span class='ocrx_word' id='word_1_598' title='bbox 296 2645 356 2682; x_wconf 80' lang='lat' dir='ltr'><strong>quae</strong></span> <span class='ocrx_word' id='word_1_599' title='bbox 371 2653 398 2675; x_wconf 88' lang='lat' dir='ltr'><strong>et</strong></span> <span class='ocrx_word' id='word_1_600' title='bbox 408 2645 509 2682; x_wconf 51' lang='lat' dir='ltr'><strong>&#39;qualis</strong></span> <span class='ocrx_word' id='word_1_601' title='bbox 525 2649 561 2676; x_wconf 87' lang='lat' dir='ltr'><strong>sit</strong></span> <span class='ocrx_word' id='word_1_602' title='bbox 574 2645 722 2677; x_wconf 81' lang='lat' dir='ltr'><strong>Christiani</strong></span> <span class='ocrx_word' id='word_1_603' title='bbox 736 2645 802 2681; x_wconf 86' lang='lat' dir='ltr'><strong>vita,</strong></span> 
     </span>
    </p>
   </div>
   <div class='ocr_carea' id='block_1_91' title="bbox 9 2681 804 2718">
    <p class='ocr_par' dir='ltr' id='par_1_91' title="bbox 9 2681 804 2718">
     <span class='ocr_line' id='line_1_91' title="bbox 9 2681 804 2718; baseline 0.008 -11"><span class='ocrx_word' id='word_1_604' title='bbox 9 2685 34 2708; x_wconf 82' lang='lat' dir='ltr'><strong>et</strong></span> <span class='ocrx_word' id='word_1_605' title='bbox 49 2690 111 2717; x_wconf 66' lang='lat' dir='ltr'><strong>qua:</strong></span> <span class='ocrx_word' id='word_1_606' title='bbox 121 2682 185 2718; x_wconf 83' lang='lat' dir='ltr'><strong>ejus</strong></span> <span class='ocrx_word' id='word_1_607' title='bbox 200 2681 346 2715; x_wconf 20' lang='lat' dir='ltr'><strong>oﬂicia,rde</strong></span> <span class='ocrx_word' id='word_1_608' title='bbox 361 2681 460 2718; x_wconf 80' lang='lat' dir='ltr'><strong>quibus</strong></span> <span class='ocrx_word' id='word_1_609' title='bbox 476 2684 633 2718; x_wconf 77' lang='lat' dir='ltr'><strong>singulatim</strong></span> <span class='ocrx_word' id='word_1_610' title='bbox 659 2685 687 2712; x_wconf 89' lang='lat' dir='ltr'><strong>in</strong></span> <span class='ocrx_word' id='word_1_611' title='bbox 708 2685 804 2713; x_wconf 81' lang='lat' dir='ltr'><strong>subse-</strong></span> 
     </span>
    </p>
   </div>
   <div class='ocr_carea' id='block_1_92' title="bbox 9 2717 802 2755">
    <p class='ocr_par' dir='ltr' id='par_1_92' title="bbox 9 2717 802 2755">
     <span class='ocr_line' id='line_1_92' title="bbox 9 2717 802 2755; baseline 0.005 -12"><span class='ocrx_word' id='word_1_612' title='bbox 9 2718 156 2755; x_wconf 76' lang='lat' dir='ltr'><strong>quentibus</strong></span> <span class='ocrx_word' id='word_1_613' title='bbox 176 2717 307 2752; x_wconf 83' lang='lat' dir='ltr'><strong>deinceps</strong></span> <span class='ocrx_word' id='word_1_614' title='bbox 329 2719 406 2746; x_wconf 84' lang='lat' dir='ltr'><strong>libris</strong></span> <span class='ocrx_word' id='word_1_615' title='bbox 418 2719 577 2753; x_wconf 71' lang='lat' dir='ltr'><strong>,disputatio</strong></span> <span class='ocrx_word' id='word_1_616' title='bbox 594 2720 628 2747; x_wconf 88' lang='lat' dir='ltr'><strong>ab</strong></span> <span class='ocrx_word' id='word_1_617' title='bbox 643 2720 703 2755; x_wconf 89' lang='lat' dir='ltr'><strong>ipso</strong></span> <span class='ocrx_word' id='word_1_618' title='bbox 725 2720 802 2747; x_wconf 91' lang='lat' dir='ltr'><strong>insti-</strong></span> 
     </span>
    </p>
   </div>
   <div class='ocr_carea' id='block_1_93' title="bbox 10 2753 180 2781">
    <p class='ocr_par' dir='ltr' id='par_1_93' title="bbox 10 2753 180 2781">
     <span class='ocr_line' id='line_1_93' title="bbox 10 2753 180 2781; baseline 0 -2"><span class='ocrx_word' id='word_1_619' title='bbox 10 2753 110 2780; x_wconf 82' lang='lat' dir='ltr'><strong>tuenda</strong></span> <span class='ocrx_word' id='word_1_620' title='bbox 124 2756 180 2781; x_wconf 88' lang='lat' dir='ltr'><strong>est.</strong></span> 
     </span>
    </p>
   </div>
   <div class='ocr_carea' id='block_1_94' title="bbox 275 2799 535 2828">
    <p class='ocr_par' dir='ltr' id='par_1_94' title="bbox 275 2799 535 2828">
     <span class='ocr_line' id='line_1_94' title="bbox 275 2799 535 2828; baseline 0.004 -2"><span class='ocrx_word' id='word_1_621' title='bbox 275 2799 478 2828; x_wconf 75' lang='lat' dir='ltr'><strong>ARTICULUS</strong></span> <span class='ocrx_word' id='word_1_622' title='bbox 503 2799 535 2827; x_wconf 81' lang='lat' dir='ltr'><strong>ll.</strong></span> 
     </span>
    </p>
   </div>
   <div class='ocr_carea' id='block_1_95' title="bbox 234 2845 572 2880">
    <p class='ocr_par' dir='ltr' id='par_1_95' title="bbox 234 2845 572 2880">
     <span class='ocr_line' id='line_1_95' title="bbox 234 2845 572 2880; baseline 0 -8"><span class='ocrx_word' id='word_1_623' title='bbox 234 2845 358 2880; x_wconf 71' lang='lat' dir='ltr'><strong>Analysis</strong></span> <span class='ocrx_word' id='word_1_624' title='bbox 377 2846 439 2872; x_wconf 79' lang='lat' dir='ltr'><strong>libri</strong></span> <span class='ocrx_word' id='word_1_625' title='bbox 457 2845 572 2873; x_wconf 72' lang='lat' dir='ltr'><strong>secundi.</strong></span> 
     </span>
    </p>
   </div>
   <div class='ocr_carea' id='block_1_96' title="bbox 43 2890 798 2928">
    <p class='ocr_par' dir='ltr' id='par_1_96' title="bbox 43 2890 798 2928">
     <span class='ocr_line' id='line_1_96' title="bbox 43 2890 798 2928; baseline 0.004 -12"><span class='ocrx_word' id='word_1_626' title='bbox 43 2890 138 2922; x_wconf 82' lang='lat' dir='ltr'><strong>Qualis</strong></span> <span class='ocrx_word' id='word_1_627' title='bbox 153 2890 230 2917; x_wconf 91' lang='lat' dir='ltr'><strong>omni</strong></span> <span class='ocrx_word' id='word_1_628' title='bbox 247 2891 309 2918; x_wconf 75' lang='lat' dir='ltr'><strong>vita:</strong></span> <span class='ocrx_word' id='word_1_629' title='bbox 323 2899 378 2918; x_wconf 69' lang='lat' dir='ltr'><strong>sum</strong></span> <span class='ocrx_word' id='word_1_630' title='bbox 393 2896 514 2928; x_wconf 89' lang='lat' dir='ltr'><strong>tempore</strong></span> <span class='ocrx_word' id='word_1_631' title='bbox 534 2893 630 2920; x_wconf 85' lang='lat' dir='ltr'><strong>debeat</strong></span> <span class='ocrx_word' id='word_1_632' title='bbox 645 2901 705 2920; x_wconf 74' lang='lat' dir='ltr'><strong>csse</strong></span> <span class='ocrx_word' id='word_1_633' title='bbox 721 2892 798 2919; x_wconf 81' lang='lat' dir='ltr'><strong>Chri-</strong></span> 
     </span>
    </p>
   </div>
   <div class='ocr_carea' id='block_1_97' title="bbox 43 2947 585 2985">
    <p class='ocr_par' dir='ltr' id='par_1_97' title="bbox 43 2947 585 2985">
     <span class='ocr_line' id='line_1_97' title="bbox 43 2947 585 2985; baseline 0.007 -11"><span class='ocrx_word' id='word_1_634' title='bbox 43 2948 64 2963; x_wconf 84' lang='lat'>&quot;</span> <span class='ocrx_word' id='word_1_635' title='bbox 77 2955 139 2983; x_wconf 82' lang='lat' dir='ltr'><strong>cap.</strong></span> <span class='ocrx_word' id='word_1_636' title='bbox 155 2947 201 2976; x_wconf 74' lang='lat'><strong>10.</strong></span> <span class='ocrx_word' id='word_1_637' title='bbox 240 2948 262 2964; x_wconf 82' lang='lat'>&quot;</span> <span class='ocrx_word' id='word_1_638' title='bbox 277 2956 335 2984; x_wconf 86' lang='lat' dir='ltr'><strong>cap.</strong></span> <span class='ocrx_word' id='word_1_639' title='bbox 353 2949 393 2976; x_wconf 90' lang='lat' dir='ltr'><strong>tl.</strong></span> <span class='ocrx_word' id='word_1_640' title='bbox 434 2949 454 2965; x_wconf 86' lang='lat'><strong>&quot;</strong></span> <span class='ocrx_word' id='word_1_641' title='bbox 468 2956 527 2985; x_wconf 87' lang='lat' dir='ltr'><strong>cap.</strong></span> <span class='ocrx_word' id='word_1_642' title='bbox 543 2949 585 2978; x_wconf 77' lang='lat' dir='ltr'><strong>l2.</strong></span> 
     </span>
    </p>
   </div>
   <div class='ocr_carea' id='block_1_98' title="bbox 828 1611 848 1638">
    <p class='ocr_par' dir='ltr' id='par_1_98' title="bbox 828 1611 848 1638">
     <span class='ocr_line' id='line_1_98' title="bbox 828 1611 848 1638; baseline 0 0"><span class='ocrx_word' id='word_1_643' title='bbox 828 1611 848 1638; x_wconf 89' lang='lat' dir='ltr'>C</span> 
     </span>
    </p>
   </div>
   <div class='ocr_carea' id='block_1_99' title="bbox 871 961 1662 997">
    <p class='ocr_par' dir='ltr' id='par_1_99' title="bbox 871 961 1662 997">
     <span class='ocr_line' id='line_1_99' title="bbox 871 961 1662 997; baseline 0.004 -9"><span class='ocrx_word' id='word_1_644' title='bbox 871 961 964 992; x_wconf 85' lang='lat' dir='ltr'><strong>etiam,</strong></span> <span class='ocrx_word' id='word_1_645' title='bbox 981 961 1027 995; x_wconf 85' lang='lat' dir='ltr'><strong>qui</strong></span> <span class='ocrx_word' id='word_1_646' title='bbox 1052 961 1164 996; x_wconf 86' lang='lat' dir='ltr'><strong>opipara</strong></span> <span class='ocrx_word' id='word_1_647' title='bbox 1180 962 1304 996; x_wconf 68' lang='lat' dir='ltr'><strong>quaedam</strong></span> <span class='ocrx_word' id='word_1_648' title='bbox 1327 962 1481 997; x_wconf 81' lang='lat' dir='ltr'><strong>prandiola,</strong></span> <span class='ocrx_word' id='word_1_649' title='bbox 1498 970 1545 989; x_wconf 90' lang='lat' dir='ltr'><strong>seu</strong></span> <span class='ocrx_word' id='word_1_650' title='bbox 1571 961 1662 997; x_wconf 88' lang='lat' dir='ltr'><strong>potius</strong></span> 
     </span>
    </p>
   </div>
   <div class='ocr_carea' id='block_1_100' title="bbox 871 996 1662 1032">
    <p class='ocr_par' dir='ltr' id='par_1_100' title="bbox 871 996 1662 1032">
     <span class='ocr_line' id='line_1_100' title="bbox 871 996 1662 1032; baseline 0.003 -10"><span class='ocrx_word' id='word_1_651' title='bbox 871 996 958 1032; x_wconf 77' lang='lat' dir='ltr'><strong>lautas</strong></span> <span class='ocrx_word' id='word_1_652' title='bbox 972 997 1110 1032; x_wconf 68' lang='lat' dir='ltr'><strong>ctcnulas,</strong></span> <span class='ocrx_word' id='word_1_653' title='bbox 1121 1003 1221 1032; x_wconf 78' lang='lat' dir='ltr'><strong>agapas</strong></span> <span class='ocrx_word' id='word_1_654' title='bbox 1233 997 1369 1032; x_wconf 82' lang='lat' dir='ltr'><strong>appellare</strong></span> <span class='ocrx_word' id='word_1_655' title='bbox 1384 996 1530 1030; x_wconf 82' lang='lat' dir='ltr'><strong>audebant,</strong></span> <span class='ocrx_word' id='word_1_656' title='bbox 1548 996 1662 1032; x_wconf 75' lang='lat' dir='ltr'><strong>parcen-</strong></span> 
     </span>
    </p>
   </div>
   <div class='ocr_carea' id='block_1_101' title="bbox 870 1030 1662 1068">
    <p class='ocr_par' dir='ltr' id='par_1_101' title="bbox 870 1030 1662 1068">
     <span class='ocr_line' id='line_1_101' title="bbox 870 1030 1662 1068; baseline 0.003 -11"><span class='ocrx_word' id='word_1_657' title='bbox 870 1030 934 1068; x_wconf 74' lang='lat' dir='ltr'><strong>dunt</strong></span> <span class='ocrx_word' id='word_1_658' title='bbox 950 1032 1063 1068; x_wconf 72' lang='lat' dir='ltr'><strong>putavit.</strong></span> <span class='ocrx_word' id='word_1_659' title='bbox 1090 1031 1161 1068; x_wconf 85' lang='lat' dir='ltr'><strong>Nihil</strong></span> <span class='ocrx_word' id='word_1_660' title='bbox 1174 1030 1258 1068; x_wconf 67' lang='lat' dir='ltr'><strong>enim</strong></span> <span class='ocrx_word' id='word_1_661' title='bbox 1269 1030 1290 1058; x_wconf 57' lang='grc' dir='ltr'><strong>’ξι</strong></span> <span class='ocrx_word' id='word_1_662' title='bbox 1307 1033 1449 1062; x_wconf 81' lang='lat' dir='ltr'><strong>charitale.</strong></span> <span class='ocrx_word' id='word_1_663' title='bbox 1465 1040 1525 1067; x_wconf 68' lang='lat' dir='ltr'><strong>qua:</strong></span> <span class='ocrx_word' id='word_1_664' title='bbox 1547 1030 1597 1059; x_wconf 87' lang='lat' dir='ltr'><strong>hoc</strong></span> <span class='ocrx_word' id='word_1_665' title='bbox 1613 1040 1662 1068; x_wconf 64' lang='lat' dir='ltr'><strong>po-</strong></span> 
     </span>
    </p>
   </div>
   <div class='ocr_carea' id='block_1_102' title="bbox 870 1066 1662 1102">
    <p class='ocr_par' dir='ltr' id='par_1_102' title="bbox 870 1066 1662 1102">
     <span class='ocr_line' id='line_1_102' title="bbox 870 1066 1662 1102; baseline 0.003 -10"><span class='ocrx_word' id='word_1_666' title='bbox 870 1066 978 1102; x_wconf 81' lang='lat' dir='ltr'><strong>steriori</strong></span> <span class='ocrx_word' id='word_1_667' title='bbox 991 1067 1100 1102; x_wconf 82' lang='lat' dir='ltr'><strong>nomine</strong></span> <span class='ocrx_word' id='word_1_668' title='bbox 1115 1067 1294 1102; x_wconf 78' lang='lat' dir='ltr'><strong>signiﬁcatur,</strong></span> <span class='ocrx_word' id='word_1_669' title='bbox 1307 1071 1333 1094; x_wconf 89' lang='lat' dir='ltr'><strong>et</strong></span> <span class='ocrx_word' id='word_1_670' title='bbox 1351 1068 1377 1094; x_wconf 90' lang='lat' dir='ltr'><strong>in</strong></span> <span class='ocrx_word' id='word_1_671' title='bbox 1394 1066 1481 1102; x_wconf 78' lang='lat' dir='ltr'><strong>cujus</strong></span> <span class='ocrx_word' id='word_1_672' title='bbox 1496 1068 1591 1095; x_wconf 82' lang='lat' dir='ltr'><strong>Iaudes</strong></span> <span class='ocrx_word' id='word_1_673' title='bbox 1609 1066 1662 1094; x_wconf 89' lang='lat' dir='ltr'><strong>ibi-</strong></span> 
     </span>
    </p>
   </div>
   <div class='ocr_carea' id='block_1_103' title="bbox 869 1101 1665 1138">
    <p class='ocr_par' dir='ltr' id='par_1_103' title="bbox 869 1101 1665 1138">
     <span class='ocr_line' id='line_1_103' title="bbox 869 1101 1665 1138; baseline 0.003 -10"><span class='ocrx_word' id='word_1_674' title='bbox 869 1101 940 1138; x_wconf 18' lang='lat' dir='ltr'><strong>detu‘</strong></span> <span class='ocrx_word' id='word_1_675' title='bbox 958 1101 1035 1138; x_wconf 82' lang='lat' dir='ltr'><strong>haud</strong></span> <span class='ocrx_word' id='word_1_676' title='bbox 1055 1102 1223 1138; x_wconf 77' lang='lat' dir='ltr'><strong>ineleganter</strong></span> <span class='ocrx_word' id='word_1_677' title='bbox 1235 1102 1366 1138; x_wconf 84' lang='lat' dir='ltr'><strong>excurrit,</strong></span> <span class='ocrx_word' id='word_1_678' title='bbox 1390 1101 1477 1138; x_wconf 80' lang='lat' dir='ltr'><strong>magis</strong></span> <span class='ocrx_word' id='word_1_679' title='bbox 1492 1110 1571 1138; x_wconf 83' lang='lat' dir='ltr'><strong>qualn</strong></span> <span class='ocrx_word' id='word_1_680' title='bbox 1587 1103 1665 1138; x_wconf 61' lang='lat' dir='ltr'><strong>eju&#39;p</strong></span> 
     </span>
    </p>
   </div>
   <div class='ocr_carea' id='block_1_104' title="bbox 869 1135 1660 1166">
    <p class='ocr_par' dir='ltr' id='par_1_104' title="bbox 869 1135 1660 1166">
     <span class='ocr_line' id='line_1_104' title="bbox 869 1135 1660 1166; baseline 0.004 -4"><span class='ocrx_word' id='word_1_681' title='bbox 869 1135 942 1162; x_wconf 92' lang='lat' dir='ltr'><strong>modi</strong></span> <span class='ocrx_word' id='word_1_682' title='bbox 957 1136 1082 1163; x_wconf 88' lang='lat' dir='ltr'><strong>convivia</strong></span> <span class='ocrx_word' id='word_1_683' title='bbox 1095 1135 1244 1164; x_wconf 84' lang='lat' dir='ltr'><strong>abhorrere</strong></span> <span class='ocrx_word' id='word_1_684' title='bbox 1258 1135 1486 1164; x_wconf 49' lang='lat' dir='ltr'><strong>demenstratht</strong></span> <span class='ocrx_word' id='word_1_685' title='bbox 1500 1135 1568 1165; x_wconf 69' lang='lat' dir='ltr'><strong>vero</strong></span> <span class='ocrx_word' id='word_1_686' title='bbox 1581 1135 1660 1166; x_wconf 56' lang='lat' dir='ltr'><strong>caena</strong></span> 
     </span>
    </p>
   </div>
   <div class='ocr_carea' id='block_1_105' title="bbox 868 1170 1658 1207">
    <p class='ocr_par' dir='ltr' id='par_1_105' title="bbox 868 1170 1658 1207">
     <span class='ocr_line' id='line_1_105' title="bbox 868 1170 1658 1207; baseline 0.005 -10"><span class='ocrx_word' id='word_1_687' title='bbox 868 1170 1130 1202; x_wconf 86' lang='lat' dir='ltr'><strong>Christinianorum,</strong></span> <span class='ocrx_word' id='word_1_688' title='bbox 1150 1172 1250 1207; x_wconf 86' lang='lat' dir='ltr'><strong>inquit,</strong></span> <span class='ocrx_word' id='word_1_689' title='bbox 1265 1173 1355 1199; x_wconf 91' lang='lat' dir='ltr'><strong>tenuis</strong></span> <span class='ocrx_word' id='word_1_690' title='bbox 1368 1173 1480 1200; x_wconf 89' lang='lat' dir='ltr'><strong>omnino</strong></span> <span class='ocrx_word' id='word_1_691' title='bbox 1493 1181 1554 1200; x_wconf 88' lang='lat' dir='ltr'><strong>esse</strong></span> <span class='ocrx_word' id='word_1_692' title='bbox 1567 1173 1658 1207; x_wconf 81' lang='lat' dir='ltr'><strong>debet,</strong></span> 
     </span>
    </p>
   </div>
   <div class='ocr_carea' id='block_1_106' title="bbox 868 1207 1659 1241">
    <p class='ocr_par' dir='ltr' id='par_1_106' title="bbox 868 1207 1659 1241">
     <span class='ocr_line' id='line_1_106' title="bbox 868 1207 1659 1241; baseline 0.005 -9"><span class='ocrx_word' id='word_1_693' title='bbox 868 1209 986 1240; x_wconf 87' lang='lat' dir='ltr'><strong>aptaque</strong></span> <span class='ocrx_word' id='word_1_694' title='bbox 1003 1207 1036 1233; x_wconf 88' lang='lat' dir='ltr'><strong>ad</strong></span> <span class='ocrx_word' id='word_1_695' title='bbox 1052 1207 1168 1241; x_wconf 74' lang='lat' dir='ltr'><strong>vigilias,</strong></span> <span class='ocrx_word' id='word_1_696' title='bbox 1185 1215 1236 1234; x_wconf 89' lang='lat' dir='ltr'><strong>nec</strong></span> <span class='ocrx_word' id='word_1_697' title='bbox 1263 1207 1307 1234; x_wconf 90' lang='lat' dir='ltr'><strong>illa</strong></span> <span class='ocrx_word' id='word_1_698' title='bbox 1324 1209 1462 1234; x_wconf 80' lang='lat' dir='ltr'><strong>variorum</strong></span> <span class='ocrx_word' id='word_1_699' title='bbox 1486 1209 1610 1235; x_wconf 81' lang='lat' dir='ltr'><strong>ciborum</strong></span> <span class='ocrx_word' id='word_1_700' title='bbox 1633 1213 1659 1236; x_wconf 76' lang='lat' dir='ltr'><strong>et</strong></span> 
     </span>
    </p>
   </div>
   <div class='ocr_carea' id='block_1_107' title="bbox 868 1241 1660 1277">
    <p class='ocr_par' dir='ltr' id='par_1_107' title="bbox 868 1241 1660 1277">
     <span class='ocr_line' id='line_1_107' title="bbox 868 1241 1660 1277; baseline 0.004 -10"><span class='ocrx_word' id='word_1_701' title='bbox 868 1241 1044 1268; x_wconf 86' lang='lat' dir='ltr'><strong>bellariorum</strong></span> <span class='ocrx_word' id='word_1_702' title='bbox 1069 1241 1181 1268; x_wconf 88' lang='lat' dir='ltr'><strong>condita</strong></span> <span class='ocrx_word' id='word_1_703' title='bbox 1201 1242 1385 1275; x_wconf 87' lang='lat' dir='ltr'><strong>multitudine,</strong></span> <span class='ocrx_word' id='word_1_704' title='bbox 1410 1251 1463 1277; x_wconf 89' lang='lat' dir='ltr'><strong>qua</strong></span> <span class='ocrx_word' id='word_1_705' title='bbox 1488 1251 1542 1270; x_wconf 91' lang='lat' dir='ltr'><strong>non</strong></span> <span class='ocrx_word' id='word_1_706' title='bbox 1568 1244 1660 1271; x_wconf 89' lang='lat' dir='ltr'><strong>minus</strong></span> 
     </span>
    </p>
   </div>
   <div class='ocr_carea' id='block_1_108' title="bbox 868 1277 1661 1313">
    <p class='ocr_par' dir='ltr' id='par_1_108' title="bbox 868 1277 1661 1313">
     <span class='ocr_line' id='line_1_108' title="bbox 868 1277 1661 1313; baseline 0.004 -11"><span class='ocrx_word' id='word_1_707' title='bbox 868 1277 959 1311; x_wconf 73' lang='lat' dir='ltr'><strong>segnis</strong></span> <span class='ocrx_word' id='word_1_708' title='bbox 973 1281 999 1303; x_wconf 91' lang='lat' dir='ltr'><strong>et</strong></span> <span class='ocrx_word' id='word_1_709' title='bbox 1016 1277 1204 1313; x_wconf 79' lang='lat' dir='ltr'><strong>inersanima,</strong></span> <span class='ocrx_word' id='word_1_710' title='bbox 1218 1285 1299 1313; x_wconf 79' lang='lat' dir='ltr'><strong>quam</strong></span> <span class='ocrx_word' id='word_1_711' title='bbox 1326 1278 1483 1312; x_wconf 79' lang='lat' dir='ltr'><strong>languidum</strong></span> <span class='ocrx_word' id='word_1_712' title='bbox 1510 1286 1611 1313; x_wconf 84' lang='lat' dir='ltr'><strong>corpus</strong></span> <span class='ocrx_word' id='word_1_713' title='bbox 1633 1283 1661 1306; x_wconf 82' lang='lat' dir='ltr'><strong>ct</strong></span> 
     </span>
    </p>
   </div>
   <div class='ocr_carea' id='block_1_109' title="bbox 867 1311 1661 1348">
    <p class='ocr_par' dir='ltr' id='par_1_109' title="bbox 867 1311 1661 1348">
     <span class='ocr_line' id='line_1_109' title="bbox 867 1311 1661 1348; baseline 0.005 -11"><span class='ocrx_word' id='word_1_714' title='bbox 867 1312 1024 1348; x_wconf 82' lang='lat' dir='ltr'><strong>morbosum</strong></span> <span class='ocrx_word' id='word_1_715' title='bbox 1040 1311 1172 1348; x_wconf 87' lang='lat' dir='ltr'><strong>redditur.</strong></span> <span class='ocrx_word' id='word_1_716' title='bbox 1190 1311 1233 1339; x_wconf 80' lang='lat' dir='ltr'><strong>Ab</strong></span> <span class='ocrx_word' id='word_1_717' title='bbox 1256 1312 1300 1340; x_wconf 90' lang='lat' dir='ltr'><strong>his</strong></span> <span class='ocrx_word' id='word_1_718' title='bbox 1325 1311 1466 1348; x_wconf 62' lang='lat' dir='ltr'><strong>prafterca,</strong></span> <span class='ocrx_word' id='word_1_719' title='bbox 1482 1311 1661 1347; x_wconf 65' lang='lat' dir='ltr'><strong>quemadmo-</strong></span> 
     </span>
    </p>
   </div>
   <div class='ocr_carea' id='block_1_110' title="bbox 867 1345 1659 1383">
    <p class='ocr_par' dir='ltr' id='par_1_110' title="bbox 867 1345 1659 1383">
     <span class='ocr_line' id='line_1_110' title="bbox 867 1345 1659 1383; baseline 0.003 -11"><span class='ocrx_word' id='word_1_720' title='bbox 867 1345 931 1383; x_wconf 87' lang='lat' dir='ltr'><strong>dum</strong></span> <span class='ocrx_word' id='word_1_721' title='bbox 950 1354 964 1373; x_wconf 91' lang='lat' dir='ltr'><strong>a</strong></span> <span class='ocrx_word' id='word_1_722' title='bbox 987 1347 1094 1374; x_wconf 70' lang='lat' dir='ltr'><strong>caeteris</strong></span> <span class='ocrx_word' id='word_1_723' title='bbox 1112 1347 1239 1375; x_wconf 90' lang='lat' dir='ltr'><strong>omnibus</strong></span> <span class='ocrx_word' id='word_1_724' title='bbox 1259 1345 1404 1380; x_wconf 78' lang='lat' dir='ltr'><strong>conviviis,</strong></span> <span class='ocrx_word' id='word_1_725' title='bbox 1421 1349 1478 1375; x_wconf 91' lang='lat' dir='ltr'><strong>vult</strong></span> <span class='ocrx_word' id='word_1_726' title='bbox 1492 1345 1593 1383; x_wconf 74' lang='lat' dir='ltr'><strong>triplex</strong></span> <span class='ocrx_word' id='word_1_727' title='bbox 1610 1350 1659 1375; x_wconf 89' lang='lat' dir='ltr'><strong>ho-</strong></span> 
     </span>
    </p>
   </div>
   <div class='ocr_carea' id='block_1_111' title="bbox 867 1381 1659 1419">
    <p class='ocr_par' dir='ltr' id='par_1_111' title="bbox 867 1381 1659 1419">
     <span class='ocr_line' id='line_1_111' title="bbox 867 1381 1659 1419; baseline 0.005 -12"><span class='ocrx_word' id='word_1_728' title='bbox 867 1381 971 1419; x_wconf 87' lang='lat' dir='ltr'><strong>minum</strong></span> <span class='ocrx_word' id='word_1_729' title='bbox 986 1390 1082 1415; x_wconf 79' lang='lat' dir='ltr'><strong>genus.</strong></span> <span class='ocrx_word' id='word_1_730' title='bbox 1102 1383 1268 1419; x_wconf 87' lang='lat' dir='ltr'><strong>adulatores,</strong></span> <span class='ocrx_word' id='word_1_731' title='bbox 1287 1384 1431 1418; x_wconf 87' lang='lat' dir='ltr'><strong>parasitas.</strong></span> <span class='ocrx_word' id='word_1_732' title='bbox 1448 1388 1475 1410; x_wconf 90' lang='lat' dir='ltr'><strong>et</strong></span> <span class='ocrx_word' id='word_1_733' title='bbox 1491 1381 1659 1419; x_wconf 76' lang='lat' dir='ltr'><strong>gladiatores</strong></span> 
     </span>
    </p>
   </div>
   <div class='ocr_carea' id='block_1_112' title="bbox 868 1417 1659 1453">
    <p class='ocr_par' dir='ltr' id='par_1_112' title="bbox 868 1417 1659 1453">
     <span class='ocr_line' id='line_1_112' title="bbox 868 1417 1659 1453; baseline 0.005 -11"><span class='ocrx_word' id='word_1_734' title='bbox 868 1417 971 1453; x_wconf 83' lang='lat' dir='ltr'><strong>muscis</strong></span> <span class='ocrx_word' id='word_1_735' title='bbox 985 1421 1012 1444; x_wconf 90' lang='lat' dir='ltr'><strong>et</strong></span> <span class='ocrx_word' id='word_1_736' title='bbox 1031 1418 1155 1445; x_wconf 87' lang='lat' dir='ltr'><strong>mustelis</strong></span> <span class='ocrx_word' id='word_1_737' title='bbox 1177 1420 1257 1452; x_wconf 89' lang='lat' dir='ltr'><strong>plene</strong></span> <span class='ocrx_word' id='word_1_738' title='bbox 1281 1417 1386 1445; x_wconf 82' lang='lat' dir='ltr'><strong>similes</strong></span> <span class='ocrx_word' id='word_1_739' title='bbox 1411 1417 1600 1453; x_wconf 35' lang='lat' dir='ltr'><strong>abigi.‘Atque</strong></span> <span class='ocrx_word' id='word_1_740' title='bbox 1620 1419 1659 1446; x_wconf 77' lang='lat' dir='ltr'><strong>ibi</strong></span> 
     </span>
    </p>
   </div>
   <div class='ocr_carea' id='block_1_113' title="bbox 867 1451 1656 1488">
    <p class='ocr_par' dir='ltr' id='par_1_113' title="bbox 867 1451 1656 1488">
     <span class='ocr_line' id='line_1_113' title="bbox 867 1451 1656 1488; baseline 0.006 -12"><span class='ocrx_word' id='word_1_741' title='bbox 867 1451 955 1488; x_wconf 64' lang='lat' dir='ltr'><strong>gbiter</strong></span> <span class='ocrx_word' id='word_1_742' title='bbox 973 1453 1070 1487; x_wconf 85' lang='lat' dir='ltr'><strong>probat</strong></span> <span class='ocrx_word' id='word_1_743' title='bbox 1093 1453 1129 1488; x_wconf 83' lang='lat' dir='ltr'><strong>ab</strong></span> <span class='ocrx_word' id='word_1_744' title='bbox 1153 1451 1311 1488; x_wconf 78' lang='lat' dir='ltr'><strong>idolothytis</strong></span> <span class='ocrx_word' id='word_1_745' title='bbox 1327 1461 1434 1488; x_wconf 83' lang='lat' dir='ltr'><strong>semper</strong></span> <span class='ocrx_word' id='word_1_746' title='bbox 1453 1451 1656 1481; x_wconf 73' lang='lat' dir='ltr'><strong>abstinendum.</strong></span> 
     </span>
    </p>
   </div>
   <div class='ocr_carea' id='block_1_114' title="bbox 868 1485 1658 1522">
    <p class='ocr_par' dir='ltr' id='par_1_114' title="bbox 868 1485 1658 1522">
     <span class='ocr_line' id='line_1_114' title="bbox 868 1485 1658 1522; baseline 0.005 -10"><span class='ocrx_word' id='word_1_747' title='bbox 868 1485 912 1522; x_wconf 20' lang='lat' dir='ltr'><em>7an</em></span> <span class='ocrx_word' id='word_1_748' title='bbox 931 1485 1022 1514; x_wconf 78' lang='lat' dir='ltr'><strong>tamen</strong></span> <span class='ocrx_word' id='word_1_749' title='bbox 1045 1492 1087 1514; x_wconf 92' lang='lat' dir='ltr'><strong>est</strong></span> <span class='ocrx_word' id='word_1_750' title='bbox 1106 1487 1166 1522; x_wconf 88' lang='lat' dir='ltr'><strong>ejus</strong></span> <span class='ocrx_word' id='word_1_751' title='bbox 1192 1489 1218 1515; x_wconf 92' lang='lat' dir='ltr'><strong>in</strong></span> <span class='ocrx_word' id='word_1_752' title='bbox 1240 1485 1363 1516; x_wconf 76' lang='lat' dir='ltr'><strong>homines</strong></span> <span class='ocrx_word' id='word_1_753' title='bbox 1385 1485 1476 1515; x_wconf 74' lang='lat' dir='ltr'><strong>adhuc</strong></span> <span class='ocrx_word' id='word_1_754' title='bbox 1491 1489 1658 1516; x_wconf 81' lang='lat' dir='ltr'><strong>infirmiores</strong></span> 
     </span>
    </p>
   </div>
   <div class='ocr_carea' id='block_1_115' title="bbox 867 1521 1657 1556">
    <p class='ocr_par' dir='ltr' id='par_1_115' title="bbox 867 1521 1657 1556">
     <span class='ocr_line' id='line_1_115' title="bbox 867 1521 1657 1556; baseline 0.003 -8"><span class='ocrx_word' id='word_1_755' title='bbox 867 1521 1047 1556; x_wconf 80' lang='lat' dir='ltr'><strong>indulgentia,</strong></span> <span class='ocrx_word' id='word_1_756' title='bbox 1065 1526 1095 1549; x_wconf 93' lang='lat' dir='ltr'><strong>ut</strong></span> <span class='ocrx_word' id='word_1_757' title='bbox 1119 1521 1153 1550; x_wconf 91' lang='lat' dir='ltr'><strong>iis</strong></span> <span class='ocrx_word' id='word_1_758' title='bbox 1178 1531 1231 1550; x_wconf 89' lang='lat' dir='ltr'><strong>non</strong></span> <span class='ocrx_word' id='word_1_759' title='bbox 1253 1531 1361 1550; x_wconf 90' lang='lat' dir='ltr'><strong>omnem</strong></span> <span class='ocrx_word' id='word_1_760' title='bbox 1375 1524 1476 1551; x_wconf 87' lang='lat' dir='ltr'><strong>adimat</strong></span> <span class='ocrx_word' id='word_1_761' title='bbox 1491 1524 1657 1551; x_wconf 90' lang='lat' dir='ltr'><strong>ferculorum</strong></span> 
     </span>
    </p>
   </div>
   <div class='ocr_carea' id='block_1_116' title="bbox 866 1558 1655 1594">
    <p class='ocr_par' dir='ltr' id='par_1_116' title="bbox 866 1558 1655 1594">
     <span class='ocr_line' id='line_1_116' title="bbox 866 1558 1655 1594; baseline 0.001 -11"><span class='ocrx_word' id='word_1_762' title='bbox 866 1558 1095 1594; x_wconf 80' lang='lat' dir='ltr'><strong>apparatum,sed</strong></span> <span class='ocrx_word' id='word_1_763' title='bbox 1111 1566 1225 1593; x_wconf 88' lang='lat' dir='ltr'><strong>pravum</strong></span> <span class='ocrx_word' id='word_1_764' title='bbox 1240 1559 1373 1585; x_wconf 83' lang='lat' dir='ltr'><strong>duntaxat</strong></span> <span class='ocrx_word' id='word_1_765' title='bbox 1388 1567 1448 1586; x_wconf 88' lang='lat' dir='ltr'><strong>sese</strong></span> <span class='ocrx_word' id='word_1_766' title='bbox 1460 1559 1655 1594; x_wconf 77' lang='lat' dir='ltr'><strong>ingurgitandi,</strong></span> 
     </span>
    </p>
   </div>
   <div class='ocr_carea' id='block_1_117' title="bbox 867 1593 1657 1628">
    <p class='ocr_par' dir='ltr' id='par_1_117' title="bbox 867 1593 1657 1628">
     <span class='ocr_line' id='line_1_117' title="bbox 867 1593 1657 1628; baseline 0.003 -10"><span class='ocrx_word' id='word_1_767' title='bbox 867 1595 960 1627; x_wconf 83' lang='lat' dir='ltr'><strong>totque</strong></span> <span class='ocrx_word' id='word_1_768' title='bbox 974 1593 1099 1625; x_wconf 82' lang='lat' dir='ltr'><strong>obsonia,</strong></span> <span class='ocrx_word' id='word_1_769' title='bbox 1116 1593 1301 1626; x_wconf 86' lang='lat' dir='ltr'><strong>condimenta,</strong></span> <span class='ocrx_word' id='word_1_770' title='bbox 1316 1601 1348 1620; x_wconf 89' lang='lat' dir='ltr'><strong>ac</strong></span> <span class='ocrx_word' id='word_1_771' title='bbox 1366 1594 1538 1622; x_wconf 85' lang='lat' dir='ltr'><strong>delicatiores</strong></span> <span class='ocrx_word' id='word_1_772' title='bbox 1546 1593 1657 1628; x_wconf 79' lang='lat' dir='ltr'><strong>magni-</strong></span> 
     </span>
    </p>
   </div>
   <div class='ocr_carea' id='block_1_118' title="bbox 865 1628 1657 1688">
    <p class='ocr_par' dir='ltr' id='par_1_118' title="bbox 865 1628 1657 1688">
     <span class='ocr_line' id='line_1_118' title="bbox 865 1628 1657 1688; baseline 0.005 -35"><span class='ocrx_word' id='word_1_773' title='bbox 865 1635 918 1688; x_wconf 57' lang='lat' dir='ltr'><strong>que</strong></span> <span class='ocrx_word' id='word_1_774' title='bbox 943 1628 1022 1662; x_wconf 91' lang='lat' dir='ltr'><strong>pretii</strong></span> <span class='ocrx_word' id='word_1_775' title='bbox 1046 1628 1132 1669; x_wconf 42' lang='lat' dir='ltr'><strong>cibos.</strong></span> <span class='ocrx_word' id='word_1_776' title='bbox 1147 1629 1293 1656; x_wconf 85' lang='lat' dir='ltr'><strong>adhibendi</strong></span> <span class='ocrx_word' id='word_1_777' title='bbox 1307 1629 1532 1670; x_wconf 82' lang='lat' dir='ltr'><strong>consuetudinem</strong></span> <span class='ocrx_word' id='word_1_778' title='bbox 1547 1630 1657 1670; x_wconf 80' lang='lat' dir='ltr'><strong>penitus</strong></span> 
     </span>
     <span class='ocr_line' id='line_1_119' title="bbox 884 1664 1655 1688; baseline 0 0"><span class='ocrx_word' id='word_1_779' title='bbox 884 1666 976 1688; x_wconf 85' lang='lat' dir='ltr'><strong>amnet</strong></span> <span class='ocrx_word' id='word_1_780' title='bbox 989 1667 1016 1688; x_wconf 81' lang='lat' dir='ltr'><strong>et</strong></span> <span class='ocrx_word' id='word_1_781' title='bbox 1031 1664 1191 1688; x_wconf 80' lang='lat' dir='ltr'><strong>nroscrihat.</strong></span> <span class='ocrx_word' id='word_1_782' title='bbox 1210 1664 1384 1688; x_wconf 74' lang='lat' dir='ltr'><strong>Manifestum</strong></span> <span class='ocrx_word' id='word_1_783' title='bbox 1396 1665 1494 1688; x_wconf 72' lang='lat' dir='ltr'><strong>deinde</strong></span> <span class='ocrx_word' id='word_1_784' title='bbox 1512 1664 1575 1688; x_wconf 68' lang='lat' dir='ltr'><strong>facit</strong></span> <span class='ocrx_word' id='word_1_785' title='bbox 1590 1665 1655 1688; x_wconf 87' lang='lat' dir='ltr'><strong>nmd</strong></span> 
     </span>
    </p>
   </div>
   <div class='ocr_carea' id='block_1_119' title="bbox 884 1664 1656 1699">
    <p class='ocr_par' dir='ltr' id='par_1_119' title="bbox 884 1664 1656 1699">
     <span class='ocr_line' id='line_1_120' title="bbox 884 1664 1656 1699; baseline 0.003 -10"><span class='ocrx_word' id='word_1_786' title='bbox 884 1666 976 1699; x_wconf 80' lang='lat' dir='ltr'><strong>amnet</strong></span> <span class='ocrx_word' id='word_1_787' title='bbox 989 1667 1016 1690; x_wconf 83' lang='lat' dir='ltr'><strong>et</strong></span> <span class='ocrx_word' id='word_1_788' title='bbox 1031 1664 1191 1698; x_wconf 89' lang='lat' dir='ltr'><strong>proscribat.</strong></span> <span class='ocrx_word' id='word_1_789' title='bbox 1210 1664 1384 1691; x_wconf 86' lang='lat' dir='ltr'><strong>Manifestum</strong></span> <span class='ocrx_word' id='word_1_790' title='bbox 1396 1665 1494 1691; x_wconf 88' lang='lat' dir='ltr'><strong>deinde</strong></span> <span class='ocrx_word' id='word_1_791' title='bbox 1512 1664 1575 1691; x_wconf 87' lang='lat' dir='ltr'><strong>facit</strong></span> <span class='ocrx_word' id='word_1_792' title='bbox 1590 1665 1656 1699; x_wconf 84' lang='lat' dir='ltr'><strong>quid</strong></span> 
     </span>
    </p>
   </div>
   <div class='ocr_carea' id='block_1_120' title="bbox 864 1697 1654 1729">
    <p class='ocr_par' dir='ltr' id='par_1_120' title="bbox 864 1697 1654 1729">
     <span class='ocr_line' id='line_1_121' title="bbox 864 1697 1654 1729; baseline 0.005 -6"><span class='ocrx_word' id='word_1_793' title='bbox 864 1697 1041 1729; x_wconf 62' lang='lat' dir='ltr'><strong>Christianis}</strong></span> <span class='ocrx_word' id='word_1_794' title='bbox 1057 1699 1080 1726; x_wconf 90' lang='lat' dir='ltr'><strong>si</strong></span> <span class='ocrx_word' id='word_1_795' title='bbox 1097 1699 1131 1726; x_wconf 84' lang='lat' dir='ltr'><strong>ab</strong></span> <span class='ocrx_word' id='word_1_796' title='bbox 1149 1699 1211 1726; x_wconf 90' lang='lat' dir='ltr'><strong>aliis</strong></span> <span class='ocrx_word' id='word_1_797' title='bbox 1228 1699 1309 1727; x_wconf 85' lang='lat' dir='ltr'><strong>etiam</strong></span> <span class='ocrx_word' id='word_1_798' title='bbox 1328 1699 1483 1727; x_wconf 88' lang='lat' dir='ltr'><strong>infidelibus</strong></span> <span class='ocrx_word' id='word_1_799' title='bbox 1500 1699 1533 1726; x_wconf 89' lang='lat' dir='ltr'><strong>ad</strong></span> <span class='ocrx_word' id='word_1_800' title='bbox 1548 1697 1654 1727; x_wconf 52' lang='lat' dir='ltr'><strong>coenam</strong></span> 
     </span>
    </p>
   </div>
   <div class='ocr_carea' id='block_1_121' title="bbox 864 1732 1655 1770">
    <p class='ocr_par' dir='ltr' id='par_1_121' title="bbox 864 1732 1655 1770">
     <span class='ocr_line' id='line_1_122' title="bbox 864 1732 1655 1770; baseline 0.005 -12"><span class='ocrx_word' id='word_1_801' title='bbox 864 1732 1024 1770; x_wconf 86' lang='lat' dir='ltr'><strong>invitentur,</strong></span> <span class='ocrx_word' id='word_1_802' title='bbox 1039 1734 1080 1761; x_wconf 89' lang='lat' dir='ltr'><strong>vel</strong></span> <span class='ocrx_word' id='word_1_803' title='bbox 1099 1734 1121 1761; x_wconf 87' lang='lat' dir='ltr'><strong>si</strong></span> <span class='ocrx_word' id='word_1_804' title='bbox 1138 1734 1189 1768; x_wconf 88' lang='lat' dir='ltr'><strong>ipsi</strong></span> <span class='ocrx_word' id='word_1_805' title='bbox 1205 1735 1348 1769; x_wconf 82' lang='lat' dir='ltr'><strong>quospiam</strong></span> <span class='ocrx_word' id='word_1_806' title='bbox 1367 1735 1491 1767; x_wconf 86' lang='lat' dir='ltr'><strong>invitent,</strong></span> <span class='ocrx_word' id='word_1_807' title='bbox 1516 1735 1551 1761; x_wconf 82' lang='lat' dir='ltr'><strong>sit</strong></span> <span class='ocrx_word' id='word_1_808' title='bbox 1573 1743 1655 1770; x_wconf 82' lang='lat' dir='ltr'><strong>agen-</strong></span> 
     </span>
    </p>
   </div>
   <div class='ocr_carea' id='block_1_122' title="bbox 864 1768 1657 1804">
    <p class='ocr_par' dir='ltr' id='par_1_122' title="bbox 864 1768 1657 1804">
     <span class='ocr_line' id='line_1_123' title="bbox 864 1768 1657 1804; baseline 0.004 -11"><span class='ocrx_word' id='word_1_809' title='bbox 864 1768 938 1800; x_wconf 90' lang='lat' dir='ltr'><strong>dum,</strong></span> <span class='ocrx_word' id='word_1_810' title='bbox 955 1776 1092 1804; x_wconf 87' lang='lat' dir='ltr'><strong>quamque</strong></span> <span class='ocrx_word' id='word_1_811' title='bbox 1104 1768 1226 1797; x_wconf 82' lang='lat' dir='ltr'><strong>modeste</strong></span> <span class='ocrx_word' id='word_1_812' title='bbox 1241 1768 1317 1797; x_wconf 79' lang='lat' dir='ltr'><strong>cibos</strong></span> <span class='ocrx_word' id='word_1_813' title='bbox 1329 1778 1436 1798; x_wconf 83' lang='lat' dir='ltr'><strong>sumere</strong></span> <span class='ocrx_word' id='word_1_814' title='bbox 1453 1775 1479 1797; x_wconf 90' lang='lat' dir='ltr'><strong>et</strong></span> <span class='ocrx_word' id='word_1_815' title='bbox 1495 1768 1602 1797; x_wconf 53' lang='lat' dir='ltr'><strong>mensis—</strong></span> <span class='ocrx_word' id='word_1_816' title='bbox 1611 1778 1657 1796; x_wconf 81' lang='lat' dir='ltr'><strong>ac-</strong></span> 
     </span>
    </p>
   </div>
   <div class='ocr_carea' id='block_1_123' title="bbox 864 1804 1656 1839">
    <p class='ocr_par' dir='ltr' id='par_1_123' title="bbox 864 1804 1656 1839">
     <span class='ocr_line' id='line_1_124' title="bbox 864 1804 1656 1839; baseline 0.005 -11"><span class='ocrx_word' id='word_1_817' title='bbox 864 1804 992 1839; x_wconf 80' lang='lat' dir='ltr'><strong>cumbere</strong></span> <span class='ocrx_word' id='word_1_818' title='bbox 1008 1804 1136 1831; x_wconf 83' lang='lat' dir='ltr'><strong>debeant.</strong></span> <span class='ocrx_word' id='word_1_819' title='bbox 1157 1804 1196 1831; x_wconf 91' lang='lat' dir='ltr'><strong>lbi</strong></span> <span class='ocrx_word' id='word_1_820' title='bbox 1223 1810 1314 1832; x_wconf 88' lang='lat' dir='ltr'><strong>autent</strong></span> <span class='ocrx_word' id='word_1_821' title='bbox 1336 1806 1433 1832; x_wconf 85' lang='lat' dir='ltr'><strong>bonam</strong></span> <span class='ocrx_word' id='word_1_822' title='bbox 1459 1805 1568 1839; x_wconf 87' lang='lat' dir='ltr'><strong>quidem</strong></span> <span class='ocrx_word' id='word_1_823' title='bbox 1595 1814 1656 1832; x_wconf 71' lang='lat' dir='ltr'><strong>esse</strong></span> 
     </span>
    </p>
   </div>
   <div class='ocr_carea' id='block_1_124' title="bbox 863 1837 1654 1874">
    <p class='ocr_par' dir='ltr' id='par_1_124' title="bbox 863 1837 1654 1874">
     <span class='ocr_line' id='line_1_125' title="bbox 863 1837 1654 1874; baseline 0.005 -11"><span class='ocrx_word' id='word_1_824' title='bbox 863 1837 986 1865; x_wconf 89' lang='lat' dir='ltr'><strong>declarat</strong></span> <span class='ocrx_word' id='word_1_825' title='bbox 1000 1839 1055 1865; x_wconf 91' lang='lat' dir='ltr'><strong>vini</strong></span> <span class='ocrx_word' id='word_1_826' title='bbox 1075 1840 1220 1874; x_wconf 88' lang='lat' dir='ltr'><strong>carnisque</strong></span> <span class='ocrx_word' id='word_1_827' title='bbox 1235 1840 1446 1873; x_wconf 77' lang='lat' dir='ltr'><strong>abstinentiam;</strong></span> <span class='ocrx_word' id='word_1_828' title='bbox 1460 1837 1548 1874; x_wconf 80' lang='lat' dir='ltr'><strong>neque</strong></span> <span class='ocrx_word' id='word_1_829' title='bbox 1564 1845 1654 1868; x_wconf 87' lang='lat' dir='ltr'><strong>tamen</strong></span> 
     </span>
    </p>
   </div>
   <div class='ocr_carea' id='block_1_125' title="bbox 863 1875 1654 1909">
    <p class='ocr_par' dir='ltr' id='par_1_125' title="bbox 863 1875 1654 1909">
     <span class='ocr_line' id='line_1_126' title="bbox 863 1875 1654 1909; baseline 0.005 -11"><span class='ocrx_word' id='word_1_830' title='bbox 863 1880 909 1899; x_wconf 82' lang='lat' dir='ltr'><strong>eos</strong></span> <span class='ocrx_word' id='word_1_831' title='bbox 926 1881 1049 1908; x_wconf 87' lang='lat' dir='ltr'><strong>peccare,</strong></span> <span class='ocrx_word' id='word_1_832' title='bbox 1069 1875 1115 1909; x_wconf 92' lang='lat' dir='ltr'><strong>qui</strong></span> <span class='ocrx_word' id='word_1_833' title='bbox 1139 1875 1193 1901; x_wconf 88' lang='lat' dir='ltr'><strong>illis</strong></span> <span class='ocrx_word' id='word_1_834' title='bbox 1211 1875 1350 1902; x_wconf 87' lang='lat' dir='ltr'><strong>moderate</strong></span> <span class='ocrx_word' id='word_1_835' title='bbox 1366 1879 1392 1902; x_wconf 89' lang='lat' dir='ltr'><strong>et</strong></span> <span class='ocrx_word' id='word_1_836' title='bbox 1408 1879 1556 1909; x_wconf 86' lang='lat' dir='ltr'><strong>temperate</strong></span> <span class='ocrx_word' id='word_1_837' title='bbox 1572 1880 1654 1902; x_wconf 81' lang='lat' dir='ltr'><strong>utun-</strong></span> 
     </span>
    </p>
   </div>
   <div class='ocr_carea' id='block_1_126' title="bbox 863 1909 1652 1945">
    <p class='ocr_par' dir='ltr' id='par_1_126' title="bbox 863 1909 1652 1945">
     <span class='ocr_line' id='line_1_127' title="bbox 863 1909 1652 1945; baseline 0.005 -12"><span class='ocrx_word' id='word_1_838' title='bbox 863 1911 917 1934; x_wconf 89' lang='lat' dir='ltr'><strong>tur.</strong></span> <span class='ocrx_word' id='word_1_839' title='bbox 934 1909 1011 1945; x_wconf 21' lang='lat' dir='ltr'><strong>Atrin</strong></span> <span class='ocrx_word' id='word_1_840' title='bbox 1027 1910 1113 1945; x_wconf 56' lang='lat' dir='ltr'><strong>caenis</strong></span> <span class='ocrx_word' id='word_1_841' title='bbox 1129 1909 1257 1937; x_wconf 87' lang='lat' dir='ltr'><strong>omnibus</strong></span> <span class='ocrx_word' id='word_1_842' title='bbox 1278 1910 1434 1937; x_wconf 79' lang='lat' dir='ltr'><strong>sectandam</strong></span> <span class='ocrx_word' id='word_1_843' title='bbox 1458 1910 1652 1945; x_wconf 77' lang='lat' dir='ltr'><strong>frugalitatem,</strong></span> 
     </span>
    </p>
   </div>
   <div class='ocr_carea' id='block_1_127' title="bbox 863 1944 1653 1980">
    <p class='ocr_par' dir='ltr' id='par_1_127' title="bbox 863 1944 1653 1980">
     <span class='ocr_line' id='line_1_128' title="bbox 863 1944 1653 1980; baseline 0.005 -12"><span class='ocrx_word' id='word_1_844' title='bbox 863 1944 1089 1980; x_wconf 80' lang='lat' dir='ltr'><strong>quemadmodum</strong></span> <span class='ocrx_word' id='word_1_845' title='bbox 1108 1952 1203 1972; x_wconf 86' lang='lat' dir='ltr'><strong>omnes</strong></span> <span class='ocrx_word' id='word_1_846' title='bbox 1230 1952 1343 1980; x_wconf 87' lang='lat' dir='ltr'><strong>prorsus</strong></span> <span class='ocrx_word' id='word_1_847' title='bbox 1368 1946 1402 1971; x_wconf 88' lang='lat' dir='ltr'><strong>ab</strong></span> <span class='ocrx_word' id='word_1_848' title='bbox 1429 1945 1480 1972; x_wconf 87' lang='lat' dir='ltr'><strong>illis</strong></span> <span class='ocrx_word' id='word_1_849' title='bbox 1503 1945 1653 1980; x_wconf 75' lang='lat' dir='ltr'><strong>abigendas</strong></span> 
     </span>
    </p>
   </div>
   <div class='ocr_carea' id='block_1_128' title="bbox 862 1978 1653 2015">
    <p class='ocr_par' dir='ltr' id='par_1_128' title="bbox 862 1978 1653 2015">
     <span class='ocr_line' id='line_1_129' title="bbox 862 1978 1653 2015; baseline 0.005 -11"><span class='ocrx_word' id='word_1_850' title='bbox 862 1978 974 2015; x_wconf 84' lang='lat' dir='ltr'><strong>delicias</strong></span> <span class='ocrx_word' id='word_1_851' title='bbox 988 1983 1015 2005; x_wconf 92' lang='lat' dir='ltr'><strong>et</strong></span> <span class='ocrx_word' id='word_1_852' title='bbox 1035 1979 1170 2015; x_wconf 80' lang='lat' dir='ltr'><strong>vitandam</strong></span> <span class='ocrx_word' id='word_1_853' title='bbox 1187 1978 1343 2015; x_wconf 65' lang='lat' dir='ltr'><strong>ingluviem.</strong></span> <span class='ocrx_word' id='word_1_854' title='bbox 1360 1979 1465 2012; x_wconf 83' lang='lat' dir='ltr'><strong>Quibus</strong></span> <span class='ocrx_word' id='word_1_855' title='bbox 1481 1978 1570 2007; x_wconf 83' lang='lat' dir='ltr'><strong>autem</strong></span> <span class='ocrx_word' id='word_1_856' title='bbox 1583 1981 1653 2008; x_wconf 85' lang='lat' dir='ltr'><strong>cibis</strong></span> 
     </span>
    </p>
   </div>
   <div class='ocr_carea' id='block_1_129' title="bbox 862 2013 1652 2049">
    <p class='ocr_par' dir='ltr' id='par_1_129' title="bbox 862 2013 1652 2049">
     <span class='ocr_line' id='line_1_130' title="bbox 862 2013 1652 2049; baseline 0.004 -10"><span class='ocrx_word' id='word_1_857' title='bbox 862 2013 1022 2040; x_wconf 84' lang='lat' dir='ltr'><strong>instruenda</strong></span> <span class='ocrx_word' id='word_1_858' title='bbox 1033 2015 1069 2042; x_wconf 90' lang='lat' dir='ltr'><strong>sit</strong></span> <span class='ocrx_word' id='word_1_859' title='bbox 1081 2013 1300 2041; x_wconf 76' lang='lat' dir='ltr'><strong>Christianorum</strong></span> <span class='ocrx_word' id='word_1_860' title='bbox 1315 2022 1420 2046; x_wconf 89' lang='lat' dir='ltr'><strong>mensa,</strong></span> <span class='ocrx_word' id='word_1_861' title='bbox 1437 2015 1554 2042; x_wconf 86' lang='lat' dir='ltr'><strong>breviter</strong></span> <span class='ocrx_word' id='word_1_862' title='bbox 1567 2022 1652 2049; x_wconf 86' lang='lat' dir='ltr'><strong>expo-</strong></span> 
     </span>
    </p>
   </div>
   <div class='ocr_carea' id='block_1_130' title="bbox 862 2049 1650 2085">
    <p class='ocr_par' dir='ltr' id='par_1_130' title="bbox 862 2049 1650 2085">
     <span class='ocr_line' id='line_1_131' title="bbox 862 2049 1650 2085; baseline 0.004 -11"><span class='ocrx_word' id='word_1_863' title='bbox 862 2049 912 2078; x_wconf 90' lang='lat' dir='ltr'><strong>nit.</strong></span> <span class='ocrx_word' id='word_1_864' title='bbox 929 2049 1041 2085; x_wconf 63' lang='lat' dir='ltr'><strong>eLcibis</strong></span> <span class='ocrx_word' id='word_1_865' title='bbox 1058 2049 1222 2085; x_wconf 88' lang='lat' dir='ltr'><strong>lautioribus</strong></span> <span class='ocrx_word' id='word_1_866' title='bbox 1236 2050 1302 2076; x_wconf 89' lang='lat' dir='ltr'><strong>dicit</strong></span> <span class='ocrx_word' id='word_1_867' title='bbox 1319 2050 1406 2076; x_wconf 88' lang='lat' dir='ltr'><strong>ventri</strong></span> <span class='ocrx_word' id='word_1_868' title='bbox 1420 2049 1570 2076; x_wconf 62' lang='lat' dir='ltr'><strong>daemonem</strong></span> <span class='ocrx_word' id='word_1_869' title='bbox 1583 2058 1650 2085; x_wconf 65' lang='lat' dir='ltr'><strong>pra-</strong></span> 
     </span>
    </p>
   </div>
   <div class='ocr_carea' id='block_1_131' title="bbox 861 2082 1651 2120">
    <p class='ocr_par' dir='ltr' id='par_1_131' title="bbox 861 2082 1651 2120">
     <span class='ocr_line' id='line_1_132' title="bbox 861 2082 1651 2120; baseline 0.003 -10"><span class='ocrx_word' id='word_1_870' title='bbox 861 2092 931 2120; x_wconf 84' lang='lat' dir='ltr'><strong>esse.</strong></span> <span class='ocrx_word' id='word_1_871' title='bbox 950 2082 1018 2110; x_wconf 85' lang='lat' dir='ltr'><strong>Tum</strong></span> <span class='ocrx_word' id='word_1_872' title='bbox 1039 2084 1114 2111; x_wconf 80' lang='lat' dir='ltr'><strong>van&#39;a</strong></span> <span class='ocrx_word' id='word_1_873' title='bbox 1128 2088 1154 2112; x_wconf 89' lang='lat' dir='ltr'><strong>et</strong></span> <span class='ocrx_word' id='word_1_874' title='bbox 1169 2085 1267 2112; x_wconf 79' lang='lat' dir='ltr'><strong>eximia</strong></span> <span class='ocrx_word' id='word_1_875' title='bbox 1284 2085 1448 2120; x_wconf 77' lang='lat' dir='ltr'><strong>frugalitatis</strong></span> <span class='ocrx_word' id='word_1_876' title='bbox 1467 2089 1494 2111; x_wconf 88' lang='lat' dir='ltr'><strong>et</strong></span> <span class='ocrx_word' id='word_1_877' title='bbox 1510 2082 1651 2112; x_wconf 82' lang='lat' dir='ltr'><strong>abstinen-</strong></span> 
     </span>
    </p>
   </div>
   <div class='ocr_carea' id='block_1_132' title="bbox 861 2119 1649 2153">
    <p class='ocr_par' dir='ltr' id='par_1_132' title="bbox 861 2119 1649 2153">
     <span class='ocr_line' id='line_1_133' title="bbox 861 2119 1649 2153; baseline 0.003 -8"><span class='ocrx_word' id='word_1_878' title='bbox 861 2119 921 2150; x_wconf 75' lang='lat' dir='ltr'><strong>tite,</strong></span> <span class='ocrx_word' id='word_1_879' title='bbox 943 2120 1066 2153; x_wconf 88' lang='lat' dir='ltr'><strong>quamvis</strong></span> <span class='ocrx_word' id='word_1_880' title='bbox 1093 2119 1251 2147; x_wconf 84' lang='lat' dir='ltr'><strong>indifferens</strong></span> <span class='ocrx_word' id='word_1_881' title='bbox 1278 2120 1313 2147; x_wconf 91' lang='lat' dir='ltr'><strong>sit</strong></span> <span class='ocrx_word' id='word_1_882' title='bbox 1336 2119 1500 2146; x_wconf 86' lang='lat' dir='ltr'><strong>cunctorum</strong></span> <span class='ocrx_word' id='word_1_883' title='bbox 1526 2120 1649 2147; x_wconf 87' lang='lat' dir='ltr'><strong>ciborum</strong></span> 
     </span>
    </p>
   </div>
   <div class='ocr_carea' id='block_1_133' title="bbox 861 2154 1650 2189">
    <p class='ocr_par' dir='ltr' id='par_1_133' title="bbox 861 2154 1650 2189">
     <span class='ocr_line' id='line_1_134' title="bbox 861 2154 1650 2189; baseline 0.003 -9"><span class='ocrx_word' id='word_1_884' title='bbox 861 2162 938 2186; x_wconf 86' lang='lat' dir='ltr'><strong>usus,</strong></span> <span class='ocrx_word' id='word_1_885' title='bbox 952 2155 979 2181; x_wconf 93' lang='lat' dir='ltr'><strong>in</strong></span> <span class='ocrx_word' id='word_1_886' title='bbox 995 2154 1130 2187; x_wconf 72' lang='lat' dir='ltr'><strong>Matthteo,</strong></span> <span class='ocrx_word' id='word_1_887' title='bbox 1143 2154 1247 2182; x_wconf 86' lang='lat' dir='ltr'><strong>Joanne</strong></span> <span class='ocrx_word' id='word_1_888' title='bbox 1261 2154 1382 2189; x_wconf 89' lang='lat' dir='ltr'><strong>Baptista</strong></span> <span class='ocrx_word' id='word_1_889' title='bbox 1392 2159 1418 2181; x_wconf 87' lang='lat' dir='ltr'><strong>et</strong></span> <span class='ocrx_word' id='word_1_890' title='bbox 1432 2155 1555 2189; x_wconf 89' lang='lat' dir='ltr'><strong>apostolo</strong></span> <span class='ocrx_word' id='word_1_891' title='bbox 1568 2154 1650 2182; x_wconf 80' lang='lat' dir='ltr'><strong>Petro</strong></span> 
     </span>
    </p>
   </div>
   <div class='ocr_carea' id='block_1_134' title="bbox 859 2189 1647 2224">
    <p class='ocr_par' dir='ltr' id='par_1_134' title="bbox 859 2189 1647 2224">
     <span class='ocr_line' id='line_1_135' title="bbox 859 2189 1647 2224; baseline 0.001 -9"><span class='ocrx_word' id='word_1_892' title='bbox 859 2190 983 2224; x_wconf 85' lang='lat' dir='ltr'><strong>exempla</strong></span> <span class='ocrx_word' id='word_1_893' title='bbox 999 2190 1137 2224; x_wconf 89' lang='lat' dir='ltr'><strong>proponit.</strong></span> <span class='ocrx_word' id='word_1_894' title='bbox 1154 2189 1254 2216; x_wconf 83' lang='lat' dir='ltr'><strong>Probat</strong></span> <span class='ocrx_word' id='word_1_895' title='bbox 1273 2194 1362 2217; x_wconf 86' lang='lat' dir='ltr'><strong>autent</strong></span> <span class='ocrx_word' id='word_1_896' title='bbox 1378 2190 1449 2217; x_wconf 89' lang='lat' dir='ltr'><strong>hanc</strong></span> <span class='ocrx_word' id='word_1_897' title='bbox 1464 2189 1647 2223; x_wconf 81' lang='lat' dir='ltr'><strong>frugalitatem</strong></span> 
     </span>
    </p>
   </div>
   <div class='ocr_carea' id='block_1_135' title="bbox 860 2225 1648 2260">
    <p class='ocr_par' dir='ltr' id='par_1_135' title="bbox 860 2225 1648 2260">
     <span class='ocr_line' id='line_1_136' title="bbox 860 2225 1648 2260; baseline 0.003 -10"><span class='ocrx_word' id='word_1_898' title='bbox 860 2232 914 2250; x_wconf 91' lang='lat' dir='ltr'><strong>non</strong></span> <span class='ocrx_word' id='word_1_899' title='bbox 932 2225 1019 2251; x_wconf 87' lang='lat' dir='ltr'><strong>solum</strong></span> <span class='ocrx_word' id='word_1_900' title='bbox 1036 2225 1155 2252; x_wconf 82' lang='lat' dir='ltr'><strong>Mosaica</strong></span> <span class='ocrx_word' id='word_1_901' title='bbox 1182 2225 1239 2260; x_wconf 85' lang='lat' dir='ltr'><strong>lege</strong></span> <span class='ocrx_word' id='word_1_902' title='bbox 1256 2225 1453 2255; x_wconf 83' lang='lat' dir='ltr'><strong>commendari,</strong></span> <span class='ocrx_word' id='word_1_903' title='bbox 1471 2226 1517 2252; x_wconf 88' lang='lat' dir='ltr'><strong>sed</strong></span> <span class='ocrx_word' id='word_1_904' title='bbox 1535 2225 1648 2252; x_wconf 88' lang='lat' dir='ltr'><strong>nimiam</strong></span> 
     </span>
    </p>
   </div>
   <div class='ocr_carea' id='block_1_136' title="bbox 860 2260 1648 2294">
    <p class='ocr_par' dir='ltr' id='par_1_136' title="bbox 860 2260 1648 2294">
     <span class='ocr_line' id='line_1_137' title="bbox 860 2260 1648 2294; baseline 0.004 -9"><span class='ocrx_word' id='word_1_905' title='bbox 860 2267 969 2294; x_wconf 90' lang='lat' dir='ltr'><strong>quoque</strong></span> <span class='ocrx_word' id='word_1_906' title='bbox 983 2260 1172 2287; x_wconf 90' lang='lat' dir='ltr'><strong>alimentorum</strong></span> <span class='ocrx_word' id='word_1_907' title='bbox 1189 2261 1295 2294; x_wconf 90' lang='lat' dir='ltr'><strong>copiam</strong></span> <span class='ocrx_word' id='word_1_908' title='bbox 1309 2260 1471 2294; x_wconf 87' lang='lat' dir='ltr'><strong>corporibus</strong></span> <span class='ocrx_word' id='word_1_909' title='bbox 1488 2260 1524 2286; x_wconf 89' lang='lat' dir='ltr'><strong>ita</strong></span> <span class='ocrx_word' id='word_1_910' title='bbox 1541 2260 1648 2291; x_wconf 82' lang='lat' dir='ltr'><strong>obesse.</strong></span> 
     </span>
    </p>
   </div>
   <div class='ocr_carea' id='block_1_137' title="bbox 861 2294 1649 2330">
    <p class='ocr_par' dir='ltr' id='par_1_137' title="bbox 861 2294 1649 2330">
     <span class='ocr_line' id='line_1_138' title="bbox 861 2294 1649 2330; baseline 0.003 -10"><span class='ocrx_word' id='word_1_911' title='bbox 861 2300 888 2321; x_wconf 90' lang='lat' dir='ltr'><strong>ut</strong></span> <span class='ocrx_word' id='word_1_912' title='bbox 904 2294 990 2326; x_wconf 82' lang='lat' dir='ltr'><strong>Plato,</strong></span> <span class='ocrx_word' id='word_1_913' title='bbox 1014 2302 1028 2321; x_wconf 89' lang='lat' dir='ltr'><strong>a</strong></span> <span class='ocrx_word' id='word_1_914' title='bbox 1054 2295 1153 2322; x_wconf 81' lang='lat' dir='ltr'><strong>Davide</strong></span> <span class='ocrx_word' id='word_1_915' title='bbox 1171 2295 1295 2327; x_wconf 85' lang='lat' dir='ltr'><strong>edoctus,</strong></span> <span class='ocrx_word' id='word_1_916' title='bbox 1314 2295 1456 2330; x_wconf 69' lang='lat' dir='ltr'><strong>fugiendos</strong></span> <span class='ocrx_word' id='word_1_917' title='bbox 1475 2295 1649 2322; x_wconf 73' lang='lat' dir='ltr'><strong>delicatiores</strong></span> 
     </span>
    </p>
   </div>
   <div class='ocr_carea' id='block_1_138' title="bbox 859 2329 1647 2364">
    <p class='ocr_par' dir='ltr' id='par_1_138' title="bbox 859 2329 1647 2364">
     <span class='ocr_line' id='line_1_139' title="bbox 859 2329 1647 2364; baseline 0 -8"><span class='ocrx_word' id='word_1_918' title='bbox 859 2329 936 2357; x_wconf 89' lang='lat' dir='ltr'><strong>cibos</strong></span> <span class='ocrx_word' id='word_1_919' title='bbox 951 2331 1098 2358; x_wconf 89' lang='lat' dir='ltr'><strong>censuerit.</strong></span> <span class='ocrx_word' id='word_1_920' title='bbox 1118 2330 1239 2364; x_wconf 87' lang='lat' dir='ltr'><strong>Denique</strong></span> <span class='ocrx_word' id='word_1_921' title='bbox 1259 2329 1398 2357; x_wconf 81' lang='lat' dir='ltr'><strong>helluones</strong></span> <span class='ocrx_word' id='word_1_922' title='bbox 1413 2331 1437 2357; x_wconf 86' lang='lat' dir='ltr'><strong>ei</strong></span> <span class='ocrx_word' id='word_1_923' title='bbox 1454 2330 1522 2364; x_wconf 90' lang='lat' dir='ltr'><strong>pisci</strong></span> <span class='ocrx_word' id='word_1_924' title='bbox 1543 2330 1647 2363; x_wconf 80' lang='lat' dir='ltr'><strong>similes</strong></span> 
     </span>
    </p>
   </div>
   <div class='ocr_carea' id='block_1_139' title="bbox 859 2365 1648 2400">
    <p class='ocr_par' dir='ltr' id='par_1_139' title="bbox 859 2365 1648 2400">
     <span class='ocr_line' id='line_1_140' title="bbox 859 2365 1648 2400; baseline 0 -9"><span class='ocrx_word' id='word_1_925' title='bbox 859 2373 920 2392; x_wconf 90' lang='lat' dir='ltr'><strong>esse</strong></span> <span class='ocrx_word' id='word_1_926' title='bbox 934 2365 984 2396; x_wconf 88' lang='lat' dir='ltr'><strong>ait,</strong></span> <span class='ocrx_word' id='word_1_927' title='bbox 1001 2366 1043 2392; x_wconf 91' lang='lat' dir='ltr'><strong>cui</strong></span> <span class='ocrx_word' id='word_1_928' title='bbox 1059 2373 1156 2392; x_wconf 79' lang='lat' dir='ltr'><strong>nomen</strong></span> <span class='ocrx_word' id='word_1_929' title='bbox 1173 2370 1216 2393; x_wconf 82' lang='lat' dir='ltr'><strong>est</strong></span> <span class='ocrx_word' id='word_1_930' title='bbox 1231 2366 1325 2399; x_wconf 88' lang='lat' dir='ltr'><strong>asello,</strong></span> <span class='ocrx_word' id='word_1_931' title='bbox 1343 2370 1370 2392; x_wconf 88' lang='lat' dir='ltr'><strong>et</strong></span> <span class='ocrx_word' id='word_1_932' title='bbox 1382 2367 1429 2400; x_wconf 86' lang='lat' dir='ltr'><strong>qui</strong></span> <span class='ocrx_word' id='word_1_933' title='bbox 1446 2366 1473 2392; x_wconf 89' lang='lat' dir='ltr'><strong>in</strong></span> <span class='ocrx_word' id='word_1_934' title='bbox 1490 2369 1583 2392; x_wconf 89' lang='lat' dir='ltr'><strong>ventre</strong></span> <span class='ocrx_word' id='word_1_935' title='bbox 1597 2373 1648 2392; x_wconf 88' lang='lat' dir='ltr'><strong>suo</strong></span> 
     </span>
    </p>
   </div>
   <div class='ocr_carea' id='block_1_140' title="bbox 858 2400 1209 2435">
    <p class='ocr_par' dir='ltr' id='par_1_140' title="bbox 858 2400 1209 2435">
     <span class='ocr_line' id='line_1_141' title="bbox 858 2400 1209 2435; baseline 0.006 -9"><span class='ocrx_word' id='word_1_936' title='bbox 858 2408 907 2427; x_wconf 90' lang='lat' dir='ltr'><strong>cor</strong></span> <span class='ocrx_word' id='word_1_937' title='bbox 920 2400 1021 2428; x_wconf 86' lang='lat' dir='ltr'><strong>habere</strong></span> <span class='ocrx_word' id='word_1_938' title='bbox 1041 2401 1209 2435; x_wconf 81' lang='lat' dir='ltr'><strong>perhibetur.</strong></span> 
     </span>
    </p>
   </div>
   <div class='ocr_carea' id='block_1_141' title="bbox 896 2434 1647 2470">
    <p class='ocr_par' dir='ltr' id='par_1_141' title="bbox 896 2434 1647 2470">
     <span class='ocr_line' id='line_1_142' title="bbox 896 2434 1647 2470; baseline 0 -9"><span class='ocrx_word' id='word_1_939' title='bbox 896 2435 932 2462; x_wconf 87' lang='lat' dir='ltr'><strong>De</strong></span> <span class='ocrx_word' id='word_1_940' title='bbox 948 2440 1013 2470; x_wconf 85' lang='lat' dir='ltr'><strong>potu</strong></span> <span class='ocrx_word' id='word_1_941' title='bbox 1036 2434 1126 2463; x_wconf 76' lang='lat' dir='ltr'><strong>autem</strong></span> <span class='ocrx_word' id='word_1_942' title='bbox 1141 2435 1182 2463; x_wconf 87' lang='lat' dir='ltr'><strong>sic</strong></span> <span class='ocrx_word' id='word_1_943' title='bbox 1197 2435 1293 2462; x_wconf 89' lang='lat' dir='ltr'><strong>statuit</strong></span> <span class='ocrx_word' id='word_1_944' title='bbox 1305 2435 1337 2462; x_wconf 81' lang='lat'><strong>&quot;.</strong></span> <span class='ocrx_word' id='word_1_945' title='bbox 1354 2435 1422 2462; x_wconf 91' lang='lat' dir='ltr'><strong>Cum</strong></span> <span class='ocrx_word' id='word_1_946' title='bbox 1438 2434 1539 2462; x_wconf 87' lang='lat' dir='ltr'><strong>Paulus</strong></span> <span class='ocrx_word' id='word_1_947' title='bbox 1555 2435 1647 2462; x_wconf 90' lang='lat' dir='ltr'><strong>Timo—</strong></span> 
     </span>
    </p>
   </div>
   <div class='ocr_carea' id='block_1_142' title="bbox 858 2471 1646 2507">
    <p class='ocr_par' dir='ltr' id='par_1_142' title="bbox 858 2471 1646 2507">
     <span class='ocr_line' id='line_1_143' title="bbox 858 2471 1646 2507; baseline 0 -11"><span class='ocrx_word' id='word_1_948' title='bbox 858 2471 929 2498; x_wconf 66' lang='lat' dir='ltr'><strong>thazo</strong></span> <span class='ocrx_word' id='word_1_949' title='bbox 953 2471 989 2497; x_wconf 91' lang='lat' dir='ltr'><strong>0h</strong></span> <span class='ocrx_word' id='word_1_950' title='bbox 1017 2471 1196 2507; x_wconf 74' lang='lat' dir='ltr'><strong>languentem</strong></span> <span class='ocrx_word' id='word_1_951' title='bbox 1210 2471 1399 2507; x_wconf 86' lang='lat' dir='ltr'><strong>tantummodo</strong></span> <span class='ocrx_word' id='word_1_952' title='bbox 1421 2477 1447 2507; x_wconf 83' lang='lat' dir='ltr'><strong>et</strong></span> <span class='ocrx_word' id='word_1_953' title='bbox 1471 2475 1646 2507; x_wconf 66' lang='lat' dir='ltr'><strong>aegrotantem</strong></span> 
     </span>
    </p>
   </div>
   <div class='ocr_carea' id='block_1_143' title="bbox 859 2505 1649 2540">
    <p class='ocr_par' dir='ltr' id='par_1_143' title="bbox 859 2505 1649 2540">
     <span class='ocr_line' id='line_1_144' title="bbox 859 2505 1649 2540; baseline 0 -8"><span class='ocrx_word' id='word_1_954' title='bbox 859 2507 1030 2532; x_wconf 80' lang='lat' dir='ltr'><strong>stomachum</strong></span> <span class='ocrx_word' id='word_1_955' title='bbox 1051 2505 1158 2533; x_wconf 82' lang='lat' dir='ltr'><strong>modico</strong></span> <span class='ocrx_word' id='word_1_956' title='bbox 1172 2506 1236 2532; x_wconf 88' lang='lat' dir='ltr'><strong>vino</strong></span> <span class='ocrx_word' id='word_1_957' title='bbox 1250 2505 1290 2532; x_wconf 90' lang='lat' dir='ltr'><strong>uti</strong></span> <span class='ocrx_word' id='word_1_958' title='bbox 1307 2506 1472 2540; x_wconf 88' lang='lat' dir='ltr'><strong>permiserit,</strong></span> <span class='ocrx_word' id='word_1_959' title='bbox 1490 2506 1554 2532; x_wconf 91' lang='lat' dir='ltr'><strong>hinc</strong></span> <span class='ocrx_word' id='word_1_960' title='bbox 1573 2505 1649 2532; x_wconf 89' lang='lat' dir='ltr'><strong>colli-</strong></span> 
     </span>
    </p>
   </div>
   <div class='ocr_carea' id='block_1_144' title="bbox 857 2540 1645 2576">
    <p class='ocr_par' dir='ltr' id='par_1_144' title="bbox 857 2540 1645 2576">
     <span class='ocr_line' id='line_1_145' title="bbox 857 2540 1645 2576; baseline -0.001 -9"><span class='ocrx_word' id='word_1_961' title='bbox 857 2541 897 2575; x_wconf 75' lang='lat' dir='ltr'><strong>git</strong></span> <span class='ocrx_word' id='word_1_962' title='bbox 914 2548 1012 2575; x_wconf 89' lang='lat' dir='ltr'><strong>aquam</strong></span> <span class='ocrx_word' id='word_1_963' title='bbox 1027 2542 1102 2569; x_wconf 87' lang='lat' dir='ltr'><strong>sanis</strong></span> <span class='ocrx_word' id='word_1_964' title='bbox 1117 2541 1274 2568; x_wconf 74' lang='lat' dir='ltr'><strong>hominibus</strong></span> <span class='ocrx_word' id='word_1_965' title='bbox 1283 2542 1315 2567; x_wconf 85' lang='lat' dir='ltr'><strong>ad</strong></span> <span class='ocrx_word' id='word_1_966' title='bbox 1328 2541 1402 2576; x_wconf 80' lang='lat' dir='ltr'><strong>sitim</strong></span> <span class='ocrx_word' id='word_1_967' title='bbox 1418 2540 1645 2576; x_wconf 77' lang='lat' dir='ltr'><strong>exstinguendam</strong></span> 
     </span>
    </p>
   </div>
   <div class='ocr_carea' id='block_1_145' title="bbox 857 2575 1645 2615">
    <p class='ocr_par' dir='ltr' id='par_1_145' title="bbox 857 2575 1645 2615">
     <span class='ocr_line' id='line_1_146' title="bbox 857 2575 1645 2615; baseline -0.001 -12"><span class='ocrx_word' id='word_1_968' title='bbox 857 2575 989 2615; x_wconf 79' lang='lat' dir='ltr'><strong>_sulli_cet‘_e.</strong></span> <span class='ocrx_word' id='word_1_969' title='bbox 1006 2575 1098 2615; x_wconf 71' lang='lat' dir='ltr'><strong>Neque</strong></span> <span class='ocrx_word' id='word_1_970' title='bbox 1113 2577 1184 2604; x_wconf 90' lang='lat' dir='ltr'><strong>enim</strong></span> <span class='ocrx_word' id='word_1_971' title='bbox 1199 2576 1269 2615; x_wconf 74' lang='lat' dir='ltr'><strong>Deus</strong></span> <span class='ocrx_word' id='word_1_972' title='bbox 1298 2575 1370 2615; x_wconf 80' lang='lat' dir='ltr'><strong>aliud</strong></span> <span class='ocrx_word' id='word_1_973' title='bbox 1394 2576 1445 2603; x_wconf 88' lang='lat' dir='ltr'><strong>nisi</strong></span> <span class='ocrx_word' id='word_1_974' title='bbox 1468 2575 1566 2615; x_wconf 79' lang='lat' dir='ltr'><strong>aquam</strong></span> <span class='ocrx_word' id='word_1_975' title='bbox 1591 2575 1645 2615; x_wconf 76' lang='lat' dir='ltr'><strong>lle-</strong></span> 
     </span>
    </p>
   </div>
   <div class='ocr_carea' id='block_1_146' title="bbox 857 2611 1644 2646">
    <p class='ocr_par' dir='ltr' id='par_1_146' title="bbox 857 2611 1644 2646">
     <span class='ocr_line' id='line_1_147' title="bbox 857 2611 1644 2646; baseline -0.003 -8"><span class='ocrx_word' id='word_1_976' title='bbox 857 2611 936 2638; x_wconf 65' lang='lat' dir='ltr'><strong>brazis</strong></span> <span class='ocrx_word' id='word_1_977' title='bbox 961 2612 989 2638; x_wconf 93' lang='lat' dir='ltr'><strong>in</strong></span> <span class='ocrx_word' id='word_1_978' title='bbox 1013 2611 1121 2639; x_wconf 76' lang='lat' dir='ltr'><strong>deserto</strong></span> <span class='ocrx_word' id='word_1_979' title='bbox 1143 2611 1300 2638; x_wconf 85' lang='lat' dir='ltr'><strong>errantibus</strong></span> <span class='ocrx_word' id='word_1_980' title='bbox 1324 2612 1440 2646; x_wconf 91' lang='lat' dir='ltr'><strong>primum</strong></span> <span class='ocrx_word' id='word_1_981' title='bbox 1462 2611 1644 2642; x_wconf 79' lang='lat' dir='ltr'><strong>ministravit;</strong></span> 
     </span>
    </p>
   </div>
   <div class='ocr_carea' id='block_1_147' title="bbox 856 2645 1643 2681">
    <p class='ocr_par' dir='ltr' id='par_1_147' title="bbox 856 2645 1643 2681">
     <span class='ocr_line' id='line_1_148' title="bbox 856 2645 1643 2681; baseline -0.001 -9"><span class='ocrx_word' id='word_1_982' title='bbox 856 2654 945 2681; x_wconf 90' lang='lat' dir='ltr'><strong>neque</strong></span> <span class='ocrx_word' id='word_1_983' title='bbox 959 2645 1023 2677; x_wconf 86' lang='lat' dir='ltr'><strong>illis,</strong></span> <span class='ocrx_word' id='word_1_984' title='bbox 1042 2647 1094 2673; x_wconf 91' lang='lat' dir='ltr'><strong>nisi</strong></span> <span class='ocrx_word' id='word_1_985' title='bbox 1109 2650 1170 2680; x_wconf 90' lang='lat' dir='ltr'><strong>post</strong></span> <span class='ocrx_word' id='word_1_986' title='bbox 1184 2647 1337 2673; x_wconf 85' lang='lat' dir='ltr'><strong>exatlantos</strong></span> <span class='ocrx_word' id='word_1_987' title='bbox 1352 2647 1510 2673; x_wconf 88' lang='lat' dir='ltr'><strong>innumeros</strong></span> <span class='ocrx_word' id='word_1_988' title='bbox 1526 2646 1643 2681; x_wconf 79' lang='lat' dir='ltr'><strong>labores.</strong></span> 
     </span>
    </p>
   </div>
   <div class='ocr_carea' id='block_1_148' title="bbox 856 2680 1644 2719">
    <p class='ocr_par' dir='ltr' id='par_1_148' title="bbox 856 2680 1644 2719">
     <span class='ocr_line' id='line_1_149' title="bbox 856 2680 1644 2719; baseline -0.001 -11"><span class='ocrx_word' id='word_1_989' title='bbox 856 2680 918 2708; x_wconf 86' lang='lat' dir='ltr'><strong>eum</strong></span> <span class='ocrx_word' id='word_1_990' title='bbox 933 2681 1007 2708; x_wconf 84' lang='lat' dir='ltr'><strong>dedit</strong></span> <span class='ocrx_word' id='word_1_991' title='bbox 1020 2682 1140 2719; x_wconf 79' lang='lat' dir='ltr'><strong>botrnm,</strong></span> <span class='ocrx_word' id='word_1_992' title='bbox 1157 2682 1243 2719; x_wconf 65' lang='lat' dir='ltr'><strong>quiet</strong></span> <span class='ocrx_word' id='word_1_993' title='bbox 1253 2681 1417 2719; x_wconf 52' lang='lat' dir='ltr'><strong>Christianas</strong></span> <span class='ocrx_word' id='word_1_994' title='bbox 1430 2682 1491 2719; x_wconf 86' lang='lat' dir='ltr'><strong>fidei</strong></span> <span class='ocrx_word' id='word_1_995' title='bbox 1505 2680 1540 2707; x_wconf 88' lang='lat' dir='ltr'><strong>ab</strong></span> <span class='ocrx_word' id='word_1_996' title='bbox 1554 2681 1644 2719; x_wconf 83' lang='lat' dir='ltr'><strong>ethni-</strong></span> 
     </span>
    </p>
   </div>
   <div class='ocr_carea' id='block_1_149' title="bbox 857 2716 1644 2751">
    <p class='ocr_par' dir='ltr' id='par_1_149' title="bbox 857 2716 1644 2751">
     <span class='ocr_line' id='line_1_150' title="bbox 857 2716 1644 2751; baseline -0.003 -8"><span class='ocrx_word' id='word_1_997' title='bbox 857 2724 895 2743; x_wconf 69' lang='grc' dir='ltr'><strong>αθ</strong></span> <span class='ocrx_word' id='word_1_998' title='bbox 911 2716 1113 2751; x_wconf 79' lang='lat' dir='ltr'><strong>superstitionis</strong></span> <span class='ocrx_word' id='word_1_999' title='bbox 1127 2716 1267 2744; x_wconf 90' lang='lat' dir='ltr'><strong>erroribus</strong></span> <span class='ocrx_word' id='word_1_1000' title='bbox 1283 2717 1403 2743; x_wconf 84' lang='lat' dir='ltr'><strong>liberatae</strong></span> <span class='ocrx_word' id='word_1_1001' title='bbox 1416 2718 1545 2751; x_wconf 77' lang='lat' dir='ltr'><strong>quietem,</strong></span> <span class='ocrx_word' id='word_1_1002' title='bbox 1563 2720 1590 2743; x_wconf 86' lang='lat' dir='ltr'><strong>et</strong></span> <span class='ocrx_word' id='word_1_1003' title='bbox 1605 2716 1644 2741; x_wconf 87' lang='lat' dir='ltr'><strong>vi-</strong></span> 
     </span>
    </p>
   </div>
   <div class='ocr_carea' id='block_1_150' title="bbox 857 2751 1642 2785">
    <p class='ocr_par' dir='ltr' id='par_1_150' title="bbox 857 2751 1642 2785">
     <span class='ocr_line' id='line_1_151' title="bbox 857 2751 1642 2785; baseline -0.001 -8"><span class='ocrx_word' id='word_1_1004' title='bbox 857 2759 922 2778; x_wconf 90' lang='lat' dir='ltr'><strong>num</strong></span> <span class='ocrx_word' id='word_1_1005' title='bbox 945 2752 1119 2778; x_wconf 86' lang='lat' dir='ltr'><strong>sanctissimo</strong></span> <span class='ocrx_word' id='word_1_1006' title='bbox 1136 2751 1313 2779; x_wconf 79' lang='lat' dir='ltr'><strong>Eucharistiac</strong></span> <span class='ocrx_word' id='word_1_1007' title='bbox 1332 2752 1362 2778; x_wconf 90' lang='lat' dir='ltr'><strong>in</strong></span> <span class='ocrx_word' id='word_1_1008' title='bbox 1380 2756 1552 2779; x_wconf 88' lang='lat' dir='ltr'><strong>sacramento</strong></span> <span class='ocrx_word' id='word_1_1009' title='bbox 1572 2758 1642 2785; x_wconf 84' lang='lat' dir='ltr'><strong>aqua</strong></span> 
     </span>
    </p>
   </div>
   <div class='ocr_carea' id='block_1_151' title="bbox 856 2786 1641 2822">
    <p class='ocr_par' dir='ltr' id='par_1_151' title="bbox 856 2786 1641 2822">
     <span class='ocr_line' id='line_1_152' title="bbox 856 2786 1641 2822; baseline -0.003 -10"><span class='ocrx_word' id='word_1_1010' title='bbox 856 2786 983 2819; x_wconf 90' lang='lat' dir='ltr'><strong>dilutum,</strong></span> <span class='ocrx_word' id='word_1_1011' title='bbox 999 2794 1031 2814; x_wconf 91' lang='lat' dir='ltr'><strong>ac</strong></span> <span class='ocrx_word' id='word_1_1012' title='bbox 1044 2787 1071 2813; x_wconf 95' lang='lat' dir='ltr'><strong>in</strong></span> <span class='ocrx_word' id='word_1_1013' title='bbox 1084 2786 1186 2814; x_wconf 81' lang='lat' dir='ltr'><strong>Christi</strong></span> <span class='ocrx_word' id='word_1_1014' title='bbox 1198 2787 1358 2822; x_wconf 81' lang='lat' dir='ltr'><strong>sanguinem</strong></span> <span class='ocrx_word' id='word_1_1015' title='bbox 1370 2787 1468 2814; x_wconf 88' lang='lat' dir='ltr'><strong>deinde</strong></span> <span class='ocrx_word' id='word_1_1016' title='bbox 1479 2793 1641 2822; x_wconf 80' lang='lat' dir='ltr'><strong>conversum</strong></span> 
     </span>
    </p>
   </div>
   <div class='ocr_carea' id='block_1_152' title="bbox 855 2820 1640 2859">
    <p class='ocr_par' dir='ltr' id='par_1_152' title="bbox 855 2820 1640 2859">
     <span class='ocr_line' id='line_1_153' title="bbox 855 2820 1640 2859; baseline 0 -11"><span class='ocrx_word' id='word_1_1017' title='bbox 855 2823 970 2859; x_wconf 61' lang='lat' dir='ltr'><strong>mystice</strong></span> <span class='ocrx_word' id='word_1_1018' title='bbox 989 2822 1169 2859; x_wconf 77' lang='lat' dir='ltr'><strong>significabat.</strong></span> <span class='ocrx_word' id='word_1_1019' title='bbox 1187 2820 1320 2859; x_wconf 72' lang='lat' dir='ltr'><strong>Quocirca</strong></span> <span class='ocrx_word' id='word_1_1020' title='bbox 1336 2830 1394 2859; x_wconf 60' lang='grc' dir='ltr'><strong>Δροξ</strong></span> <span class='ocrx_word' id='word_1_1021' title='bbox 1406 2829 1515 2859; x_wconf 28' lang='grc' dir='ltr'><strong>Δοιηιιοδ</strong></span> <span class='ocrx_word' id='word_1_1022' title='bbox 1538 2820 1640 2859; x_wconf 76' lang='lat' dir='ltr'><strong>laudat.</strong></span> 
     </span>
    </p>
   </div>
   <div class='ocr_carea' id='block_1_153' title="bbox 855 2856 1641 2894">
    <p class='ocr_par' dir='ltr' id='par_1_153' title="bbox 855 2856 1641 2894">
     <span class='ocr_line' id='line_1_154' title="bbox 855 2856 1641 2894; baseline -0.001 -12"><span class='ocrx_word' id='word_1_1023' title='bbox 855 2857 900 2891; x_wconf 89' lang='lat' dir='ltr'><strong>qui</strong></span> <span class='ocrx_word' id='word_1_1024' title='bbox 913 2864 986 2894; x_wconf 75' lang='lat' dir='ltr'><strong>aqua</strong></span> <span class='ocrx_word' id='word_1_1025' title='bbox 1002 2857 1059 2884; x_wconf 89' lang='lat' dir='ltr'><strong>sola</strong></span> <span class='ocrx_word' id='word_1_1026' title='bbox 1074 2857 1206 2894; x_wconf 83' lang='lat' dir='ltr'><strong>contenti,</strong></span> <span class='ocrx_word' id='word_1_1027' title='bbox 1224 2857 1316 2894; x_wconf 85' lang='lat' dir='ltr'><strong>vinum</strong></span> <span class='ocrx_word' id='word_1_1028' title='bbox 1334 2856 1484 2894; x_wconf 67' lang='lat' dir='ltr'><strong>fugiebant;</strong></span> <span class='ocrx_word' id='word_1_1029' title='bbox 1504 2864 1534 2882; x_wconf 82' lang='lat' dir='ltr'><strong>ac</strong></span> <span class='ocrx_word' id='word_1_1030' title='bbox 1549 2856 1641 2894; x_wconf 76' lang='lat' dir='ltr'><strong>pueris</strong></span> 
     </span>
    </p>
   </div>
   <div class='ocr_carea' id='block_1_154' title="bbox 855 2889 1652 2928">
    <p class='ocr_par' dir='ltr' id='par_1_154' title="bbox 855 2889 1652 2928">
     <span class='ocr_line' id='line_1_155' title="bbox 855 2889 1652 2928; baseline -0.003 -10"><span class='ocrx_word' id='word_1_1031' title='bbox 855 2889 1008 2926; x_wconf 82' lang='lat' dir='ltr'><strong>puellisque</strong></span> <span class='ocrx_word' id='word_1_1032' title='bbox 1022 2893 1095 2919; x_wconf 89' lang='lat' dir='ltr'><strong>omni</strong></span> <span class='ocrx_word' id='word_1_1033' title='bbox 1122 2893 1229 2928; x_wconf 89' lang='lat' dir='ltr'><strong>penitus</strong></span> <span class='ocrx_word' id='word_1_1034' title='bbox 1252 2893 1326 2920; x_wconf 91' lang='lat' dir='ltr'><strong>illius</strong></span> <span class='ocrx_word' id='word_1_1035' title='bbox 1355 2889 1493 2919; x_wconf 75' lang='lat' dir='ltr'><strong>interdicit</strong></span> <span class='ocrx_word' id='word_1_1036' title='bbox 1521 2899 1581 2918; x_wconf 88' lang='lat' dir='ltr'><strong>usu.</strong></span> <span class='ocrx_word' id='word_1_1037' title='bbox 1605 2889 1652 2916; x_wconf 46' lang='lat' dir='ltr'><strong>lis.</strong></span> 
     </span>
    </p>
   </div>
   <div class='ocr_carea' id='block_1_155' title="bbox 625 2948 937 2986">
    <p class='ocr_par' dir='ltr' id='par_1_155' title="bbox 625 2948 937 2986">
     <span class='ocr_line' id='line_1_156' title="bbox 625 2948 937 2986; baseline -0.01 -8"><span class='ocrx_word' id='word_1_1038' title='bbox 625 2949 646 2966; x_wconf 74' lang='lat'>”</span> <span class='ocrx_word' id='word_1_1039' title='bbox 659 2957 719 2986; x_wconf 84' lang='lat' dir='ltr'><strong>cap.</strong></span> <span class='ocrx_word' id='word_1_1040' title='bbox 736 2950 764 2985; x_wconf 55' lang='lat'><strong>1,</strong></span> <span class='ocrx_word' id='word_1_1041' title='bbox 801 2949 821 2966; x_wconf 68' lang='grc' dir='ltr'><strong>ιθ</strong></span> <span class='ocrx_word' id='word_1_1042' title='bbox 834 2956 892 2984; x_wconf 82' lang='lat' dir='ltr'><strong>cap.</strong></span> <span class='ocrx_word' id='word_1_1043' title='bbox 909 2948 937 2975; x_wconf 70' lang='lat'><strong>2.</strong></span> 
     </span>
    </p>
   </div>
  </div>
