1927 3074
284 159 336 187 sio
635 159 668 186 1N
688 151 898 188 eameam!
918 160 1019 188 ALEX:
1041 162 1071 188 ι).

1094 161 1136 188 LE
1150 161 1293 189 NOURBY
1318 161 1546 189 DlSSERTATlO
1560 161 1582 188 l.
1861 164 1899 191 83.0

284 230 348 250 vero
362 222 409 255 qui
426 222 452 248 in
469 225 557 249 zetatts
573 227 636 249 sunt
648 221 723 252 ﬂore,
736 221 769 248 ad
777 220 919 256 prandium
935 221 1010 249 nullo
1025 230 1073 257 ρο·-
1087 225 1110 253 Α
1126 225 1216 257 grates
1227 222 1251 250 ei
1263 222 1394 250 debemus
1405 221 1566 257 rependere.
1577 221 1694 249 Domum
1710 225 1814 249 auctor
1826 228 1900 254 noster

284 264 326 288 tu.
344 258 377 284 ad
391 265 498 284 caenam
516 257 622 284 modico
635 257 709 286 vino.
726 257 838 283 senibus
852 256 932 291 paulo
949 257 1072 289 uberius,

285 293 333 321 sed
357 293 424 320 nulli
445 299 563 326 unqttam
581 292 641 319 sine
657 291 840 318 moderatione
867 292 905 318 uti
930 293 1071 327 pemtittit.

285 328 354 355 Illud
372 328 456 357 enim.
470 327 517 354 sed
533 335 602 361 aqua
618 334 724 361 semper
739 331 929 361 temperatum,
945 327 1016 354 sicut
1029 336 1074 354 sa-

285 364 362 390 nitati
381 363 533 398 proﬁcuum
549 366 599 394 est,
628 362 664 388 ita
685 361 830 398 immodice
851 366 971 397 potatum
987 363 1072 397 pluri-

285 407 339 430 ma,
355 405 416 432 qua:
430 398 464 424 ab
480 405 512 424 eo
528 401 715 432 recensentur.
738 397 837 423 damna
863 401 945 431 atque
969 397 1073 424 incom-

284 431 457 460 tnoda’aﬁ'ert
479 437 507 459 et
531 432 670 466 importat.
699 431 736 458 lbi
763 439 844 466 porro
859 433 1029 460 ebriosorum
1045 437 1073 460 et

284 469 495 495 temulentorum
513 467 653 494 hominum
680 471 754 501 gesta
773 467 873 501 paucis
894 468 953 495 ideo
968 467 1072 494 descri-

284 504 333 535 bit,
349 507 378 530 ut
393 510 488 530 omnes
510 503 544 529 ab
568 503 717 538 ebrietate,
735 510 814 536 quam
834 510 911 538 sacra
930 502 1072 538 Scriptura

284 539 421 573 prohiberi
437 538 567 569 ostendit,
582 537 689 564 facilius
704 537 872 565 dehortetur.
888 537 1071 570 Quamobrem

283 574 422 602 subnectit
448 582 461 600 a
483 573 604 604 Christo,
627 573 736 600 tametsi
752 581 861 607 aquam,
879 573 942 600 dum
968 574 1071 608 nuptiis

283 610 438 638 interesset.
455 608 601 635 mutaverit
618 608 645 634 in
663 608 767 639 vinum,
783 616 814 634 ea
829 612 920 635 tamen
944 608 1068 635 immuta-

282 644 356 672 tione
382 645 494 671 minime
520 643 629 678 quidem
654 643 814 678 permissam
835 643 1004 673 ebrietatem.
1023 644 1070 671 sed

282 680 379 711 vitam,
400 687 487 714 aqtteo
510 680 618 714 veteris
633 679 701 713 legis
725 678 817 714 sensui
845 679 977 713 sanguine
997 679 1070 706 illius

281 715 398 746 datam,
425 713 570 748 allegorice
603 713 748 742 declarari.
781 713 937 741 Praescribit
973 714 1071 742 deinde

282 755 416 785 quant-um
429 750 482 776 vini
498 750 585 777 hieme
599 754 646 776 aut
661 749 712 776 alio
727 753 849 783 tempore
862 749 1009 776 bibendum
1023 750 1068 780 sit,

282 790 408 821 vetatque
433 793 467 812 ne
491 786 551 812 vina
562 784 691 821 ardentia
709 791 741 821 ac
769 785 886 821 fumosa,
902 788 927 812 et
952 785 1070 821 curaliis

282 819 372 856 longe
385 820 489 856 dissitis
512 820 680 856 regionibus?
695 819 817 856 advecta,
835 819 931 856 Chium
954 820 1068 856 scilicet,

282 854 434 887 ArinSium,
461 855 602 884 Thasium.
623 854 760 885 Lesbium,
785 855 932 885 Creticum,
951 854 1069 889 Syracu-

284 891 365 922 sium,
384 890 562 921 Mendesium,
587 889 713 920 Naxium,
733 888 866 922 ltalicum,
887 890 921 916 ab
941 888 995 917 ullo
1018 899 1069 917 un-

283 933 365 960 quam
384 926 492 953 homine
507 925 691 958 requirantur.
705 924 838 952 Omnibus
851 925 1070 960 siquidemindi~

281 969 350 995 gena
376 961 438 988 vina
462 960 584 988 suiicere
606 960 720 987 deﬁnit:
743 960 796 988 nisi
817 960 886 988 forte
902 960 996 994 aliqui,
1016 969 1070 988 non

282 1004 362 1023 secus
373 1004 404 1022 ac
420 996 494 1023 stulti
506 995 667 1022 Parthorum
680 1003 769 1029 reges,
778 1003 868 1023 secum
878 995 961 1022 velint
973 1003 1069 1030 aquam

282 1039 392 1066 quoque
405 1034 556 1066 asportare.
576 1029 665 1066 Monet
689 1030 805 1058 subinde
828 1034 929 1065 quanta
952 1029 1070 1058 bibendo

281 1065 463 1098 esse'tlcbeat,
486 1065 612 1093 Minervae
626 1065 707 1093 etiam
726 1066 860 1101 exemplo,
879 1066 1028 1094 honestatis
1043 1071 1070 1092 et

282 1101 412 1128 decentize
429 1109 505 1129 cura.
522 1100 649 1134 Quaedam
668 1100 811 1128 enimvero
824 1107 918 1136 gentes
932 1101 1069 1128 bellicosa:

280 1136 405 1164 ebrietati
431 1136 571 1170 indulgent
586 1135 706 1170 quidem,
724 1136 771 1162 sed
792 1135 897 1170 paciﬁci
918 1137 1067 1163 Christiani

280 1171 380 1199 debent
397 1171 429 1198 ad
443 1171 546 1198 Christi
563 1172 659 1202 instar,
680 1171 725 1205 qui
741 1171 834 1198 vinum
851 1171 1069 1199 moderatissime

280 1206 414 1238 adhibuit,
433 1207 611 1234 moderationi
638 1213 670 1233 ac
693 1206 834 1234 sobrietati
851 1206 971 1234 studere.
989 1206 1066 1234 Inve-

279 1241 354 1278 hitur
367 1241 464 1269 deinde
479 1242 505 1268 in
520 1242 647 1278 mulieres
661 1249 721 1276 qme
739 1241 790 1278 14
806 1242 980 1278 alabastriuis
995 1242 1068 1278 vasis

279 1276 408 1304 indecore
424 1277 560 1308 bibentes,
577 1276 676 1304 collum
693 1276 842 1303 nudabant.
856 1276 998 1304 Postremo
1009 1276 1068 1304 hel-

279 1311 375 1340 luones
401 1320 463 1340 cum
490 1312 620 1346 acephalo
644 1315 782 1339 errantem
807 1313 913 1339 stellam
940 1316 1064 1346 antegre-

277 1347 377 1378 diente,
395 1352 421 1374 et
436 1355 497 1374 cum
512 1347 645 1382 Elpenore
661 1351 811 1381 comparat,
826 1355 857 1374 ac
872 1346 928 1374 Noe
942 1347 1066 1381 exemplo

226 1404 235 1410 .
277 1382 437 1410 ebrietatem
456 1383 610 1417 fugiendam
622 1390 683 1409 esse
697 1383 845 1409 concludit.

314 1417 405 1444 Palam
423 1418 543 1451 posthrec
560 1417 625 1444 facit
644 1417 667 1432 '°
686 1425 767 1451 quam
796 1425 883 1445 vanus
904 1421 930 1444 et
958 1417 1064 1444 inutilis

278 1453 315 1479 δὶι
335 1461 461 1480 ΥΩΞΟΓΙΙῘΙΊ
487 1457 541 1479 tam
568 1456 759 1487 argenteorum
774 1460 854 1486 quam
875 1460 1020 1479 aureorum
1037 1456 1064 1479 et

276 1495 461 1521 gemmeorum
487 1496 573 1515 usus:
597 1491 624 1514 et
652 1487 751 1514 calices
774 1488 941 1518 thericleos.
958 1487 1065 1522 antigo-

277 1523 355 1550 nides
368 1545 374 1553 ,
390 1523 537 1549 cantharos
550 1543 557 1552 ,
574 1523 685 1557 lepistas
696 1541 714 1558 ,ί
722 1526 859 1558 psycteres
873 1543 879 1554 ,
897 1523 1045 1550 alnochoas
1054 1542 1060 1554 .

278 1562 387 1584 servatu
403 1562 496 1592 utpote
511 1558 645 1589 diﬁicilcs,
658 1562 685 1584 et
697 1557 863 1586 Christianis
873 1559 982 1589 vetitos,
998 1565 1061 1592 pro-

277 1593 321 1620 cul
331 1593 408 1627 jubet
420 1591 572 1620 ainandari.
585 1591 639 1620 Nec
653 1592 750 1619 minori
764 1594 908 1620 severitate
920 1591 1062 1627 argenteas

276 1628 427 1662 proscribit
442 1628 534 1659 sellas,
551 1629 653 1662 pelves,
672 1628 826 1658 acetalmla,
843 1629 981 1659 scutellas,
996 1629 1061 1655 cati-

278 1671 329 1690 nos
339 1667 366 1690 et
374 1663 426 1689 alia
438 1670 519 1698 aurea
532 1667 713 1698 argenteaque
725 1670 789 1690 vasa
802 1664 859 1690 sive
868 1664 900 1690 ad
914 1667 1061 1691 cnnsuetos

277 1705 379 1725 mensae
395 1705 427 1724 ac
452 1697 551 1725 domus
566 1697 573 1728 ζ
590 1698 647 1725 sive
671 1697 704 1724 ad
723 1697 790 1726 alios
803 1717 810 1728 ,
829 1706 898 1732 quos
921 1699 1060 1725 nominare

277 1733 380 1767 pudet,
407 1740 473 1759 usus
493 1733 637 1760 destinata.
661 1731 759 1759 Omnia
780 1731 880 1768 quippe
904 1733 980 1765 haec,
1006 1742 1060 1760 non

277 1775 357 1795 secus
372 1775 403 1794 ac
418 1768 563 1802 superbam
579 1768 672 1799 nimis,
686 1772 712 1795 ct
726 1769 956 1803 sumptuosiorem
970 1768 1061 1795 domo-

277 1810 336 1829 rum
350 1803 555 1837 supellectilem,
570 1804 737 1837 lectulosque
748 1803 895 1835 molliores,
907 1812 967 1830 cum
977 1811 1060 1831 sacra:

277 1837 428 1874 .Scriptura‘.
444 1842 471 1866 et
485 1837 606 1866 Platonis
620 1839 792 1870 auctoritate,
809 1842 866 1865 ttun
883 1839 943 1874 ipso
957 1838 1059 1865 Christi

277 1872 385 1908 Domini
405 1875 548 1908 exemplo,
568 1874 648 1908 plane
669 1874 831 1908 penitusque
852 1872 979 1901 dai‘unata
999 1882 1060 1901 esse

275 1907 455 1936 demonstrat.
470 1909 509 1935 Ad
522 1907 578 1936 haec
591 1916 654 1935 vero
668 1907 739 1936 nulla
753 1907 840 1943 major
851 1917 932 1943 quam
945 1917 977 1936 ex
988 1909 1059 1936 mala

275 1943 431 1970 divitiarum
448 1944 683 1972 administratione
697 1948 724 1971 et
740 1952 809 1971 caeca
823 1944 1001 1978 congerenda:
1013 1952 1061 1978 pe-

275 1980 362 2006 cunia;
376 1979 540 2013 cupiditate,
556 1979 658 2006 homini
679 1980 813 2013 pernicies
829 1980 985 2014 certiusque
1001 1979 1060 2007 cxi-

274 2014 342 2043 tium
360 2014 480 2040 affertur.

310 2050 330 2075 A
343 2049 508 2076 Christianis
518 2053 608 2076 autem
619 2050 750 2077 conviviis
763 2050 821 2076 vult
831 2049 956 2077 Clemens
967 2053 1059 2076 noster

273 2091 382 2112 omnem
401 2085 509 2118 penitus
529 2085 655 2112 exsulare
675 2085 902 2112 comessationem
919 2086 940 2100 ἰ
951 2105 958 2116 ,
975 2085 1058 2111 lasci-

274 2120 361 2150 viam,
379 2120 474 2146 inanes
489 2119 649 2153 ineptasque
668 2120 888 2154 pernoctationes
900 2140 907 2151 ,
925 2120 1059 2147 ιθηιιιιεηο

273 2154 338 2181 tiam
351 2173 358 2185 ,
380 2154 538 2181 ebrietatem
550 2175 558 2187 ,
582 2155 663 2181 tibias
674 2175 681 2185 ,
705 2155 831 2189 psalteria
845 2175 852 2186 ,
876 2154 1036 2183 saltationes
1049 2174 1056 2185 .

273 2189 386 2223 plausus
400 2189 600 2225 {Egyptiorum,
609 2190 727 2218 cat-icam
739 2190 883 2221 musicam,
895 2197 1058 2224 omnemque

273 2232 388 2258 prorsus
407 2225 464 2252 sive
486 2225 627 2251 oculorum
649 2225 707 2252 sive
729 2225 835 2253 aurium
855 2225 1053 2259 intemperiem.

1126 258 1246 285 breviter
1260 258 1387 285 edissarit
1400 265 1461 292 qua:
1473 257 1628 284 Christiano
1640 257 1755 284 cantica
1767 262 1796 285 et
1808 258 1898 289 hanno.

1125 292 1169 319 nia
1187 293 1319 327 permissa
1337 293 1400 319 sint.

1158 326 1243 362 Negat
1253 335 1318 354 vero
1331 328 1412 354 etiam
1428 327 1454 354 in
1468 327 1601 354 conviviis
1615 326 1784 354 Christiano
1800 328 1900 358 absurde

1124 361 1248 395 ridendi,
1266 363 1307 390 vel
1320 363 1380 389 aliis
1395 363 1479 389 risum
1498 362 1624 390 movendi
1636 361 1733 389 datam
1751 371 1817 390 esse
1831 364 1899 392 facul-

1124 399 1247 425 tatem".
1265 398 1421 434 Etenimrilli
1436 398 1541 424 urbane
1553 401 1659 434 tantum
1674 405 1709 425 ac
1725 398 1818 432 lepide
1832 399 1897 434 loqui,

1124 440 1156 460 ac
1168 440 1306 467 nunquam
1325 433 1377 459 nisi
1392 433 1563 460 eouvenicnti
1577 437 1715 466 tempore,
1734 438 1763 460 et
1783 433 1897 467 mediam,

1124 467 1293 503 honestaqne
1307 476 1367 495 cum
1383 468 1525 503 severitate
1541 467 1639 497 ridere.
1658 468 1702 494 vel
1717 469 1815 502 potius
1826 471 1898 497 subri-

1123 503 1187 530 dere
1200 502 1361 530 concessum
1377 507 1427 530 est.
1446 502 1515 529 Hinc
1530 503 1602 530 risus
1617 503 1814 535 immodestos,
1834 506 1898 533 lasci-

1123 546 1171 566 vos
1193 543 1219 565 et
1233 545 1365 573 procaces
1382 545 1396 564 a
1417 538 1573 565 Christiana
1595 538 1740 571 republica
1759 541 1851 573 procul
1865 549 1898 567 ar-

1122 574 1222 601 cendos
1237 573 1467 608 declarat.Neque
1489 577 1577 599 tamen
1598 573 1795 600 Christianum
1813 576 1899 603 idcirco

1122 609 1228 646 tristem
1240 616 1301 637 esse
1316 609 1384 641 vult,
1395 608 1446 646 sed
1456 616 1492 646 _ea
1504 608 1637 646 modestia
1653 612 1680 635 et
1695 609 1835 646 gravitate
1846 619 1898 646 pne-

1122 644 1209 671 dilum
1233 648 1263 671 ut
1289 651 1375 679 neque
1394 644 1420 670 in
1437 643 1563 671 obscenis
1574 663 1580 675 .
1596 643 1638 670 vcl
1655 644 1777 672 cuilibet
1793 643 1898 674 molestis

1122 679 1214 710 rebus,
1233 687 1320 714 neque
1335 679 1408 706 omni
1421 682 1551 713 tempore,
1567 686 1656 713 neque
1670 679 1747 713 apud
1765 682 1898 714 quoslibet,

1122 716 1173 742 nisi
1199 715 1269 742 forte
1279 714 1409 741 anonnulli
1427 714 1549 741 seniores
1569 714 1672 748 aliquid
1692 720 1814 742 venuste
1833 721 1856 743 et
1870 716 1898 743 fe-

1121 751 1191 778 stive
1205 750 1335 780 dixerint,
1351 750 1397 776 ille
1410 749 1558 776 subrideat.
1572 748 1665 776 Facile
1679 750 1757 777 enim
1770 759 1806 777 ex
1819 751 1900 778 immo~

1121 785 1181 813 dico
1198 786 1256 813 risu
1272 789 1364 812 manat
1381 784 1537 819 turpitudo,
1556 785 1627 811 sicut
1643 785 1671 811 in
1689 785 1757 812 vino
1773 785 1899 821 improbo-

1121 829 1180 847 rum
1197 821 1335 848 hominum
1352 828 1441 847 mores
1453 823 1647 854 agnoscuntur.

1157 856 1241 883 Multo
1256 856 1337 891 igitur
1356 856 1442 890 magis
1460 855 1547 891 eidem
1563 854 1741 886 Christiano,
1757 857 1847 891 pergit
1862 865 1901 884 au-

1086 900 1106 929 ῃ
1121 895 1180 918 ctor
1195 890 1288 929 noster
1298 891 1332 921 ".
1346 890 1571 929 vitandi_obsceui
1589 897 1746 929 sermones,
1766 890 1901 927 turpiaque

1122 926 1276 961 spectacula
1291 930 1338 952 aut
1350 925 1437 952 facta:
1456 925 1726 961 imorveroistirpitus
1742 925 1900 961 amputanda

1122 959 1179 996 ipsa
1191 961 1319 988 vitiorum
1336 961 1411 988 radix
1426 959 1568 994 cupiditas.
1583 959 1678 996 Neque
1688 959 1800 996 rtamen'
1810 963 1837 989 in
1848 965 1901 990 ullis

1121 995 1248 1023 humanis
1267 996 1390 1030 corporis
1406 996 1553 1026 membris,
1569 995 1621 1022 etsi
1639 995 1798 1030 pudendis,
1818 999 1862 1025 sed
1879 999 1900 1025 in

1121 1032 1179 1059 solo
1197 1032 1261 1058 vitio
1282 1032 1417 1066 rebusque
1432 1030 1539 1058 vitiosis
1554 1031 1605 1057 sita
1619 1035 1662 1057 est
1678 1032 1840 1066 turpitudo.

1154 1066 1239 1094 Nemo
1252 1067 1363 1101 insuper
1370 1074 1385 1093 a
1393 1066 1472 1093 nobis
1481 1085 1487 1097 ,
1497 1066 1604 1101 tametsi
1619 1066 1652 1092 ab
1670 1066 1766 1101 aliquo
1775 1067 1898 1101 oﬂ'ensis,

1121 1102 1148 1128 in
1162 1102 1287 1129 convivio
1303 1100 1409 1129 irrideri
1425 1108 1544 1135 unquam
1559 1100 1638 1127 debet
1651 1101 1691 1127 ’δε
1712 1106 1741 1128 et
1757 1107 1850 1130 tacere
1865 1100 1900 1130 sa;

1119 1137 1173 1164 tius
1184 1141 1225 1164 est
1238 1144 1319 1172 quam
1331 1137 1378 1163 ulli
1393 1135 1590 1172 contradicere.
1610 1135 1711 1172 Verum
1732 1137 1770 1164 ab
1781 1139 1900 1166 omnibus

1118 1172 1229 1208 omnino
1242 1171 1378 1208 conviviis
1387 1175 1498 1206 propter
1510 1171 1599 1208 atatis
1612 1171 1833 1208 imbecillitatem
1847 1182 1900 1208 pro-

1117 1207 1227 1235 hibendi
1241 1211 1304 1235 sunt
1320 1207 1507 1234 adolescentes
1518 1209 1545 1233 et
1558 1206 1784 1237 adolescentulze.
1798 1206 1898 1236 nec-ulli

1118 1250 1237 1277 unquam
1254 1243 1280 1269 in
1296 1242 1329 1270 iis
1346 1241 1613 1277 cumralienaruxore
1629 1242 1861 1270 accumbendum.
1876 1244 1900 1270 Si

1117 1276 1266 1305 necessitas
1283 1281 1373 1305 tamen
1390 1276 1418 1303 id
1433 1276 1568 1311 postulet,
1588 1277 1729 1311 quomodo
1744 1278 1772 1305 id
1791 1278 1865 1310 ﬁeri,
1878 1284 1899 1306 et

1117 1313 1252 1347 praecipue
1267 1312 1403 1347 quomodo
1417 1311 1604 1346 unusquisque
1616 1312 1674 1339 sive
1689 1313 1750 1344 vir,
1767 1315 1826 1341 Sive
1844 1322 1899 1341 mu-

1117 1349 1176 1380 licr,
1195 1348 1253 1375 sive
1270 1349 1371 1378 senior,
1387 1351 1433 1374 aut
1448 1347 1552 1381 junior,
1568 1355 1628 1374 sese
1645 1347 1673 1373 in
1689 1347 1792 1375 iisdem
1810 1350 1900 1376 conri-

1115 1383 1168 1409 viis
1182 1391 1274 1419 gerere
1285 1403 1292 1413 ,
1309 1382 1433 1419 loquiet
1440 1389 1533 1409 vocem
1549 1389 1726 1419 componere.
1741 1392 1776 1411 ac
1790 1393 1851 1419 qua?
1866 1386 1900 1411 vi-

1116 1421 1174 1455 tare
1184 1418 1290 1455 debeat,
1305 1417 1463 1455 singulatim
1472 1420 1499 1444 et
1511 1422 1637 1444 accurate
1644 1417 1900 1455 Clemensejvponit.

1148 1452 1203 1481 Nec
1222 1453 1313 1479 minus
1330 1452 1402 1480 clare
1425 1452 1459 1478 de
1479 1459 1642 1479 coronarum
1656 1474 1664 1485 ,
1681 1452 1785 1480 ﬂorum
1807 1452 1835 1482 et
1855 1464 1900 1482 un-

1112 1492 1275 1524 guentorum
1293 1496 1343 1515 usu
1369 1488 1490 1522 disputat
1503 1487 1536 1518 ",
1561 1495 1592 1514 ac
1608 1488 1830 1524 primoiquidem
1843 1498 1898 1517 eum

1113 1523 1224 1550 minime
1244 1524 1429 1558 necessarium
1449 1530 1509 1549 esse
1532 1523 1680 1550 convincit.
1703 1523 1744 1551 Ne
1759 1526 1824 1558 quis
1842 1534 1900 1552 vero

1113 1559 1195 1593 pedes
1205 1558 1306 1585 Christi
1319 1566 1333 1584 a
1347 1557 1459 1584 muliere
1467 1562 1565 1585 unctos
1583 1558 1725 1591 objiccret,
1739 1557 1899 1593 id'mystite,

1113 1591 1250 1628 quamque
1263 1594 1321 1628 ipse
1333 1595 1456 1628 excusat,
1470 1593 1551 1627 paulo
1565 1593 1706 1627 prolixiori
1720 1591 1899 1628 explicatione

1112 1627 1316 1663 interpretatur.
1339 1627 1392 1655 Sed
1413 1628 1523 1654 brevius
1543 1629 1611 1655 altas
1626 1628 1707 1655 diluit
1729 1627 1900 1663 objectiones

1111 1664 1146 1691 ab
1167 1662 1339 1698 antiquorum
1358 1662 1484 1690 Hebraici
1505 1663 1597 1698 populi
1618 1671 1713 1697 regum
1728 1662 1863 1692 uni-tione
1877 1670 1900 1692 ct

1110 1699 1249 1734 Aristippo
1265 1699 1373 1733 petitas.
1393 1698 1488 1734 itaque
1504 1698 1695 1733 inexplebilem
1716 1701 1818 1726 merito
1855 1709 1898 1727 ex-

1111 1732 1354 1768 agitat'r'nulierum
1372 1732 1523 1769 libidinem,
1540 1741 1611 1768 quae,
1619 1734 1728 1761 etiamsi
1737 1735 1857 1769 plurima
1878 1742 1900 1762 ri

1111 1770 1146 1797 ab
1162 1777 1194 1797 eo
1207 1769 1365 1796 nominibus
1381 1768 1439 1795 suis
1452 1769 1587 1803 appellata
1602 1768 1743 1802 unguenta
1755 1770 1898 1798 haberent.

1111 1805 1163 1831 alia
1178 1808 1269 1840 tamen
1286 1812 1355 1830 nova
1371 1803 1398 1830 in
1414 1803 1473 1840 dies
1487 1804 1689 1840 excogitabant.
1703 1804 1741 1830 Ex
1760 1805 1805 1832 his
1820 1813 1898 1840 porro

1111 1839 1249 1866 concludit
1265 1839 1472 1873 unguentarios,
1497 1839 1655 1865 civitatibus
1677 1839 1748 1866 bene
1790 1839 1900 1866 moratis

1111 1875 1206 1909 pulsos
1216 1895 1222 1904 .
1237 1874 1336 1902 debere
1349 1882 1363 1900 a
1377 1873 1534 1901 Christiana
1551 1873 1691 1908 republica
1709 1875 1747 1900 ita
1768 1876 1896 1905 extrudi.

1112 1908 1140 1936 ut
1156 1910 1248 1937 nullus
1262 1910 1340 1944 plane
1361 1909 1418 1936 sive
1433 1908 1475 1935 vir
1487 1909 1566 1944 ,rsivc
1590 1909 1688 1935 mulier
1709 1915 1897 1944 unguentum.

1111 1945 1158 1972 sed
1172 1943 1332 1980 probitatem
1343 1945 1406 1970 vita:
1413 1947 1439 1970 et
1450 1943 1758 1980 plrtdicitizeunctionem
1766 1945 1895 1972 redoleat.

1110 1978 1203 2014 Neque
1223 1979 1324 2006 idcirco
1344 1978 1456 2010 tamen,
1474 1979 1562 2014 inquit
1587 1979 1651 2008 ille,
1674 1978 1779 2005 debent
1804 1988 1896 2006 omnes

1110 2013 1213 2045 omnia,
1223 2014 1294 2041 sicut
1305 2014 1428 2041 vultures
1437 2018 1462 2041 et
1473 2013 1607 2050 scarabei,
1617 2018 1759 2050 unguenta
1774 2016 1896 2050 rejicere;

1110 2050 1157 2077 sed
1174 2050 1216 2077 his
1231 2053 1335 2076 tantum
1347 2069 1355 2081 ,
1372 2057 1432 2083 quae
1449 2049 1551 2083 aliquid
1568 2053 1685 2084 possunt
1704 2049 1806 2077 afferre
1826 2051 1897 2077 utili-

1111 2086 1185 2116 tatis,
1200 2093 1231 2112 ea
1243 2092 1349 2119 semper
1363 2085 1402 2110 uti
1420 2084 1487 2119 lege,
1502 2088 1532 2110 ut
1547 2084 1651 2110 nullum
1671 2092 1796 2119 unquam
1814 2093 1895 2119 neque

1109 2121 1222 2147 odoratu
1236 2140 1243 2151 ,
1263 2118 1350 2154 neque
1365 2120 1424 2146 visu
1438 2118 1455 2150 ,⁷
1466 2126 1554 2152 neque
1574 2119 1628 2145 alio
1651 2118 1708 2145 ullo
1720 2118 1808 2146 modo
1823 2118 1897 2147 volu-

1111 2155 1179 2190 ptati
1195 2155 1259 2181 dent
1276 2156 1376 2182 locum.
1395 2155 1528 2190 Cmterum
1546 2154 1581 2180 ibi
1595 2154 1726 2190 ostendit
1746 2158 1894 2190 unguentis

1109 2194 1135 2217 et
1151 2191 1211 2217 oleo
1228 2190 1339 2217 morbos
1355 2189 1487 2223 quosdam
1508 2189 1617 2221 sanari;
1638 2189 1685 2215 sed
1703 2189 1836 2218 mulieres
1853 2198 1895 2217 art

1109 2225 1176 2259 guit,
1190 2232 1249 2260 qure
1261 2226 1352 2252 crines
1362 2225 1487 2260 tingunt,
1496 2227 1577 2258 atque
1589 2231 1636 2251 eas
1650 2232 1711 2258 quae
1724 2230 1834 2260 ungunt
1850 2233 1895 2252 ca-

273 2259 444 2321 Quapropter
468 2259 514 2286 ubi
541 2267 590 2287 rex
612 2260 743 2294 propheta
766 2260 890 2287 homines
913 2260 947 2286 ad
969 2259 1053 2286 Deum
1071 2261 1093 2287 D
1107 2259 1294 2295 pillos,’citius
1312 2267 1457 2287 canescere
1473 2259 1652 2286 demonstrat.

273 2298 342 2321 Sono
356 2298 383 2320 tu
405 2302 437 2321 te.
455 2295 583 2321 nsalterio
595 2298 622 2321 et
634 2295 744 2321 cvthara
755 2315 761 2321 .
776 2295 886 2321 chordis
900 2299 926 2321 et
939 2302 1052 2321 organo.
1143 2295 1224 2321 Venit
1240 2295 1337 2321 deinde
1357 2294 1390 2321 ad
1408 2301 1524 2321 coronas
1545 2294 1629 2321 variis
1645 2294 1652 2320 1

273 2298 342 2330 sono
356 2295 437 2326 tubae,
455 2295 583 2330 psalterio
595 2298 622 2330 et
634 2295 744 2329 cythara
755 2315 761 2326 ,
776 2295 886 2322 chordis
900 2299 926 2322 et
939 2302 1052 2329 organo,

273 2329 438 2356 laudandum
454 2330 560 2361 invitat,
575 2329 612 2365 idﬁ
622 2334 718 2356 auelor
733 2334 826 2357 noster
839 2330 952 2365 mystice
966 2330 1053 2364 expli-

273 2365 390 2391 Candum
408 2372 469 2391 esse
488 2365 577 2391 docet.
595 2364 626 2391 Et
642 2365 749 2399 quidem
766 2366 789 2392 si
806 2370 900 2399 gentes
917 2366 1052 2399 quaedam,

272 2407 342 2433 quas
353 2399 397 2427 ille
412 2400 570 2426 nominatim
580 2401 707 2434 appellat,
719 2401 848 2427 nonnulla
862 2400 925 2427 dum
943 2400 1053 2434 bellige-

272 2438 385 2468 rantur,
406 2435 536 2461 adhibent
559 2435 759 2467 instrumenta;
781 2434 926 2462 Christiani
951 2443 1016 2462 sane
1037 2443 1052 2462 c

272 2470 410 2498 contrario
431 2477 538 2504 semper
564 2470 670 2504 paciﬁci
697 2478 750 2496 uno
770 2469 868 2497 debent
888 2472 926 2497 uti
949 2470 1052 2497 instru-

272 2509 382 2540 mento,
402 2505 485 2531 verbo
512 2504 616 2540 scilicet
636 2505 745 2535 divino,
762 2512 815 2540 quo
830 2506 897 2532 alios
916 2505 950 2532 ad
967 2505 1049 2532 Deum

271 2539 451 2571 laudandum,
468 2539 586 2574 agendas
603 2540 627 2566 ei
643 2540 761 2575 gratias,
784 2544 811 2567 ct
833 2540 973 2567 honestam
989 2548 1050 2570 cum

290 2574 395 2610 roxirno
410 2582 460 2601 suo
474 2574 700 2602 consuetudinem
715 2576 757 2609 pie
766 2579 913 2610 sancteque
921 2576 1050 2602 excitent.

295 2615 463 2636 erumtamen
476 2609 498 2636 si
512 2610 573 2644 quis
586 2611 672 2645 lyram
694 2611 736 2637 vel
748 2609 888 2645 cytharam
904 2610 1013 2644 pulsare
1026 2614 1052 2636 et

268 2645 386 2679 psallere
408 2644 536 2675 sciverit,
563 2644 663 2672 id’non
681 2644 770 2679 plane'
785 2645 969 2680 respuendum
991 2652 1052 2672 esse

270 2683 376 2715 monet,
393 2679 473 2706 modo
490 2680 533 2707 ille
548 2688 637 2715 regem
657 2681 816 2715 prophetam
832 2679 940 2707 divinas
958 2679 1051 2706 laudes

269 2714 439 2741 decantaudo
457 2714 590 2742 imitetur.
606 2716 641 2742 At
660 2714 889 2750 quemadmodum
906 2719 1049 2749 antequam

268 2749 358 2776 cibum
374 2754 570 2784 praégustenzus
582 2770 589 2781 ,
611 2749 682 2778 Deus
697 2758 711 2777 a
727 2750 807 2777 nobis
823 2749 975 2776 laudandus
990 2753 1048 2780 est,

269 2785 305 2810 ita
315 2788 342 2812 et
353 2785 379 2811 in
388 2788 463 2819 potu,
475 2785 544 2812 sicut
555 2786 619 2813 olim
628 2785 714 2812 Grzeci
726 2785 760 2811 ad
770 2784 944 2812 Hebraeorum
955 2785 1050 2814 instar,

268 2824 295 2846 et
316 2823 378 2846 ante
403 2827 526 2848 somnum
565 2825 674 2849 nostras
696 2828 748 2855 pro
769 2820 888 2854 acceptis
912 2819 1051 2847 beneﬁciis

302 2897 324 2914 "
338 2905 396 2933 cap.
414 2897 439 2925 5.
477 2899 496 2914 “
513 2906 571 2934 cap.
588 2899 613 2925 ιε.
653 2899 674 2914 ²²
691 2905 749 2932 cap.
769 2897 794 2924 ὄλ
832 2897 854 2914 ι’
869 2905 927 2932 cap.
945 2897 970 2924 6.

1014 2896 1045 2934 ,⁸⁵
1062 2904 1119 2932 cap.
1137 2897 1160 2925 7.

1143 2295 1224 2322 Venit
1240 2295 1337 2322 deinde
1357 2294 1390 2321 ad
1408 2301 1524 2321 coronas
1539 2294 1629 2330 rvariis
1645 2293 1764 2321 ﬂoribus
1787 2302 1895 2330 compa-

1108 2335 1166 2371 ctas
1179 2350 1186 2361 ,
1204 2335 1241 2371 et.
1253 2337 1346 2370 earum
1370 2337 1457 2371 usuin
1475 2329 1546 2371 apud
1563 2329 1733 2371 paganosnin
1760 2331 1894 2357 conviviis
1917 2357 1918 2362 η

1108 2365 1379 2402 frequentissimum:
1394 2365 1461 2391 dicit
1483 2364 1640 2402 Christiano
1662 2364 1793 2402 illicitum
1815 2373 1892 2402 esse.

1108 2404 1201 2434 utpote
1216 2401 1260 2427 cui
1274 2400 1348 2427 nulla
1362 2399 1459 2426 ﬁormu
1477 2399 1659 2426 delectatione
1672 2399 1716 2426 vel
1733 2400 1830 2431 odore,
1845 2401 1894 2427 sed

1108 2435 1166 2462 solo
1183 2439 1292 2469 aspectu
1310 2434 1362 2461 frui
1381 2435 1469 2462 liceat.
1493 2434 1658 2461 Christiana:
1679 2435 1821 2462 enimvero
1835 2444 1895 2461 mu-

1101 2470 1182 2497 ‘lieris
1203 2478 1301 2497 corona
1316 2474 1357 2497 est
1374 2470 1429 2499 vir.
1449 2473 1476 2496 et
1488 2470 1540 2496 viri
1554 2470 1783 2502 matrimonium;
1800 2471 1894 2497 matri-

1106 2505 1188 2532 monii
1204 2509 1292 2532 autem
1307 2505 1387 2531 {loves
1401 2505 1487 2534 liberi.
1505 2511 1536 2530 ac
1550 2505 1685 2531 universze
1703 2504 1833 2533 Ecclesia:
1845 2513 1894 2531 co—

1104 2548 1170 2567 rona
1187 2540 1322 2567 Christus.
1341 2539 1429 2566 lilonct
1442 2544 1533 2566 tamen
1547 2540 1638 2567 varias
1652 2548 1717 2566 esse
1732 2540 1828 2566 ﬂorum
1841 2541 1893 2565 \ir-

1103 2579 1194 2605 tutes,
1214 2583 1328 2609 quantm
1357 2575 1416 2601 alite
1439 2575 1540 2606 utiles,
1563 2575 1623 2601 alia:
1640 2576 1732 2601 noxiae
1755 2579 1819 2602 sunt
1842 2581 1893 2601 aut
1917 2575 1918 2586 ³

1103 2610 1272 2645 periculosae.
1300 2609 1398 2637 Verum
1420 2613 1450 2645 ut
1473 2617 1528 2636 rem
1546 2610 1629 2636 altius
1650 2615 1678 2636 et
1703 2618 1718 2636 a
1735 2619 1785 2638 sua
1806 2610 1890 2644 prima

1102 2644 1207 2680 origine
1222 2649 1342 2679 repetat,
1360 2645 1396 2672 ibi
1411 2644 1529 2678 primum
1545 2645 1702 2678 quomodo,
1720 2651 1747 2672 et
1760 2654 1775 2672 a
1793 2645 1890 2680 quibus
1917 2655 1918 2668 ξ

1104 2681 1217 2716 conperit
1230 2688 1391 2716 coronarum
1407 2680 1605 2716 ususstrictim
1621 2680 1742 2716 attingit.
1759 2680 1889 2714 Quoniam
1917 2681 1918 2684 ‘

1102 2719 1191 2742 autem
1201 2715 1276 2742 falsis
1288 2715 1352 2745 diis,
1370 2715 1414 2749 qui
1425 2714 1538 2741 ﬁoribus
1553 2714 1779 2747 delectabantur,
1798 2722 1889 2741 conse-

1105 2755 1186 2776 crata:
1204 2750 1310 2777 fuerant
1327 2757 1434 2776 comme
1447 2770 1453 2780 ,
1471 2757 1502 2776 ac
1520 2750 1615 2784 pagani
1633 2755 1762 2778 mortuos
1779 2756 1887 2776 eumn-

1105 2785 1181 2816 bant,
1199 2785 1232 2811 iis
1247 2785 1374 2812 omnibus
1391 2785 1547 2815 Christiano
1562 2785 1659 2819 prohat
1676 2793 1740 2813 esse
1756 2785 1886 2812 abstinen-

1105 2819 1179 2846 dum.
1205 2819 1237 2846 Et
1253 2824 1326 2847 certe
1348 2828 1409 2847 cum
1425 2820 1552 2847 Christus
1567 2839 1575 2851 ,
1598 2824 1626 2846 ut
1649 2821 1710 2848 fuse
1731 2821 1824 2849 ibidem
1840 2819 1887 2846 itte

1200 2898 1222 2913 ²⁸
1236 2905 1293 2933 cap.
1312 2897 1336 2924 8.
