1927 3074
59 157 111 185 ΒΞΙ

613 159 657 187 DE
677 159 805 188 TMBUS
821 160 1007 189 P/EDAGOGI
1026 159 1147 188 LIBRIS.

1641 160 1694 189 ΒΗ

62 217 188 251 explicat
198 236 206 249 ,
223 217 316 253 spinis
339 220 486 245 coronatus
507 217 588 253 fuerit
602 238 609 249 ,
625 225 680 245 non
702 218 779 245 decet
797 218 857 252 eius
870 222 894 250 Α
909 218 1011 246 idcirco
1019 226 1066 246 eas
1074 221 1178 245 tantum
1191 225 1251 252 quae
1261 216 1397 253 simplices
1413 221 1476 244 sunt
1491 221 1692 248 etcommnnes.

64 252 371 287 discipulum’tloribus
385 253 521 279 coronari.
538 252 650 279 Fatetur
662 253 771 287 quidem
789 261 858 280 non-

65 287 145 314 nulla
155 308 162 318 .
178 295 240 322 quae
254 292 379 315 recenset
392 307 400 319 ,
419 287 521 314 homini
543 288 618 314 utilia
631 295 663 314 cii
682 288 793 315 floribus
808 297 859 315 un-

65 327 173 357 guenta
186 323 324 357 componi;
339 326 366 349 at
379 322 441 357 quia
455 326 545 357 tamen
557 322 713 350 Christiano
725 323 758 349 ad
771 331 860 350 neces-

66 359 192 391 sitatem,
208 356 348 392 nunquam
365 365 429 384 vero
445 357 479 383 ad
493 356 701 385 delectationem
717 358 758 385 fas
771 363 812 385 est
826 359 859 385 iis

66 393 121 424 uti,
138 393 204 419 hinc
224 400 389 419 coronarum
409 399 489 419 usum
504 392 592 419 eidem
610 393 665 419 ul‘lo
683 393 763 420 modo
778 393 860 420 licere

67 428 184 462 penitus
198 428 347 454 inﬁciatur.
542 461 546 462 ν
794 448 797 452 ι

106 462 234 490 Posthac
252 462 380 490 edisserit
398 462 419 477 ¹⁸
431 461 567 495 quomodo
582 462 765 494 Christianus,
782 470 859 490 conia

67 502 185 531 peracta
197 518 205 529 ,
230 499 264 524 ad
287 505 412 524 somnum
432 497 532 531 praevia
547 498 671 524 oratione
686 506 715 524 se
735 499 860 525 conferre

67 533 182 559 debeat.
206 533 228 558 A
251 533 328 560 lectis
350 536 439 559 autem
460 539 567 558 omnem
593 533 672 566 plane
696 533 808 563 luxum,
834 537 860 560 ct

68 568 232 599 mollitiem,
243 572 270 594 et
283 567 418 603 superflua
430 567 521 603 omnia
532 567 569 593 ita
584 568 706 603 prmeipit
717 568 858 600 reinm-eri,

68 606 101 628 iit
124 610 175 630 sua
193 607 299 630 tantum
321 602 496 636 simplicitate
513 609 563 628 nos
579 603 612 629 ab
625 602 693 629 aestu
715 611 746 629 ac
761 603 860 638 frigore

67 641 212 664 tueantur.
237 638 263 664 In
279 638 314 664 iis
328 641 416 663 autem
435 644 532 663 somno
547 638 585 663 ita
601 638 795 672 indulgendum
806 659 814 669 ,
831 642 860 664 ut

67 672 106 708 ab
128 680 161 699 eo
176 672 254 700 facile
269 672 379 708 eiicitati
394 692 400 703 ,
411 676 444 708 et
461 672 565 706 angelis
580 673 719 708 egregoris
736 673 838 701 similes
851 693 858 703 .

68 707 105 743 ad
128 708 267 734 canendus
285 706 450 743 Deoilaudes
471 712 553 743 noctu
576 706 729 743 surgamus.
748 709 787 734 Ad
811 709 859 735 has

67 742 167 776 itaque
180 743 284 777 vigilias
300 747 327 769 ut
341 741 489 778 Christiani
506 741 688 778 promptiores
703 744 757 770 sint
771 748 797 770 et
813 752 860 778 pa-

66 777 201 813 ratiores,
217 785 274 808 eos,
294 782 324 803 ut
340 777 658 813 soniuti_i_n_immodicum
677 778 792 813 fugiant.
811 777 858 806 ve-

66 811 214 847 heinenter
221 812 390 847 adhortatur.
407 811 457 846 15
468 810 544 838 Illum
559 813 668 847 quippe,
679 810 725 847 qui
735 813 814 840 morti
825 815 857 841 si-

66 846 146 873 milis
168 850 220 879 est,
238 852 264 874 et
285 846 422 881 superfluo
437 847 568 874 alimento
582 846 745 880 concitatur,
757 849 857 876 nullius

67 882 336 920 corporiyelanima:
342 881 600 920 esse_utilitatis__Lot
610 884 857 920 exemploplanum
875 892 895 920 Β

68 916 168 950 utique
185 916 250 953 facit
270 921 298 945 et
318 917 515 953 perspicuum,
527 916 585 953 Non
604 916 698 944 totam‘
710 916 793 953 igiiur
807 926 856 945 no-

67 955 165 982 ctein,
190 952 276 978 multo
304 953 393 979 minus
418 952 536 978 interdiu
564 952 763 980 dormiendum.
787 953 855 980 Ciiiii

68 993 136 1012 vero
150 986 209 1013 dies
224 987 314 1014 deticit
325 1007 331 1018 ,
349 993 404 1015 tum
420 986 517 1013 litteris
533 987 675 1019 homines,
691 988 796 1015 femina:
818 989 857 1015 la-

67 1021 165 1048 niticio
185 1029 295 1056 operam
314 1023 379 1050 dare
399 1021 507 1048 debent.
525 1021 646 1056 Denique
664 1030 713 1050 nos
731 1023 857 1051 Clemens

69 1056 147 1093 serio
162 1056 292 1093 admonet
307 1061 430 1085 nostrum
444 1057 631 1093 tantummodo
646 1065 745 1093 corpus
761 1067 857 1086 somno

67 1090 205 1128 indigere,
219 1092 331 1119 minime
344 1099 409 1120 vero
420 1091 665 1128 animani,‘quippe
680 1090 739 1127 q—uze
750 1101 857 1128 smnper

67 1125 190 1160 cogitet,
212 1133 243 1153 ac
266 1127 331 1154 dum
354 1133 454 1162 corpus
470 1125 589 1163 dormit]
613 1125 650 1154 ita
671 1125 718 1162 per
738 1125 856 1163 scips'ain

67 1165 225 1200 operetur,
252 1166 282 1188 ut
315 1170 376 1189 vera
402 1161 515 1190 somnia
547 1161 602 1189 sint
630 1161 730 1190 sobriae
760 1161 856 1191 animae

67 1197 260 1229 cogitationes.

104 1230 145 1266 Ex
160 1239 194 1257 eo
211 1232 299 1258 somni
315 1235 434 1266 tempore
448 1238 543 1260 auctor
562 1236 656 1260 noster
672 1232 737 1259 data
753 1233 805 1260 sibi
822 1234 855 1261 de

67 1264 290 1293 Christianorum
309 1264 447 1294 connubio
461 1268 569 1295 dicendi
585 1268 730 1295 occasione
746 1268 778 1299 ’⁷,
798 1276 856 1294 ma-

69 1300 172 1338 nifeste
188 1301 267 1328 nobis
284 1302 381 1338 probat
403 1310 515 1338 scopum
533 1303 606 1329 illius
623 1310 686 1338 esse
704 1304 856 1337 susecptio-

67 1343 132 1373 n_ein
145 1335 304 1373 liberorum,
322 1337 401 1364 finem
417 1335 481 1365 vero
496 1338 567 1373 piam
575 1337 732 1365 eorumdem
749 1335 856 1365 institu-

67 1370 183 1408 tionem.
202 1370 374 1408 Quapropter
386 1370 594 1400 omnem—aliain
609 1373 660 1399 viri
676 1373 854 1408 mulierisque

67 1406 293 1443 coniunctionem
313 1407 434 1434 illicitam
445 1427 454 1440 ,
470 1408 581 1443 impiam
596 1412 623 1434 et
642 1406 855 1443 nefariamre'sse

65 1439 318 1479 ceiicl_udit._Quod
337 1439 450 1479 quidem
463 1439 555 1479 ille'ex
572 1446 707 1479 prtecepta
726 1451 741 1469 a
761 1442 854 1479 Moyse

67 1475 171 1512 teporis
183 1480 210 1502 et
225 1476 311 1503 liienie
325 1475 500 1509 abstinentia,
514 1475 585 1505 haud
602 1475 852 1512 iiiepteconiirniat.

65 1509 151 1548 Plura
167 1515 256 1548 autem
274 1512 310 1538 ibi
327 1512 458 1547 disputat,
474 1520 534 1548 qua).
549 1513 582 1540 de
602 1509 717 1547 utroque
731 1513 778 1540 illo
795 1515 854 1540 ani-

909 254 1014 288 colligit
1030 261 1091 281 esse
1113 253 1276 280 induendas.
1306 253 1479 288 Feminarum
1500 256 1591 279 tamen
1618 253 1694 280 infir-

910 287 998 315 mitaii
1023 292 1052 315 ut
1069 288 1214 319 consulat,
1235 287 1362 314 concedit
1382 295 1429 315 eas
1455 288 1628 315 mollioribus
1653 290 1691 316 uti

909 324 1042 355 vestibus,
1055 322 1201 350 dummodo
1213 323 1248 350 ab
1262 323 1316 350 illis
1331 323 1410 350 luxus
1421 323 1510 350 omnis
1523 328 1691 350 amoveatur.

909 358 1106 386 Asseveranter
1131 361 1220 384 autem
1242 357 1401 392 pronuntiat
1426 361 1516 384 veste;
1534 358 1702 392 longiores,.

910 400 1006 420 aureas
1018 414 1024 424 ,
1048 393 1150 420 sericas
1161 413 1167 423 ,
1187 393 1229 419 vel
1254 393 1336 419 nimis
1353 392 1501 419 artificiose
1517 392 1670 420 elaboratas
1682 414 1690 424 ,

910 428 1009 455 divinis
1020 428 1125 462 legibus
1136 428 1244 462 penitus
1255 428 1400 462 proscribi;
1413 432 1494 462 atque
1503 428 1597 455 eodem
1613 428 1692 462 plane

911 463 1055 490 interdicto
1071 463 1168 489 vetitas
1184 470 1255 494 esse,
1273 470 1343 496 quas
1359 462 1404 489 ille
1422 462 1520 489 ibidem
1536 468 1690 495 enumerat,

911 498 1026 524 vestium
1044 498 1178 524 tincturas
1190 517 1197 528 ,
1215 502 1241 525 et
1258 498 1347 524 solum
1362 497 1485 524 nativum
1501 501 1527 524 et
1544 497 1690 525 candidum

911 534 1029 560 colorem
1052 533 1233 559 retinendum.
1252 532 1315 559 Inde
1338 532 1421 566 igitur
1442 539 1473 558 ac
1489 532 1535 559 Cei
1560 533 1690 567 sophista:

911 568 1067 595 testimonio
1088 567 1188 594 evincit
1211 568 1351 594 mulierem
1367 587 1374 597 .
1393 575 1453 597 qua:
1475 567 1560 594 nimio
1577 572 1692 595 ornatus

910 603 1049 637 vestisque
1061 603 1152 629 studio
1164 607 1280 633 tenetur,
1294 606 1348 628 tam
1364 609 1378 628 a
1398 603 1452 629 Deo
1465 610 1547 637 quam
1564 610 1578 629 a
1591 603 1691 637 pudico

911 638 1038 673 conjugio
1055 637 1197 664 excidisse.
1217 637 1270 663 Nec
1287 637 1391 673 eaAvult
1405 637 1455 664 sibi
1473 637 1567 673 objici,
1580 645 1640 672 quae
1657 638 1691 665 de

911 671 1046 707 regiarum
1065 672 1179 699 filiarum
1196 673 1295 699 vestitu
1312 671 1393 707 David
1406 692 1413 702 ,
1429 672 1574 707 allegorice
1591 673 1692 700 intelli-

910 707 996 742 genda
1009 728 1017 740 ,
1034 708 1060 734 in
1080 707 1196 734 Psalmis
1219 707 1326 734 cecinit.
1346 706 1411 733 Nam
1429 706 1552 741 quamvis
1569 710 1596 734 in
1614 709 1691 734 infir—

911 743 1006 769 mioris
1023 750 1105 769 sexus
1122 743 1235 777 gratiam
1252 742 1284 769 de
1301 743 1389 777 legum
1405 742 1549 769 severitate
1563 742 1691 770 Clemens

911 781 1004 805 noster
1016 777 1116 812 aliquid
1135 777 1279 809 remiserit,
1297 776 1631 812 prazfracternihiloniiiius
1643 786 1691 805 ne-

910 817 954 847 gat
967 813 1013 839 ulli
1032 811 1151 846 unquam
1168 812 1257 839 licitas
1274 819 1334 839 esse
1363 811 1500 846 xystides,
1518 812 1689 847 ephaptides.

911 848 998 882 pepla.
1018 849 1191 882 pretiosiores
1214 848 1309 878 lanas,
1323 851 1467 882 vestesque
1492 847 1574 874 nimis
1595 849 1692 882 longas

909 881 1123 910 et’dil'ﬂiicntes.
1145 882 1232 908 Aliam
1249 889 1313 909 vero
1335 881 1516 915 objectionem
1530 901 1537 912 ,
1553 890 1584 909 ex
1611 884 1691 910 talari

909 917 1011 945 Christi
1032 918 1122 944 ttinica
1144 917 1326 951 desumptam,
1348 916 1446 943 ibidem
1469 917 1555 943 diluit.
1572 917 1690 945 Tametsi

909 957 999 979 autem
1017 953 1128 987 simplex
1140 972 1147 984 ,
1166 960 1220 978 non
1237 956 1327 979 tamen
1345 952 1455 979 sordida
1472 952 1552 978 debet
1569 960 1630 980 esse
1645 961 1692 980 ve—

909 987 970 1018 stis,
981 995 1130 1023 oninesque
1142 987 1264 1021 corporis
1278 987 1418 1023 muliebris
1434 992 1524 1023 partes
1539 988 1596 1015 suis
1610 989 1690 1014 vesti-

908 1022 970 1054 bus,
985 1023 1056 1050 sicut
1072 1029 1098 1050 et
1110 1027 1200 1057 caput,
1214 1023 1275 1049 velo
1290 1025 1354 1057 sunt
1370 1022 1407 1048 ita
1422 1022 1552 1056 tegendte,
1570 1027 1599 1049 ut
1615 1024 1690 1050 nulla

909 1065 1027 1092 unquam
1044 1058 1117 1085 nuda
1140 1061 1278 1092 appareat.
1300 1056 1376 1084 Vetat
1393 1057 1572 1085 nihilominus
1593 1065 1627 1085 ne
1643 1065 1691 1085 ve-

908 1092 963 1120 lum
981 1093 1047 1120 il!ud
1063 1093 1097 1120 sit
1119 1100 1284 1128 purpureum
1297 1112 1304 1124 ,
1327 1095 1374 1119 aut
1393 1093 1495 1128 quaevis
1512 1093 1609 1120 mulier
1626 1101 1692 1127 pur-

908 1135 991 1162 purea
1002 1129 1043 1155 vel
1056 1128 1137 1155 nimis
1148 1128 1265 1162 pretiosa
1278 1130 1363 1159 veste,
1376 1135 1429 1162 qua
1441 1127 1581 1154 hominum
1594 1129 1691 1155 oculos

907 1163 940 1189 ad
957 1171 986 1190 se
1001 1167 1160 1190 convertere
1177 1163 1272 1197 possit,
1289 1162 1365 1188 ullibi
1380 1162 1527 1196 aliquando
1545 1167 1645 1190 utatur.

943 1196 1043 1224 Dehinc
1061 1201 1150 1225 autem
1165 1196 1209 1224 ille
1225 1197 1304 1224 docet
1320 1197 1341 1213 ’⁸
1357 1197 1384 1223 in
1399 1198 1591 1225 calceamentis
1607 1198 1686 1225 simi-

907 1232 970 1258 liter
985 1233 1123 1259 vitandum
1135 1240 1196 1259 esse
1211 1233 1314 1264 luxum,
1328 1233 1468 1259 mollitiem
1482 1236 1509 1259 et
1521 1233 1688 1267 superbiam.

905 1266 985 1294 Jubet
1003 1268 1084 1302 igitur
1101 1267 1177 1301 rejici
1195 1275 1263 1293 vana
1284 1275 1428 1293 aureorum
1451 1266 1691 1302 genimeornmque

906 1303 1101 1335 sandaliorum,
1120 1307 1144 1330 et
1159 1302 1331 1336 crepidarum
1351 1302 1543 1336 snlearumque
1561 1303 1687 1329 artificia.

906 1337 1052 1364 Pulchrum
1066 1341 1155 1364 autem
1168 1341 1260 1364 censet
1274 1345 1335 1364 esse
1349 1337 1418 1368 viro,
1434 1337 1488 1364 nisi
1503 1337 1611 1368 militet,
1625 1337 1689 1363 nul-

905 1372 946 1399 los
958 1373 1057 1399 habere
1073 1373 1189 1402 calceos,
1207 1377 1289 1406 atque
1302 1373 1326 1399 ei
1337 1371 1565 1406 quemadmodum
1580 1372 1689 1398 mulieri

906 1407 967 1434 illus
984 1411 1088 1434 tantum
1104 1407 1266 1439 induendos,
1282 1407 1381 1442 quibus
1397 1414 1492 1434 omnes
1507 1407 1616 1441 pedum,
1633 1407 1690 1434 ullo

905 1442 965 1470 sine
981 1442 1052 1470 fastu
1068 1446 1265 1474 coniectorum,
1281 1442 1445 1470 offensiones
1461 1442 1615 1477 propulsari
1628 1446 1688 1469 tuto

925 1482 1015 1504 lICflflL

933 1485 1015 1504 ieant.

905 1485 1046 1540 q[Puerile
1069 1519 1134 1539 vero
1157 1517 1184 1540 et
1208 1520 1307 1539 vanum
1334 1520 1396 1540 esse
1418 1516 1494 1546 putat
1516 1512 1538 1528 "
1565 1519 1687 1546 gemmas

66 1546 132 1588 mali
144 1550 194 1585 ,.et
211 1546 273 1588 aliis
293 1555 353 1588 quae
371 1546 465 1588 vocem
483 1546 646 1588 :ltllllanlnel
663 1546 802 1588 colorem,
819 1549 853 1588 ab
866 1559 887 1588 α
905 1548 1027 1588 quolibet
1047 1548 1143 1578 modo,
1159 1549 1215 1588 sive
1229 1555 1261 1588 ex
1277 1548 1361 1588 maris
1377 1551 1445 1588 testu
1458 1567 1466 1579 ,
1484 1547 1541 1574 sive
1553 1555 1591 1588 eis
1608 1550 1687 1574 terrae

66 1579 190 1607 historia:
212 1579 346 1617 naturalis
366 1583 549 1617 scriptoribus
570 1583 735 1610 referuntur.
755 1583 853 1610 Subdit

65 1623 177 1643 omnem
194 1616 273 1653 plane
289 1618 340 1653 viri
354 1622 381 1653 et
396 1618 528 1649 mulieris.
550 1619 603 1646 nisi
621 1626 675 1652 quo
689 1623 750 1652 post.
764 1619 853 1653 legiti-

66 1657 128 1688 mas
152 1651 359 1688 nuptiasrliberi
376 1653 513 1688 procreari
536 1651 657 1686 possint,
677 1651 852 1680 concubitum

67 1686 136 1724 ipsis
153 1686 384 1724 egpressissiinis‘
394 1687 505 1724 Moysisr
517 1689 608 1715 verbis
621 1708 627 1720 ,
647 1693 685 1724 et
697 1693 804 1724 sumpto
819 1689 853 1716 de

67 1720 218 1747 Sodoniitis
247 1722 382 1756 supplicio
413 1720 595 1751 disertissime
632 1720 767 1750 inhiberi:
788 1723 852 1752 Inde

65 1762 150 1789 porro
168 1756 273 1790 colligit
290 1757 367 1784 nefas
380 1766 440 1785 esse
457 1758 527 1789 viro,
546 1766 607 1785 cum
622 1766 706 1785 uxore
722 1766 771 1785 sua
782 1779 789 1790 ,
805 1764 852 1786 aut

65 1795 210 1829 menstruo
223 1791 356 1829 profluvio
367 1793 517 1829 laborante,
530 1796 578 1819 aut
590 1793 678 1820 adhuc
686 1800 850 1829 prmgnante,

66 1826 106 1851 vel
121 1833 240 1862 unquam
253 1827 340 1855 solius
351 1828 498 1862 voluptatis
510 1835 593 1855 causa
609 1836 664 1855 rem
682 1826 790 1856 habere.
805 1829 853 1856 Pe-

65 1861 254 1898 tulansigitur
266 1862 360 1894 libido,
374 1861 508 1898 pluribus,
522 1871 582 1898 qua:
594 1864 638 1890 ille
651 1863 743 1894 refert,
756 1869 851 1891 vocata

65 1896 235 1933 nominibus.
253 1897 364 1924 omnino
374 1896 538 1925 cohibenda
554 1902 612 1931 est;
630 1898 850 1933 quandoquidem

64 1938 98 1957 ex.
112 1938 143 1957 ea
154 1950 161 1962 ,
180 1931 254 1969 sicut
276 1939 310 1959 ex
326 1933 505 1960 immoderato
520 1931 767 1969 concubiiuﬂmulti
789 1941 851 1969 gra-

64 1967 430 2003 vesque,»Scripturarsacra
446 1971 526 2002 atque
541 1969 621 1996 etiam
631 1967 801 2003 philosophis
814 1973 851 1996 at-

65 2001 232 2028 testaiitibus
246 2023 253 2035 ,
273 2002 366 2037 inorbi
384 2011 415 2029 ac
437 2001 553 2037 plurima
579 2001 756 2030 nec’iuinima
778 2004 850 2031 mala

64 2040 242 2074 generantur.
257 2036 317 2074 Non
330 2038 389 2074 ideo
403 2036 628 2074 tamenriiuptias,
644 2046 703 2073 quae
717 2037 771 2066 Deo
787 2047 851 2074 pro-

66 2072 136 2097 batas
152 2076 234 2108 sunt,
250 2072 420 2100 daninandas
431 2093 438 2104 ,
457 2073 503 2100 sed
520 2072 667 2108 legitimum
679 2093 686 2105 ,
710 2081 742 2100 ac
758 2072 848 2106 nocte,

64 2106 190 2143 etcertis
208 2107 342 2134 duntaiiat
358 2108 525 2142 temporibus
537 2106 594 2139 ,‘ad
614 2108 764 2143 gignendos
779 2109 849 2136 filios

64 2141 165 2168 debere
179 2149 240 2177 esse
253 2150 348 2169 earum
360 2141 449 2170 usuin.
469 2143 563 2170 Pueris
575 2141 666 2177 itaque
679 2150 710 2169 ac
726 2144 847 2176 senibus,

64 2177 152 2210 pergit
169 2176 306 2214 Clemens,
317 2185 415 2214 nitores
429 2178 529 2205 ducere
550 2179 589 2205 fas
605 2176 659 2205 non
676 2182 733 2205 est:
753 2179 850 2214 conju-

64 2219 113 2248 ges
129 2219 194 2238 vero
207 2212 274 2238 nihil
290 2213 344 2239 nisi
361 2213 518 2244 honestum,
534 2217 640 2240 castum
653 2234 659 2245 ,
678 2217 705 2240 et
718 2212 846 2248 pudicum

64 2238 135 2272 inter
156 2253 185 2273 se
202 2238 547 2282 unquainiagererdebei'it.’
562 2238 846 2276 Eb'smvérb's‘ciiék‘i:
862 2238 884 2265 Ῑ)

64 2281 166 2316 stigat,
184 2281 229 2315 qui
253 2281 395 2316 perperam
416 2283 550 2317 negabant
570 2291 584 2309 a
603 2284 709 2310 ratione
730 2285 846 2311 naturali

63 2317 167 2354 alienas
184 2317 336 2354 voluptates
352 2325 412 2344 esse
431 2318 471 2354 vel
490 2318 608 2354 illicitas,
627 2319 668 2354 vel
685 2318 738 2354 Deo
754 2319 848 2354 cogni-

62 2355 117 2387 tas.
133 2350 223 2378 Monet
240 2350 322 2387 igitur
339 2357 445 2380 noctein
462 2353 541 2380 bonis
558 2353 688 2387 operibus
705 2350 847 2380 illustran-

63 2386 137 2424 dam,
151 2386 283 2424 pi_i_d0reiii
295 2395 357 2424 cum
370 2388 462 2424 tunica
474 2395 532 2424 non
543 2386 707 2419 exueiidum,
724 2388 847 2424 iniquum

62 2421 145 2448 rebus
171 2421 300 2449 Venereis
317 2422 388 2449 vinci
400 2442 407 2454 ,
424 2430 456 2449 ac
472 2423 558 2457 ipsam
575 2427 677 2450 rectam
694 2421 827 2451 rationein
839 2444 846 2454 ,

62 2457 287 2491 moderatumque
309 2457 363 2484 cibi
389 2462 416 2484 et
436 2457 520 2486 vestis
543 2465 622 2486 usuin
647 2459 767 2486 salubria
785 2467 848 2487 esse

63 2492 278 2526 intemperantia
294 2492 425 2519 remedia.

97 2525 253 2560 Opportuna
267 2534 349 2562 porro
363 2527 399 2554 ibi
411 2527 501 2555 oblata
511 2528 656 2556 occasione
666 2533 759 2556 contra
772 2536 846 2556 sum-

61 2565 174 2594 ptuosas
188 2562 443 2598 vestesrinv‘eliitur,
451 2569 550 2597 easque
564 2571 578 2590 a
596 2564 705 2591 Christo
722 2564 846 2598 prohibi-

62 2600 103 2623 tas
113 2604 174 2623 esse
184 2597 316 2624 ostendit.
331 2596 479 2631 Spartanos
496 2596 587 2631 itaque
603 2606 635 2625 eo
650 2596 759 2625 nomine
770 2607 845 2625 coni-

61 2631 190 2662 niendat,
217 2632 290 2666 quod
314 2633 380 2659 solis
406 2631 595 2661 meretricibus
618 2633 728 2661 floridas
755 2637 844 2661 vestes

61 2666 350 2703 glilterOIICBSSVCI‘inl:
377 2672 458 2702 atque
479 2668 673 2699 Athenienses,
697 2668 742 2703 qui
765 2676 843 2696 secus

60 2699 214 2738 faciebant,
233 2702 286 2729 sibi
303 2702 342 2728 ait
358 2699 421 2729 non'
430 2710 510 2736 posse
533 2704 688 2738 approbari.
705 2699 843 2731 'Vestibus

59 2737 197 2773 enimvero
217 2744 280 2764 cum
297 2745 353 2764 non
375 2737 426 2764 alia
444 2738 477 2765 de
498 2737 580 2765 causa
606 2739 725 2773 indigeat
741 2739 841 2770 homo,

59 2771 108 2798 nisi
127 2775 160 2808 uti
174 2779 278 2808 corpus
302 2780 381 2800 suum
400 2776 545 2808 contegat,
567 2771 690 2808 illudque
717 2774 750 2801 ab
771 2774 843 2801 aeris

59 2813 103 2834 seu
128 2806 282 2842 frigidioris
308 2815 356 2834 seu
379 2806 517 2835 calidioris
537 2806 697 2844 intemperie
714 2813 841 2841 tueatur,

91 2883 112 2900 "
132 2891 193 2920 cap.
213 2884 239 2912 9.
279 2885 300 2901 "
313 2892 373 2921 cap.
393 2886 436 2914 i0.
475 2886 496 2903 "
515 2894 574 2922 cap.
593 2886 636 2914 Η.
675 2888 697 2905 ’ν
712 2894 773 2922 cap.
790 2887 836 2915 12.

905 1581 1036 1610 raincntis
1053 1587 1138 1614 ortas,
1154 1583 1195 1610 vel
1211 1582 1351 1614 admirari,
1364 1582 1406 1609 vel
1421 1582 1454 1609 iis
1472 1589 1501 1609 se
1515 1585 1562 1608 aut
1575 1581 1686 1608 domum

905 1625 982 1645 suam
1006 1625 1113 1644 ornare.
1130 1617 1312 1650 Quamobrem
1331 1625 1468 1645 summum
1491 1617 1635 1643 mulierum
1654 1625 1687 1644 ea

903 1654 930 1680 iii
947 1661 976 1680 re
992 1653 1083 1680 luxum
1098 1660 1192 1680 severe
1206 1652 1330 1687 castigat.
1347 1652 1458 1679 Fatetur
1468 1652 1576 1686 quidem
1591 1659 1688 1686 super-

904 1696 966 1715 nam
980 1687 1130 1715 Jerusalem
1143 1688 1269 1722 pretiosis
1281 1686 1467 1715 COnstructam
1482 1686 1617 1720 lapidibus
1630 1694 1687 1714 me—

903 1724 1024 1754 morari,
1049 1723 1097 1750 sed
1114 1723 1167 1750 illis
1189 1722 1281 1750 ﬂorem
1303 1723 1417 1757 spiritus
1430 1741 1439 1754 ,
1456 1726 1483 1749 et
1505 1722 1686 1748 immortalem

903 1763 1056 1785 creaturam
1069 1758 1216 1793 signiﬁcari
1231 1758 1382 1784 contendit.
1397 1757 1447 1790 Qui
1463 1761 1553 1793 autem
1565 1764 1686 1791 gemmas

902 1797 1013 1827 propter
1033 1792 1168 1820 h'ominem
1182 1812 1189 1824 ,
1209 1797 1291 1827 atque
1315 1800 1329 1819 a
1349 1793 1415 1824 Deo,
1433 1796 1461 1819 ut
1480 1792 1514 1819 iis
1530 1792 1637 1818 fruatur
1659 1796 1686 1818 et

902 1828 1071 1860 oblectetiir,
1089 1833 1195 1855 creatas
1212 1827 1345 1860 dixerint,
1364 1829 1414 1855 lios
1429 1827 1568 1854 renuntiat
1586 1827 1686 1854 divina:

902 1864 1053 1890 voluntatis
1082 1864 1162 1898 plane
1186 1863 1348 1897 penitusque
1379 1870 1439 1890 esse
1463 1862 1584 1896 ignaros.
1614 1861 1685 1898 Deus

901 1899 1039 1925 enimvero
1057 1906 1087 1925 ea
1101 1897 1192 1924 omnia
1214 1906 1275 1932 qua:
1295 1898 1433 1924 hominum
1450 1898 1511 1924 usui
1529 1897 1685 1924 necessaria

901 1937 975 1962 sunt.
991 1937 1082 1967 aperte
1095 1931 1265 1967 suppeditat;
1282 1936 1388 1964 caetera.
1405 1933 1476 1959 sicut
1488 1939 1596 1963 aurum,
1611 1931 1683 1965 quod

901 1966 1032 1994 eﬂodiuiit
1046 1966 1164 1995 formicae
1177 1988 1184 2000 ,
1207 1967 1326 2003 gryphes
1339 1968 1508 2003 custodiunt
1520 1987 1527 1998 ,
1544 1966 1587 2003 vel
1596 1970 1684 2003 terrai

900 2003 1061 2034 visceribus,
1078 2003 1120 2030 vel
1137 2001 1219 2037 aquai
1230 2001 1365 2037 profundo
1379 2002 1532 2030 abscondit.
1549 2001 1582 2027 At
1595 2001 1684 2027 homi-

899 2045 949 2064 nes
964 2037 1019 2064 haec
1035 2039 1109 2065 curis
1125 2038 1302 2071 supervacuis
1319 2041 1470 2072 quaerentes
1480 2057 1487 2068 ,
1502 2044 1566 2072 vera
1582 2040 1608 2063 et
1625 2043 1684 2062 cci-.-

900 2073 978 2110 lestia
990 2073 1062 2110 bona
1074 2073 1222 2110 negligant.
1238 2071 1370 2099 Prwtei'ea
1382 2072 1529 2106 Apostolus
1539 2071 1617 2110 docet
1628 2079 1683 2110 non

900 2108 991 2134 omnia
1005 2129 1012 2139 ,
1028 2107 1118 2135 etiaiii’
1133 2108 1212 2135 nobis
1227 2115 1358 2134 concessa
1371 2129 1378 2140 ,
1395 2115 1503 2141 semper
1519 2114 1580 2133 esse
1595 2107 1680 2132 licita.

901 2142 972 2170 Deus
988 2151 1071 2173 vero,
1088 2143 1134 2177 qui
1150 2143 1241 2170 omnia
1257 2143 1383 2170 omnibus
1395 2142 1550 2169 communia
1563 2142 1681 2177 creavit,

900 2178 1023 2212 praecipit
1035 2176 1123 2213 prinio
1139 2178 1271 2205 coeloriini
1290 2177 1389 2212 inquiri
1407 2185 1529 2211 regnum,
1544 2181 1570 2203 et
1585 2184 1617 2203 ex
1634 2176 1682 2202 bo-

901 2214 944 2240 nis
956 2212 1057 2240 nostris
1072 2221 1114 2243 ea,
1126 2220 1187 2248 qua:
1196 2213 1274 2240 nobis
1289 2212 1444 2240 necessaria
1458 2220 1512 2238 non
1523 2215 1601 2248 _sunt,
1615 2219 1682 2248 pati:

898 2246 1237 2283 peribiiserogari.C0iitra
1246 2253 1335 2275 tanien
1348 2248 1485 2275 instabant
1498 2246 1586 2273 adhuc
1598 2246 1681 2280 aliqui

898 2287 924 2309 et
936 2282 1085 2318 urgebant}
1102 2283 1188 2318 Cujus
1199 2291 1263 2317 ergo
1276 2287 1355 2310 erunt
1366 2287 1524 2316 sumptuosa
1537 2285 1564 2309 et
1578 2282 1683 2316 magni-

898 2317 949 2344 fica
974 2317 1088 2353 quaeque
1100 2339 1107 2350 ,
1122 2317 1149 2346 si
1162 2326 1257 2345 omnes
1272 2318 1340 2344 nihil
1356 2318 1410 2345 nisi
1430 2317 1482 2353 vile
1497 2322 1523 2344 et
1536 2324 1681 2344 commune

899 2352 1104 2381 habea’iitTSed
1128 2354 1171 2381 his
1191 2353 1318 2380 Clemens
1339 2352 1486 2387 respondet
1502 2359 1596 2379 eorum
1619 2359 1682 2378 esse

898 2388 1013 2423 debere,
1032 2389 1078 2423 qui
1099 2389 1200 2423 absque
1215 2388 1410 2415 vehementiori
1432 2387 1515 2414 animi
1541 2387 1638 2423 affectu
1654 2390 1691 2413 et.

899 2422 1058 2451 discrimine
1072 2424 1105 2450 iis
1117 2422 1164 2450 uti
1172 2426 1297 2458 possunt.
1313 2422 1447 2450 Caeterum
1459 2430 1491 2458 ea
1503 2422 1605 2453 omnia,
1621 2429 1681 2458 quae

898 2463 1012 2485 ornatus
1033 2457 1183 2486 satietatem
1204 2458 1329 2490 afferunt,
1349 2458 1383 2484 ab
1399 2457 1526 2484 omnibus
1541 2465 1602 2484 esse
1616 2457 1681 2490 reji-

898 2493 1004 2525 cienda,
1016 2493 1235 2528 quandoquidem
1247 2494 1273 2520 in
1282 2494 1340 2520 sola
1352 2493 1451 2519 virtute
1460 2493 1589 2519 consistit
1600 2499 1681 2528 omne

900 2528 1000 2564 bonum
1012 2527 1178 2564 [pulchrum
1203 2532 1229 2554 et
1253 2528 1407 2555 honestum.
1420 2527 1682 2564 Quocircauiiilites

899 2561 1044 2598 increpat;
1063 2564 1110 2599 qui
1133 2571 1199 2590 auro
1223 2571 1331 2598 quoque
1350 2563 1528 2590 ornabantur.
1554 2561 1681 2589 Mulieres

899 2606 963 2625 vero
984 2598 1078 2627 acrius
1095 2598 1230 2633 corripit,
1247 2607 1316 2633 quas
1331 2606 1443 2626 cernere
1462 2601 1521 2625 erat
1543 2604 1610 2633 auro
1626 2603 1680 2622 non

899 2636 953 2671 tam
969 2634 1060 2660 ornari
1082 2632 1289 2671 quam’onerari
1303 2654 1310 2665 ,
1327 2641 1359 2660 ac
1375 2634 1446 2671 sicut
1462 2633 1532 2671 apud
1548 2632 1680 2671 barbaros

898 2669 961 2704 olim
977 2675 1068 2697 sontes
1081 2666 1108 2697 et
1122 2676 1193 2699 reos,
1208 2669 1297 2696 aureis
1308 2666 1488 2704 compedibus
1496 2667 1591 2694 vinciri
1603 2669 1630 2694 et
1640 2666 1680 2704 al«

897 2703 985 2738 ligari.
1000 2704 1062 2731 illas
1074 2712 1155 2739 porro
1170 2703 1236 2731 dicit
1252 2705 1286 2731 ab
1297 2700 1392 2731 eodem
1407 2708 1534 2738 serpente
1549 2709 1620 2739 nunc
1632 2700 1678 2727 de-

896 2737 961 2773 cipi,
980 2740 1027 2773 qui
1044 2737 1170 2774 primitus
1186 2739 1268 2766 Evam
1284 2747 1347 2766 esca
1363 2738 1550 2765 fraudulenter
1565 2737 1680 2763 circum-

895 2775 979 2812 venit.
996 2774 1167 2812 Manifestum
1186 2775 1277 2812 itaque
1295 2774 1360 2801 facit
1374 2778 1607 2812 catenasnatireas‘.
1620 2777 1687 2812 more

896 2808 971 2843 nilia,
987 2811 1113 2844 annulos,
1127 2814 1153 2838 et
1165 2807 1299 2844 reliquum
1315 2816 1423 2837 omnem
1437 2807 1578 2835 muliebris
1595 2807 1688 2832 luxus.
