1927 3074
255 162 304 191 3H

570 162 604 189 ΙΝ
624 161 837 191 CLEMENTEM
856 161 960 189 ALEX.
981 161 1013 188 D.
1034 160 1078 188 LE
1097 161 1241 190 NOURRY
1263 160 1491 190 DlSSERTATlO
1510 161 1532 192 Ι.

1819 164 1870 192 8t!

249 221 388 256 disputare
399 222 432 253 ³⁸,
445 229 476 249 ac
488 221 612 250 eumdem
631 223 665 250 ab
679 230 712 250 eo
726 226 822 250 testem
841 222 920 249 citari
935 222 1029 248 Philo-
1045 225 1066 252 Α
1081 222 1152 249 dicio
1169 222 1362 256 permittimus,
1376 221 1443 248 nihil
1457 221 1588 250 audemus
1601 222 1671 249 certi
1685 221 1792 256 aliquid
1805 230 1868 249 cmi-

248 259 375 293 ctioruin?
391 257 427 293 De
443 257 494 284 hoc
508 262 596 284 autem
611 258 736 293 Neptuno
750 258 855 285 medico
869 257 972 292 aliquid
989 258 1029 284 in-

248 292 288 319 fra
306 292 394 319 adhuc
408 292 524 319 dicetur.

275 326 368 361 'Negat
388 331 480 362 postea
497 327 628 354 llervotus
648 328 707 355 sine
727 327 928 355 emendationis
945 325 1032 353 Graeci

247 363 363 396 alicujus
377 363 555 396 manuscripti
570 363 672 389 auxilio
688 370 768 397 posse
787 362 950 389 medicinam
969 362 1032 388 huic

247 398 390 430 desperato
406 397 553 424 Clementis
577 399 665 425 nostri
689 396 751 425 loco
772 397 906 428 adhiberi,
930 397 976 423 ubi
1000 396 1033 424 de

247 433 360 467 deorum
381 432 537 459 simulacris
554 433 594 459 sic
608 433 720 460 disserit
729 433 751 448 ⁸⁸
766 442 772 459 :
789 432 821 458 Τί
835 432 889 467 γὰρ
910 431 1031 466 ἡγεῖσθε,

246 464 268 503 ᾧ
289 467 436 503 ᾄνθρῳποι,
451 467 496 493 τὸν
517 468 644 501 Τυφῶνα,
660 469 707 494 καὶ
722 468 767 503 τζιν
788 464 902 503 Ἑρμῆν,
918 464 1033 503 uulso;

252 501 482 538 Ἀνᾷᾳῂίδηνκκαὶ
505 503 549 528 τὸν
574 503 720 538 Ἀμύητον;
734 501 772 530 Ἦ
790 501 869 538 «sy-4
892 510 931 537 τῳ
953 502 1032 538 δῆλον

247 537 287 573 ξτι
301 536 400 568 λίθους,
418 536 512 573 ὥσπερ
528 538 575 563 καὶ
595 536 640 573 έὺν
654 536 782 573 "Epit-iw;
801 546 809 562 ι
823 537 894 573 Quid
915 537 1000 573 enim,
1015 544 1032 563 ο

249 572 382 608 homines,
405 571 568 599 existimatis
593 571 751 608 Typhonem
771 576 798 599 et
821 571 985 598 Mercurium
1006 575 1033 608 et

246 606 425 642 Andocidem,
439 612 466 634 et
488 606 648 642 Aniyetun'i‘?
670 607 711 634 An
734 614 789 633 non
812 607 1032 642 cuitibetiinani-

248 641 346 668 festum
362 645 405 669 est
426 640 617 677 lapides‘csse
638 650 697 674 eos,
722 643 795 669 sicut
818 643 900 669 etiam
926 640 1032 677 Mercu-

247 676 357 703 rium?)
380 676 479 703 Eodem
505 678 583 711 plane
608 677 690 704 modo
711 677 756 704 liic
780 677 857 704 locus
877 677 904 703 in
926 676 1033 704 duobus

247 711 350 739 nostris
372 711 465 738 Graeca
483 719 565 738 manu
580 713 698 739 exaratis
718 711 860 739 codicibus
880 719 1032 746 repracsen-

247 751 331 777 tatur,
347 747 398 773 nisi
416 747 488 781 quod
506 755 554 781 pro
571 747 686 780 Τυφῶνα
700 748 747 774 καὶ
763 747 807 774 τὸν
827 747 941 782 Ἑρμῆν,
964 747 1030 773 siin-

248 782 345 818 plicius
367 782 484 809 habeant
509 781 626 818 Τυφῶνα.
650 782 764 818 Ἑρμῆν.
787 781 844 814 Qua
861 781 1031 818 'quidemicx

247 817 365 844 lectione
377 818 426 844 etsi
444 824 496 843 non
515 817 624 844 facilius
635 825 716 851 quain
732 825 764 844 ex
781 818 866 844 altera
880 825 961 844 verus
975 817 1033 844 Cte-

247 852 347 879 mentis
360 859 457 879 sensus
471 852 601 886 expticari
615 859 695 886 posse
706 852 841 884 videatur,
853 860 883 878 ex
897 859 928 878 ea
941 855 1030 879 tamen

247 886 380 913 discimus
412 886 587 921 Typhonem.
612 894 644 914 ac
671 887 785 921 proinde
812 887 978 913 Andocidem
1004 891 1032 913 et

247 921 403 957 Amyetum.
420 923 472 948 tria
489 929 551 949 esse
566 921 691 949 Mercurii
710 922 883 957 cognomina.
897 921 964 948 Tota
982 922 1032 948 ita-

247 964 300 989 que
323 956 466 984 ditlicultas
489 957 515 983 in
537 957 637 991 triplici
662 957 708 984 illo
731 957 841 984 nomine
871 957 1032 992 exponendo

268 992 336 1018 osita
350 995 402 1018 est.

248 999 450 1062 potiliapﬁisiiium
467 1026 500 1053 de
520 1025 654 1054 Mercurio
673 1027 823 1057 Andocide,
848 1030 878 1052 ut
900 1025 1032 1062 Hervelus

249 1065 323 1089 recte
337 1061 478 1092 observat,
495 1062 596 1096 aliquid
618 1062 644 1088 in
660 1062 801 1089 Eschinis
817 1065 912 1088 contra
927 1061 1032 1088 Timar-

249 1099 329 1124 chum
346 1097 469 1123 oratione
483 1097 629 1124 invenitur.
647 1097 708 1124 Haec
720 1097 792 1124 enim
811 1101 875 1123 sunt
892 1096 1032 1124 Esehinis

247 1132 332 1158 verba
343 1132 366 1147 ³⁸
380 1140 386 1157 :
407 1140 416 1156 ι
432 1130 515 1158 Εᾰεε
534 1132 561 1158 in
581 1132 689 1164 colono,
704 1140 765 1166 qua:
779 1131 922 1159 dminoniis
937 1131 1032 1159 dican—

236 1171 303 1197 ‘tur,
323 1167 420 1202 falsum
448 1167 548 1202 habere
573 1174 740 1202 cognomen;
767 1174 854 1201 neque
874 1167 947 1194 enim
971 1175 1032 1194 esse

248 1202 389 1229 daemonis.
406 1200 507 1228 Deinde
524 1200 698 1233 Mercurium,
715 1202 760 1236 qui
777 1200 930 1230 Andocides
952 1209 1032 1229 voce-

248 1242 304 1267 tur,
326 1243 455 1272 noniesse
469 1237 630 1267 Andocidis,
654 1238 702 1264 sed
719 1236 822 1272 Egeia‘.
836 1237 925 1263 tribus
948 1237 1032 1263 dcna-

248 1274 330 1298 rium.
344 1282 352 1298 )
370 1271 485 1308 Quidam
495 1272 585 1308 igitur
603 1272 720 1308 aliquem
741 1271 909 1299 Andocidem
927 1272 1034 1300 Mercu-

247 1308 317 1334 rium
333 1315 394 1334 esse
409 1307 594 1334 crediderunt.

284 1342 320 1368 De
333 1343 446 1377 Amyeto
461 1346 552 1368 autem
573 1342 648 1369 addit
664 1341 798 1371 Hervetus
813 1352 820 1370 :
840 1352 850 1368 ι
862 1342 932 1376 Quid
953 1343 1033 1369 intel-

247 1377 323 1415 ligat,
341 1377 443 1408 nescio,
460 1377 530 1403 sitne
556 1376 677 1415 ἀμύητος
708 1378 846 1415 mysteriis
868 1378 1033 1415 nouinitia-

247 1412 306 1446 tus;
323 1419 359 1448 an
381 1419 479 1448 nomen
507 1413 680 1448 proprium.)
691 1412 745 1448 iEi
763 1414 823 1448 ejus
839 1413 933 1448 procul
948 1412 1032 1439 dubio

248 1447 379 1474 memoria
391 1447 540 1478 exciderat,
553 1455 583 1474 se
598 1447 669 1482 apud
684 1447 827 1475 Giratdiim
839 1447 872 1481 ⁸⁷,
888 1455 967 1482 quem
983 1455 1033 1474 sa:-

267 1482 360 1509 issime
374 1482 450 1513 citat,
464 1482 610 1518 aliquando
623 1483 721 1518 legisse
734 1483 866 1518 ἀμύητον,
881 1482 907 1509 id
923 1487 964 1509 est
978 1490 1032 1509 non

249 1516 385 1544 initiatum
400 1520 427 1544 et
440 1516 638 1551 profanumdta
658 1516 783 1545 Mei-curii
804 1516 947 1553 proprium
971 1525 1034 1545 esse

247 1559 412 1587 cognomen;
429 1552 662 1583 ut~Athenienses,
674 1556 743 1580 teste
759 1552 904 1585 Favorino,
915 1556 1031 1579 statuam

248 1586 299 1621 ipsi
322 1594 355 1614 eo
373 1587 483 1613 nomine
508 1587 535 1613 in
558 1586 684 1621 Acropoli
715 1589 870 1614 statuerint.
897 1588 1031 1614 Przeterea

248 1623 378 1658 Erasmus
394 1621 439 1658 ubi
455 1621 490 1658 de
503 1622 554 1658 hoc
571 1622 666 1656 adagio
683 1622 789 1658 Ἑρμῆς
811 1623 958 1657 ἀμύθητος,
981 1623 1031 1649 hoc

247 1662 289 1686 est
312 1657 462 1683 Mercurius
484 1656 585 1688 infans,
609 1658 650 1683 vel
666 1656 798 1692 elinguis.
825 1656 871 1684 aut
894 1656 1031 1688 indoctus,

248 1699 402 1727 sermonem
421 1691 547 1727 instituit,
563 1699 616 1727 nos?
629 1692 755 1718 admonet
769 1693 794 1718 in
811 1693 927 1727 vulgatis
942 1700 1032 1719 exeni-

249 1727 370 1761 plaribus
389 1726 438 1762 legi
455 1726 585 1762 ἀμύητος.
602 1726 679 1759 Quod
695 1727 803 1761 quidem
822 1726 926 1754 iro’nice
941 1731 968 1754 et
985 1735 1033 1762 pcr

249 1761 429 1795 antiptirasiiii
444 1761 546 1788 dictum
567 1769 630 1788 esse
646 1770 725 1788 nemo
741 1763 854 1789 dubitat.
873 1761 941 1794 Quis
958 1761 1031 1788 enim

247 1796 439 1832 mysteriorum
450 1797 544 1832 imagis
560 1804 662 1832 gnarus
675 1801 702 1824 et
716 1797 818 1829 sciens,
831 1805 912 1832 quam
927 1795 1033 1824 Mercu-

249 1832 307 1858 rius
322 1831 434 1858 deorum
449 1831 602 1865 interpres?

283 1865 408 1902 Tertium
428 1866 520 1900 itaque
546 1870 631 1893 restat
654 1865 794 1902 Typhonis
821 1873 938 1897 nomen,
958 1867 1031 1901 quod

249 1906 323 1937 certe
347 1900 453 1937 duobus
468 1901 530 1937 aliis
552 1900 798 1937 explicatu‘rtonge
823 1900 1029 1928 (liﬂicitius’est.

249 1935 357 1963 Scimus
371 1935 480 1971 quidem
496 1936 566 1971 tu:an
586 1937 693 1963 Herveti
710 1935 795 1964 fuisse
807 1937 961 1971 opinionem
975 1937 1032 1963 Cle-

248 1976 364 1998 mentem
380 1970 458 2005 loqui
470 1971 505 2007 de
522 1970 651 2005 Typhone
672 1973 789 2007 gigante,
811 1970 892 2007 cujus
903 1972 1033 2006 frequens

249 2006 321 2041 apud
335 2010 440 2041 poetas
452 2006 575 2040 aliosque
590 2006 738 2040 scriptores
754 2007 865 2033 mentio.
881 2006 933 2034 Sed
948 2014 1031 2041 quor-

248 2049 308 2067 sum
325 2040 406 2075 hujus
420 2040 569 2075 Typhonis,
583 2042 629 2076 qui
647 2042 713 2068 nihil
728 2042 762 2068 ad
778 2049 834 2068 rem
850 2050 926 2069 suam
943 2040 1032 2068 facere

247 2076 402 2106 videbatur,
418 2075 463 2102 ille
479 2075 666 2103 meminisset?
690 2076 802 2104 Rectius
816 2077 906 2111 itaque
924 2084 959 2103 ex
975 2084 1032 2103 ma-

248 2111 399 2146 iiiiseriptis
422 2111 564 2146 codicibus
585 2112 688 2138 nostris
713 2112 843 2138 discimus
868 2111 1031 2139 Mercurium

249 2145 368 2180 aliquem
394 2146 446 2172 tioc
469 2145 609 2180 Typhonis
625 2147 735 2173 nomine
759 2146 843 2173 fuisse
871 2147 1029 2173 vocitatum.

248 2181 315 2214 Quis
329 2185 419 2207 autem
435 2180 480 2207 ille
503 2181 594 2212 fuerit,
614 2185 640 2207 et
661 2186 753 2207 utrum
770 2181 821 2207 hoc
841 2189 939 2208 nomen
962 2190 977 2208 a
1000 2182 1032 2208 li-

248 2216 347 2243 brariis
369 2216 583 2242 amanuensibus
597 2219 670 2243 recte
684 2216 814 2250 scriptum
837 2216 883 2247 sit,
905 2217 976 2243 haud
993 2216 1032 2242 fa-

248 2252 299 2278 cile
320 2251 439 2277 dixeris:
459 2250 524 2286 nihil
541 2250 613 2277 enim
627 2259 678 2278 nos
691 2251 725 2278 de
740 2252 791 2277 hoc
815 2251 944 2286 Typhone
963 2251 1032 2278 Mer-

248 2286 326 2312 curio
344 2285 476 2319 comperti
495 2285 596 2320 aliquid
613 2286 752 2313 invenisse
774 2285 890 2319 ingenue
906 2287 1030 2313 fatemur.

248 2321 283 2347 At
297 2320 394 2347 Cicero
408 2320 453 2346 ubi
463 2320 596 2354 triplicem
609 2320 772 2348 Mercurium
789 2321 873 2348 fuisse
888 2327 1032 2354 memorat,

248 2356 284 2382 ibi
308 2359 437 2382 testatum
456 2350 550 2389 utique
574 2355 638 2382 facit
663 2356 813 2383 secundum
836 2356 946 2383 nomine
967 2350 1029 2382 Tri:

249 2391 341 2424 phonii
358 2389 487 2425 appellari
502 2399 507 2416 ξ
529 2398 538 2414 ‹
553 2389 715 2423 Mercurius,
737 2391 824 2425 inquit
844 2391 889 2418 ille
912 2391 946 2422 ⁸³,
962 2399 1032 2418 unus

247 2425 323 2451 Cotto
348 2429 440 2459 patre.
451 2444 475 2452 ..
490 2424 565 2452 Alter
582 2425 702 2453 Valentis
716 2430 742 2453 et
762 2424 924 2452 Phoronidis
948 2426 1030 2457 titius,

248 2461 271 2486 is
288 2460 333 2495 qui
358 2460 410 2487 sub
428 2460 509 2486 terris
527 2460 651 2492 habetur,
668 2460 739 2487 idem
756 2459 939 2495 Trophonius.
966 2461 1033 2487 Ter—

249 2495 302 2521 tius
313 2493 379 2521 Jorc
396 2495 503 2523 tertio.»
517 2498 570 2521 etc.
590 2495 639 2521 llic
655 2499 745 2522 autem
762 2493 855 2523 Latine
867 2495 1032 2529 Triphonius

248 2537 301 2556 una
314 2529 545 2565 etalteragtitiera
561 2537 575 2556 a
594 2531 712 2557 librariis
730 2538 856 2564 perverse
870 2531 921 2565 ιο
937 2531 1033 2557 immu-

247 2567 319 2596 tata,
342 2564 413 2591 ideui
437 2563 554 2591 fortasse
576 2570 634 2592 erat
650 2572 681 2592 ac
705 2563 797 2592 erce
825 2563 947 2600 Typhon.
964 2565 1032 2592 Cum

246 2599 322 2625 varia
344 2604 433 2626 tamen
449 2606 481 2625 ac
503 2600 697 2634 propemodum
727 2599 897 2632 intinita,”ut
918 2601 1032 2634 ipsemet

247 2635 374 2661 Clemens
399 2637 514 2660 testatur
526 2634 559 2665 ⁸³,
584 2634 685 2662 fuerint
707 2635 895 2669 hujuscemodi
917 2636 1031 2662 deorum

246 2669 419 2704 cognomina,
440 2669 473 2696 de
490 2668 564 2696 hisce
582 2668 757 2704 conjecturis’,
773 2677 842 2704 quas
860 2670 975 2697 aliorum
988 2670 1032 2704 ju~

282 2777 461 2814 fﬂinfracap.
482 2778 535 2814 15.7
563 2778 586 2796 ⁸⁸
599 2786 657 2813 pag.
674 2777 718 2814 64.
756 2777 779 2793 "
791 2778 861 2813 apud
880 2778 1053 2814 Demosthen.
1068 2783 1137 2806 orat.
1153 2779 1179 2806 in
1197 2779 1349 2809 Timarcli..
1364 2787 1424 2814 pag.
1446 2779 1508 2806 8I7.

383 2813 406 2828 ⁸⁸
419 2814 466 2840 lib.
481 2820 511 2839 III
523 2813 558 2840 De
572 2819 670 2840 natura
684 2813 772 2849 deor"
783 2821 844 2848 pag.
857 2813 922 2849 248ἶ
958 2815 1048 2849 ".pag.
1067 2815 1110 2841 16.

245 2813 345 2848 p.291.
383 2813 406 2828 ⁸⁸
419 2814 466 2840 l’ib.
481 2820 511 2839 ιιι
523 2813 558 2840 De
572 2819 670 2840 natura
684 2813 772 2843 deor.,
783 2821 844 2848 pag.
857 2813 919 2839 248.
958 2815 978 2829 ³⁸

246 2849 360 2877 Strom..
377 2855 439 2883 pag.
457 2849 518 2875 35L
567 2849 590 2863 ν’
609 2849 655 2875 lib.
672 2847 820 2883 tifStrom.,
837 2856 897 2883 pag.
915 2848 978 2876 567.

245 2883 306 2911 cod.
323 2882 385 2910 ιιιῑ
421 2884 443 2900 ’ν
458 2883 558 2911 Euseb.
575 2883 623 2910 tib.
642 2891 670 2910 ιιι
688 2882 801 2917 llistor.,
814 2882 931 2918 capi25.

1047 1576 1067 1604 C

1084 257 1207 284 stituere.

1117 291 1210 326 Neque
1224 295 1266 319 est
1280 291 1352 326 quod
1367 291 1447 319 nobis
1467 292 1566 327 aliquis
1581 291 1694 325 otijiciat
1712 299 1746 327 ea
1757 291 1790 327 Asi
1809 293 1862 319 sint

1084 325 1210 354 Mercurii
1230 325 1404 361 cognomina,
1433 325 1556 354 inutilem
1584 327 1620 354 ibi
1650 327 1708 353 fore
1740 325 1868 353 Mercurii

1083 363 1281 396 repetitionem.
1300 362 1406 388 Etenim
1429 362 1481 388 alia
1499 362 1562 389 huic
1577 370 1632 388 non
1651 363 1732 396 plane
1757 362 1869 388 absmii-

1084 397 1118 423 lis
1140 397 1216 432 prius
1233 397 1368 432 occurrit,
1387 396 1490 432 ubiﬁde
1512 397 1645 432 Apollinis
1659 397 1782 424 oraculis
1799 397 1867 424 hunc

1084 431 1179 459 scribit
1196 432 1222 458 in
1235 431 1344 458 modum
1356 432 1379 447 ³⁸
1391 441 1397 458 :
1414 441 1423 457 ‹
1439 431 1525 458 Narra
1537 431 1620 459 nobis
1635 432 1688 458 alia
1702 439 1814 466 quoque
1827 432 1868 458 di-

1083 467 1240 502 vinationis.
1254 467 1295 494 vel
1307 467 1411 502 insana:
1423 468 1513 502 potius
1528 467 1657 494 vanitatis
1671 468 1798 498 oracula,
1810 467 1866 493 Cla-

1083 502 1164 534 rium,
1182 501 1325 537 Pytliium,
1344 501 1510 537 Didyimeum
1521 523 1528 535 ,
1545 502 1725 537 Amphionem
1737 522 1744 534 ,
1767 502 1867 536 Apolli-

1083 545 1155 564 nem.
1172 547 1181 563 i
1208 537 1315 563 Scimus
1338 537 1446 571 quidem
1474 537 1612 565 nonnullis
1639 538 1729 563 visum
1750 544 1784 563 ex
1809 537 1866 564 Cle~

1084 572 1205 599 mentino
1220 576 1293 598 textu
1304 571 1445 599 delendam
1461 580 1523 600 esse
1536 573 1605 599 hanc
1620 572 1746 599 ultimam
1761 579 1866 599 vocem.

1085 606 1137 634 Sed
1153 607 1264 634 omnino
1279 614 1431 641 perperam.
1449 607 1496 634 Illa
1513 608 1584 634 enim
1602 615 1657 634 non
1672 607 1762 634 solum
1777 607 1865 634 edito-

1084 650 1144 668 rum
1168 643 1470 676 nianuscripiorunique
1486 643 1610 669 codicum
1633 646 1805 673 nostrorum,
1822 650 1868 668 ve-

1084 684 1144 704 rum
1161 678 1243 704 etiam
1267 677 1386 707 Eusebii,
1403 677 1449 712 qui
1469 678 1542 704 hunc
1561 677 1710 704 Clementis
1725 677 1814 704 nostri
1829 678 1867 704 to-

1083 720 1144 739 cuin
1162 713 1253 739 retulit
1269 715 1343 739 certa
1359 713 1519 739 auctoritate
1530 713 1716 739 confirmatur.

1118 746 1298 779 Quamobrem
1316 747 1339 774 si
1357 747 1401 774 cui
1413 753 1506 775 nostra
1517 748 1572 774 haec
1587 749 1732 775 verborum
1745 746 1867 780 ejusdem

1084 783 1204 809 auctoris
1219 783 1304 809 nostri
1320 783 1465 817 explicatio
1480 783 1612 813 arriserit,
1629 782 1692 809 inde
1707 790 1779 817 sane,
1798 782 1868 808 haud

1083 817 1226 844 difficiliter
1248 816 1362 852 colliget,
1381 826 1492 845 sensum
1508 818 1580 845 illius
1597 825 1658 845 esse
1681 823 1740 844 tres
1757 816 1865 844 Mercu-

1083 853 1139 879 rios
1156 851 1326 888 Typlionem,
1341 853 1514 888 Andocydcm
1535 858 1561 880 et
1581 854 1736 887 Aiuyetum,
1755 852 1828 878 sicut
1844 856 1870 878 et

1083 887 1128 915 ille
1140 881 1189 922 qui
1199 881 1355 915 'Mercurius
1371 882 1532 922 simpliciter
1542 881 1701 918 vocabatur,
1709 881 1779 914 nihil
1797 888 1869 913 aliud

1083 924 1194 949 omnino
1211 930 1281 953 esse,
1294 930 1375 957 quam
1394 923 1497 957 lapides
1511 927 1538 950 et
1554 930 1630 955 saxa,
1646 930 1707 957 quae
1721 922 1798 949 omni
1819 930 1866 957 pe-

1084 958 1159 984 nitus
1177 965 1259 984 sensu
1276 957 1406 985 destituta
1420 965 1508 985 erant.

1118 992 1241 1026 Paganos
1254 1000 1335 1027 porro
1350 993 1383 1019 ad
1399 992 1502 1020 Christi
1520 992 1597 1019 fidem
1609 992 1674 1019 dum
1685 991 1816 1019 Clemens
1831 992 1868 1018 at-

1083 1028 1166 1054 ticere
1182 1026 1309 1059 conatur,
1327 1029 1367 1055 sic
1385 1032 1481 1054 contra
1498 1035 1545 1054 eos
1567 1028 1721 1062 disputat"
1739 1035 1746 1052 ς
1765 1026 1802 1062 οὐ
1817 1027 1870 1062 γὰρ

1083 1063 1115 1098 δὴ
1131 1062 1220 1098 νμύϐῳ
1247 1063 1295 1097 μὲν
1323 1063 1479 1089 ἐπιστεύετε
1508 1061 1640 1097 ποιητικῷ
1662 1063 1707 1088 τὸν
1727 1061 1812 1098 illiw»
1826 1061 1870 1088 τδέι

1083 1096 1178 1133 Κρἦα
1191 1096 1237 1123 eos
1248 1096 1312 1133 Διὸς
1323 1098 1360 1129 ὡς
1374 1098 1483 1133 ἄριστον
1493 1096 1685 1133 ἀναγράςιᾲνῗτι.
1705 1106 1714 1122 ι
1727 1096 1787 1123 Non
1796 1097 1870 1133 enim

1084 1133 1195 1165 pocticze
1219 1132 1373 1160 credidistis
1394 1132 1507 1165 fabulae,
1537 1141 1597 1166 qua:
1629 1132 1748 1159 Minoem
1774 1132 1869 1158 scribit

1082 1168 1240 1195 Cretensem
1254 1175 1332 1194 usum
1342 1176 1402 1195 esse
1411 1168 1537 1195 familiari
1547 1168 1623 1195 Jovis
1639 1167 1866 1194 consuetudine.»

1083 1203 1116 1230 At
1143 1203 1252 1237 quidam
1276 1203 1424 1230 Clementis
1448 1203 1609 1230 scholiastes
1639 1204 1721 1230 verba
1751 1202 1797 1228 illa
1827 1201 1865 1231 ὡς

1083 1238 1203 1273 ἄριστον,
1225 1245 1257 1265 ex
1281 1237 1398 1265 Homero
1423 1239 1583 1273 corrigenda
1607 1245 1669 1265 esse
1692 1237 1869 1273 putat’ﬁwac

1089 1271 1229 1307 legendum
1247 1272 1384 1308 ὀαριστὴν,
1401 1273 1425 1299 id
1438 1278 1479 1300 est
1500 1271 1669 1308 discipulum
1688 1277 1735 1298 aut
1752 1271 1869 1308 familia-

1082 1306 1150 1339 rein,
1166 1308 1208 1335 vel
1228 1306 1432 1335 cottociitorem.
1449 1308 1503 1335 Nec
1527 1306 1597 1334 male
1612 1307 1734 1342 quidem.
1752 1306 1819 1332 Nam
1842 1307 1868 1332 in

1083 1344 1280 1378 manuscriptis
1300 1344 1412 1375 nostris,
1429 1351 1482 1370 una
1498 1343 1617 1370 litterula
1629 1352 1646 1378 η
1674 1344 1701 1368 in
1713 1350 1727 1367 ο
1745 1343 1869 1378 abrania-

1084 1378 1180 1405 [ιιι-ιεηεί
1194 1378 1312 1412 librario
1320 1379 1390 1405 male
1403 1380 1554 1410 immutata,
1570 1378 1695 1412 ὀαριστὺν
1717 1384 1768 1411 pro
1777 1377 1868 1412 6:192;-

1083 1413 1131 1448 τὴν
1153 1414 1275 1448 legimus.
1296 1410 1327 1439 Et
1352 1413 1378 1439 id
1400 1417 1474 1440 certe
1498 1410 1692 1447 subsequentia
1718 1410 1868 1448 Clementis

1084 1446 1166 1475 verba
1181 1446 1323 1482 postulare
1341 1448 1475 1475 videntur.
1494 1448 1574 1474 Addit
1590 1446 1663 1475 enim
1676 1455 1682 1472 :
1695 1456 1705 1472 ι
1720 1446 1807 1473 Nobis
1820 1453 1868 1482 au—

1084 1487 1137 1509 tem
1163 1481 1217 1509 non
1239 1483 1350 1510 creditis
1377 1482 1422 1509 Dei
1446 1491 1496 1510 nos
1513 1483 1597 1510 fuisse
1612 1483 1776 1516 discipulos.
1790 1491 1799 1506 ι
1820 1481 1869 1507 lti-

1084 1525 1162 1545 nocm
1177 1525 1241 1545 vero
1258 1518 1343 1545 fuisse
1357 1517 1431 1545 Jovis
1448 1519 1611 1552 discipulum
1629 1518 1694 1552 alibi
1711 1518 1792 1544 docet
1815 1524 1865 1542 au-

1084 1557 1144 1579 ctor
1159 1558 1270 1580 noster:
1287 1562 1296 1578 (
1312 1553 1344 1580 Et
1355 1553 1469 1580 Minoem
1486 1551 1604 1580 referant
1619 1553 1652 1579 ad
1667 1551 1745 1579 Jovis
1760 1557 1867 1578 antrum

1084 1588 1247 1617 venientem.
1268 1595 1364 1615 novem
1392 1595 1526 1615 annorum
1552 1588 1640 1622 spatio
1666 1588 1741 1621 leges
1764 1595 1778 1613 a
1801 1585 1867 1622 Jove

1084 1623 1222 1658 accepisse
1234 1623 1266 1649 θ’.
1286 1633 1294 1648 ι
1319 1623 1351 1649 Et
1375 1631 1484 1650 rursum
1514 1621 1583 1650 libro
1609 1624 1736 1658 sequenti
1753 1630 1759 1646 :
1775 1631 1784 1647 ‹
1799 1621 1832 1648 Et
1854 1628 1868 1646 a

1083 1656 1185 1685 Graecis
1211 1658 1365 1685 celebratur
1387 1666 1434 1685 rex
1459 1657 1564 1691 Minos,
1589 1658 1634 1692 qui
1649 1656 1762 1684 'iiovem
1791 1658 1869 1684 annis

1083 1692 1252 1720 familiariter
1268 1701 1329 1720 cum
1341 1693 1407 1720 Jove
1418 1698 1457 1720 cst
1475 1693 1639 1720 versatus".
1654 1702 1663 1717 ι

1120 1727 1148 1754 Si
1164 1735 1223 1762 quae
1238 1729 1347 1755 tandem
1365 1729 1425 1755 aliae
1442 1732 1572 1755 notentur
1589 1727 1758 1755 Clementini
1781 1731 1870 1753 textus

1084 1762 1111 1789 in
1126 1763 1177 1789 hac
1191 1763 1251 1797 ejus
1266 1763 1449 1789 Admonitione
1464 1763 1683 1797 depravationes.
1703 1764 1739 1789 de
1759 1762 1814 1788 illis
1829 1762 1870 1788 iii-

1084 1798 1135 1829 fra,
1153 1798 1198 1825 ubi
1216 1799 1325 1825 occasio
1347 1798 1465 1829 dabitur,
1493 1806 1543 1825 suo
1565 1800 1623 1825 loco
1652 1797 1869 1832 disputabimus.

1084 1831 1136 1859 Sed
1149 1840 1194 1860 eas
1213 1837 1303 1859 tamen
1322 1833 1569 1867 praetermittemus,
1583 1840 1647 1868 qum
1662 1831 1706 1859 vel
1722 1833 1866 1859 levissimae

1083 1872 1157 1898 sunt.
1174 1876 1225 1895 nec
1244 1869 1364 1895 auctoris
1393 1876 1504 1895 sensum
1526 1869 1643 1895 reddunt
1667 1868 1869 1898 obscurioreni,

1083 1903 1125 1930 vel
1143 1910 1204 1938 qua:
1218 1904 1292 1930 nulla
1305 1904 1440 1938 probabili
1452 1904 1556 1930 ratione
1572 1903 1729 1929 ﬁrmantur.

1341 1948 1541 1976 ARTICULUS
1561 1948 1604 1976 IV.

1084 1994 1149 2027 Quis
1164 1994 1242 2027 fuerit
1258 1994 1377 2022 Clemens
1394 1995 1502 2029 hujusce
1519 1994 1552 2021 ίιά
1568 1993 1674 2020 Gra'cos
1690 1993 1870 2020 Admonitio—

1117 2030 1171 2061 nis,
1190 2030 1341 2064 Paedagogi,
1360 2028 1539 2060 Stroiiiatum,
1558 2028 1729 2062 aliarumque
1745 2029 1869 2055 lucubra-

1119 2066 1219 2091 tionum
1243 2071 1354 2096 auctor,
1379 2066 1423 2099 qui
1440 2065 1496 2099 ejus
1517 2068 1690 2099 prmeptores
1704 2084 1711 2094 ,
1736 2065 1869 2098 quodnam

1118 2100 1191 2126 illius
1213 2109 1307 2126 munus
1324 2105 1348 2126 et
1363 2101 1484 2134 ofﬁciunt.
1503 2100 1547 2125 ubi
1561 2104 1585 2125 et
1604 2099 1736 2133 quomodo
1753 2099 1822 2126 Imm:
1837 2099 1869 2125 ad

1119 2135 1223 2162 ercos
1237 2135 1456 2162 Admonitionem
1471 2135 1654 2168 composuerit.

1118 2180 1284 2208 Clementem
1313 2181 1427 2215 hujusce
1458 2181 1491 2207 ad
1514 2179 1623 2207 Graecos
1657 2179 1869 2211 Admonitiom’s,

1084 2216 1262 2250 aliarumque,
1279 2224 1339 2250 qua:
1351 2216 1479 2250 deinceps
1493 2215 1683 2242 examinandae
1700 2220 1778 2246 sunt,
1797 2216 1870 2241 lucu-

1049 2243 1070 2270 ι)
1084 2243 1238 2278 διτιιίοηυίη
1256 2243 1350 2278 veli-uni
1364 2256 1391 2278 et
1409 2243 1557 2285 gediiinum
1573 2255 1714 2285 auctorem
1730 2243 1796 2276 esse
1809 2257 1870 2276 cum

1017 2848 1039 2865 ’³
1056 2848 1155 2877 Euseb.
1175 2848 1227 2878 lib:
1239 2858 1263 2876 Vl
1281 2848 1472 2884 Historfcap.
1491 2850 1531 2876 15.

1084 2290 1202 2318 constet,
1223 2291 1368 2320 antequam
1396 2284 1512 2312 ulterius
1537 2284 1757 2320 progrediamur,
1778 2285 1835 2318 jam
1856 2292 1869 2309 ει

1084 2321 1165 2348 nobis
1189 2321 1252 2355 quis
1275 2321 1320 2348 ille
1342 2321 1433 2351 fuerit,
1458 2320 1552 2347 sedulo
1573 2320 1798 2354 investigandum
1819 2323 1868 2345 est.

1084 2357 1125 2382 Ab
1144 2356 1203 2389 ejus
1220 2360 1310 2382 autem
1331 2356 1440 2382 nomine
1455 2359 1484 2382 ut
1502 2355 1653 2385 ordiamur,
1670 2355 1723 2388 ipsi
1739 2355 1870 2389 quemad-

1085 2388 1195 2417 modum
1219 2390 1381 2418 Eusebius“
1402 2390 1570 2424 Pliotiusque
1579 2391 1602 2408 ⁸⁵
1620 2393 1759 2416 testantur
1774 2397 1780 2414 :
1798 2397 1808 2413 ι
1821 2388 1866 2414 Ti-

1084 2426 1138 2452 tius
1151 2425 1259 2452 Flavius
1271 2424 1395 2452 Clemens
1409 2435 1417 2451 I
1434 2433 1532 2452 nomen
1546 2429 1615 2456 erat,
1628 2431 1784 2458 cognomen
1797 2431 1868 2453 vero,

1085 2461 1107 2486 si
1130 2461 1218 2487 eidem
1241 2460 1358 2487 Eusebio
1392 2460 1580 2491 credideris",
1610 2459 1866 2485 «Alexandrinus.»

1085 2496 1143 2527 Quo
1169 2495 1277 2530 quidem
1309 2495 1471 2529 cognomine
1496 2495 1556 2521 ideo
1584 2494 1735 2530 insignitus
1759 2494 1868 2530 dicitur.

1083 2531 1126 2556 vel
1142 2527 1214 2565 quod
1238 2527 1401 2556 Alexandria
1423 2530 1567 2560 oriundus,
1586 2530 1626 2556 vel
1642 2527 1741 2563 potius
1757 2527 1831 2563 quod
1844 2531 1868 2554 et

1085 2564 1111 2591 in
1129 2565 1179 2592 hac
1195 2565 1261 2591 urbe
1282 2565 1328 2591 diu
1344 2569 1541 2595 commoratus,
1557 2568 1583 2591 et
1598 2565 1743 2598 presbyter
1761 2569 1868 2590 creatus

1086 2599 1177 2628 fuerit.
1201 2599 1260 2626 Non
1282 2600 1354 2626 enim
1380 2601 1416 2626 ita
1443 2605 1548 2626 certum
1572 2603 1614 2626 est
1637 2606 1701 2625 eum
1723 2599 1761 2625 ibi
1778 2605 1867 2625 revera

1084 2641 1184 2666 ortum,
1205 2635 1270 2669 quin
1294 2635 1397 2668 plures,
1418 2639 1488 2662 teste
1507 2633 1675 2669 Epiphanio,
1698 2633 1867 2669 crediderint

1084 2671 1171 2703 patria
1197 2666 1281 2697 fuisse
1294 2666 1496 2697 Atheniensem
1512 2666 1582 2695 [Ὃν
1599 2668 1665 2703 φασι
1690 2677 1766 2700 τινες
1782 2666 1867 2699 Ἀλεξ-

1549 2779 1569 2814 ⁸ῖ
1588 2778 1694 2805 Girald.
1709 2777 1829 2814 Syntag.
1841 2777 1866 2809 9,

1519 2815 1541 2830 ν’
1553 2813 1652 2842 Οιίγςς.
1667 2813 1740 2842 xix.’
1769 2815 1792 2829 "
1806 2813 1866 2841 tib.i

1149 2815 1171 2830 η
1184 2823 1232 2834 nmv

1183 2823 1242 2850 pag.
1256 2815 1282 2842 9.
1321 2816 1342 2831 "
1357 2823 1418 2850 pag.
1435 2815 1479 2840 69.
1519 2815 1541 2830 ν’
1553 2815 1652 2848 Odyss.
1667 2822 1728 2842 xtx.
1769 2815 1792 2829 "
1806 2815 1864 2841 lib.t

1186 2851 1222 2878 ib.
1239 2858 1263 2876 Vt
1281 2849 1394 2883 Histor.,
1412 2857 1472 2884 cap.
1491 2850 1531 2876 t5.
1577 2849 1609 2886 V"
1624 2848 1706 2876 Pliot.
1728 2849 1864 2878 Biblioih..

1321 2816 1342 2831 "
1357 2823 1418 2850 pag.
1435 2814 1479 2840 69.
