1927 3074
255 157 308 184 815

589 158 621 185 1N
642 157 854 185 CLEMENTEM
872 157 974 185 ALEX.
992 158 1023 185 D.
1050 158 1093 184 LE
1111 157 1254 186 NOUHRY
1273 157 1500 186 DISSER’I‘ATIO
1521 159 1540 188 1.

1839 162 1886 189 815

256 217 305 243 diti
330 222 518 252 perceperunt,
539 226 599 244 mox
620 227 628 243 ι
644 219 818 250 incitatorio,
833 229 841 244 ι
863 219 1039 254 παιδαγωγῷ,
1057 222 1077 249 Α
1092 224 1133 245 est
1158 220 1302 247 candidius
1327 223 1353 246 et
1371 219 1490 248 dulcius.
1508 219 1544 245 ita
1564 218 1630 246 nihil
1645 226 1711 246 esse
1723 227 1782 253 quo
1795 220 1886 248 melius

256 260 310 286 quo
341 254 440 287 prioris
469 253 530 279 vitae
558 258 669 288 peccata
691 258 718 281 et
742 254 806 281 vitia
825 255 982 286 emendare,
1010 253 1042 282 ac

257 288 387 323 deinceps
403 288 446 322 pie
461 289 672 323 Christianeque.
694 289 785 316 vivere
802 290 962 320 docoantur,
980 297 1043 317 esse

258 323 455 350 informandos.
471 323 613 357 l‘wdagogt'
629 324 729 358 quippe
743 325 766 352 is
779 329 821 351 est
839 325 910 352 linis.
932 329 961 352 ut
983 325 1043 351 ani-~

258 366 307 385 nne
324 359 427 385 morbis
442 359 749 393 perturbationibusque
764 360 915 390 medeatur,
927 367 1042 394 eamque

258 394 284 419 in
305 398 444 428 posterum
466 394 574 425 virtute,
598 395 756 429 sanctisque
775 395 929 422 actionibus
945 396 1040 422 melio-

257 436 314 454 rem
332 428 439 455 elliciat.

292 463 343 495 Qui
370 468 461 500 autem
491 467 565 500 recte
590 472 623 491 eo
656 464 795 500 paedagogi
825 473 939 492 munere
966 465 1040 500 fungi

257 499 354 531 possit,
380 499 483 525 nullum
507 499 589 525 alium
616 504 713 527 auctor
730 499 824 527 nOSLer
848 509 909 527 esse
925 499 1039 533 doceti,

255 541 335 566 quam
359 534 499 570 Christum
525 533 682 570 Dominum,
698 535 744 570 qui
762 535 835 562 Patri
861 543 911 563 suo
939 542 1042 563 κιαι·ηο

255 576 363 605 semper
378 569 527 605 similis,’et
540 569 611 596 idem
630 578 692 597 cum
706 569 737 597 eo
750 570 832 602 Deus,
850 571 930 597 homo
947 576 1040 605 postea

256 604 354 641 factus,
373 604 422 641 sed
443 604 512 641 nulli
529 612 650 641 unquam
675 610 798 640 peccato,
812 606 878 632 nulli
895 604 1041 641 reprehen-

258 639 342 669 sioni,
357 639 440 667 nullis
452 639 536 666 animi
552 639 805 674 perturbationibus
820 639 954 668 obnoxius
977 641 1038 669 fuit.

255 673 286 699 Et
298 682 362 702 vero
378 675 423 702 ille
447 683 504 701 non
518 673 605 702 solum
623 676 666 703 his
690 677 789 702 divina:
805 681 910 704 natura:
929 681 956 703 et
977 685 1040 704 san-

252 709 400 741 ctimoniae,
423 717 504 744 quant
525 718 574 737 nos
588 718 602 736 a
620 711 739 745 peccatis
763 712 890 739 omttibus
915 719 976 738 cum
993 720 1040 738 vo-

255 745 391 782 luntariis,
406 749 469 782 tum,
481 745 685 782 involuntariis.
700 746 788 780 quoad
805 747 860 774 ﬁeri
875 751 975 782 potest.
994 754 1040 773 ca-

252 781 341 807 vendo
371 780 472 806 imitari
494 779 637 814 debemus,
667 779 797 815 perditus
821 779 883 808 erat
905 783 1014 810 dotibus
1035 792 1038 793 '

252 822 346 842 verum
362 815 442 842 etiam
454 815 530 852 neuin
543 816 587 841 illa
604 822 714 852 peccata
730 817 916 852 prolabamur,
932 825 1038 844 summa

250 857 316 887 cum
332 850 542 887 mansuetudine
555 851 695 885 prohibet;
710 850 742 878 ac
767 860 849 887 penes
878 853 966 886 ipsqu
993 854 1038 879 illa

251 885 418 916 dimittendi,
441 890 468 912 et
493 893 589 913 omnes
621 887 718 914 animae
746 885 847 914 nostra:
877 885 988 915 morbos
1012 893 1039 915 ct

252 921 428 957 aegritudines
445 920 564 957 perfecte
578 921 692 948 sanandi
705 929 812 949 summa
826 926 868 950 est
885 927 1016 957 potestas.

286 955 355 992 cum
371 960 461 982 autem
487 955 532 983 ille
554 956 612 990 ipse
628 964 709 984 verus
722 958 761 984 sit
779 955 1037 992 l)eus",_qu0d|ibct

251 991 368 1027 remittit
385 995 543 1027 peccatum.
562 996 644 1026 atque
662 992 735 1019 illius
749 993 775 1019 in
791 991 939 1024 hominem,
956 1001 1036 1027 quem

251 1025 284 1052 ad
308 1025 454 1060 imaginem
473 1033 549 1052 suam
577 1025 688 1057 creavit,
714 1032 804 1055 tantus
823 1031 865 1055 est
884 1025 982 1060 amor‘,
1008 1032 1037 1054 ut

250 1061 312 1097 ejus
326 1068 410 1097 causa
425 1060 506 1097 homo
521 1060 621 1093 factus,
638 1062 676 1088 illi
691 1070 769 1096 opem
784 1071 891 1097 semper
908 1063 987 1094 ferat,
1005 1071 1036 1090 ac

252 1095 354 1130 ubique
369 1095 515 1132 subveniat
533 1100 560 1123 et
575 1095 731 1131 opituletur.
745 1095 937 1132 Neque‘porro
951 1099 1036 1126 solius

251 1132 302 1171 viri
320 1131 440 1171 hune_in
457 1131 566 1158 modum
587 1136 630 1171 est
650 1131 841 1171 patdagogds’,
855 1131 910 1171 sed
929 1133 1037 1160 femina:

250 1167 344 1204 etiam,
359 1167 440 1204 prius
454 1167 609 1204 communis
620 1175 681 1204 cum
693 1167 751 1194 viro
763 1167 828 1200 vita,
846 1169 921 1195 salus
935 1174 962 1196 et
974 1177 1037 1204 gra-

251 1201 298 1231 tia,
315 1209 346 1229 ac
359 1202 429 1229 bona
445 1201 563 1236 denique
578 1203 668 1229 omnia
681 1207 745 1229 sunt
758 1203 924 1230 communia.

285 1236 355 1272 Quia
378 1244 442 1264 vero
466 1237 517 1264 soli
535 1238 612 1271 pueri
632 1239 657 1264 in
679 1238 851 1272 disciplinam
876 1239 1034 1269 traduntur.

250 1271 315 1299 hinc
336 1271 463 1299 Clemens
488 1272 601 1306 quinam
627 1280 642 1298 a
667 1271 776 1300 Christo
813 1274 955 1300 erudiendi
981 1276 1036 1301 sint

250 1307 394 1344 diligenter
410 1307 597 1344 investigat".
612 1306 801 1335 Palamantem
816 1309 881 1335 facit
896 1317 943 1336 eos
960 1309 1035 1344 ipsos

249 1349 322 1379 esse,
342 1342 388 1377 qui
414 1349 508 1369 revera
526 1342 674 1370 Christiani
689 1348 763 1374 sunt,
777 1351 866 1378 eoque
883 1342 1036 1379 gloriantur

250 1378 374 1408 nomine,
389 1385 444 1411 quo
467 1385 522 1404 non
541 1382 618 1408 antas,
636 1379 683 1405 sed
696 1379 858 1413 simplicitas
873 1378 978 1406 morum
995 1380 1035 1406 vi-

249 1418 339 1448 tatque
365 1413 508 1449 integritas
534 1413 746 1449 etminnocentia
774 1414 943 1449 signiﬁcatur
980 1414 1035 1442 Nec

249 1448 341 1475 minus
357 1450 429 1475 clare
445 1447 541 1482 probat
561 1448 623 1475 illos
639 1448 760 1475 eamdem
774 1447 810 1475 ob
825 1457 936 1476 causam
949 1451 1036 1477 sacris

250 1491 277 1510 in
298 1483 450 1518 Scripturis
468 1482 699 1514 adolescentulos,
721 1484 853 1517 agnellos,
878 1489 905 1510 et
922 1485 1033 1517 vitulos,

250 1519 392 1551 lactantes,
414 1518 557 1544 columbas
571 1518 722 1552 simplices,
742 1520 830 1553 pullos
845 1519 1033 1546 columbarum

249 1559 275 1580 ct
290 1554 453 1588 gallinarum
466 1552 582 1580 infantes
595 1553 676 1585 ﬁlios,
693 1552 800 1585 ﬁliolos,
816 1562 914 1581 novum
932 1555 973 1581 vel
983 1563 1033 1581 na-

231 1598 233 1602 π
250 1594 369 1615 scentein
395 1588 526 1624 populum
543 1589 685 1624 appellari.
706 1588 806 1616 Eodem
824 1597 932 1624 quoque
949 1597 1031 1617 sensu

251 1631 344 1650 vorem
360 1625 455 1658 νήπιος
471 1623 557 1658 accipi
572 1623 681 1657 planum
703 1624 819 1651 subinde
834 1624 909 1650 facit.
929 1624 961 1650 Et
975 1625 1032 1652 haec

249 1659 359 1693 quidem
383 1658 538 1692 appellatio,
563 1666 644 1692 quam
670 1658 752 1693 aliqui
777 1666 916 1693 perperam
936 1660 1031 1687 irride-

251 1695 325 1724 bant,
343 1693 508 1720 Christianis
528 1693 646 1727 gloriosa
667 1694 748 1728 plane
760 1695 924 1727 videbatur;
940 1699 1033 1729 utpote

249 1737 309 1763 qna-
324 1732 446 1756 sanctam
463 1729 678 1762 simplicitatem,
695 1729 930 1763 aeternitatemque
943 1731 1033 1757 omnis

249 1764 319 1791 senii
344 1769 480 1798 expertem
503 1764 646 1797 signiﬁcet.
666 1763 704 1790 Eo
718 1765 818 1791 etenim
834 1764 944 1791 nomine
958 1772 973 1791 a
988 1773 1034 1792 vc-

250 1799 301 1825 teri
317 1798 501 1825 israelitarum
519 1799 618 1833 populo
637 1799 760 1829 discreti,
777 1803 802 1826 et
819 1798 922 1833 Spiritu
938 1805 1034 1827 sancto

250 1836 277 1860 in
294 1834 410 1860 liliorutn
427 1833 601 1867 adoptionem
618 1835 751 1868 generati,
775 1834 830 1861 Deo
852 1835 931 1869 longe
954 1839 1033 1862 erant

249 1870 357 1896 caeteris
373 1869 500 1896 omnibus
517 1868 668 1896 chariores.
686 1868 763 1901 Quod
782 1869 892 1904 quidem
904 1868 1033 1897 Clemens

250 1904 375 1939 mysticis
398 1904 496 1935 lsaaci,
518 1911 580 1930 cum
602 1912 686 1931 uxore
711 1912 760 1932 sua
775 1904 898 1932 Rebecca
916 1904 1033 1933 ludentis

249 1943 277 1966 et
302 1939 425 1972 ridentis,
446 1939 717 1973 interpretationibus
742 1940 855 1974 pulchre
878 1940 1031 1967 conﬁrmat.

250 1974 309 2002 Huc
324 1975 430 2002 accedit
440 1975 513 2009 quod
527 1974 718 2010 Christusipse
727 1982 803 2009 puer,
818 1975 934 2009 puellus.
947 1983 1034 2010 agnus

250 2014 277 2037 et
293 2010 385 2037 infans
400 2009 492 2036 vocari
508 2017 562 2036 non
577 2010 696 2037 erubuit.
711 2009 747 2036 Ex
760 2011 859 2044 quibus
874 2009 1034 2038 auctor’no-

251 2049 307 2073 ster
325 2046 387 2079 jure
411 2045 509 2072 merito
529 2044 670 2071 concludit
695 2045 842 2079 perfectam
866 2045 1034 2072 Christiano-

251 2089 310 2107 rum
327 2080 459 2115 puerilem
471 2079 645 2114 disciplinam
659 2080 710 2107 hac
724 2081 1034 2109 sacrationicnclationc

249 2116 392 2143 declarari.

286 2151 354 2177 Tum
371 2157 435 2178 vero
449 2158 498 2178 eos
523 2149 569 2184 qui
598 2154 710 2184 propter
737 2149 789 2176 hoc
819 2150 908 2185 ipsum
935 2158 1034 2178 nomen

250 2187 360 2213 eosdem
377 2186 551 2213 Christianos
573 2185 801 2220 aspernabantur,
825 2186 933 2220 egregie
954 2185 1035 2213 refel-

252 2222 325 2248 lit”.
355 2221 513 2248 Christiana
546 2221 647 2255 quippe
668 2220 783 2247 infantia
809 2227 888 2247 suum
912 2228 926 2246 a
947 2222 1034 2248 sacris

251 2256 379 2291 baptismi
401 2255 482 2283 undis
499 2256 549 2290 12
571 2255 732 2290 principium
757 2255 883 2282 habebat.
908 2256 990 2290 Atqui
1005 2257 1032 2283 in

249 2300 282 2318 eo
299 2291 366 2318 nihil
381 2291 459 2325 plane
470 2291 633 2325 imperfecti,
648 2291 695 2318 sed
705 2298 839 2317 summam
852 2298 913 2318 esse
943 2291 1031 2326 perfe-

250 2327 381 2356 ctionem,
399 2334 432 2353 ex
450 2326 535 2353 rariis
549 2326 670 2360 ejusdem
688 2326 852 2353 sacramenti
867 2326 1033 2360 nominibus,

250 2366 276 2388 et
296 2362 406 2392 etlectu,
424 2365 507 2396 atque
524 2369 557 2388 ex
574 2363 633 2396 ipso
648 2362 749 2388 Christi
764 2361 924 2395 baptismate
943 2363 1032 2388 mani-

251 2397 399 2424 festissime
422 2396 550 2423 ostendit.
576 2396 608 2422 Et
624 2396 651 2423 id
664 2397 773 2430 quidem
799 2397 920 2430 Apostoli
943 2398 1032 2424 tirmat

249 2433 356 2463 verbis,
382 2432 482 2466 quibus
501 2432 672 2459 Christianos
694 2432 759 2458 vitio
777 2431 913 2462 infantes,
941 2436 1032 2459 mente

250 2467 386 2501 perfectus
413 2475 474 2494 esse
499 2467 587 2501 jubet.
613 2466 737 2493 Attamen
761 2467 888 2501 quoniam
907 2467 1031 2493 nonnulli

251 2503 417 2536 objiciebant
442 2502 518 2528 illum
540 2502 635 2528 eadetn
653 2502 798 2536 scripsisse
809 2502 837 2528 in
855 2501 985 2536 Epistola,
1002 2510 1032 2529 se

251 2537 416 2564 Christianis
442 2541 535 2571 utpote
565 2537 761 2564 inﬁrmioribus
789 2545 844 2563 non
864 2537 966 2568 cibum,
985 2538 1032 2564 sed

250 2577 380 2607 tanquam
396 2572 545 2599 infantibus
558 2572 600 2599 lac
613 2571 720 2599 dedisse
733 2581 739 2605 ;
758 2572 820 2599 hinc
835 2572 880 2599 ille
902 2575 957 2598 tam
978 2571 1033 2598 Ilo-

251 2610 331 2641 meri,
349 2615 429 2642 quam
446 2608 589 2642 ipsiusmct
613 2608 734 2642 Apostoli
752 2608 918 2634 auctoritate
935 2607 1033 2641 probat

252 2643 295 2670 lac
318 2643 468 2678 perfectum
489 2650 551 2670 esse
574 2642 744 2670 alimentum.
762 2642 840 2674 Quod
865 2642 973 2678 quidem
1002 2646 1033 2668 ut

251 2677 361 2713 planius
377 2678 556 2709 demonstret,
580 2678 657 2712 plura
670 2678 705 2705 de
719 2679 797 2704 lactis
820 2678 847 2704 in
868 2677 1031 2704 feminarum

250 2712 382 2741 uberibus
402 2714 590 2748 procreatione
605 2713 742 2747 disputat;
758 2720 790 2740 ac
804 2712 924 2747 physicis
947 2713 1032 2738 ratio—

250 2749 333 2778 nibus
346 2747 426 2776 nobis
442 2748 607 2783 persuadere
624 2752 741 2774 conatur
757 2748 822 2774 illud
837 2755 870 2775 ex
886 2747 1029 2783 sanguine,

249 2784 342 2811 album
358 2784 385 2810 in
397 2782 515 2810 colorem
528 2790 669 2814 converso,
684 2790 791 2814 semper
805 2782 928 2810 formari.
944 2782 1030 2809 Porro

251 2824 341 2846 autem
363 2816 426 2845 inde
442 2819 487 2846 ille
505 2819 618 2854 colligit,
634 2816 863 2852 quemadmodum
877 2817 946 2844 nihil
960 2819 1030 2846 lacte

1095 254 1175 282 homo
1192 255 1338 281 nutriatur.
1363 254 1453 289 Atque
1476 254 1566 284 hanc,
1592 254 1702 288 inquit.
1724 255 1762 281 ob
1779 261 1885 282 causam

1093 289 1204 324 quidam
1217 290 1258 316 lac
1271 297 1369 316 manna
1383 288 1599 324 appellaverunt,
1610 294 1636 316 et
1647 288 1785 317 Christus
1799 289 1884 316 Domis

1093 333 1145 352 nus
1174 325 1200 351 in
1227 325 1401 352 cucharistize
1431 329 1603 352 sacramento
1628 331 1842 360 suumrcorpus
1861 331 1885 352 et

1093 360 1265 394 sanguinem.
1283 361 1329 394 qui
1348 361 1430 386 etiam
1453 360 1543 386 vinum
1560 359 1675 394 mystice
1701 359 1822 390 dicitur.
1839 368 1884 395 pro

1093 395 1163 422 lacte
1177 399 1203 422 et
1220 395 1358 429 spirituali
1370 395 1501 422 alimento
1517 395 1647 421 omnibus
1667 398 1695 422 et
1713 395 1882 422 manducan-

1093 430 1156 457 dum
1174 430 1291 464 pratbuit
1310 434 1337 457 et
1355 429 1515 457 bibendum.
1532 429 1667 457 Creterum
1682 430 1820 464 quoniam
1836 433 1882 456 liti-

1093 466 1127 493 lis
1142 466 1316 500 salubrisque
1332 470 1374 492 est
1391 465 1470 492 lactis
1488 472 1549 491 cum
1567 473 1637 500 aqua
1651 470 1680 491 et
1698 465 1796 495 melle.
1808 471 1882 500 atque

1093 502 1175 527 etiam
1191 501 1255 528 vino
1273 500 1346 527 dulci
1365 500 1515 535 permistio,
1533 499 1598 526 eam
1609 499 1740 527 Clemens
1761 506 1882 535 propter—

1091 543 1123 563 ea
1151 543 1213 563 cum
1244 534 1398 570 baptismo,
1421 534 1643 570 V'erhoidivino,
1674 540 1702 562 et
1727 534 1880 563 Ctiristiana

1093 571 1144 598 ﬁde
1168 571 1320 598 luculenter
1342 571 1494 605 componit.
1511 569 1634 604 Denique
1657 571 1793 605 quamvis
1814 576 1881 598 tanta

1092 607 1126 633 sit
1143 606 1361 633 Christianorum
1381 613 1394 631 a
1412 610 1540 640 suscepto
1558 605 1724 640 baptismate
1736 606 1877 641 perfectio,

1091 646 1280 668 verumtamen
1295 649 1356 668 cum
1372 641 1418 667 illa
1435 642 1556 667 omnium
1575 640 1693 667 maxima
1707 640 1765 668 non
1784 641 1831 672 sit.
1843 650 1882 668 eo-

1090 684 1151 704 rum
1172 677 1275 703 idcirco
1297 675 1418 704 retundit
1445 675 1612 710 superbiam,
1627 676 1674 710 qui
1703 684 1734 703 se
1761 676 1881 710 ipsismrt

1091 712 1223 746 apostolis
1239 711 1414 746 perfectiores
1425 718 1486 738 esse
1501 712 1582 737 stulte
1594 711 1788 738 venditabant.
1806 711 1881 738 Sum-

1090 755 1133 774 nic
1162 748 1301 775 enimvero
1330 746 1468 780 perfectus
1494 747 1569 773 solus
1589 751 1631 773 est
1659 747 1734 774 Deus
1749 746 1843 776 Pater,
1856 753 1879 773 et

1090 783 1217 810 Christus
1233 782 1318 809 Filius
1333 782 1401 815 ejus,
1421 780 1587 815 Paedagogns
1602 786 1708 812 noster,
1726 782 1811 816 cujus
1826 783 1880 808 olli-

1090 818 1162 878 Cillllll
1184 823 1226 845 est
1252 825 1302 844 nos
1326 825 1426 851 pueros
1453 824 1519 844 suos
1534 816 1567 843 ad
1582 820 1713 844 atternam
1730 816 1882 852 perducere

1090 861 1118 878 sa
1134 857 1216 878 litem.

1090 857 1216 880 salutem.

1125 888 1195 920 Quid
1217 893 1307 916 autem
1331 892 1358 915 et
1379 887 1524 922 quotuples
1551 886 1681 922 sitrillius
1696 886 1879 920 παιδαγωγία.

1089 924 1300 952 seu—institutio,
1315 921 1410 957 quisye
1425 923 1487 957 ejus,
1501 922 1572 953 linis,
1589 921 1719 948 Clemens
1730 921 1831 948 deinde
1842 923 1880 948 de-

1090 958 1199 991 ﬁnit“;
1227 967 1258 985 ac
1282 956 1452 985 demonstrat
1474 956 1613 992 Christum
1631 957 1692 984 aliis
1714 957 1878 992 pxdagogis,

1087 993 1227 1024 Phcenice,
1247 993 1373 1024 Adrasto,
1388 992 1517 1022 Leonide,
1534 991 1694 1023 Nansithoo,
1711 991 1880 1026 Zopiro,Si-

1088 1029 1179 1060 cinno,
1198 1033 1224 1056 et
1238 1028 1384 1056 Persarum
1400 1028 1472 1062 regis
1487 1028 1604 1054 ﬁliorum
1620 1028 1785 1054 doctoribus
1806 1028 1879 1061 longe

1087 1072 1148 1091 esse
1163 1064 1389 1099 praestantiorem.
1407 1063 1484 1095 Quod
1508 1068 1582 1099 certe
1603 1066 1633 1089 ut
1654 1063 1760 1099 clarius
1776 1064 1881 1099 patefa-

1087 1099 1152 1130 ciat.
1163 1097 1229 1126 ante
1241 1100 1363 1126 omnium
1379 1099 1454 1133 ponit
1468 1098 1574 1129 oculos,
1586 1105 1640 1132 quo
1656 1097 1703 1123 ille
1718 1099 1801 1124 modo
1816 1098 1879 1124 olim

1088 1134 1268 1169 patriarchas,
1287 1134 1388 1168 quibus
1404 1141 1433 1160 se
1446 1133 1593 1169 videndum
1611 1132 1763 1168 praebebat,
1780 1137 1810 1169 et
1833 1140 1878 1167 po-

1088 1168 1180 1204 pulum
1198 1169 1376 1196 lsraeliticuni
1391 1169 1418 1195 in
1434 1168 1519 1195 veteri
1544 1171 1712 1194 testamento
1723 1168 1835 1199 rexerit,
1849 1175 1878 1194 ac

1086 1203 1258 1231 Christianos
1275 1204 1302 1231 in
1323 1211 1392 1230 novo
1422 1204 1555 1237 gubernet
1572 1208 1598 1230 et
1613 1203 1781 1230 moderetur.

1121 1240 1220 1266 Eorum
1237 1243 1327 1267 autetu
1345 1239 1526 1273 objectionem
1541 1238 1662 1268 diluit",
1689 1238 1736 1272 qui
1751 1239 1877 1265 eumdem

1086 1275 1225 1302 Christum
1242 1274 1397 1304 Dominum.
1417 1278 1510 1308 utpote
1525 1273 1571 1308 qui
1594 1273 1684 1299 minas
1704 1277 1732 1300 et
1748 1278 1877 1300 terrorem

1087 1310 1220 1341 intendat,
1231 1317 1263 1336 ac
1276 1310 1352 1344 virga
1365 1309 1512 1343 aliquando
1523 1308 1619 1340 (sedat,
1635 1308 1738 1334 honuni
1751 1316 1806 1335 non
1819 1316 1878 1335 esse

1086 1347 1246 1379 arguebant.
1268 1343 1389 1371 Primum
1412 1344 1484 1371 enim
1509 1343 1609 1370 invicte
1630 1344 1727 1377 prohat
1742 1351 1804 1379 eum
1819 1351 1878 1370 ese

1085 1377 1139 1407 non
1156 1380 1236 1407 modo
1254 1380 1366 1409 bonum,
1383 1379 1430 1406 sed
1442 1381 1523 1405 etiam
1540 1379 1670 1409 maximo,
1685 1386 1740 1413 quo
1753 1377 1878 1405 homines

1085 1416 1269 1450 prosequitur,
1285 1414 1371 1441 amori
1388 1414 1503 1441 nihilum
1518 1413 1626 1448 quidem
1641 1413 1824 1450 oﬂicereejus
1837 1414 1879 1447 ju-

1085 1448 1198 1477 stitiam.
1222 1450 1290 1476 Tum
1315 1449 1464 1479 continuo,
1487 1449 1635 1484 proposita:
1665 1448 1815 1483 ohjectioni
1837 1457 1877 1475 re—

1086 1485 1201 1519 spondet
1214 1486 1302 1512 minas
1318 1484 1401 1515 illius,
1418 1484 1655 1518 reprehensiones,
1671 1487 1804 1514 terrores,
1820 1485 1877 1510 ani-

1085 1521 1299 1551 madversiones,
1313 1520 1517 1554 castigationes,
1536 1519 1651 1554 ﬂagella,
1669 1527 1725 1545 non
1746 1519 1803 1545 odii
1818 1527 1878 1545 esse

1085 1557 1174 1591 signa,
1190 1555 1237 1582 sed
1252 1555 1456 1591 benevolentiae,
1473 1559 1499 1581 et
1514 1560 1618 1581 certum
1632 1554 1810 1591 salutareque
1823 1562 1879 1581 ch

1046 1582 1068 1612 (ἶ
1084 1582 1280 1621 ὐίῖιιιιίθιιιιιιη,
1300 1597 1354 1624 quo
1373 1582 1497 1616 homines
1511 1597 1525 1616 a
1540 1594 1652 1623 peccato
1666 1582 1800 1620 deterret,
1818 1596 1877 1615 om-

1085 1633 1187 1660 nesque
1205 1629 1284 1652 sanat
1300 1625 1398 1652 anima:
1410 1628 1513 1660 nostra:
1526 1624 1636 1651 morbos
1647 1629 1673 1650 et
1688 1624 1876 1658 aegritudines.

1083 1659 1170 1695 Negat
1186 1665 1277 1687 tamen
1293 1660 1420 1686 Clemens
1436 1659 1530 1690 ullam,
1557 1660 1619 1695 nisi
1633 1660 1824 1695 metaphorice
1841 1660 1878 1685 lo-

1084 1694 1203 1730 quendo.
1215 1696 1268 1722 dici
1286 1702 1366 1730 posse
1383 1694 1429 1730 Dei
1441 1695 1521 1726 iram,
1537 1695 1577 1721 vel
1594 1694 1670 1720 illum
1683 1694 1803 1728 injurias
1816 1702 1878 1721 suas

1084 1732 1180 1758 ulcisci
1195 1735 1221 1758 et
1237 1730 1374 1765 persequi.
1392 1729 1446 1765 Nec
1468 1730 1566 1756 minori
1582 1736 1649 1757 sane
1665 1730 1805 1756 evidentia
1821 1730 1877 1763 pla-

1084 1774 1149 1792 num
1173 1764 1402 1801 perspicuumque
1423 1764 1489 1801 facit
1512 1772 1596 1801 unum
1615 1764 1801 1801 eamdemque
1819 1771 1879 1791 esse

1084 1800 1178 1828 verum
1198 1801 1272 1827 illum
1291 1800 1386 1830 Deum,
1402 1800 1448 1834 qui
1463 1800 1553 1826 bonus
1569 1800 1651 1826 simul
1667 1803 1696 1826 et
1709 1801 1806 1833 justus
1826 1803 1876 1829 est,

1084 1836 1261 1870 eamdemque.
1274 1835 1385 1861 omnino
1399 1842 1461 1861 esse
1478 1834 1550 1862 illius
1569 1838 1597 1862 et
1616 1834 1839 1870 misericordiam
1854 1838 1879 1860 et

1082 1869 1228 1905 justitiam}
1248 1870 1368 1904 Utraque
1384 1870 1469 1900 enim,
1491 1870 1572 1896 sicuti
1592 1873 1619 1897 et
1642 1869 1878 1905 increpationibus

1085 1904 1166 1941 atque
1192 1905 1431 1940 castigationibus,
1455 1910 1585 1932 arternam
1611 1904 1729 1932 salutem
1756 1908 1878 1932 nostram

1085 1949 1191 1975 semper
1203 1944 1341 1975 procurat.

1119 1974 1220 2003 omnes
1246 1983 1328 2011 porro
1352 1974 1620 2002 animadversionum
1641 1974 1878 2011 admonitionum-

1084 2019 1138 2046 que
1160 2011 1233 2038 illius
1248 2010 1332 2042 modi,
1347 2011 1426 2044 longa
1443 2017 1508 2038 sane
1524 2014 1550 2036 et
1561 2016 1698 2046 accurata
1716 2010 1878 2037 inductione

1085 2047 1120 2073 ab
1135 2051 1245 2073 auctore
1260 2050 1354 2073 nostro
1371 2045 1590 2075 recensentur",
1608 2045 1740 2071 nimirum
1755 2046 1879 2072 admoni-

1086 2082 1135 2112 tio,
1149 2081 1323 2116 vituperatio,
1340 2081 1461 2116 querela,
1475 2081 1636 2114 increpatio,
1654 2081 1826 2114 redargutio,
1839 2088 1878 2106 ca.

1085 2117 1205 2151 stigatio,
1222 2116 1350 2147 visitatio,
1367 2116 1552 2147 maledictum,
1572 2116 1722 2149 accusatio,
1732 2120 1877 2151 ⁸εεψῡδιυ-

1087 2149 1165 2184 latio,
1181 2151 1354 2182 obtrectatio,
1370 2151 1531 2185 indignatio,
1542 2151 1713 2185 alquevariis
1730 2149 1877 2186 Scriptura

1086 2194 1170 2213 sacrze
1190 2186 1352 2213 testimoniis
1372 2193 1465 2212 earum
1490 2185 1665 2220 proferuntur
1690 2185 1875 2213 deﬁnitiones.

1087 2221 1124 2248 Ex
1148 2222 1182 2248 iis
1203 2225 1292 2248 autem
1314 2222 1358 2248 ille
1372 2221 1515 2248 Dominum
1531 2227 1625 2247 revera
1642 2220 1744 2247 bonum
1760 2229 1824 2248 esse
1837 2229 1878 2247 ar-

1050 2255 1071 2283 D
1086 2257 1153 2291 guit.
1170 2256 1201 2282 Et
1219 2257 1270 2284 hoc
1289 2256 1398 2290 quidem
1421 2257 1510 2291 ipsum
1533 2256 1585 2282 alia
1606 2254 1758 2289 Scriptura:
1781 2263 1875 2284 sacrae.

1084 2290 1165 2326 atque
1186 2292 1268 2318 etiam
1288 2291 1409 2318 Platonis
1430 2290 1601 2320 auctoritate,
1616 2291 1726 2326 εει)υηί
1745 2291 1876 2325 principis

1084 2332 1111 2353 et
1122 2325 1218 2353 incdici
1232 2327 1355 2361 exemplo
1366 2334 1463 2353 rursus
1478 2325 1703 2353 ronﬁrmat.’l‘um
1721 2334 1788 2353 vero
1799 2334 1876 2361 quam

1085 2362 1174 2388 bonus
1189 2362 1224 2388 sit
1235 2361 1398 2397 Paedagogus
1414 2365 1519 2393 noster,
1532 2369 1564 2388 co
1581 2361 1731 2392 convincit.
1744 2365 1818 2396 quod
1831 2368 1876 2388 no-

1085 2401 1142 2424 ster
1157 2397 1193 2424 sit
1209 2401 1312 2431 pastor,
1329 2398 1374 2432 qui
1389 2404 1444 2424 non
1462 2397 1549 2423 solutn
1565 2397 1650 2428 ducit,
1666 2401 1759 2432 curat,
1783 2402 1812 2424 et
1836 2404 1877 2431 p.1-

1085 2433 1148 2463 scit,
1169 2433 1216 2459 sed
1235 2433 1315 2459 lmine
1331 2431 1423 2463 etiam,
1440 2435 1466 2458 et
1489 2432 1574 2458 frater
1590 2436 1683 2458 noster
1706 2431 1809 2463 factus,
1831 2439 1876 2466 pm

1086 2467 1164 2494 nobis
1187 2472 1311 2494 mortuus
1333 2470 1385 2494 est.
1401 2466 1530 2500 Quininm
1549 2467 1628 2493 nobis
1653 2466 1746 2493 adhuc
1769 2468 1815 2494 ille
1832 2468 1876 2493 de-

1087 2506 1222 2530 monstrat
1239 2509 1292 2528 non
1310 2502 1397 2529 solum
1416 2502 1545 2536 imposito
1558 2501 1668 2528 nomine
1688 2501 1755 2528 Jesu
1773 2502 1875 2529 bonita-

1086 2542 1140 2564 tem
1156 2538 1216 2572 cjus
1231 2537 1394 2572 significari;
1411 2538 1457 2564 sed
1470 2537 1574 2563 nullum
1585 2536 1666 2572 etiam
1683 2537 1824 2564 hominem
1836 2544 1875 2562 re-

1086 2571 1267 2607 prehensione
1283 2576 1309 2599 et
1324 2573 1416 2607 servili
1431 2576 1503 2598 metu
1516 2593 1523 2604 ,
1541 2571 1588 2606 qui
1601 2579 1617 2598 a
1632 2571 1707 2598 ﬁliali
1724 2572 1806 2606 longe
1821 2572 1874 2598 dis-

1086 2606 1178 2635 cretus
1193 2612 1244 2638 est,
1260 2607 1293 2634 ad
1310 2606 1428 2634 oflicium
1443 2614 1523 2633 suum
1536 2607 1671 2638 revocari,
1688 2607 1744 2634 nisi
1765 2607 1812 2642 qui
1829 2608 1873 2633 ho—

1086 2643 1199 2669 nitatem
1215 2643 1274 2677 ejus
1289 2642 1493 2676 contempserit.
1506 2642 1534 2668 ln
1549 2642 1812 2677 reprehensionibus
1823 2642 1872 2668 ila-

1086 2686 1139 2712 qttc
1154 2678 1223 2704 idem
1231 2676 1326 2712 justus
1336 2682 1364 2704 ct
1379 2678 1467 2704 bonus
1481 2681 1534 2704 est.
1549 2676 1626 2703 Sicut
1636 2677 1710 2704 enim
1721 2678 1871 2712 speculum.

1085 2720 1140 2747 quo
1154 2712 1315 2740 deformitas
1330 2712 1496 2744 ostenditur,
1516 2716 1542 2740 et
1561 2712 1693 2744 medicus,
1713 2720 1770 2747 quo
1784 2713 1870 2747 decla-

1085 2746 1161 2775 ratur
1176 2747 1269 2779 fehris,
1287 2755 1340 2774 non
1356 2748 1455 2778 malus,
1472 2747 1520 2774 sed
1534 2748 1622 2775 bonus
1638 2751 1691 2778 est,
1711 2746 1749 2773 ita
1767 2751 1793 2774 et
1806 2746 1872 2772 Deus

1084 2790 1146 2809 cutn
1165 2790 1215 2810 nos
1230 2783 1329 2817 arguit,
1347 2787 1403 2809 tum
1423 2789 1517 2809 revera
1532 2783 1624 2817 justus
1635 2783 1693 2818 ipse
1704 2785 1758 2813 est,
1770 2782 1818 2817 qui
1830 2788 1872 2815 per

1084 2818 1214 2852 seipsum,
1231 2823 1377 2854 antequam
1402 2823 1510 2845 creator
1536 2821 1619 2850 esset,
1642 2819 1732 2845 bonus
1758 2821 1828 2849 erat,
1845 2823 1871 2842 ac

284 2899 294 2914 '
308 2905 367 2934 cap.
381 2897 408 2925 2.
445 2897 455 2914 '
470 2905 528 2933 cap.
547 2897 572 2924 5.
612 2896 692 2931 ’cap.
708 2895 733 2922 ι.
772 2896 793 2912 ¹ο
809 2903 868 2931 cap.
885 2895 910 2923 5.
951 2896 968 2912 “
986 2903 1046 2931 cap.
1060 2895 1086 2923 6.
1121 2884 1147 2911 γ¹²
1160 2903 1218 2931 cap.
1235 2895 1258 2922 7.
1299 2895 1390 2931 "cap.
1407 2895 1432 2923 8.
1473 2895 1568 2932 “_cap.
1583 2894 1609 2922 9.
