1927 3074
37 200 94 227 817

587 201 631 228 DE
648 200 778 229 TRIBUS
795 200 979 228 ΡᾸΞΒΑΟΟΕΙ
999 200 1122 228 LillRlS.

1619 201 1683 229 813-

38 263 137 297 postea
150 258 387 297 Verbunt_sutint.
403 267 418 287 a
432 268 488 295 qpo
504 260 574 297 bona
588 269 621 289 ex
634 262 712 294 caelis
726 261 833 295 justitia
848 264 870 292 Α
885 261 1045 297 ειίθιιυεμυι
1059 261 1183 288 Clemens
1200 261 1343 296 perspicue
1357 267 1420 289 ante
1431 261 1601 297 singulorum
1616 267 1674 288 sta-

37 296 162 329 primum
176 295 334 323 hominibus
348 297 518 328 annuntiata,
537 296 609 324 hunc
620 297 695 324 misit
710 297 737 324 in
754 305 834 324 mun-

35 330 118 357 dum.

75 365 187 398 Quanta
211 369 302 394 autem
319 366 461 401 Paedagogi
487 367 573 394 nostri
590 367 616 393 in
632 367 690 395 suis
704 367 833 394 adhorta-

36 401 164 427 tionibus
188 401 224 429 sit
249 401 348 429 lenitas
370 405 396 428 et
419 402 612 432 mansuetudo.
627 402 690 433 inde
706 402 833 430 Clemens

36 435 184 469 colligit”,
206 435 278 471 quod
295 436 328 463 ad
345 444 377 463 ea
392 443 452 470 quae
469 440 534 464 sunt
556 437 632 463 utilia
650 438 694 464 ille
709 437 832 464 homines

34 470 213 500 adhortetur.
231 471 362 498 salutaria
384 471 429 498 det
458 472 511 499 illis
537 473 661 503 consilia,
685 480 732 500 eos
756 478 832 500 certa

34 510 150 532 aeternae
167 506 264 533 salutis
279 513 327 540 spe
339 506 507 539 consoletur,
518 514 533 533 a
546 509 658 535 veritate
673 508 831 534 aberrantes

35 540 192 577 illuminet,
205 544 232 567 ct
248 541 330 577 ducat
346 541 378 568 ad
394 542 594 576 paenitentiam.
609 542 636 569 In
655 542 735 576 hujus
750 550 832 577 porro

34 576 194 612 argumenti
211 576 444 612 confirmationem
469 577 545 604 addit
571 585 600 604 se
624 576 830 612 potuisse’quo-

34 609 169 647 rubidam;
181 612 372 647 auctoritatem
388 611 525 639 adducere
536 609 830 647 philosophorum-qui

33 653 99 672 eum
130 645 231 676 solum,
246 646 293 680 qui
321 645 408 673 bonus
427 650 479 679 est,
503 645 676 679 laudabilem,
693 648 738 681 qui
765 645 831 675 vero

33 681 139 718 maius,
156 681 453 718 vituperabilem‘esse
472 682 676 718 asseverabant.
696 682 748 710 Sed
766 684 829 718 quia

33 715 53 742 ii
79 715 130 752 Dei
155 717 291 751 negabant
304 716 511 752 providentiam,
528 725 579 744 nec
595 717 621 744 id
635 719 708 752 quod
728 715 828 745 borium

33 756 88 782 εει.
104 750 289 786 justum'esse
303 751 373 778 falso
386 752 580 786 opinabantur,
597 752 630 779 iis
645 750 764 780 citandis
782 760 830 780 su-

34 785 237 821 persedendum
251 785 462 814 arbitratus’est.
473 786 565 821 Neque
576 787 657 814 etiatn
671 788 827 815 inmedium

33 820 202 857 proferenda
217 828 279 848 esse
292 821 398 848 censuit
416 820 571 857 testimonia
583 823 708 854 aliorum,
724 824 769 857 qui
783 831 828 851 so-

34 858 90 892 Lum
109 855 197 882 Deum
214 856 363 891 sapientem
377 861 403 883 et
418 856 497 884 laude
513 857 624 892 dignum
641 855 825 885 crediderunt.

35 889 186 928 Proposito
203 889 304 928 quippe
321 899 372 928 suo
387 892 454 928 satis
475 889 611 927 superque
631 900 691 920 esse
711 896 825 928 putavit.

31 926 54 966 si
70 926 301 966 vituperationem
316 930 343 953 et
359 926 452 966 laudes
466 934 528 954 csse
543 926 658 966 maxime
671 926 824 966 necessaria
842 939 862 966 Β

32 960 195 995 hominibus
206 961 402 988 medicamenta
413 961 624 990 demonstraret.
637 962 714 995 Quod
728 971 824 991 rursus

30 994 196 1032 Pythagora:
212 995 296 1024 Samii
316 996 398 1023 allato
410 997 532 1024 carmine
545 994 656 1032 pulchre
670 999 822 1026 confirmat.

31 1030 133 1069 Subdit
147 1031 201 1069 alia
215 1031 431 1069 esseinnumera
444 1039 476 1058 ex
493 1030 592 1069 quibus
605 1034 734 1060 nonmilla
750 1043 824 1069 qua-,-

30 1065 92 1102 dam
118 1066 213 1102 refert,
231 1065 378 1102 Scriptura:
399 1074 484 1094 sacra:
502 1065 536 1094 de
558 1069 687 1102 parandis
704 1065 782 1097 bonis
797 1074 823 1096 et

31 1101 113 1128 malis
129 1101 277 1136 fugiendis,
293 1102 361 1134 loca,
379 1102 479 1136 quibus
490 1102 654 1130 Christianae
670 1105 731 1131 vita:
745 1105 824 1131 insti-

30 1136 113 1168 tutio,
135 1141 162 1163 et
186 1137 353 1164 conveniens
379 1137 412 1163 ad
437 1138 620 1172 comparanda
641 1143 747 1166 teterna:
763 1141 824 1167 vitae

29 1172 142 1208 prtemia
156 1172 226 1208 ratio
241 1172 391 1208 luculenter
403 1172 557 1208 exhibetur.
571 1172 689 1208 Denique
703 1182 734 1200 ea
749 1177 823 1202 sulti-

29 1213 92 1233 cere
112 1205 193 1244 dixit,
211 1214 272 1241 qua:
288 1207 321 1244 de
339 1207 390 1234 hoc
409 1207 581 1244 Christianos
599 1205 761 1236 informaudi
776 1219 822 1244 ge-

29 1249 95 1268 nere
118 1241 253 1270 h.:cteuus
279 1242 474 1276 disputaverat.
491 1242 604 1270 Addit"
623 1248 713 1271 tamen
729 1241 823 1272 corre-

29 1277 139 1310 ptiones
163 1284 230 1313 cuin
252 1278 465 1313 granorsinapis
495 1285 568 1306 recte.
591 1286 606 1305 a
625 1278 714 1306 Verbo
730 1280 822 1307 divino

27 1312 197 1351 comparari.
210 1311 243 1338 Et
255 1311 328 1351 sane
339 1311 546 1351 divinumiillud
561 1313 678 1351 Verbum
691 1322 737 1349 per
748 1315 821 1351 Moy-

27 1353 75 1373 sen
101 1347 230 1388 aliosque
252 1347 551 1388 prophetasnscduion
567 1347 778 1388 sineminarum
793 1347 821 1378 et

28 1382 148 1418 terroris
160 1382 337 1415 adminiculo,
349 1390 404 1418 quo
419 1383 543 1410 homines
559 1384 593 1410 ad
606 1384 684 1411 ﬁderit
700 1390 820 1412 nostram

26 1417 200 1453 disponeret,
224 1417 366 1452 paedagogi
382 1417 472 1446 ollicio
488 1418 660 1453 fungebatur.
680 1419 739 1446 Jam
758 1429 821 1448 vero

24 1451 200 1479 Christianos
215 1451 445 1484 divina’scientia,
458 1461 490 1480 ac
501 1451 607 1481 sufnma
622 1455 818 1487 benevolentia,

24 1491 52 1514 et
68 1487 181 1523 dicendi
201 1488 327 1515 libertate
347 1489 491 1523 prasceptis
506 1489 564 1516 suis
581 1489 678 1516 imbuit
691 1496 717 1517 et
735 1491 820 1518 infor-

24 1522 174 1559 niat._H,ec
191 1528 282 1550 autem
298 1523 358 1557 ejus
374 1522 506 1558 przecepta
520 1525 552 1553 ‘7.
570 1532 658 1559 neque
674 1525 819 1553 admodum

23 1557 146 1594 didicilia
165 1563 240 1594 sunt,
256 1566 345 1593 neque
365 1557 420 1593 pra:
441 1557 744 1594 benignitatenimium
763 1562 819 1589 dis-

24 1593 127 1623 soluta,
145 1593 194 1620 sed
209 1594 324 1628 singulis
347 1594 386 1620 sic
403 1593 581 1628 attemperata
597 1599 626 1622 ut
642 1595 676 1622 ab
691 1597 818 1624 omnibus

25 1628 106 1664 facile
122 1629 218 1664 perlici
236 1629 352 1663 possint.
368 1628 427 1656 NOII
443 1630 523 1656 aliam
540 1630 639 1664 quippe
654 1630 689 1657 ob
706 1638 817 1658 causam

23 1662 136 1700 divinus
151 1663 196 1690 hic
210 1662 375 1700 l’aalagogus
391 1668 530 1692 terrenum
545 1662 681 1692 hominem
695 1666 771 1693 ﬂuxit
786 1675 817 1693 rx

24 1698 147 1731 pulvere,
164 1706 234 1733 aqua
252 1698 433 1732 regeneravit,
449 1699 525 1726 auxit
540 1700 647 1734 spiritu,
657 1701 820 1729 nisiutsuo-

26 1741 85 1759 rum
100 1734 293 1771 observatione
308 1735 497 1771 mandatorum
511 1735 587 1762 illum
605 1736 632 1763 in
650 1738 818 1771 supercwle-

22 1773 91 1794 stem
110 1769 251 1796 hominem
268 1770 486 1796 transformarct.

55 1805 78 1829 Α
94 1804 178 1831 nobis
190 1805 275 1839 igitur
291 1805 330 1831 sic
347 1805 500 1832 audiendus
514 1809 566 1836 est,
579 1809 609 1833 ut
620 1805 711 1834 Patris
722 1809 818 1836 volun-

21 1842 104 1877 tatem
114 1839 176 1877 13
191 1840 346 1877 implentcs,
360 1840 384 1877 ei
401 1840 505 1877 similes
518 1841 678 1877 efﬁciamur.
693 1841 721 1869 ld
736 1851 818 1877 porro

25 1881 38 1898 a
55 1874 137 1900 nobis
153 1882 217 1901 vere
239 1875 425 1909 praestabitur,
442 1876 464 1902 si
481 1875 588 1903 facilem
604 1876 706 1904 victum
726 1874 818 1906 colen-

21 1912 71 1945 tcs,
80 1917 292 1945 supervacanea
309 1915 479 1945 respuenles,
493 1911 526 1936 de
541 1911 661 1938 crastino
678 1912 745 1939 nihil
761 1916 816 1940 sol-

22 1943 98 1981 liciti,
112 1948 253 1981 ct_nostra
266 1949 339 1971 sorte
352 1943 459 1980 semper
474 1946 605 1977 contenti,
619 1946 814 1981 frugalitatem,

22 1978 264 2017 moderationem,»
278 1987 397 2007 amorem
411 1978 559 2017 Vlibertatis
572 2001 578 2012 ,
610 1978 814 2017 benignitatem,

23 2013 176 2052 honestatis
192 2015 332 2052 studium._
344 2016 579 2052 atqueassiduam
597 2021 623 2044 et
645 2013 749 2052 absque
770 2013 815 2046 so;

21 2048 113 2086 cordia
128 2050 170 2076 vel
187 2049 351 2086 negligentia
366 2048 484 2078 dandam
500 2051 594 2078 virtuti
611 2048 720 2086 operam
735 2054 770 2081 ab
782 2062 815 2081 eo

22 2084 419 2123 discamus.“Christianorum
444 2086 577 2123 siquidem
602 2084 653 2114 hoc
677 2089 815 2123 peculiare

19 2123 60 2145 est
87 2119 198 2147 vivendi
223 2128 327 2155 genus,
352 2126 380 2148 ut
405 2121 432 2148 in
451 2119 580 2153 incessu.
599 2119 738 2155 accubitu,
762 2125 813 2151 ali-

21 2159 240 2194 nientp,_somtio
251 2155 434 2194 omnibusque
456 2158 518 2184 vita:
533 2158 687 2194 actionibus
698 2159 772 2194 jllsla
787 2165 814 2187 et

19 2189 145 2226 aequabili
164 2190 352 2218 moderatione
370 2189 405 2218 sit
420 2195 610 2226 temperatum.
631 2189 717 2220 Dividi
739 2195 811 2222 enim

19 2225 157 2262 paedagogi
179 2226 268 2253 nostri
284 2227 380 2262 caluit
400 2225 536 2257 doctrina,
550 2236 610 2262 qum
625 2233 735 2262 peccata
753 2230 812 2257 sine

18 2260 238 2287 dissimulatione
252 2261 349 2296 arguit.
365 2262 452 2290 malas
467 2260 726 2291 animi—affectiones
742 2265 812 2292 indi-

19 2286 99 2326 cavit,
115 2286 812 2330 ξιιρίόὶιὲιῶἶῖ
828 2286 850 2313 D

18 2331 205 2368 suppeditavit
233 2331 359 2368 vitiorum
389 2333 522 2364 remedia,
549 2341 580 2360 ac
604 2341 665 2368 quae
690 2343 704 2361 a
733 2336 812 2362 nobis

19 2365 122 2399 agenda
134 2369 211 2398 sunt,
227 2366 301 2394 clare
317 2367 525 2404 demonstravit.
541 2365 684 2404 Eam-ergo
699 2369 735 2397 ob
747 2378 810 2397 cau-

18 2408 75 2427 sam
92 2405 191 2440 auctor
212 2405 306 2429 noster
321 2403 461 2430 concludit
485 2411 609 2430 summas
633 2404 671 2431 illi
690 2405 811 2440 agendas

18 2444 78 2462 esse
91 2437 207 2470 gratias.

51 2470 197 2508 Postremo
213 2476 242 2498 ut
263 2471 291 2499 id
310 2471 402 2508 adhuc
418 2472 566 2501 dilucidius
581 2477 682 2508 pateat,
698 2475 734 2502 ibi
753 2476 810 2503 sin-

17 2507 96 2543 gulas
118 2507 235 2543 peccati.
254 2507 422 2541 cupiditatis.
445 2513 546 2541 metus,
561 2507 708 2543 voluptatis
730 2511 808 2538 affert

17 2542 201 2580 definitiones.
217 2542 320 2580 Dehinc
336 2543 484 2580 hominem,
499 2542 682 2572 inobedientia
697 2553 746 2573 sua
764 2546 809 2580 jn-

18 2577 117 2615 mentis
132 2577 190 2615 fieri
201 2577 328 2615 similem,
342 2582 370 2615 et
382 2579 417 2605 ob
429 2583 569 2615 peccatum
585 2580 691 2607 ratione
707 2577 808 2615 privari

17 2619 48 2650 ex
68 2612 128 2650 ipsa
140 2612 251 2640 virtutis
263 2616 290 2640 et
302 2612 484 2650 philosophiae
491 2614 679 2650 descriptione
691 2612 806 2650 colligit.

18 2645 86 2673 Tum
105 2647 278 2683 demonstrat
300 2645 360 2682 quae
375 2654 402 2676 et
412 2645 513 2683 'qualis
529 2649 565 2676 sit
578 2645 726 2678 Christiani
741 2645 806 2682 vita,

16 2686 42 2708 et
57 2689 118 2719 qua;
128 2682 195 2719 ejus
204 2682 301 2719 officia,
317 2684 350 2711 de
365 2682 464 2718 quibus
480 2685 637 2719 singulatim
663 2686 690 2712 in
713 2686 809 2714 subse-

17 2718 162 2756 quentibus
181 2718 311 2753 deinceps
333 2719 410 2746 libris
422 2719 581 2754 ,disputatio
598 2721 632 2748 ab
648 2721 707 2756 ipso
729 2721 807 2748 insti-

18 2753 116 2780 tuenda
130 2757 184 2781 est.

279 2799 483 2828 ARTICULUS
508 2800 539 2828 ll.

237 2845 363 2881 Analysis
381 2847 443 2873 libri
461 2847 576 2874 secundi.

51 2890 143 2922 Qualis
158 2891 234 2918 omni
251 2891 313 2918 vitm
327 2899 382 2919 sua:
397 2897 518 2928 tempore
538 2893 633 2921 debeat
648 2901 709 2921 esse
725 2893 803 2920 Chri-

51 2948 73 2963 "
84 2955 144 2984 cap.
161 2948 205 2976 to.
244 2949 266 2964 “
280 2956 339 2984 cap.
357 2949 397 2976 tl.
439 2950 458 2965 "
472 2957 532 2986 cap.
547 2950 589 2978 12.

885 300 941 323 luat
957 296 1062 332 oculos.
1081 304 1096 322 a
1115 297 1348 332 rebusrexternis.
1371 301 1397 324 et
1419 305 1433 323 a
1455 302 1529 325 recta
1549 298 1674 332 corporis

886 332 928 359 sui
946 331 1106 358 moderandi
1121 335 1147 357 et
1164 331 1334 366 gubernandi
1349 333 1455 359 ratione
1470 333 1554 360 sumit
1565 331 1679 359 dicendi.

884 367 991 393 initium
1002 366 1032 393 ⁸⁸.
1050 368 1088 393 Ac
1105 367 1193 401 primo
1215 367 1323 401 quidem
1338 367 1371 394 de
1388 367 1525 394 alimentis
1549 367 1670 398 disserit,

883 407 909 428 et
926 401 959 428 iis
977 409 1029 428 non
1052 405 1163 436 propter
1179 402 1356 437 voluptatem,
1373 402 1421 430 sed
1441 402 1474 429 ad
1497 407 1598 429 nostrm
1612 408 1672 429 tan-

883 440 940 462 tum
957 437 1018 462 vitae
1034 437 1267 464 conservationem
1281 437 1410 464 utendum
1426 445 1487 464 esse
1500 438 1588 465 decet.
1599 438 1672 471 Qua-

883 478 993 505 propter
1008 471 1074 507 illud
1091 472 1204 506 simplex
1221 479 1283 499 esse
1301 472 1400 499 debere
1416 473 1545 504 ostendit,
1564 477 1591 500 et
1610 475 1671 507 qui-

882 507 944 542 dem
956 513 1010 532 non
1025 506 1058 542 ad
1075 507 1200 538 delicias,
1215 507 1261 534 sed
1277 507 1310 534 ad
1322 508 1394 534 vires
1407 508 1531 542 corporis
1546 506 1671 535 relicien-

881 541 943 572 das,
960 541 1142 577 tuendamque
1159 543 1300 569 sanitatem
1326 547 1419 577 aptum
1445 541 1471 569 et
1493 543 1668 570 conveniens.

882 576 924 602 Ab
944 576 1071 604 omnibus
1096 577 1179 611 igitur
1193 577 1250 603 vult
1266 577 1342 611 rejici
1359 578 1468 604 nimiam
1481 585 1606 605 escarum
1624 586 1671 605 co-

881 611 965 645 piam,
982 597 1245 639 variavbeilariorum
1259 597 1529 640 etizondimentorum
1541 613 1667 644 artificia.

881 646 989 681 aliaque
1005 647 1075 680 gula:
1091 647 1272 678 irritamenta,
1289 648 1387 681 quibus
1405 648 1528 675 homines
1545 649 1571 674 in
1590 656 1670 676 omne

881 682 1038 707 morborum
1056 682 1292 717 etzegritudinum
1312 691 1397 717 genus
1418 690 1525 717 semper
1539 684 1669 711 incidisse

880 719 984 753 certum
998 719 1049 753 est.
1072 715 1140 753 Hinc
1155 725 1202 744 eos
1215 715 1347 744 acerrime
1363 715 1523 748 insectatur,
1537 719 1584 753 qui
1599 719 1669 746 cibis

879 751 1115 785 exquisitissimis,
1130 756 1212 786 atque
1233 760 1266 779 ex
1288 753 1408 787 qualibet
1425 751 1606 781 remotissima
1623 758 1667 779 to-

879 787 934 812 tius
957 791 1036 813 terra:
1061 791 1136 821 parte
1161 787 1292 819 advectis,
1321 791 1384 821 puta
1410 789 1531 816 murenis
1554 788 1666 821 Siculis,

880 820 1002 862 Dieandri
1017 820 1154 862 anguinis,
1180 822 1245 862 hieli
1262 820 1362 862 laedis,
1389 821 1491 862 Sciathi
1509 824 1665 862 mugilibus,

879 857 994 890 aliisque
1017 857 1205 891 hujuscemodi
1221 857 1353 892 piscibus,
1372 858 1479 889 avibus,
1493 859 1592 886 ostreis
1607 861 1668 885 ani-

878 891 1049 925 malibusque
1064 900 1191 926 perquam
1210 891 1359 920 rarissimis
1384 900 1449 919 suas
1472 900 1578 926 semper
1592 902 1668 921 men-

878 934 924 963 sas
936 934 990 953 non
1007 932 1060 963 tam
1073 927 1245 954 instruebant
1259 935 1339 962 quatit
1354 928 1514 954 onerabant.
1527 927 1619 963 Neque
1634 930 1668 957 iis

876 961 969 998 etiam,
986 962 1032 996 qui
1057 963 1169 997 opipara
1185 961 1309 997 qtuedam
1332 963 1486 998 prandiola,
1503 971 1550 990 seu
1577 961 1668 998 potius

876 997 964 1033 lautas
977 998 1116 1033 coenulas,
1127 1004 1227 1033 agapas
1239 998 1374 1033 appellari.-
1389 997 1535 1031 audebant,
1554 997 1667 1033 parcen-

875 1031 939 1068 dum
955 1033 1069 1066 putavit.
1095 1031 1166 1059 Nihil
1179 1031 1263 1060 enim
1275 1031 1295 1059 Va
1312 1033 1454 1063 cbaritate,
1471 1041 1530 1068 qua:
1552 1031 1603 1061 hoc
1619 1041 1667 1068 po-

876 1067 982 1104 steriori
996 1067 1111 1104 nomine
1121 1067 1299 1102 significatur,
1312 1072 1346 1104 eti
1356 1069 1382 1095 in
1399 1067 1486 1104 cujus?
1501 1069 1596 1096 laudes
1614 1067 1667 1096 ibi-

875 1102 945 1139 dem__
963 1102 1040 1139 haud
1060 1102 1228 1139 ineleganter
1239 1103 1371 1139 excurrit,
1396 1102 1482 1139 magis
1497 1112 1577 1139 quam
1592 1104 1669 1139 ejus-

874 1136 947 1164 modi
963 1137 1087 1164 convivia
1101 1136 1249 1165 abhorrere
1263 1136 1491 1166 demonstratflit
1505 1136 1572 1166 vero
1586 1136 1665 1168 ethos

873 1171 1135 1203 Christinianorum,
1155 1173 1256 1208 inquit,
1270 1174 1360 1200 tenuis
1373 1175 1485 1200 omnino
1498 1182 1559 1201 esse
1572 1174 1663 1208 debet,

873 1210 991 1242 aptaque
1009 1207 1041 1234 ad
1057 1208 1173 1242 vigilias,
1191 1207 1241 1235 nec
1268 1208 1312 1235 illa
1328 1210 1466 1235 variorum
1491 1210 1614 1236 ciimrum
1638 1215 1663 1237 et

873 1241 1050 1269 bellariorum
1074 1241 1186 1270 Condita
1206 1243 1390 1276 multitudine,
1415 1252 1468 1278 qua
1493 1252 1547 1271 non
1573 1245 1665 1272 minus

873 1278 964 1312 segnis
978 1282 1004 1304 et
1021 1278 1095 1314 iners
1104 1278 1209 1314 anima,
1223 1285 1304 1314 quam
1331 1279 1488 1313 languidum
1515 1287 1616 1314 corpus
1638 1285 1666 1307 ct

872 1313 1030 1349 morbosum
1046 1312 1178 1349 redditur.
1196 1312 1238 1339 Ali
1261 1313 1305 1340 his
1330 1312 1471 1349 praeterea,
1487 1312 1666 1348 quem—adnioo

872 1346 936 1384 dum
954 1354 969 1373 a
992 1348 1099 1375 caeteris
1117 1348 1244 1375 omnibus
1264 1346 1409 1381 conviviis.
1426 1350 1483 1376 vult
1497 1346 1598 1384 triplex
1615 1351 1664 1376 bo-

873 1382 976 1420 minum
991 1390 1087 1415 genus.
1107 1384 1273 1420 adulatores,
1292 1385 1436 1419 parasitas,
1453 1389 1480 1411 et
1496 1382 1664 1420 gladiatores

872 1417 976 1454 muscis
990 1422 1016 1445 ct
1036 1419 1160 1454 mustelis
1182 1420 1262 1453 plene
1286 1417 1391 1446 similes
1416 1417 1604 1454 abigiCAtque
1625 1421 1664 1447 ibi

872 1452 960 1490 gbiter
978 1453 1075 1487 probat
1098 1453 1135 1490 ab
1158 1452 1316 1490 idolothytis
1331 1462 1439 1490 semper
1458 1452 1661 1482 abstinendum.

873 1485 910 1522 Ea
936 1485 1027 1515 tamen
1050 1492 1092 1515 est
1111 1488 1172 1522 ejus
1197 1489 1223 1516 in
1245 1485 1368 1516 homines
1390 1485 1481 1517 adhuc
1496 1490 1663 1518 infirmiores

872 1521 1052 1557 indulgentia,
1070 1527 1100 1550 ut
1123 1521 1158 1551 iis
1183 1532 1236 1551 non
1258 1531 1365 1551 omnem
1380 1525 1481 1552 adimat
1497 1525 1662 1552 ferculorum

871 1563 1043 1595 apparatum,
1053 1559 1100 1595 sed
1116 1567 1230 1594 pravum
1245 1559 1378 1586 duntaxat
1393 1568 1453 1587 sese
1465 1560 1660 1595 ingurgitandi,

872 1596 965 1628 totque
979 1593 1104 1625 obsonia,
1117 1593 1306 1627 ’condimenta,
1321 1602 1353 1621 ac
1371 1593 1662 1629 delicatiores‘magni—

869 1636 923 1688 que
948 1629 1026 1662 pretii
1051 1629 1127 1656 cibos
1152 1630 1298 1657 adhibendi
1311 1630 1536 1658 consuetudinem
1552 1632 1661 1666 penitus

870 1667 981 1688 (amnet
994 1667 1021 1688 et
1035 1665 1196 1688 nmscrihat.
1215 1665 1388 1688 Manifestum
1401 1666 1499 1688 deinde.
1517 1665 1580 1688 facit
1595 1667 1660 1688 ηιιίιι

870 1665 981 1700 damnet
994 1667 1021 1690 et
1035 1665 1196 1699 proscribat.
1215 1665 1388 1692 Manifestum
1401 1666 1499 1693 deinde
1517 1665 1580 1692 facit
1595 1667 1660 1700 quid

869 1697 1046 1730 Christianis,
1062 1699 1084 1727 si
1102 1700 1136 1727 ab
1154 1700 1216 1727 aliis
1232 1700 1314 1728 etiam
1333 1700 1488 1728 infidelibus
1504 1700 1538 1727 ad
1553 1697 1659 1728 cuinam

869 1733 1029 1771 invitentur,
1044 1735 1085 1762 vel
1104 1735 1126 1762 si
1143 1735 1194 1771 ipsi
1210 1735 1353 1770 quospiam
1372 1736 1496 1768 invitent,
1521 1737 1556 1762 sit
1577 1744 1660 1771 agen—

868 1769 944 1800 dum,
960 1777 1097 1804 quamque
1109 1769 1231 1798 modeste
1246 1769 1321 1798 cibos
1334 1778 1441 1799 sumere
1457 1776 1484 1798 et
1500 1769 1607 1798 mensis
1616 1779 1661 1797 ac-

868 1805 997 1841 cumbere
1013 1805 1140 1832 debeant.
1162 1805 1200 1832 lbi
1227 1811 1318 1833 autem
1341 1807 1438 1833 bonam
1463 1807 1573 1841 quidem
1599 1816 1660 1834 csso

868 1837 990 1866 declarat
1005 1840 1059 1866 vini
1080 1841 1225 1874 carnisque
1239 1841 1450 1874 abstinentiam;
1465 1837 1552 1875 neque
1569 1846 1658 1869 tamen

867 1881 914 1900 cos
930 1882 1054 1911 peccare,
1073 1877 1119 1910 qui
1144 1876 1197 1902 illis
1216 1876 1355 1903 moderate
1370 1880 1397 1903 et
1412 1881 1561 1911 temperate
1577 1882 1657 1903 utun—

867 1912 921 1934 tur.
938 1910 1015 1946 Atrio
1031 1911 1118 1946 ctenis
1133 1910 1261 1938 omnibus
1283 1911 1439 1938 sectandam
1462 1911 1657 1946 lrugalitatem,

867 1945 1094 1981 quemadmodum
1112 1953 1208 1973 otnnes
1235 1954 1348 1981 prorsus
1373 1947 1407 1972 ab
1433 1946 1485 1973 illis
1508 1945 1657 1981 abigendas

866 1979 978 2016 delicias
993 1985 1019 2006 et
1039 1980 1174 2016 vitandam
1191 1979 1348 2016 ingluviem.
1365 1981 1470 2013 Quibus
1485 1979 1575 2008 autem
1587 1982 1658 2009 cibis

866 2014 1026 2051 instruenda
1038 2016 1074 2042 sit
1086 2014 1305 2042 Christianon
1320 2023 1424 2047 mensa,
1441 2016 1559 2043 breviter
1572 2024 1657 2051 expo—

866 2050 916 2079 nit.
933 2050 1045 2086 ct_cibis
1063 2051 1226 2086 lautioribus
1241 2052 1307 2078 dicit
1323 2051 1411 2078 ventri
1425 2051 1574 2078 dmmoncm
1587 2050 1655 2086 prte-

865 2092 936 2121 esse.
955 2084 1023 2111 Tum
1044 2085 1119 2112 varia
1133 2089 1159 2112 et
1173 2086 1272 2112 eximia
1288 2086 1452 2121 frugalitatis
1471 2091 1498 2113 et
1515 2084 1656 2113 abstinen-

866 2120 926 2151 tiae.
948 2121 1071 2154 quamvis
1097 2120 1255 2148 indifferens
1282 2121 1318 2148 sit
1338 2120 1505 2148 cunctorum
1531 2121 1653 2148 ciborum

865 2163 942 2187 usus,
957 2156 984 2181 in
999 2155 1135 2188 Matthazo,
1147 2155 1251 2183 Joanne
1265 2155 1386 2190 Baptista
1396 2161 1422 2183 et
1437 2156 1560 2190 apostolo
1572 2156 1654 2183 Petro

864 2191 987 2225 exempla
1004 2191 1141 2225 proponit.
1159 2190 1258 2218 Probat
1277 2195 1366 2218 autent
1383 2191 1453 2218 hanc
1469 2191 1652 2224 frugalitatem

865 2233 918 2251 non
937 2226 1024 2252 solum
1041 2226 1160 2253 Mosaica
1186 2226 1243 2261 lege
1260 2226 1457 2257 commendari,
1475 2228 1522 2253 sed
1540 2226 1652 2253 nimiam

864 2268 973 2295 quoque
987 2261 1177 2288 alimentorum
1194 2262 1300 2295 copiam
1313 2261 1476 2295 corporibus
1492 2262 1528 2287 ita
1546 2261 1652 2293 obesse,

866 2301 893 2322 ut
909 2295 995 2327 Plato,
1018 2304 1033 2322 a
1058 2296 1157 2324 Davide
1175 2296 1300 2328 edoctus,
1319 2296 1460 2331 fugiendos
1480 2296 1653 2323 delicatiores

864 2330 940 2358 cibos
955 2332 1103 2359 censuerit.
1123 2331 1244 2366 Denique
1263 2330 1403 2358 helluones
1417 2332 1441 2358 ei
1458 2331 1526 2366 pisci
1547 2331 1651 2359 similes

863 2373 928 2402 esse
939 2366 988 2402 ait,
1005 2368 1048 2393 cui
1063 2374 1161 2393 nomen
1178 2371 1220 2394 est
1236 2367 1330 2400 asello,
1348 2371 1375 2394 et
1387 2367 1433 2402 qui
1450 2367 1478 2393 in
1494 2370 1588 2394 ventre
1601 2375 1652 2393 suo

863 2409 911 2428 cor
924 2401 1025 2429 habere
1045 2402 1214 2436 perhibetur.

900 2436 937 2463 De
953 2441 1017 2470 potu
1040 2441 1130 2464 autem
1146 2437 1186 2464 sic
1202 2437 1298 2464 statuit
1309 2437 1342 2464 ¹⁹.
1358 2436 1426 2464 Cum
1442 2436 1543 2464 Paulus
1559 2436 1651 2463 Timo-

862 2472 933 2498 thaao
957 2471 994 2498 ob
1021 2472 1192 2507 languentem
1214 2473 1403 2499 tantummodo
1426 2478 1451 2499 et
1475 2476 1650 2506 tegrotantem

863 2507 1034 2534 stomachum
1055 2507 1162 2534 modico
1177 2507 1240 2534 vino
1255 2507 1294 2533 uti
1311 2507 1476 2542 permiserit.
1494 2507 1558 2534 hinc
1577 2507 1653 2534 colli-

862 2542 904 2577 git
918 2549 1017 2577 aquam
1026 2542 1107 2577 sanis
1121 2542 1278 2569 hominibus
1288 2543 1320 2569 ad
1332 2543 1406 2577 sitim
1423 2542 1650 2577 exstinguendam

861 2576 994 2604 sullicere.
1011 2576 1102 2612 Neque
1118 2578 1189 2604 enim
1203 2577 1273 2605 Deus
1302 2576 1374 2604 aliud
1399 2578 1449 2605 nisi
1473 2576 1570 2612 aquam
1595 2576 1649 2604 llc~

861 2612 941 2639 brazis
965 2613 993 2639 in
1017 2612 1125 2640 desarto
1147 2612 1304 2639 errantibus
1328 2613 1445 2647 primum
1466 2613 1648 2643 ministravit;

861 2655 949 2682 neque
963 2647 1027 2678 illis.
1047 2648 1098 2674 nisi
1114 2651 1175 2682 post
1189 2647 1341 2674 exatlantos
1356 2648 1514 2674 innumeros
1530 2648 1647 2677 labores,

861 2681 923 2709 eum
937 2682 1012 2710 dedit
1027 2683 1145 2714 botrum,
1162 2683 1208 2717 qui
1221 2687 1247 2709 et
1257 2682 1421 2709 Christiana:
1434 2682 1495 2710 fidei
1510 2681 1544 2709 ab
1558 2683 1647 2708 ethni-

861 2725 900 2744 (κη
916 2718 1117 2752 superstitionis
1132 2718 1272 2745 erroribus
1287 2718 1407 2744 liberata:
1420 2719 1549 2752 quietem,
1567 2722 1594 2744 et
1609 2718 1648 2743 vi-

861 2760 926 2779 num
949 2753 1123 2779 sanctissimo
1140 2752 1317 2780 Eucharistiac
1336 2753 1365 2779 in
1384 2757 1555 2780 sacramento
1576 2760 1646 2786 aqua

860 2787 987 2819 dilutum,
1003 2795 1035 2815 ac
1048 2788 1076 2814 in
1088 2788 1190 2815 Christi
1202 2788 1362 2823 sanguinem
1374 2788 1472 2815 deinde
1483 2794 1645 2823 conversum

860 2823 974 2857 mystice
993 2823 1174 2858 signiﬁcabat.
1192 2824 1324 2856 Quocirca
1342 2831 1398 2858 reos
1423 2830 1519 2850 omnes
1542 2822 1644 2851 laudat,

858 2858 905 2892 qui
917 2865 989 2896 aqua
1006 2859 1063 2884 sola
1079 2859 1210 2896 contenti,
1228 2859 1320 2896 vinum
1338 2857 1488 2896 fugiebant;
1507 2865 1538 2883 ac
1553 2858 1646 2896 pueris

859 2891 1013 2927 puellisque
1027 2894 1099 2920 omni
1126 2894 1233 2929 penitus
1256 2894 1330 2921 illius
1359 2891 1498 2920 interdicit
1525 2900 1585 2920 usu.
1609 2891 1656 2918 lis-

629 2950 650 2967 “‘
662 2958 723 2987 cap.
740 2951 768 2986 t‘.
805 2951 825 2966 ιο
838 2957 896 2985 cap.
913 2949 942 2976 2.
