1927 3074
287 159 340 186 819

638 159 671 186 lN
691 151 902 187 caeneurm
921 160 1022 188 A1.Ex~.
1044 161 1065 188 υ

1119 161 1139 188 E
1153 161 1297 190 NOURBY
1322 161 1550 189 DlSSEBTATIO
1563 161 1586 189 1.
1867 163 1906 190 8Ξο

287 229 351 250 vero
365 222 412 255 qui
429 222 455 248 in
472 225 560 249 aetatis
577 227 639 249 sunt
651 221 726 252 ﬂore.
740 221 772 248 ad
780 221 922 257 prandium
938 221 1013 249 nullo
1029 229 1076 257 po—
1090 225 1113 253 Α
1129 226 1220 257 grates
1230 222 1254 250 ei
1266 222 1397 250 debemus
1409 221 1570 256 rependere.
1581 221 1698 249 Demum
1715 225 1819 249 auctor
1829 227 1907 253 noster

288 264 329 288 tu,
347 258 380 284 ad
394 265 500 284 cumam
519 257 626 283 modico
638 257 712 286 vino,
729 257 840 283 senibus
856 256 936 291 paulo
952 257 1075 290 uberius,

288 292 336 320 sed
360 293 428 320 nulli
448 299 567 326 unquam
585 292 643 319 sine
659 291 843 318 moderatione
870 292 908 318 uti
934 293 1074 327 permittit.

289 328 357 355 Illud
375 328 459 357 enim.
473 327 520 354 sed
536 334 605 361 aqua
621 334 727 361 semper
743 331 932 361 temperatum,
949 328 1020 354 sicut
1032 336 1077 355 sa-

289 364 366 390 nitati
384 363 536 397 proﬁcuum
552 366 602 394 est,
631 362 667 388 ita
688 361 833 388 immodice
853 366 975 396 potatum
990 363 1075 397 pluri-

288 407 342 429 ma,
358 405 419 432 qua!
433 398 467 424 ab
483 405 516 424 eo
531 401 718 432 recensentur,
734 397 840 432 damna
866 401 948 431 atque
972 398 1076 424 incom-

287 431 460 460 Inoda'aﬂ'ert
483 437 510 459 et
535 432 673 467 importat.
701 431 739 458 Ibi
766 440 846 466 porro
862 433 1032 460 ebriosorum
1048 437 1076 460 et

287 469 498 496 temulentorum
516 467 656 494 hominum
684 471 757 501 gesta
777 468 876 501 paucis
897 468 956 495 ideo
971 468 1075 494 descri—

287 504 336 535 bit,
353 507 382 529 ut
395 511 491 530 omnes
514 503 547 529 ab
571 502 719 538 ebrietate,
738 510 817 536 quam
837 510 914 529 sacra
933 502 1074 538 Scriptura

287 539 425 573 prohiberi
440 538 570 569 ostendit,
585 537 692 564 facilius
707 537 875 564 dehortetur.
892 537 1074 570 Quamobrem

287 574 425 601 subnectit
450 581 464 600 a
486 573 607 604 Christo,
630 573 740 600 tametsi
755 581 864 606 aquam,
882 573 946 600 dum
971 574 1075 608 nuptiis

287 610 441 639 interesset.
459 609 604 635 mutaverit
621 609 648 634 in
666 608 770 638 vinum,
787 616 817 634 ea
832 612 923 634 tamen
947 608 1071 635 immuta.

286 644 359 672 tione
385 645 496 671 minime
524 644 632 678 quidem
657 643 817 678 permissam
838 643 1007 673 ebrietatem.
1026 644 1073 670 sed

285 680 382 711 vitam,
403 687 490 714 aqueo
513 680 620 714 veteris
637 679 704 712 legis
728 678 820 705 sensui
847 679 980 713 sanguine
1000 678 1073 706 illius

285 715 400 747 datam,
429 713 574 748 allegorice
607 713 751 742 declarari.
783 713 940 741 Praescribit
977 713 1074 741 deinde

285 755 419 784 quantum
431 751 486 777 vini
501 750 588 777 hieme
602 754 649 776 aut
663 749 715 776 alio
730 752 852 784 tempore
865 749 1012 776 bibendum
1026 750 1071 780 sit,

285 790 412 821 vetatque
437 793 470 812 ne
494 785 554 812 vina
565 784 694 821 ardentia
712 791 744 821 ac
773 785 888 821 fumosa,
904 788 930 811 et
955 785 1073 821 es__aliis

285 819 375 856 longe"
388 820 492 856 dissitis
516 819 684 856 regionibus
698 819 820 856 advecta.
838 819 934 856 Chium
957 819 1072 856 scilicet,

285 854 437 887 Ariusium,
464 855 604 884 Thasium.
626 854 763 885 Lesbium,
788 855 935 885 Creticum,
954 854 1072 889 Syracu-

1129 258 1248 285 breviter
1264 257 1391 285 edisserit
1403 264 1464 292 qum
1477 256 1632 284 Christiano
1644 257 1759 284 cantica
1771 261 1800 284 et
1812 257 1905 288 hanno.

1127 292 1172 319 nia
1190 292 1323 327 permissa
1340 293 1403 319 sint.

1161 325 1246 362 Negat
1257 335 1321 354 vero
1334 328 1415 354 etiam
1431 327 1458 353 in
1472 326 1605 354 conviviis
1619 325 1787 354 Christiano
1803 327 1907 358 absurde

1127 361 1251 395 ridendi,
1269 363 1311 390 vel
1323 363 1384 389 aliis
1398 363 1482 389 risum
1501 361 1627 390 movendi
1639 361 1736 388 datam
1754 370 1820 390 esse
1835 363 1906 391 facul-

1127 399 1251 425 tatem".
1268 398 1424 434 Etenimrilli
1439 397 1544 434 urbane
1556 401 1662 434 tantum
1678 405 1712 424 ac
1729 398 1821 432 lepide
1835 399 1905 434 loqui,

1127 441 1158 460 ac
1170 440 1310 467 nunquam
1328 433 1380 460 nisi
1396 433 1566 460 convenienti
1581 436 1718 466 tempore.
1737 438 1765 460 et
1785 433 1904 467 modeste,

1127 468 1296 503 bonestaque
1310 476 1371 495 eum
1387 468 1528 503 severitate
1543 468 1643 497 ridere.
1662 468 1704 494 vel
1720 469 1818 502 potius
1829 471 1905 497 subri-

1126 503 1190 530 dcre
1203 502 1364 530 concessum
1380 507 1430 530 est.
1449 502 1518 530 Hinc
1533 503 1605 530 risus
1620 503 1817 535 immodestos,
1837 505 1905 533 lasci-

1126 546 1174 566 vos
1196 543 1222 566 et
1236 546 1368 573 procaces
1385 546 1399 564 a
1420 538 1576 565 Christiana
1598 538 1741 571 republica
1759 541 1856 573 procul
1872 549 1905 567 ar~

1125 574 1226 601 ecndos
1240 573 1470 608 deelarat.Neque
1492 577 1580 600 tamen
1601 573 1797 601 Christianum
1815 575 1906 603 idcirco

1125 609 1232 645 tristem
1243 616 1304 636 esse
1319 609 1387 641 vult,
1399 608 1450 645 sed
1459 616 1495 645 ea
1506 608 1640 645 modestia
1655 612 1683 635 et
1697 609 1838 643 gravitate
1849 619 1905 645 pne

1125 644 1212 671 ditum
1237 647 1266 671 ut
1292 651 1378 679 neque
1397 644 1424 670 in
1441 643 1584 674 obscenis,
1600 644 1642 670 vel
1658 644 1777 672 cuilibet
1794 643 1905 674 molestis

1125 679 1217 719 rebus,
1235 687 1323 714 neque
1338 679 1412 719 ompi
1424 682 1555 719 tempore,
1571 679 1747 719 nequeapud
1764 682 1904 719 quoslibet,

1125 715 1177 742 nisi
1202 714 1272 742 forte
1282 714 1412 742 inonnulli
1430 714 1552 742 seniores
1572 714 1675 748 aliquid
1693 714 1814 743 venuste
1834 721 1860 744 et
1876 717 1905 744 fe-

1125 751 1194 778 stive
1209 750 1338 780 dixerint,
1355 750 1400 776 ille
1413 749 1561 776 subrideat.
1576 748 1667 776 Facile
1681 750 1756 777 enim
1769 759 1806 778 ex
1819 751 1906 777 immo-

1124 785 1185 813 dico
1201 786 1259 813 risu
1275 789 1367 812 manat
1384 784 1540 819 turpitudo.
1559 785 1630 811 sicut
1646 785 1673 811 in
1690 785 1757 813 vino
1773 786 1906 821 improbo-

1124 828 1184 847 rum
1200 821 1338 847 hominum
1355 827 1444 847 mores
1455 823 1650 854 agnoscuntur.

1160 855 1243 882 Multo
1259 855 1340 892 igitur
1359 855 1450 892 magis
1463 855 1551 892 eidem
1566 854 1724 892 Christiano
1735 876 1742 886 ,
1757 857 1850 892 pergit
1867 866 1906 885 au-

287 891 368 922 sium,
386 890 565 929 blendesium,
580 889 727 929 _Naxium,A
736 889 875 929 Italicum,
890 890 924 929 ab
936 891 1009 929 _ullo_
1021 899 1072 929 nn-
1089 900 1109 929 Β
1124 895 1184 918 ctor
1198 889 1291 929 noster
1302 891 1335 921 ",
1350 890 1575 929 vjtandipbsccni
1592 897 1747 929 sermones,
1758 889 1907 927 turpiaque

287 934 368 960 quam
386 926 495 953 homine
511 925 694 958 requirantur.
709 923 840 952 Omnibus
854 925 1073 959 siquidemindi~

284 959 353 995 gena
379 961 442 988 vina
465 960 587 987 suiicere
609 959 723 987 deﬁnit:
746 960 799 988 nisi
821 960 889 988 forte
905 960 998 994 aliqui,
1019 969 1074 988 non

285 1004 365 1023 secus
376 1003 407 1022 ac
423 996 497 1023 stulti
509 995 670 1022 Parthorum
683 1003 772 1029 reges,
781 1003 871 1022 secum
881 995 964 1022 velint
976 1003 1072 1030 aquam

285 1039 395 1066 quoque
408 1034 559 1066 asportare.
579 1030 668 1066 Monet
691 1030 808 1058 subinde
831 1034 932 1065 quanta
954 1031 1073 1058 bibendo

284 1065 466 1098 esse'debeat,
489 1065 615 1093 Minerva;
629 1065 710 1093 etiam
729 1067 863 1100 exemplo,
882 1066 1031 1093 honestatis
1046 1070 1073 1092 ct

285 1101 416 1128 decentia:
432 1109 508 1136 cura.
525 1100 652 1136 Quaedam
671 1100 811 1128 enimvero
827 1106 921 1136 gentes
935 1101 1072 1128 bellicosas

283 1136 408 1164 ebrietati
434 1135 574 1170 indulgent
589 1135 709 1170 quidem,
727 1136 773 1162 sed
795 1135 900 1170 paciﬁci
921 1136 1070 1163 Christiani

283 1171 383 1198 debent
400 1171 433 1198 ad
447 1170 549 1198 Christi
566 1171 662 1202 instar,
683 1171 728 1205 qui
744 1171 837 1198 vinutn
854 1171 1072 1199 moderatissime

283 1206 418 1237 adhibuit,
436 1206 614 1234 moderationi
641 1213 673 1232 ac
696 1206 837 1233 sobrietati
854 1206 973 1234 studere.
992 1206 1070 1233 luve-

282 1241 357 1278 hitur
369 1241 467 1278 deinde
483 1242 509 1268 in
524 1242 650 1278 mulieres
665 1249 724 1276 qum
742 1241 793 1278 14
809 1241 983 1278 alabastrinis
998 1241 1071 1278 vasis

282 1276 411 1304 indecore
428 1277 564 1308 bibentes,
581 1276 679 1303 collum
697 1276 845 1303 nudabant.
859 1276 1001 1304 Postremo
1012 1276 1071 1304 hel-

282 1311 378 1339 luones
405 1319 466 1340 cum
493 1312 623 1346 accphalo
648 1315 785 1338 errantem
810 1312 916 1339 stellam
943 1315 1067 1346 antegre-

281 1347 381 1377 diente,
398 1351 425 1374 ct
439 1355 500 1374 cum
515 1347 648 1381 Elpenore
665 1351 814 1380 comparat,
828 1355 860 1374 ac
875 1346 931 1374 Noe
945 1347 1069 1381 exemplo

229 1403 239 1410 .
281 1382 440 1409 ebrietatem
458 1382 613 1416 fugiendam
625 1389 686 1409 esse
700 1382 848 1409 concludit.

317 1417 408 1444 Palam
426 1418 546 1451 posthaec
564 1417 629 1444 facit
647 1417 674 1433 ¹⁰ι
689 1424 770 1450 quam
799 1425 886 1445 vanus
907 1421 933 1444 et
961 1417 1068 1444 inutilis

281 1452 318 1478 sit
338 1460 464 1479 vasorum
490 1457 545 1478 tam
571 1455 762 1487 argenteorum
777 1460 857 1485 quam
879 1459 1023 1479 aureorum
1040 1455 1067 1479 et

280 1495 464 1520 gemmeornm
490 1495 576 1514 usus:
600 1491 627 1514 et
655 1487 755 1514 calices
777 1488 944 1518 therieleos.
961 1487 1068 1522 antigo-

281 1523 358 1549 nides
372 1544 377 1551 .
393 1522 540 1549 cantharos
553 1542 560 1553 ,
577 1522 688 1557 lepistas
699 1541 712 1557 ,ν
725 1526 862 1557 psycteres
876 1543 882 1553 .
900 1523 1064 1554 oenochoas,

282 1561 391 1584 servatu
406 1562 499 1592 utpote
514 1558 648 1592 dillicilcs,
661 1562 688 1584 et
701 1556 866 1585 Christianis
877 1559 985 1589 vetitos,
1001 1565 1065 1592 pro-

280 1593 324 1619 cul
334 1593 412 1627 jubet
424 1591 575 1619 ainandari.
588 1591 642 1620 Nec
656 1592 754 1619 minori
766 1594 912 1620 severitate
923 1591 1065 1627 argenteas

279 1628 430 1661 proscribit
445 1628 537 1658 sellas,
555 1628 657 1662 pelves,
674 1628 830 1657 acetabula.
846 1629 984 1659 scutellas,
999 1628 1064 1655 cati-

281 1670 332 1690 nos
343 1667 369 1690 et
377 1663 430 1689 alia
441 1670 522 1698 aurea
535 1667 716 1698 argenteaque
728 1670 792 1690 vasa
806 1663 862 1690 sive
871 1664 904 1690 ad
917 1667 1064 1691 consuetos

281 1705 382 1725 mensae
398 1706 430 1724 ac
455 1697 554 1725 domus
569 1697 575 1728 ζ
593 1698 650 1725 sive
673 1697 706 1724 ad
726 1697 794 1725 alios
807 1718 813 1729 ,
831 1706 901 1732 quos
925 1699 1064 1725 nominare

280 1733 384 1766 pudet,
409 1740 476 1759 usus
496 1733 640 1760 destinata.
664 1731 762 1760 Omnia
783 1731 882 1768 quippe
908 1734 983 1764 hmo,
1009 1741 1063 1760 non

280 1775 359 1794 Secus
376 1775 406 1794 ac
421 1768 566 1802 superbam
583 1768 674 1799 nimis,
689 1772 716 1795 et
729 1769 959 1803 sumptuosiorem
973 1768 1064 1795 domo-

280 1810 339 1829 rum
353 1803 559 1837 supelleetilcm,
573 1803 740 1837 lectulosque
751 1803 898 1835 molliores,
910 1811 970 1830 cum
980 1811 1064 1830 sacrae

280 1837 430 1874 §cripturrc
447 1841 474 1865 et
488 1837 609 1866 Platonis
622 1839 795 1870 auctoritate,
812 1842 869 1874 tum
886 1839 946 1874 ipso
960 1838 1062 1866 Christi

279 1872 388 1908 Domini
408 1874 551 1907 exemplo,
570 1874 651 1908 plane
672 1873 835 1908 penitusque
856 1872 983 1901 danmata
1002 1881 1064 1901 esse

278 1907 459 1936 demonstrat.
473 1909 512 1935 Ad
525 1907 582 1936 haec
593 1916 657 1935 vero
671 1907 742 1935 nulla
756 1907 844 1943 major
855 1917 935 1943 quam
948 1917 981 1936 ex
991 1909 1062 1936 mala

277 1943 434 1970 divitiarum
452 1944 686 1972 administratione
700 1947 727 1971 et
743 1951 812 1971 caeca
827 1944 1005 1978 congerenda:
1017 1952 1064 1978 pe-

278 1979 365 2006 cuniae
380 1979 543 2013 cupiditate,
559 1979 661 2006 homini
682 1980 816 2013 pernicies
832 1980 989 2014 certiusque
1004 1979 1063 2007 exi-

277 2014 345 2043 tium
363 2014 484 2040 affertur.

312 2049 333 2075 A
346 2048 511 2076 Christianis
520 2053 611 2076 autem
622 2049 752 2077 conviviis
766 2050 824 2076 vult
834 2049 959 2077 Clemens
971 2053 1063 2076 noster

277 2091 385 2111 omnem
404 2084 512 2118 penitus
532 2085 657 2112 exsulare
678 2085 905 2112 comessationem
922 2086 961 2115 ἰ,
979 2085 1061 2111 lasci-

276 2119 347 2146 viam
358 2139 364 2150 ,
382 2119 476 2146 inanes
492 2119 652 2153 ineptasque
671 2120 892 2154 pernoctationes
903 2140 910 2151 ,
928 2119 1062 2147 temulen-

276 2154 361 2185 tiam,
383 2154 561 2187 ebrietatem,
585 2155 683 2186 tibias,
707 2155 834 2189 psalteria
848 2175 855 2186 ,
880 2155 1039 2183 saltationes
1053 2175 1060 2185 ,

275 2189 389 2223 plausus
402 2189 602 2224 1Egyptiorum,
612 2190 730 2218 caricam
742 2190 886 2222 musicam,
898 2197 1061 2224 onmemque

275 2232 390 2258 prorsus
410 2225 467 2252 sive
489 2225 630 2251 oculorum
652 2225 710 2251 sive
731 2225 838 2252 aurium
858 2225 1056 2259 intemperiem.

1125 926 1279 961 spectacula
1294 929 1341 952 aut
1354 925 1440 962 facta:
1459 925 1728 962 imoverqstirpitus
1743 925 1906 962 amputanda

1125 959 1182 996 ipsa
1195 961 1322 988 vitiorum
1340 961 1415 987 radix
1429 960 1572 995 cupiditas.
1587 959 1801 996 Nequertamen'
1811 963 1839 989 in
1851 965 1906 991 ullis

1125 995 1251 1023 humanis
1270 996 1393 1030 corporis
1409 995 1556 1026 membris,
1573 995 1623 1022 etsi
1642 995 1799 1030 pudendis,
1818 999 1868 1026 sed
1885 1000 1906 1026 in

1124 1032 1182 1059 solo
1200 1032 1265 1059 vitio
1285 1031 1420 1066 rebusque
1436 1030 1542 1058 vitiosis
1557 1031 1608 1057 sita
1621 1035 1665 1058 est
1680 1032 1842 1066 turpitudo.

1158 1066 1243 1094 Nemo
1256 1067 1366 1101 insuper
1374 1074 1388 1092 a
1397 1066 1475 1093 nobis
1484 1086 1491 1097 ,
1500 1067 1607 1101 tametsi
1621 1066 1655 1092 ab
1672 1066 1767 1101 aliquo
1776 1068 1888 1097 offensis
1897 1090 1904 1101 ,

1124 1102 1151 1128 in
1165 1102 1291 1129 convivio
1306 1100 1412 1129 irrideri
1428 1108 1548 1135 unquam
1562 1100 1641 1127 debet
1654 1101 1693 1127 “z
1714 1100 1742 1129 et
1758 1107 1854 1130 tacere
1870 1100 1906 1132 sa-

1122 1137 1176 1164 tius
1187 1141 1228 1164 est
1242 1144 1322 1172 quam
1335 1137 1382 1163 ulli
1396 1136 1594 1172 coutradicere.
1612 1135 1712 1172 Verum
1734 1137 1771 1164 ab
1782 1140 1905 1166 omnibus

1121 1172 1232 1208 omnino
1245 1172 1502 1208 eonviviisrpropter
1514 1171 1602 1208 aetatis
1615 1171 1835 1208 imbecillitatem
1850 1182 1905 1208 pro-

1120 1207 1230 1234 hibendi
1245 1211 1308 1235 sunt
1323 1207 1510 1234 adolescentes
1521 1209 1548 1233 et
1561 1206 1786 1238 adolescentulae.
1799 1206 1903 1236 nec—ulli

1121 1250 1240 1277 unquam
1257 1243 1284 1269 in
1299 1242 1332 1269 iis
1350 1241 1616 1277 cumralicnaruxore
1632 1242 1865 1271 accumbendum.
1882 1245 1904 1271 Si

1120 1276 1270 1305 necessitas
1286 1281 1376 1304 tamen
1395 1276 1421 1303 id
1436 1276 1571 1311 postulet,
1591 1277 1731 1311 quomodo
1746 1278 1773 1306 id
1792 1278 1851 1306 ﬁeri
1862 1300 1869 1311 ,
1884 1284 1904 1306 et

1120 1313 1255 1347 praecipue
1271 1312 1407 1347 quomodo
1421 1311 1606 1346 unusquisque
1619 1312 1677 1339 sive
1693 1313 1752 1343 vir,
1768 1315 1828 1341 Sive
1847 1323 1904 1341 mu-

1119 1348 1179 1380 licr,
1199 1348 1256 1375 sive
1273 1348 1374 1378 senior,
1390 1351 1436 1373 aut
1451 1347 1555 1380 junior,
1571 1354 1631 1374 sese
1648 1347 1676 1373 in
1692 1347 1794 1376 iisdem
1811 1351 1905 1376 convi-

1118 1383 1171 1409 viis
1186 1390 1278 1419 gerere
1289 1403 1295 1413 ,
1313 1383 1536 1419 loqui_et_voccm
1552 1389 1728 1419 componere,
1743 1392 1777 1410 ac
1793 1393 1855 1419 quae
1871 1386 1906 1411 vi—

1119 1421 1177 1454 tare
1187 1418 1294 1454 debeat,
1308 1417 1465 1454 singulatim
1475 1421 1502 1443 et
1514 1417 1904 1454 accurateClcmensekponit.

1151 1453 1206 1481 Nec
1225 1453 1316 1479 minus
1333 1454 1405 1480 clare
1428 1452 1462 1478 de
1482 1459 1645 1479 coronarum
1659 1474 1666 1484 ,
1685 1453 1787 1480 ﬂorum
1811 1452 1838 1482 et
1859 1464 1906 1482 un-

1115 1493 1278 1523 guentorum
1297 1496 1346 1515 usu
1373 1487 1493 1522 disputat
1506 1487 1540 1519 ",
1563 1495 1595 1514 ac
1610 1488 1700 1521 primo
1718 1489 1833 1522 quidem
1847 1498 1904 1517 eum

1117 1523 1228 1559 minime
1247 1523 1432 1559 necessarium
1452 1530 1513 1549 esse
1535 1523 1683 1559 convincit.
1706 1523 1746 1551 Ne
1762 1526 1827 1559 quis
1846 1533 1905 1552 vero

1116 1559 1198 1593 pedes
1208 1558 1309 1595 Christi
1322 1566 1336 1585 a
1351 1557 1463 1584 muliere
1470 1561 1568 1595 unctos
1585 1557 1727 1595 obiiceret,
1741 1557 1904 1595 id‘mystica,

1116 1601 1254 1628 quamque
1266 1594 1324 1628 ipse
1336 1596 1459 1628 excusat,
1472 1593 1554 1627 paulo
1567 1593 1708 1627 prolixiori
1722 1593 1905 1628 explicatione

1115 1627 1319 1663 interpretatur.
1342 1627 1526 1664 Scidrbrevius
1546 1629 1614 1654 abas
1629 1628 1709 1655 diluit
1732 1627 1905 1664 objectiones

1115 1664 1150 1690 ab
1170 1664 1342 1698 antiquorum
1362 1663 1487 1690 Hebraici
1508 1664 1600 1698 populi
1620 1671 1715 1697 regum
1731 1667 1867 1693 unctione
1882 1671 1906 1692 et

1114 1698 1253 1734 Aristippo
1268 1699 1377 1733 petitas.
1395 1698 1492 1734 itaque
1506 1698 1696 1733 inexplebilem
1718 1701 1821 1727 merito
1859 1709 1904 1727 ex-

1115 1732 1358 1768 agitat'rnulierum
1375 1732 1526 1769 libidinem,
1543 1732 1730 1768 qum,etiamsi
1739 1735 1862 1769 plurima
1883 1742 1906 1762 et

1114 1770 1149 1797 ab
1165 1777 1198 1797 eo
1211 1769 1368 1796 nominibus
1384 1768 1441 1795 suis
1455 1769 1590 1803 appellata
1604 1768 1745 1803 unguenta
1757 1770 1903 1797 haberent.

1114 1805 1166 1831 alia
1182 1808 1272 1840 tamen
1289 1812 1358 1830 nova
1374 1803 1401 1830 in
1417 1803 1476 1840 dies
1490 1804 1691 1840 excogitabant.
1706 1803 1743 1831 Ex
1761 1805 1808 1832 his
1823 1813 1904 1840 porro

1114 1839 1252 1866 concludit
1268 1839 1476 1873 unguentarios.
1500 1838 1657 1866 civitatibus
1679 1839 1750 1866 bene
1792 1838 1906 1866 moratis

1114 1875 1209 1909 pulsos
1219 1895 1226 1904 ,
1240 1874 1339 1902 debere
1352 1881 1366 1900 a
1381 1874 1537 1901 Christiana
1554 1874 1694 1908 republica
1711 1874 1749 1900 ita
1770 1876 1902 1904 extrudi.

1115 1908 1144 1936 ut
1160 1910 1251 1936 nullus
1265 1910 1343 1944 plane
1364 1910 1421 1936 sive
1436 1908 1478 1935 vir
1490 1909 1569 1944 ,Vsive
1593 1909 1690 1935 mulier
1711 1915 1886 1944 unguentum
1897 1931 1903 1941 ,

1114 1945 1161 1972 sed
1175 1943 1335 1979 probitatem
1347 1944 1408 1971 vitae
1416 1947 1442 1970 et
1453 1943 1589 1979 pudicitia:
1599 1943 1759 1979 unctionem
1768 1945 1900 1972 redoleat.

1113 1978 1206 2014 Neque
1226 1979 1327 2006 idcirco
1347 1984 1438 2006 tamen
1449 1978 1461 2010 ,ί
1477 1979 1565 2013 inquit
1589 1979 1653 2014 ille,
1677 1978 1781 2006 debent
1806 1988 1902 2007 omnes

1113 2013 1216 2045 omnia,
1227 2014 1298 2042 sicut
1308 2014 1431 2041 vultures
1440 2019 1465 2041 et
1476 2013 1610 2050 scarabei,
1620 2018 1760 2050 unguenta
1775 2017 1901 2050 rejicere;

1114 2050 1160 2077 sed
1176 2050 1219 2077 bis
1234 2053 1339 2076 tantum
1351 2069 1358 2081 ,
1376 2057 1436 2083 quae
1452 2049 1553 2083 aliquid
1571 2053 1688 2084 possunt
1706 2049 1814 2077 afferre
1830 2051 1903 2077 utili-

1113 2085 1188 2116 tatis,
1204 2092 1235 2112 ea
1246 2093 1353 2119 semper
1367 2085 1405 2110 uti
1423 2085 1490 2119 lege,
1506 2088 1535 2110 ut
1551 2084 1654 2120 nullum
1673 2092 1798 2120 unquam
1816 2093 1902 2120 neque

1112 2120 1246 2151 odoratu,
1266 2128 1353 2154 neqtte
1367 2120 1427 2146 visu
1441 2139 1448 2150 ,
1469 2126 1557 2152 neque
1577 2119 1630 2145 alio
1653 2119 1709 2145 ullo
1725 2120 1810 2147 modo
1827 2119 1903 2147 volu-

1114 2156 1181 2190 ptati
1198 2155 1263 2181 dent
1280 2156 1379 2182 locum.
1398 2154 1532 2190 Caeterum
1550 2154 1585 2180 ibi
1606 2154 1728 2190 ostendit
1749 2157 1901 2190 unguentis

1112 2194 1139 2217 et
1155 2191 1214 2218 oleo
1232 2190 1343 2216 morbos
1358 2189 1490 2224 quosdam
1512 2189 1620 2220 sanari;
1641 2189 1688 2215 sed
1705 2189 1840 2217 mulieres
1859 2199 1902 2217 ar-

1113 2225 1180 2259 guit,
1193 2232 1253 2260 quae
1264 2225 1355 2252 crines
1365 2224 1491 2260 tingunt,
1499 2227 1580 2258 atque
1592 2231 1639 2250 eas
1652 2231 1714 2258 qua:
1726 2229 1838 2260 ungunt
1856 2233 1902 2252 cas

275 2259 446 2294 Quapropter
471 2260 516 2286 ubi
544 2267 593 2287 rex
615 2259 746 2294 propheta
769 2260 893 2287 homines
917 2260 950 2287 ad
972 2259 1056 2286 Deum
1075 2260 1096 2287 D
1111 2259 1298 2295 pillos,’eitius
1315 2267 1460 2295 canescere
1477 2259 1655 2295 demonstrat.

275 2298 344 2330 sono
359 2295 440 2327 tubae,
457 2295 586 2330 psalterio
597 2298 624 2322 et
637 2295 747 2329 cythara
757 2315 764 2327 ,
779 2295 889 2322 chordis
903 2299 930 2321 et
943 2302 1055 2329 organo,

274 2329 440 2356 laudandum
457 2329 562 2360 invitat,
578 2329 615 2365 id?
625 2334 721 2357 auctor
736 2334 829 2357 noster
842 2330 956 2365 mystice
970 2330 1056 2364 expli-

275 2366 393 2392 candum
410 2372 472 2392 esse
490 2365 579 2392 docet.
597 2364 629 2391 Et
646 2365 753 2399 quidem
770 2366 793 2392 si
809 2364 904 2400 gentes
920 2366 1055 2400 quaedam,

274 2407 344 2434 quas
355 2400 399 2427 ille
414 2400 573 2427 nominatim
583 2401 710 2434 appellat,
722 2401 851 2427 nonnulla
865 2401 929 2427 dum
946 2400 1056 2434 bellige-

274 2438 387 2467 rantur,
408 2435 539 2462 adhibent
561 2435 762 2467 instrumenta;
784 2435 930 2462 Christiani
954 2443 1019 2462 sane
1040 2443 1055 2462 e

274 2471 413 2499 contrario
433 2478 540 2505 semper
567 2471 673 2505 paciﬁci
699 2478 753 2497 uno
773 2470 871 2498 debent
891 2472 930 2497 uti
953 2471 1055 2497 instru—

273 2510 366 2532 mento
377 2525 384 2536 ,
404 2506 487 2533 verbo
514 2505 619 2532 scilicet
639 2505 748 2536 divino,
765 2513 818 2540 quo
833 2506 900 2532 alios
919 2505 954 2532 ad
970 2505 1052 2532 Deum

273 2540 453 2573 laudandum,
470 2540 589 2575 agendas
606 2541 630 2576 ei
646 2541 764 2576 gratias,
787 2545 814 2568 et
836 2541 976 2568 honestam
992 2548 1054 2566 cum

292 2575 397 2611 reximo
413 2583 462 2602 suo
476 2575 703 2602 consuetudinem
718 2577 760 2610 pie
769 2579 915 2611 sancteque
924 2576 1052 2602 excitent.

297 2615 466 2638 erumtamen
479 2611 501 2637 si
515 2611 576 2646 quis
586 2611 675 2646 lyram
698 2611 739 2638 vel
751 2611 891 2646 cytharam
907 2610 1016 2644 pulsare
1029 2615 1055 2637 et

271 2646 388 2680 psallere
410 2645 539 2676 sciverit,
566 2645 666 2673 id'non
685 2646 764 2679 plane
788 2645 972 2680 respuendum
994 2653 1055 2672 esse

271 2684 378 2716 monet,
395 2681 476 2707 modo
492 2681 536 2708 ille
552 2688 641 2716 regem
661 2681 819 2715 prophetam
835 2681 943 2707 divinas
961 2680 1054 2707 laudes

270 2715 441 2743 deeantando
459 2715 589 2743 imitetur.
609 2716 644 2742 At
664 2715 892 2750 quemadmodum
909 2720 1052 2749 antequam

270 2751 360 2777 cibum
376 2755 573 2785 pra-gustemus
585 2770 592 2781 ,
614 2751 685 2778 Dens
700 2758 714 2777 a
730 2751 810 2777 nobis
826 2750 977 2777 laudandus
993 2754 1051 2781 est,

270 2786 306 2812 ita
317 2790 344 2813 et
355 2787 381 2813 in
390 2790 464 2820 potu,
477 2786 548 2813 sicut
558 2786 622 2813 olitn
632 2786 716 2812 Graeci
729 2785 763 2812 ad
773 2785 946 2813 Hebraeorum
958 2785 1053 2815 instar,

270 2826 297 2848 et
317 2825 379 2848 ante
404 2829 529 2849 somnum
568 2825 678 2848 nostras
699 2828 750 2855 pro
772 2821 891 2855 acceptis
915 2820 1054 2848 beneﬁciis

657 2899 678 2914 ³³
694 2905 752 2932 cap.
772 2898 797 2925 5.
835 2897 857 2914 ²³
872 2905 929 2933 ('ap.
948 2898 973 2926 6.

304 2898 325 2916 ί·
339 2906 398 2935 cap.
416 2899 440 2926 5.
479 2899 499 2914 ¹¹
516 2905 575 2934 cap.
591 2898 617 2925 ll.

1017 2897 1048 2934 _"
1065 2905 1122 2933 cap.
1139 2898 1163 2925 7.

1146 2295 1227 2322 Venit
1243 2294 1340 2322 deinde
1360 2294 1393 2321 ad
1411 2301 1527 2321 coronas
1541 2294 1632 2330 _variis
1648 2293 1766 2321 ﬁoribus
1789 2302 1903 2330 compa-

1111 2334 1189 2362 ctas,
1207 2335 1234 2357 et
1256 2337 1349 2356 earum
1373 2337 1452 2356 usum
1478 2328 1548 2363 apud
1567 2336 1688 2363 paganos
1709 2329 1736 2356 in
1761 2328 1902 2357 conviviis

1112 2365 1362 2399 frequentissimum
1375 2384 1382 2394 ,
1397 2365 1464 2391 dicit
1485 2363 1642 2391 Christiano
1665 2364 1796 2391 illicitum
1819 2373 1881 2393 esse
1893 2386 1899 2394 .

1111 2398 1204 2434 utpote
1219 2401 1263 2427 cui
1278 2400 1351 2427 nulla
1365 2399 1462 2426 florum
1480 2398 1661 2426 delectatione
1675 2399 1718 2426 vel
1736 2400 1834 2431 odore,
1851 2401 1902 2428 sed

1111 2435 1169 2462 solo
1186 2439 1295 2469 aspectu
1312 2434 1365 2461 frni
1384 2435 1472 2462 liceat.
1495 2434 1660 2461 Christiana
1682 2435 1825 2463 enimvero
1839 2444 1903 2462 Inu-

1104 2470 1185 2497 ~lieris
1206 2478 1304 2497 corona
1319 2473 1360 2496 est
1377 2470 1432 2498 vir.
1451 2473 1478 2495 et
1491 2469 1543 2496 viri
1557 2470 1785 2501 matrimonium;
1803 2471 1902 2497 matri-

1109 2505 1192 2532 monii
1207 2509 1295 2532 autem
1310 2504 1390 2531 flores
1403 2504 1490 2534 liberi,
1508 2511 1539 2530 ac
1553 2505 1688 2531 universae
1705 2504 1837 2533 Ecclesiae
1851 2513 1902 2532 co—

1107 2548 1174 2567 rona
1190 2540 1325 2567 Christus.
1343 2539 1431 2566 Monet
1445 2544 1536 2566 tamen
1550 2539 1640 2566 varias
1654 2547 1719 2566 esse
1734 2539 1831 2566 ﬂorum
1844 2549 1858 2564 \
1868 2541 1901 2566 ir—

1106 2579 1198 2606 tutes,
1217 2583 1332 2609 quarum
1360 2575 1418 2601 alim
1442 2574 1543 2605 utiles,
1566 2574 1625 2601 aliae
1642 2575 1734 2601 noxia:
1758 2579 1821 2602 sunt
1848 2582 1902 2601 aut

1106 2610 1275 2645 periculosae.
1303 2609 1401 2637 Verum
1423 2613 1452 2635 ut
1476 2617 1531 2636 rem
1549 2610 1631 2636 altius
1651 2614 1679 2645 et
1704 2618 1719 2636 a
1736 2618 1787 2637 sua
1808 2610 1900 2645 prima

1106 2644 1210 2680 urigine
1225 2649 1327 2679 repetat
1339 2665 1346 2676 ,
1363 2645 1399 2672 ibi
1414 2644 1531 2678 primum
1548 2644 1685 2678 quomodo
1696 2665 1703 2675 ,
1721 2651 1748 2672 et
1762 2653 1777 2671 a
1796 2644 1898 2679 quibus

1107 2679 1220 2715 cmperit
1233 2687 1394 2707 coronarum
1409 2687 1476 2715 usus
1492 2680 1607 2706 strictim
1622 2679 1744 2715 attingit.
1760 2680 1898 2713 Quoniam

1105 2720 1194 2742 autem
1204 2715 1279 2742 falsis
1291 2715 1355 2746 diis,
1372 2715 1417 2749 qui
1428 2714 1541 2741 ﬂoribus
1555 2714 1780 2747 delectabantur,
1799 2723 1898 2741 Conse—

1108 2755 1189 2777 crata:
1207 2750 1314 2777 fuerant
1330 2757 1437 2776 comme
1449 2770 1455 2779 ,
1474 2756 1505 2776 ac
1522 2750 1616 2784 pagani
1635 2753 1762 2777 mortuos
1780 2757 1897 2776 corona-

1108 2785 1184 2816 bant,
1202 2785 1235 2812 iis
1250 2785 1377 2812 omnibus
1393 2785 1549 2815 Christiano
1565 2784 1660 2819 probat
1677 2793 1740 2812 esse
1757 2785 1897 2812 abstinen-

1108 2820 1182 2847 dum.
1208 2820 1240 2846 Et
1256 2824 1328 2847 certe
1351 2828 1412 2847 cum
1428 2819 1555 2847 Christus
1569 2839 1576 2851 ,
1599 2823 1627 2846 ut
1649 2819 1710 2847 fuse
1730 2820 1827 2848 ibidem
1848 2821 1898 2847 ille

1203 2898 1225 2913 "
1239 2905 1295 2933 cap.
1315 2898 1338 2924 8.
