1927 3074
59 162 106 189 8³21

603 162 646 190 DE
666 161 794 191 TMBUS
811 162 997 191 PMDAGOGI
1015 162 1137 190 LIBHIS.

1630 163 1684 191 8‘2!

59 221 177 254 explicat
187 239 196 253 ,
214 220 315 256 spinis
329 222 476 248 coronatus
496 219 578 256 fue_rit
592 240 599 252 ,
614 227 670 248 non
692 221 768 248 decet
787 221 846 255 ejus
860 225 884 252 Α
899 220 1001 248 idcirco
1009 228 1055 248 eas
1063 224 1168 248 tantum
1181 227 1240 255 quae
1249 219 1387 256 simplices
1402 223 1465 247 sunt
1481 223 1681 251 etcommunes.

59 254 361 290 tliscipulum‘ﬂoribus
375 255 511 282 coronari.
527 254 640 282 Fatetur
651 256 761 290 quidem
779 254 847 282 non-

60 291 131 317 nulla
141 311 148 321 .
164 298 230 326 quae
244 294 368 318 recenset
381 309 389 322 ,
408 290 510 326 homini
532 290 609 326 utilia
621 298 652 317 ex
672 290 783 318 ﬁoribus
797 299 849 317 un-

59 330 158 359 guenta
171 327 314 360 componi;
329 329 356 351 at
368 325 431 360 quia
445 328 535 360 tamen
547 325 703 352 Christiano
715 325 747 352 ad
760 334 850 353 neces-

60 361 178 394 sitatem,
195 359 338 396 nunquam
355 367 419 387 vero
435 359 469 386 ad
483 359 691 396 delectationem
707 360 747 387 fas
760 366 802 388 est
815 362 849 388 iis

60 395 107 427 uti,
123 395 189 422 hinc
211 403 379 422 coronarum
399 402 478 422 usum
494 395 582 422 eidem
600 396 654 422 ullo
673 396 752 422 modo
767 396 849 423 licere

60 430 168 465 penitus
184 430 337 457 inﬁciatur.
531 464 534 465 ν
783 451 786 454 i

93 465 220 492 Posthac
240 465 370 492 edisserit
387 465 409 480 ’θ
420 464 556 498 quomodo
571 465 754 497 Christianus.
772 473 849 493 coena

60 505 169 533 peracta
182 521 190 532 ,
215 502 253 527 ad
277 508 402 527 somnum
421 499 521 533 prtevia
536 501 660 527 oratione
676 509 705 527 se
724 501 849 528 conferre

60 535 165 562 debeat.
190 535 213 561 Α
239 535 318 562 lectis
339 539 428 562 autern
450 542 556 561 omnem
582 536 662 569 plane
685 536 798 566 luxum.
824 540 850 563 ct

61 570 217 602 mollitiem,
230 575 259 597 et
272 569 407 605 superﬂua
420 570 510 595 omnia
522 570 559 596 ita
575 571 696 605 praecipit
707 571 848 602 removeri,

61 609 89 631 ut
109 613 157 632 sua
176 609 288 641 tantum
311 605 485 639 simplicitate
503 612 553 631 nos
569 606 602 631 ab
615 611 682 632 testu
704 613 736 632 ac
750 606 849 641 frigore

60 645 195 667 tueantur.
222 641 251 666 ln
269 640 303 667 iis
318 643 406 666 autem
425 647 521 666 solnno
537 640 575 666 ita
590 641 803 675 indulgendum,
820 645 849 666 ut

60 675 93 701 ab
111 682 144 701 eo
159 675 242 702 facile
258 675 369 702 excitati
384 679 433 710 ,et
451 675 555 709 angelis
570 675 709 710 egregoris
725 676 828 703 similes
841 696 847 706 .

61 709 92 736 ad
112 710 255 737 cauendas
275 710 329 736 Deo
347 709 440 736 laudes
461 714 543 745 noctu
566 709 719 745 surgamus.
738 711 777 737 Ad
801 712 850 738 has

62 745 150 781 itaque
162 745 274 780 vigilias
289 750 318 772 ut
331 744 479 781 Christiani
496 744 678 781 promptiOrcs
692 747 746 773 sint
761 751 787 772 et
802 754 850 781 pa-

60 780 184 815 ratiores,
196 779 263 811 eos.
284 785 314 806 ιιι
330 779 648 815 somnttnrimmodicum
667 781 781 815 fugiant.
801 779 848 808 ve-

60 813 380 850 hementeradhortatur.
396 813 447 849 15
457 813 534 850 illum
549 815 657 850 quippe,
669 813 715 850 qui
725 816 804 843 morti
815 817 848 843 si-

61 849 130 876 milis
152 853 204 882 est,
223 855 252 877 et
275 849 411 884 superfluo
427 849 558 876 alimento
572 849 735 882 concitatur,
746 851 847 879 nullius

61 884 396 922 corporiyelanimwesse
403 884 591 922 utilitatis_Lot
600 887 847 922 exemplorplanutn
864 895 885 922 Β

63 919 151 953 utique
168 919 237 946 facit
258 924 287 947 et
308 920 504 955 perspicuum,
517 919 575 947 Non
594 919 687 947 totam’
700 919 782 955 igiiur
798 929 846 947 no-

62 958 149 985 ctem,
173 955 266 981 nmlto
294 956 383 982 minus
408 954 525 981 interdiu
553 954 753 982 dormiendum.
777 956 845 982 Cum

62 995 122 1014 vero
134 989 193 1016 dies
209 990 304 1017 deficit
315 1010 321 1021 .
339 995 394 1017 tum
410 989 507 1016 litteris
523 989 664 1021 homines.
681 990 786 1018 feminae
807 992 847 1017 la-

63 1023 149 1059 niﬁcio
168 1031 285 1059 operam
304 1025 369 1052 dare
389 1024 497 1050 debent.
515 1024 636 1059 Denique
654 1033 703 1053 nos
722 1025 847 1053 Clemens

64 1058 132 1096 serio
146 1058 282 1096 admonet
297 1064 420 1087 nostrum
434 1059 621 1096 tantummodo
636 1068 735 1095 corpus
751 1069 848 1088 somno

64 1092 189 1131 indigere,
204 1095 321 1131 minime
334 1102 399 1122 vero
410 1094 655 1131 animain,‘quippe
670 1092 730 1130 q'ute
740 1104 847 1131 semper

63 1128 175 1162 cogitet,
196 1136 229 1156 ae
255 1129 321 1156 dum
344 1136 444 1165 corpus
460 1128 579 1166 dormit,
603 1128 640 1156 ita
661 1128 709 1164 per
728 1128 846 1166 seips'am

63 1167 210 1201 operetur,
238 1169 271 1191 ut
305 1172 366 1192 vera
392 1163 505 1192 somnia
537 1164 592 1191 sint
620 1163 719 1192 sobriae
749 1163 847 1193 animae

63 1199 246 1231 cogitationes.

37 1240 39 1242 '
68 1233 130 1269 1“ny
146 1241 179 1260 eo
195 1235 289 1261 somni
305 1238 424 1269 tempore
438 1240 533 1263 auctor
552 1239 647 1262 noster
662 1235 726 1262 data
743 1235 795 1262 sibi
812 1236 845 1264 de

64 1266 280 1296 Christianorum
299 1266 437 1297 connubio
451 1271 559 1298 dicendi
575 1270 721 1298 occasione
736 1271 769 1301 ’⁷.
788 1279 846 1297 ma-

66 1302 157 1341 nifeste
173 1304 256 1332 nobis
274 1305 371 1341 probat
393 1313 505 1341 scopum
524 1306 597 1332 illius
613 1313 676 1341 esse
694 1306 846 1340 susceptio-

64 1345 119 1376 nem
132 1338 294 1376 libet-prum,
312 1340 391 1367 ﬁnem
407 1338 471 1368 vero
486 1341 558 1375 piam
566 1340 722 1368 eorumdem
739 1338 846 1376 institu—

63 1373 167 1410 tionem.
187 1373 364 1409 Quapropter
377 1373 585 1403 omnem—aliam
599 1375 650 1401 viri
666 1375 844 1410 mulierisque

64 1408 282 1446 conjunctionem
302 1408 443 1446 illicitam,
462 1411 571 1446 impiam
587 1414 614 1436 et
632 1408 845 1446 nefariamre—sse

63 1443 308 1482 _coucludit._Quod
327 1445 435 1482 quidem
453 1443 546 1482 illeiex
562 1450 697 1482 praecepta
717 1453 731 1472 a
750 1445 844 1482 Moyse

64 1478 157 1515 l_eporis
168 1484 195 1506 et
211 1479 300 1506 hieme
315 1478 490 1513 abstinentia,
504 1478 575 1508 haud
592 1478 682 1515 inepte
689 1478 842 1509 conﬁrmat.

63 1512 138 1550 Plura
153 1519 244 1550 autem
264 1515 300 1541 ibi
317 1515 449 1550 disputat,
465 1523 524 1550 qum
539 1516 572 1543 de
592 1512 707 1550 utroque
721 1516 768 1542 illo
785 1517 844 1543 ani-

64 1549 180 1587 mali,_et
196 1549 263 1576 aliis
284 1558 343 1587 quae
362 1549 455 1587 vocem
473 1549 637 1587 imutantiet
654 1549 772 1587 colorem
785 1571 792 1581 ,
809 1552 844 1578 ab

64 1582 176 1610 historiae
198 1582 336 1620 naturalis
356 1585 539 1620 scriptoribus
560 1586 725 1613 referuntur.
745 1585 843 1613 Subdit

64 1625 163 1646 omnem
180 1619 264 1653 plane
280 1621 330 1647 viri
344 1625 371 1647 et
386 1619 518 1652 mulieris.
541 1622 593 1648 nisi
611 1629 665 1655 quo
680 1625 740 1655 post
755 1621 843 1655 legiti-

64 1659 117 1690 mas
140 1655 250 1688 nuptias
273 1655 350 1682 liberi
366 1656 504 1690 procreari
526 1657 646 1689 possint,
667 1656 842 1683 concubitum

65 1687 125 1727 ipsis
141 1687 374 1727 eapressissimis'
384 1690 495 1727 Moysisr
506 1687 598 1718 verbis
611 1711 618 1722 ,
637 1696 663 1727 ct
673 1726 676 1727 ν
687 1695 795 1727 sumpto
809 1692 843 1719 de

65 1722 204 1751 Sodomitis
234 1726 372 1759 supplicio
403 1722 585 1753 disertissime
622 1722 758 1753 inhiberi:
779 1726 843 1754 inde

64 1764 139 1790 porro
155 1759 263 1794 colligit
281 1760 357 1788 nefas
370 1768 431 1788 esse
447 1761 517 1792 viro,
536 1769 597 1788 cum
612 1768 696 1787 uxore
712 1769 761 1788 sua
772 1781 779 1793 ,
795 1767 842 1789 aut

64 1798 196 1831 menstruo
209 1794 346 1828 profluvio
357 1796 508 1827 laborante,
520 1799 567 1822 aut
580 1796 668 1822 adhuc
677 1803 841 1831 praegnante,

65 1828 100 1865 vel
112 1836 226 1862 unquam
241 1831 330 1857 solius
341 1831 488 1865 voluptatis
500 1839 583 1857 causa
599 1838 655 1858 rem
673 1828 780 1858 habere.
796 1832 843 1859 Pc-

65 1863 242 1901 lulansigitur
257 1865 350 1901 libido,
364 1863 499 1900 pluribus,
512 1874 572 1901 qua:
584 1867 628 1893 ille
641 1865 734 1897 refert,
745 1871 842 1894 vocata

65 1899 222 1936 uouiinibus,
241 1900 354 1927 omnino
365 1899 528 1936 cohibenda
544 1905 602 1934 est;
620 1901 840 1936 quandoquidem

64 1939 90 1958 ei
105 1940 149 1965 ea,
167 1934 242 1971 sicut
267 1942 300 1962 ex
317 1935 495 1963 immoderato
510 1934 656 1963 concubitu
681 1934 758 1962 multi
779 1944 842 1971 gra-

65 1970 420 2006 vesque.VScripturarsacra
436 1974 516 2005 atque
531 1971 611 1998 etiam
621 1970 791 2006 philosophis
804 1975 842 1998 at-

65 2005 218 2032 testautibus
234 2005 356 2041 ,"morbi
374 2013 405 2032 ac
427 2006 543 2041 plurima
570 2005 747 2041 nec'tuiuima
769 2007 841 2033 mala

64 2043 230 2076 generantur.
247 2039 307 2076 Son
320 2040 380 2067 ideo
393 2039 482 2068 tamen
499 2041 618 2075 nuptias,
634 2049 694 2076 quae
707 2040 762 2068 Deo
777 2049 841 2076 pro-

66 2072 126 2100 batae
141 2079 221 2111 sunt,
239 2075 410 2102 damnandas
421 2096 428 2107 ,
447 2075 494 2103 sed
510 2072 658 2111 legitimum
669 2095 677 2108 ,
700 2083 732 2102 ac
749 2072 838 2108 n6cte.

64 2110 177 2145 etcertis
195 2110 332 2136 duntaxat
349 2111 516 2145 temporibus
528 2110 585 2142 ,ad
604 2111 755 2145 gignendos
770 2112 840 2139 ﬁlios

64 2141 154 2180 debere
167 2151 228 2180 esse
243 2153 338 2172 earum
351 2141 440 2172 usuin.
458 2145 553 2172 Pueris
565 2141 656 2180 itaque
669 2153 700 2172 ac
716 2147 837 2178 senibus,

64 2179 141 2211 pergit
157 2179 297 2216 Clemens,
307 2188 405 2207 uxores
420 2181 520 2208 ducere
541 2181 579 2207 fas
595 2179 649 2208 non
667 2185 724 2207 est:
743 2182 840 2216 conju-

65 2219 106 2250 βας
120 2221 181 2241 vero
195 2215 265 2241 nihil
280 2216 334 2242 nisi
350 2216 492 2242 honestum
502 2235 508 2246 .
525 2219 630 2242 castutn
644 2236 650 2247 ,
669 2220 696 2242 ct
709 2215 836 2250 pudicum

65 2251 126 2287 inter
146 2256 174 2276 se
190 2257 311 2287 unquam
328 2257 407 2285 agere
426 2250 535 2287 debent.
553 2250 606 2279 Eos
623 2259 686 2277 vero
701 2252 768 2278 scite
790 2259 837 2278 ca-

64 2285 156 2321 stigat,
172 2285 218 2318 qui
244 2293 385 2319 perperam
406 2285 541 2319 negabant
560 2293 575 2312 a
594 2287 699 2312 ratione
720 2287 836 2313 naturali

64 2317 156 2356 alienas
173 2317 327 2354 voluptates
342 2328 402 2347 esse
421 2317 462 2347 vel
481 2321 599 2352 illicitas,
618 2322 659 2348 vel
676 2320 729 2347 Deo
745 2322 838 2356 cogni-

63 2354 111 2390 lfls.
125 2352 212 2381 Monet
230 2352 312 2390 igitur
329 2359 435 2382 noctem
452 2355 532 2382 bouis
549 2356 678 2390 operibus
695 2352 837 2383 illustr'an-

64 2386 130 2426 da_m,
142 2386 273 2426 pudore'm
285 2398 347 2426 cum
361 2391 452 2417 tunica
468 2398 522 2417 non
534 2386 697 2422 exuendum,
715 2390 838 2426 iniquum

64 2421 149 2459 rebus'
161 2423 290 2452 Venereis
307 2425 378 2452 vinci
390 2445 398 2456 ,
414 2432 446 2452 ac
463 2426 549 2459 ipsam
566 2430 667 2453 rectam
685 2421 818 2454 rationem
830 2446 836 2457 ,

64 2457 278 2495 moderatumque
300 2460 354 2487 cibi
379 2465 406 2487 et
426 2457 511 2488 vestis
534 2469 612 2488 usum
637 2461 757 2488 salubria
776 2469 838 2489 esse

64 2495 268 2527 mtemperautite
284 2495 415 2522 remedia.

93 2526 244 2562 Opportuna
257 2537 340 2564 porro
353 2530 390 2557 ibi
401 2530 492 2558 oblata
502 2531 647 2559 occasione
656 2535 750 2559 contra
763 2539 837 2558 sum-

64 2565 166 2600 ptuosas
180 2569 268 2592 vestes
286 2565 433 2600 invehitur,
442 2573 541 2600 easque
554 2574 568 2592 a
586 2566 696 2594 Christo
713 2567 836 2600 prohibi-

64 2599 101 2622 tas
110 2604 166 2636 esse
176 2600 306 2636 ostendit.
322 2599 470 2634 Spartanos
487 2599 578 2636 itaque
593 2609 625 2628 eo
640 2599 749 2628 nomine
761 2609 836 2628 com-

64 2632 182 2670 mendat,
209 2635 281 2669 quod
305 2632 371 2662 solis
397 2632 586 2663 meretricibus
609 2636 719 2664 floridas
745 2639 834 2663 vestes

64 2665 340 2706 pliurconcesserint:
368 2674 448 2704 atque
469 2671 664 2702 Athenienses,
688 2671 733 2706 qui
755 2678 834 2698 secus

63 2697 206 2740 faciebant,
225 2705 276 2732 sibi
294 2705 332 2731 ait
348 2697 413 2732 non.
420 2712 501 2738 posse
523 2697 679 2741 approbari.
691 2697 834 2734 ‘IVcsiibus

64 2742 191 2775 etninvero
209 2747 270 2767 cum
287 2748 343 2767 non
366 2741 417 2767 alia
434 2741 467 2768 de
488 2748 570 2768 causa
596 2742 715 2776 indigeat
732 2741 812 2768 homo
824 2761 832 2772 .

63 2776 108 2812 ills!
126 2776 158 2812 ut
170 2781 268 2812 corpus
292 2782 372 2803 suum
391 2779 536 2812 contegat,
558 2777 681 2812 illudque
708 2776 741 2803 ab
762 2777 833 2804 aeris

63 2811 104 2831 seu
128 2806 273 2843 frigidioris
299 2818 347 2837 seu
369 2806 508 2838 calidioris
528 2806 688 2847 intemperie
705 2815 832 2844 tueatur,

94 2882 115 2898 “
133 2891 189 2920 cap.
206 2886 231 2915 9.
269 2888 290 2904 “
304 2895 363 2924 cap.
384 2889 426 2916 l0.
466 2889 487 2906 ιε
506 2896 565 2925 cap.
584 2889 627 2917 ll.
666 2891 688 2908 ”
703 2897 764 2926 cap.
781 2889 825 2917 η,

899 256 1004 291 colligit
1020 263 1081 283 esse
1103 255 1265 283 induendas.
1295 255 1469 291 Fetninarum
1490 258 1580 281 tamen
1607 256 1683 282 infir~

899 289 988 318 mitaii
1013 295 1042 318 ut
1059 291 1203 322 consulat,
1225 289 1351 317 concedit
1372 298 1419 317 eas
1445 290 1619 318 mollioribus
1642 292 1681 318 uti

899 327 1031 358 vestibus,
1045 325 1191 352 dummodo
1203 326 1237 352 ab
1252 325 1306 352 illis
1320 325 1400 352 luxus
1411 326 1500 353 omnis
1513 330 1693 352 amoveatur..

898 361 1095 388 Asseveranter
1121 364 1210 387 autem
1232 360 1391 395 pronuntiat
1415 363 1506 387 vestes
1524 360 1692 394 longiores..

900 403 996 423 aureas
1007 416 1014 426 ,
1038 396 1156 426 sericas,
1177 396 1218 422 vel
1244 395 1325 422 nimis
1342 395 1490 422 artificiose
1507 395 1660 422 elaboratas
1671 416 1690 426 ._

900 430 998 458 divinis
1010 430 1115 465 legibus
1126 431 1233 464 penitus
1245 430 1389 464 proscribi;
1403 434 1483 464 atque
1493 431 1586 457 eodem
1603 431 1682 464 plane

900 466 1045 492 interdicto
1061 466 1158 492 vetitas
1174 473 1244 496 esse,
1263 472 1333 499 quas
1349 465 1394 491 ille
1412 465 1510 491 ibidem
1526 470 1679 497 enumerat,

900 500 1016 527 vestium
1034 500 1168 527 tincturas
1180 519 1187 531 ,
1204 505 1231 527 et
1248 500 1337 526 solum
1353 500 1474 526 nativum
1491 503 1518 526 et
1534 500 1680 527 candidum

901 536 1019 562 colorem
1042 535 1222 562 retinendum.
1242 534 1305 562 Inde
1328 534 1411 569 igitur
1432 542 1463 560 ac
1479 534 1525 561 Cei
1550 535 1680 569 sophista:

900 571 1057 597 testimonio
1079 570 1178 596 evincit
1201 570 1341 596 mulierem
1357 589 1364 599 ,
1383 577 1443 630 (SHE
1465 570 1549 596 nimio
1567 575 1681 597 ornatus

900 606 1039 630 vestisaue
1051 605 1142 630 studio
1154 609 1270 630 tenetur.
1284 609 1338 630 tam
1353 612 1368 630 a
1409 613 1441 630 eo
1456 612 1537 630 uuam
1554 612 1568 630 a
1581 606 1681 630 pudico

900 606 1039 640 vestisque
1051 605 1142 640 studio
1154 609 1270 640 tenetur,
1284 609 1338 630 tam
1353 612 1368 640 a
1387 605 1441 631 Deo
1456 612 1537 639 quam
1554 612 1568 631 a
1581 606 1681 639 pudico

900 640 1028 675 corijugio
1045 639 1187 667 excidisse.
1207 639 1260 666 Nec
1277 647 1308 666 ea
1324 639 1381 665 vult
1395 639 1444 666 sibi
1463 640 1557 675 objici,
1570 648 1630 674 qum
1647 640 1681 667 de

900 674 1035 710 regiarum
1055 675 1168 710 ﬁliarum
1186 675 1284 702 vestitu
1302 674 1384 710 David
1395 695 1402 705 ,
1419 674 1564 709 allegorice
1581 676 1681 702 intelli-

900 710 986 745 genda
999 730 1006 742 ,
1024 711 1050 736 in
1070 709 1186 737 Psalmis
1209 709 1316 736 cecinit.
1335 709 1401 735 Nam
1419 710 1542 743 quamvis
1559 712 1586 736 in
1604 711 1681 736 infir-

901 744 996 772 mioris
1013 753 1095 772 sexus
1111 745 1224 779 gratiam
1242 744 1275 772 de
1291 745 1379 778 legum
1395 744 1539 772 severitate
1554 744 1681 772 Clemens

900 784 994 807 noster
1006 780 1106 814 aliquid
1125 780 1269 811 remiserit,
1288 779 1430 814 praefracte
1444 779 1621 807 nihilominus
1633 788 1681 808 ne—

899 820 944 850 gat
957 816 1003 842 ulli
1022 822 1141 849 unquam
1158 815 1246 841 licitas
1263 822 1324 842 esse
1353 814 1490 848 xystides,
1508 814 1679 849 ephaptides.

901 849 988 884 pepla,
1007 851 1181 884 pretiosiores
1204 850 1299 880 lanas,
1313 853 1457 883 vestesque
1481 849 1563 876 nimis
1586 852 1682 884 longas

899 883 1112 912 et’diﬁluentes.
1135 885 1222 910 Aliam
1239 892 1303 911 vero
1325 883 1506 917 objectionem
1520 903 1527 914 ,
1543 892 1574 911 ex
1601 883 1680 912 talari

899 919 1001 948 Christi
1022 921 1112 947 tunica
1133 919 1316 954 desumptam,
1338 918 1436 945 ibidem
1459 919 1545 946 diluit.
1562 919 1680 947 Tametsi

899 959 989 982 autem
1006 956 1118 990 simplex
1129 974 1137 986 ,
1156 962 1209 981 non
1227 959 1317 981 tamen
1335 954 1444 981 sordida
1462 954 1542 981 debet
1559 962 1620 982 esse
1634 963 1682 982 ve-

899 990 959 1020 stis,
972 998 1120 1025 omnesque
1132 990 1254 1024 corporis
1268 990 1408 1025 muliebris
1424 994 1514 1025 partes
1529 990 1586 1017 suis
1600 991 1681 1016 vesti-

898 1025 960 1057 bus,
975 1025 1046 1052 sicut
1062 1024 1088 1052 et
1100 1030 1191 1059 caput,
1204 1025 1265 1051 velo
1280 1028 1344 1051 sunt
1360 1024 1397 1050 ita
1412 1024 1542 1058 tegendae,
1560 1029 1588 1051 ut
1605 1025 1680 1052 nulla

898 1068 1017 1095 unquam
1034 1060 1107 1087 nuda
1130 1064 1268 1094 appareat.
1289 1059 1366 1086 Vetat
1383 1059 1562 1087 nihilominus
1583 1067 1617 1087 ne
1633 1067 1681 1087 ve-

898 1095 953 1122 lum
971 1095 1037 1122 illud
1053 1095 1087 1122 sit
1110 1102 1274 1130 purpureum
1287 1115 1294 1126 ,
1317 1097 1364 1120 aut
1382 1095 1485 1130 quaevis
1502 1095 1599 1122 mulier
1616 1103 1682 1129 pur-

897 1137 981 1164 purea
993 1131 1034 1157 vel
1046 1129 1127 1157 nimis
1138 1130 1255 1164 pretiosa
1268 1133 1353 1161 veste,
1366 1137 1419 1164 qua
1431 1129 1571 1156 hominum
1584 1131 1681 1157 oculos

897 1165 930 1192 ad
947 1173 976 1192 se
991 1169 1150 1192 convertere
1167 1165 1261 1199 possit,
1280 1165 1355 1191 ullibi
1370 1165 1517 1198 aliquando
1534 1169 1634 1192 utatur.

933 1199 1034 1227 Dehinc
1051 1203 1140 1227 autem
1155 1200 1199 1227 ille
1215 1200 1294 1226 docet
1310 1200 1331 1215 ’⁸
1347 1199 1375 1226 in
1389 1199 1581 1227 calceamentis
1597 1200 1676 1227 simi-

896 1235 960 1261 liter
975 1235 1113 1262 vitandum
1125 1242 1186 1262 esse
1201 1235 1304 1266 luxum,
1318 1234 1458 1261 mollitiem
1472 1239 1499 1261 et
1511 1235 1678 1269 superbiam.

895 1269 975 1297 Jubet
993 1271 1074 1304 igitur
1091 1270 1167 1303 rejici
1186 1277 1253 1296 vana
1274 1277 1418 1296 aureorum
1441 1276 1681 1304 gemmeorumque

896 1305 1091 1337 sandaliorum,
1110 1309 1134 1332 et
1149 1305 1321 1338 crepidarum
1342 1304 1534 1338 solearumque
1551 1304 1678 1331 artificia.

896 1339 1041 1367 Pulchrum
1056 1344 1145 1366 autem
1158 1343 1250 1367 censet
1264 1347 1325 1367 esse
1340 1340 1408 1370 viro,
1424 1339 1478 1366 nisi
1493 1339 1601 1370 militet,
1615 1339 1679 1366 nul-

896 1375 936 1402 los
948 1375 1047 1402 habere
1063 1375 1180 1405 calceos.
1197 1380 1279 1409 atque
1291 1375 1316 1402 ei
1327 1373 1555 1409 quemadmodum
1571 1374 1679 1401 mulieri

896 1410 957 1437 illos
973 1413 1077 1437 tantum
1094 1410 1256 1442 induendos,
1272 1410 1371 1444 quibus
1387 1417 1482 1436 omnes
1498 1409 1606 1444 pedum,
1623 1409 1680 1436 ullo

895 1445 954 1472 sine
972 1445 1042 1472 fastu
1058 1449 1256 1477 contectorum,
1271 1445 1436 1472 oll‘ensiones
1451 1444 1606 1479 propulsari
1618 1447 1679 1471 tuto

915 1484 1005 1506 ueaut.

915 1488 1005 1506 ueaut.

895 1488 912 1516 q
930 1515 1036 1543 Puerile
1060 1522 1124 1542 vero
1147 1519 1174 1542 et
1198 1522 1297 1541 vanum
1324 1522 1386 1542 esse
1408 1518 1484 1549 putat
1506 1515 1528 1530 ²⁹
1555 1521 1678 1549 gemmas

857 1563 878 1591 ρ
895 1551 1017 1591 quolibet
1037 1550 1133 1591 modo,
1148 1551 1205 1591 sive
1219 1558 1251 1591 ex
1266 1550 1351 1590 maris
1368 1553 1435 1591 aestu
1449 1569 1456 1581 ,
1474 1549 1531 1577 sive
1542 1557 1581 1591 ex.
1598 1553 1678 1577 terra;

895 1583 1026 1612 ramentis
1043 1589 1129 1616 ortas,
1144 1585 1186 1612 vel
1201 1585 1341 1616 admirari,
1354 1585 1396 1611 vel
1411 1585 1444 1611 iis
1462 1591 1491 1611 se
1506 1588 1552 1610 aut
1566 1583 1676 1610 domum

895 1628 972 1647 suam
996 1628 1103 1647 ornare.
1120 1620 1302 1652 Quamobrem
1321 1627 1458 1647 summum
1481 1619 1625 1646 mulierum
1644 1627 1677 1646 ea

894 1656 921 1682 in
938 1664 967 1683 re
982 1655 1074 1682 luxum
1088 1663 1182 1682 severe
1196 1655 1321 1689 castigat.
1338 1655 1448 1682 Fatetur
1458 1654 1566 1688 quidem
1582 1661 1678 1688 super-

894 1698 956 1717 nam
971 1690 1120 1718 Jerusalem
1133 1690 1260 1724 pretiosis
1271 1694 1457 1717 constructam
1473 1689 1607 1723 lapidibus
1621 1696 1677 1716 me-

893 1727 993 1752 morari
1008 1746 1014 1757 ,
1040 1725 1087 1752 sed
1104 1726 1157 1752 illis
1179 1724 1272 1752 florem
1293 1725 1407 1760 spiritus
1421 1744 1429 1756 ,
1446 1728 1473 1751 et
1495 1724 1677 1751 immortalem

893 1765 1046 1788 creaturam
1059 1760 1206 1796 significari
1222 1759 1373 1796 contendit.
1387 1759 1437 1792 Qui
1454 1763 1543 1796 autem
1555 1766 1676 1794 gemmas

893 1800 1003 1830 propter
1024 1794 1159 1823 h'ominem
1172 1815 1179 1826 ,
1199 1799 1281 1829 atque
1305 1802 1319 1821 a
1340 1795 1405 1825 Deo,
1422 1798 1451 1821 ut
1471 1794 1504 1821 iis
1520 1794 1630 1830 fruatur
1649 1798 1676 1820 et

892 1829 1044 1858 oblectctur
1055 1850 1062 1863 ,
1079 1836 1185 1857 creatas
1202 1830 1336 1862 dixerint,
1354 1830 1404 1857 hos
1419 1830 1558 1856 renuntiat
1577 1829 1676 1856 divina:

892 1866 1044 1893 voluntatis
1072 1866 1152 1900 plane
1176 1866 1339 1899 penitusque
1369 1873 1429 1892 esse
1453 1865 1574 1899 ignaros.
1605 1863 1675 1900 Deus

891 1901 1029 1928 enimvero
1047 1899 1079 1927 ea
1091 1899 1182 1926 omnia
1204 1908 1265 1935 qua:
1285 1901 1423 1926 hominum
1441 1900 1501 1926 usui
1519 1899 1676 1935 necessaria

892 1939 966 1965 sunt.
981 1939 1072 1970 aperte
1085 1935 1255 1969 suppeditat;
1272 1939 1379 1965 caetera,
1396 1935 1467 1961 sicut
1479 1942 1586 1970 aurum,
1602 1934 1673 1967 quod

892 1969 1022 1997 eﬂodiunt
1037 1971 1154 1997 formica:
1167 1991 1175 2002 ,
1198 1970 1316 2005 gryphes
1330 1969 1517 2005 custodiunt,
1535 1969 1578 2005 vel
1587 1972 1675 2005 terra:

890 2005 1052 2037 visceribus,
1069 2005 1110 2032 vel
1127 2003 1210 2039 aqua?
1220 2003 1356 2039 profundo
1370 2004 1522 2032 abscondit.
1539 2003 1573 2029 At
1587 2003 1675 2030 homi-

890 2047 939 2067 nes
954 2040 1010 2067 haec
1025 2041 1099 2067 curis
1115 2040 1292 2074 supervacuis
1309 2043 1460 2074 quaerentes
1470 2059 1477 2071 ,
1493 2046 1557 2065 vera
1572 2042 1599 2065 et
1616 2045 1674 2064 cm-

891 2075 968 2102 lestia
981 2075 1050 2102 bona
1064 2075 1212 2110 negligunt.
1228 2074 1361 2102 Praeterea
1372 2075 1519 2109 Apostolus
1530 2074 1608 2110 docet
1619 2081 1673 2110 non

890 2110 982 2136 omnia
996 2131 1002 2141 .
1019 2109 1109 2137 etiam,
1124 2109 1202 2137 nobis
1217 2117 1349 2137 concessa
1361 2131 1368 2142 ,
1386 2117 1493 2144 semper
1509 2116 1570 2135 esse
1586 2109 1670 2135 licita.

892 2145 963 2172 Deus
979 2153 1044 2172 vero
1054 2165 1061 2176 .
1079 2146 1124 2180 qui
1141 2145 1231 2172 omnia
1247 2145 1374 2172 omnibus
1386 2145 1541 2171 communia
1553 2145 1671 2180 creavit.

891 2180 1013 2220 praecipit
1025 2178 1114 2220 prinio
1129 2180 1261 2220 caelorum
1280 2180 1380 2214 inquiri
1397 2187 1520 2219 regnum,
1534 2183 1561 2205 et
1572 2186 1608 2220 ex
1624 2178 1673 2205 bo-

891 2216 934 2242 nis
946 2215 1048 2242 nostris
1063 2223 1104 2246 ea,
1117 2223 1177 2250 quae
1186 2215 1265 2242 nobis
1280 2215 1434 2242 necessaria
1448 2222 1503 2241 non
1514 2217 1591 2250 sunt.
1606 2221 1673 2250 pauf

888 2251 998 2285 poribus
1005 2248 1227 2286 erogari-Contra
1237 2255 1325 2277 tamen
1338 2250 1476 2277 instabant
1488 2249 1576 2275 adhuc
1589 2248 1671 2286 aliqui

889 2289 915 2312 et
927 2284 1075 2320 urgebant;
1093 2285 1178 2320 Cujus
1189 2293 1253 2319 ergo
1266 2290 1346 2312 erunt
1356 2289 1515 2319 sumptuosa
1528 2287 1554 2312 et
1568 2284 1673 2318 magni-

888 2320 939 2347 ﬁca
965 2328 1079 2355 quaeque
1091 2341 1097 2352 ,
1113 2322 1134 2348 si
1153 2328 1248 2347 omnes
1263 2320 1331 2347 nihil
1347 2320 1401 2347 nisi
1420 2320 1472 2347 vile
1488 2324 1514 2346 et
1527 2326 1672 2345 commune

889 2355 1025 2382 habeant?
1043 2355 1094 2383 Sed
1120 2356 1161 2383 his
1182 2356 1308 2382 Clemens
1329 2355 1477 2390 respondet
1492 2361 1586 2390 eorum
1609 2361 1672 2380 esse

889 2390 1003 2422 debere,
1023 2391 1068 2425 qui
1090 2391 1191 2425 absqttc
1206 2390 1400 2417 vehementiori
1423 2390 1506 2416 animi
1532 2389 1629 2416 all‘ectu
1644 2392 1681 2415 et:

889 2425 1048 2453 discrimine
1062 2426 1096 2452 iis
1107 2427 1147 2452 uti
1163 2429 1288 2460 possunt.
1304 2425 1437 2452 (laterum
1450 2432 1481 2460 ea
1494 2425 1596 2455 omnia,
1611 2431 1672 2460 quae

889 2465 1003 2488 ornatus
1024 2459 1174 2489 satietatem
1195 2460 1319 2492 alterum,
1339 2461 1373 2487 ab
1390 2459 1517 2487 omnibus
1532 2467 1593 2487 esse
1607 2459 1672 2493 reji-

888 2496 995 2531 cienda,
1007 2495 1226 2531 quandoquidem
1238 2496 1264 2522 in
1273 2496 1330 2522 sola
1342 2495 1442 2531 virtute
1451 2495 1579 2531 consistit
1591 2501 1672 2531 omne

890 2529 1169 2566 bonuinfpulchrum
1193 2534 1220 2557 ct
1244 2531 1398 2558 honestum.
1419 2529 1673 2566 Quocircamilitcs

890 2564 1035 2600 increpat,
1054 2566 1101 2601 qui
1124 2573 1190 2592 auro
1213 2573 1322 2600 quoque
1341 2566 1519 2592 ornabantur.
1544 2564 1671 2591 Mulieres

889 2609 954 2628 vero
974 2602 1064 2629 acrius
1086 2601 1199 2635 corripit
1213 2620 1221 2633 ,
1238 2609 1306 2635 quas
1321 2608 1434 2628 cernere
1453 2604 1512 2627 erat
1533 2606 1601 2635 auro
1616 2606 1671 2624 non

890 2638 944 2662 tam
959 2637 1051 2663 ornari
1073 2634 1280 2671 quam’onerari
1294 2657 1300 2667 ,
1318 2644 1350 2663 ac
1365 2636 1437 2671 sicut
1453 2635 1523 2670 apud
1538 2634 1671 2671 barbaros

888 2671 952 2697 olim
967 2677 1060 2699 sontes
1072 2668 1099 2699 et
1113 2678 1184 2701 reos,
1199 2671 1288 2698 aureis
1299 2668 1478 2705 compedibus
1487 2669 1582 2696 vinciri
1594 2671 1620 2696 et
1631 2668 1671 2705 ale

889 2706 976 2740 ligari.
991 2707 1053 2734 lllas
1065 2714 1146 2741 porro
1161 2706 1227 2733 dicit
1243 2707 1277 2733 ab
1288 2703 1383 2734 eodem
1398 2710 1525 2740 serpente
1539 2711 1611 2741 nunc
1623 2703 1669 2729 de-

887 2739 952 2776 cipi,
971 2742 1018 2776 qui
1035 2739 1161 2776 primitus
1177 2741 1259 2768 Evam
1275 2748 1338 2768 esca
1354 2739 1541 2767 fraudulenter
1556 2739 1671 2766 circum-

886 2777 970 2803 venit.
987 2776 1158 2804 Manifestum
1177 2778 1268 2811 itaque
1286 2776 1351 2803 facit
1365 2780 1598 2811 catenasaureas.
1611 2779 1678 2798 mos.

887 2810 962 2846 nilia,
978 2813 1104 2846 annulos,
1118 2817 1144 2839 et
1156 2809 1290 2846 reliquum
1306 2818 1414 2839 omnem
1429 2809 1570 2838 muliebris
1586 2809 1679 2835 luxus.
