1927 3074
97 169 151 198 823

626 167 670 194 DE
690 166 817 195 TRIBES
837 166 1021 194 PitEDAGOGl
1043 167 1163 194 LlBRlS.

1665 168 1717 196 8‘26

97 228 167 256 clari
185 227 327 259 debemus,
343 234 432 261 neque
447 227 566 262 superba
577 231 885 262 argenteoruinraureo-
900 230 922 258 Α
937 227 984 258 ait,
1014 227 1138 262 simp‘cx,
1164 226 1273 260 munda,
1297 227 1421 260 honesta,
1445 226 1558 262 frugalis
1579 234 1610 254 ac
1635 229 1717 255 unius

97 270 214 298 rumque
227 269 357 298 vasorum
375 261 548 298 multitudine
563 282 570 293 .
596 261 638 290 vel
668 262 748 289 turba
769 261 884 298 famulo-

98 306 159 334 rum
169 296 281 334 gloriari
290 317 297 328 ,
308 305 398 334 neque
408 297 563 334 divitiarum
580 297 783 334 nostrarunt,_si
798 296 885 334 iisaf-

98 332 225 364 (luamus,
248 332 332 359 nimia
354 332 439 359 teneri
463 340 528 359 cura
558 337 585 359 et
609 332 802 359 sollicitudine.
829 332 884 359 Illis

99 375 193 403 porro,
207 367 253 403 qui
264 367 390 403 indervel
408 367 555 403 timendam
567 371 731 403 egestatem,
752 366 794 392 vel
809 366 884 400 justo

83 401 196 437 .panem
212 401 359 436 aliquando
376 401 495 438 defuisse
521 402 573 429 sibi
586 409 724 438 opponere
745 405 883 436 poterant,

98 437 317 465 luculentissinie
329 437 484 472 respondet.

132 472 187 500 Nec
203 472 293 499 minus
322 470 495 507 perspicuum
519 470 584 498 facit
609 472 631 488 ³⁷
653 479 735 507 quam
757 471 833 499 dives
848 471 884 499 sit

97 507 329 547 frpgalitas,_qua_
346 507 377 534 ad
390 507 510 547 laborem
522 514 640 547 omnem,
657 514 783 547 angores,
797 507 882 547 mole-

97 541 166 572 stias
190 547 218 569 et
239 541 399 570 aﬂlictiones
425 542 559 577 patienter
580 542 734 569 tolerandas
756 542 824 568 bene
839 542 881 568 in-

97 578 207 608 structi,
221 581 328 604 terrena
344 577 414 604 bona
427 576 609 611 despicimus.
628 576 725 604 Subdit
738 577 814 612 plura
825 577 881 610 jam

97 620 112 640 a
131 620 161 640 se
175 612 209 647 de
228 612 374 647 conjugum
398 611 493 647 ciliciis
507 616 534 638 ct
548 611 580 638 de
596 611 749 647 Christiana
772 612 881 639 institu-

96 648 172 674 tione
187 646 274 674 fuisse
286 646 432 682 diSpiitata.
449 646 630 679 Quamobrem
646 646 809 682 Penelopen,
822 654 882 681 qua:

97 686 159 718 post
171 682 327 718 diuturnam
339 682 394 718 viri
407 682 632 718 absentianrnulli
648 690 767 718 unquam
779 682 882 718 nubere

96 716 192 749 voluit,
214 717 242 743 in
257 716 318 744 ﬁdei
334 717 496 751 conjugalis,
509 721 536 744 et
549 716 756 752 Spartanos’qui
773 717 881 752 utrado-

95 752 233 780 lescentes
258 752 293 779 ab
315 753 445 779 ebrietate
466 751 646 784 deterrerent,
668 751 758 782 ilotas,
786 751 812 779 id
839 756 881 779 est

97 795 192 815 servos
205 794 280 818 suos,
297 787 427 822 inebriari
443 787 588 821 cogebant,
603 788 631 813 in
643 786 806 822 frugalitatis
818 794 881 822 pro-

96 822 175 857 ponit
185 822 351 857 exemplum.
377 821 512 849 Observat
528 826 617 849 autem
633 821 731 857 triplex
751 822 880 857 esseho-

96 856 203 884 ininum
222 856 319 892 genus.
335 864 369 884 ex
384 857 483 892 quibus
497 857 632 892 nonnulli.
649 856 721 884 sicut
744 856 888 889 Abraham,

96 891 260 930 spontesua
271 901 278 924 ;
290 891 415 930 _alii__ve_ro
428 892 462 930 ab
477 892 538 930 aliis
551 891 692 923 admoniti,
704 892 881 926 quemadmo-
897 903 918 930 Β

96 927 163 954 dum
193 926 301 963 Christi
318 926 461 963 discipuli,
482 927 610 963 virtutem
637 931 762 963 quaerunt
774 931 800 954 et
822 935 881 954 am-

97 963 262 997 plexantur;
278 961 325 989 alii
341 961 460 993 tandem,
476 962 549 989 velut
568 961 683 997 populus
698 962 818 997 gentilis,
833 969 884 989 nec

98 996 182 1028 ultro,
208 1005 260 1024 nec
285 996 338 1032 piis
360 996 592 1025 admonitionibus
607 997 678 1025 ﬂecti
700 996 815 1032 possunt
837 1000 884 1023 aut

95 1032 211 1060 erudiri.
226 1032 396 1067 Quapropter
411 1032 520 1068 divinus
532 1036 625 1060 noster
642 1032 804 1068 paedagogus
822 1032 883 1068 illos

96 1072 124 1093 et
149 1068 243 1095 verbis
258 1066 445 1102 ct’exemplis,
459 1067 500 1094 vel
522 1075 536 1094 a
553 1067 628 1096 vitiis
643 1066 769 1099 revocat,
793 1067 835 1094 vel
849 1066 883 1094 ad

97 1103 225 1130 virtutem
237 1101 405 1129 adhortatur.
426 1101 466 1128 Ex
494 1102 579 1129 variis
611 1107 700 1130 autem
717 1102 884 1130 eiuscemodi

96 1137 230 1172 exemplis
247 1144 331 1164 unum
345 1137 472 1164 Clemens
486 1137 587 1172 seligit,
611 1145 707 1172 nempe
730 1137 883 1172 Sodomita:

97 1171 302 1212 rurn,’qup‘rut_n
320 1172 439 1212 nitique.
450 1171 587 1212 supplicio
610 1173 664 1212 _alii_
672 1171 808 1200 cautiores
826 1171 883 1199 fieri

95 1206 206 1235 debent.
223 1206 262 1234 Ex
277 1206 353 1234 ludas
369 1206 634 1242 siqnidetitepistola
649 1207 817 1235 demonstrat
825 1215 883 1239 eos,

95 1242 216 1278 quirnon
242 1243 269 1269 in
283 1242 388 1275 cadent,
406 1242 503 1278 acilii,
526 1247 637 1278 peccata
662 1243 783 1278 prolapsi
808 1245 882 1274 sunt,

96 1277 202 1304 similes
223 1284 320 1311 pinnas
341 1285 396 1304 non
422 1277 541 1305 dedisse.
568 1277 710 1305 Subnectit
740 1277 829 1305 autem
854 1284 884 1304 se

95 1313 176 1346 plura
193 1312 246 1352 alia
276 1313 492 1352 intemperantia).
506 1316 535 1352 e_t_
558 1312 639 1352 luxus
655 1312 777 1348 proferre
802 1319 883 1347 posse

93 1347 235 1408 Exempla,
256 1347 303 1375 sed
329 1347 393 1380 illis,
407 1355 442 1374 ne
467 1348 599 1383 prolixior
620 1347 665 1380 sit,
681 1355 741 1375 esse
756 1355 884 1383 superse—

112 1390 156 1408 ent
171 1390 227 1408 Illll.

112 1390 227 1409 emtum.

128 1416 171 1444 Ad
199 1417 311 1445 balneas
328 1421 417 1444 autem
445 1421 507 1453 post
533 1418 639 1453 longam
659 1424 883 1453 sane.quamque

94 1459 154 1486 Ipse
177 1456 301 1485 excusat,
319 1453 516 1487 digressionem
539 1454 682 1480 revertitur
697 1453 730 1479 ³⁸.
761 1453 884 1486 Quatuor

94 1495 160 1514 vero
176 1487 244 1514 dicit
258 1488 364 1514 illarum
377 1495 438 1515 esse
450 1495 558 1520 causas,
571 1488 742 1519 munditiam,
754 1488 883 1518 calorem,

93 1523 252 1553 sanitatem,
271 1523 447 1557 voluptatem.
465 1522 500 1549 At
514 1523 742 1557 quemadmodum
760 1523 883 1550 mulieri-

93 1558 146 1584 bus
163 1557 315 1587 munditiaa.
341 1565 371 1584 ac
388 1558 453 1586 viris
470 1558 598 1585 sanitatis
627 1566 710 1585 causa
742 1558 882 1593 permissa:

92 1598 172 1624 sunt,
189 1592 226 1619 ita
237 1593 337 1620 caloris
354 1600 419 1627 ergo
433 1601 619 1628 supervacuae,
632 1601 664 1620 ac
681 1592 788 1620 tandem
802 1594 880 1620 volu—

93 1628 179 1662 ptatis
190 1629 278 1662 gratia
299 1628 426 1655 omnibus
449 1629 562 1656 omnino
582 1628 746 1656 Christianis
768 1628 882 1655 interdi-

92 1667 206 1690 cuntur.
234 1663 269 1690 At
288 1670 353 1690 vero
378 1664 504 1697 quoniam
532 1663 700 1698 frequentior
724 1663 880 1691 earumdem

92 1701 162 1725 usus
178 1698 305 1733 corporis
322 1698 393 1726 vires
404 1698 527 1726 debilitat
543 1702 569 1725 ct
584 1706 654 1733 szepe
671 1698 805 1728 dissolvit,
818 1698 882 1725 hinc

91 1733 224 1760 Clemens
237 1733 327 1768 arguit
341 1741 394 1760 non
419 1741 528 1768 semper
548 1733 703 1764 lavandum,
720 1734 767 1761 sed
781 1733 882 1760 haben-

91 1768 156 1795 dam
170 1767 279 1799 aetatis,
288 1769 411 1803 corporis
432 1772 459 1796 et
478 1767 609 1803 temporis
625 1770 769 1798 rationem,
789 1776 839 1795 nec
854 1768 881 1794 in

92 1803 201 1838 balneis
221 1803 310 1830 aliena
326 1811 445 1838 unquam
457 1811 508 1838 ope
524 1808 551 1830 et
565 1804 718 1831 ministerio
737 1803 879 1830 utendum.

91 1837 148 1865 Nos
165 1842 257 1866 autem
272 1838 309 1865 ibi
326 1837 454 1866 admonet
468 1837 546 1874 longe
560 1839 733 1874 praestantius
746 1846 808 1874 esse
822 1838 882 1865 ani—

92 1881 144 1909 mae
167 1881 252 1908 quam
264 1874 387 1908 corporis
399 1873 547 1905 lavacrum,
562 1873 658 1908 'utpote
671 1882 724 1909 quo
734 1873 806 1901 illius
825 1881 882 1901 sor-

93 1907 142 1944 des
155 1907 184 1936 et
200 1907 322 1944 peccata
330 1910 437 1944 penitus
453 1909 591 1936 eluuntur.

126 1943 308 1979 Gymnasium
334 1951 415 1978 porro
432 1951 479 1971 seu
495 1944 619 1979 corporis
646 1943 880 1979 exercitationem,

92 1978 156 2015 qua“.
169 1978 204 2005 ad
215 1978 289 2015 illius
301 1979 445 2015 sanitatem
461 1978 609 2015 utilis’est.
626 1979 705 2006 docet
719 1978 844 2006 Clemens
859 1979 881 1996 ”

91 2013 316 2042 adolescentibus
332 2021 382 2048 pro
404 2014 500 2042 balneo
533 2014 667 2045 sufficere,
687 2019 770 2048 atque
785 2021 800 2040 a
814 2014 881 2041 viris

91 2049 185 2076 eidem
200 2048 300 2076 balneo
317 2056 378 2076 esse
391 2050 618 2084 anteponendam.
633 2049 759 2076 Mulieres
773 2056 881 2083 quoque

91 2085 163 2116 telae,
181 2087 209 2110 et
222 2085 301 2115 lanae,
318 2084 432 2119 aliisque
447 2085 523 2111 sexui
538 2092 588 2112 suo
603 2085 731 2119 congruis
753 2084 881 2119 operibus

90 2119 217 2146 exerceri
235 2119 333 2146 debere
350 2119 478 2147 ostendit.
496 2119 551 2147 Nec
565 2125 643 2154 turpe
664 2120 704 2147 eis
716 2128 777 2147 csse
793 2123 879 2153 putat,

91 2155 116 2183 si
143 2154 178 2181 ad
209 2154 369 2190 pistrinum,
396 2155 441 2181 ubi
470 2154 591 2182 Pittacus
615 2163 663 2182 rex
692 2154 880 2190 Milylenorum

91 2188 228 2216 moluisse
239 2188 335 2219 fertur,
354 2189 496 2221 accedant,
513 2197 545 2217 ac
562 2190 589 2217 in
601 2191 663 2217 cibo
684 2195 710 2217 et
734 2188 798 2224 potu
815 2189 880 2216 viris

91 2226 152 2252 suis
179 2224 352 2260 conficiendo
374 2228 512 2260 occupata?
538 2226 601 2253 sint.
617 2225 667 2253 Per
683 2233 745 2252 eum
771 2232 879 2259 quoque

936 265 1052 293 tantum,
1065 262 1117 288 albi
1144 262 1251 289 scilicet
1270 263 1369 290 coloris
1388 266 1415 289 et
1438 262 1533 294 nativi,
1556 269 1571 289 a
1584 262 1716 290 fullonum

936 297 1049 323 artiﬁcio
1064 297 1162 333 aliena,
1179 305 1310 332 personae,
1324 297 1552 333 agtati,dignitati,
1567 298 1643 333 sexui
1655 302 1716 333 apta

934 335 961 358 et
971 332 1137 368 conveniens
1152 331 1213 359 esse
1235 333 1322 360 debet.
1339 331 1556 360 lnaures7autem
1577 331 1717 368 Pzedagogi

934 367 1039 402 legibus
1050 367 1148 394 vetitas
1165 375 1225 394 esse
1240 367 1370 398 ostendit,
1389 375 1420 394 ac
1437 368 1572 395 hominem
1591 367 1637 402 qui
1650 367 1716 395 auro

934 408 963 438 se
981 401 1072 428 ornari
1084 401 1180 433 credit,
1203 403 1323 437 seipsum
1342 403 1388 429 illo
1411 403 1527 438 probare
1549 401 1715 430 inferiorem.

933 436 1051 464 Aureum
1071 439 1160 464 tamen
1178 436 1308 464 annulum
1334 436 1440 465 mulieri
1456 439 1590 468 concedit,
1609 446 1662 464 non
1682 437 1716 465 ad

933 476 1059 498 ornatum
1074 472 1194 506 quidem,
1211 474 1252 499 vel
1267 473 1299 499 ad
1313 473 1459 500 nobilitatis
1472 481 1529 500 sua:
1552 474 1716 500 ostentatio-

934 514 1008 537 nem,
1036 507 1156 542 sed_quo
1181 515 1212 534 ea
1238 515 1298 542 qua:
1312 507 1530 535 domiservanda
1550 513 1624 538 sunt,
1642 508 1716 535 obsi-

932 540 1130 578 gnentur._Nec
1154 542 1180 568 in
1198 540 1265 570 alios
1283 551 1350 570 usus
1371 543 1430 570 viro
1438 543 1529 578 icaalibi
1557 551 1588 570 ac
1607 543 1716 578 publico

933 584 1046 612 munere
1059 576 1179 611 iungenti
1190 585 1250 604 eum
1267 578 1410 612 permittit.
1435 577 1513 605 llunc
1527 576 1616 605 autem
1631 586 1716 612 parvo

932 612 990 647 vult
1003 611 1077 638 indui
1088 611 1188 647 digito,
1204 611 1348 647 nullosque
1363 613 1389 640 in
1406 621 1440 640 eo
1465 613 1578 640 deorum
1595 611 1643 640 aut
1655 613 1715 641 ido—

933 646 1032 678 lorum,
1049 646 1095 674 scd
1115 647 1256 678 columbae,
1281 646 1374 682 piscis,
1392 649 1485 680 maris,
1514 649 1648 680 anchorae,
1674 649 1715 676 vel

931 681 1061 718 ejusdern
1071 682 1179 716 generis
1201 681 1301 717 elligies
1322 688 1349 710 et
1365 683 1442 718 signa
1470 683 1585 718 insculpi
1613 688 1640 710 et
1667 691 1716 710 ex-

932 716 1082 753 primialbi
1110 725 1197 753 porro
1218 716 1306 744 obiter
1326 716 1416 744 monet
1434 716 1714 753 Clemens'quemdam

932 751 1115 786 pulchriorem
1132 752 1259 779 vestitum
1275 758 1301 780 et
1314 757 1439 779 ornatum
1467 751 1598 780 uxoribus
1616 761 1715 781 conoe-

931 786 1060 818 dendum.
1085 794 1139 821 quo
1159 786 1226 815 solis
1257 787 1333 818 viris,
1363 788 1474 815 minime
1496 796 1562 815 vero
1589 788 1660 817 aliis.
1677 789 1714 816 ita

932 821 1065 856 placeant,
1082 826 1111 848 ut
1131 822 1190 850 illos
1206 822 1366 856 pedetentim
1379 824 1484 857 possint
1500 823 1531 850 ad
1546 823 1714 851 moderatum

930 860 1166 893 temperatumque
1180 858 1287 893 vivendi
1302 865 1387 893 genus
1403 858 1545 885 adducere.
1560 858 1593 885 At
1606 866 1713 886 onmem

931 899 1045 928 prorsus
1056 891 1150 919 luxum
1173 898 1200 920 et
1223 891 1327 928 fucum,
1343 900 1394 928 nec
1406 894 1473 921 satis
1487 893 1609 920 modesta
1623 897 1650 920 et
1664 901 1714 928 pu-

934 926 1168 962 dicarornainenta
1179 927 1340 962 proscribit.
1355 927 1441 954 Porro
1456 933 1545 955 autem
1561 926 1715 955 ibidetnille

934 961 1051 998 explicat
1065 961 1202 998 quomodo
1216 962 1262 997 pili
1288 963 1433 998 crinesque
1447 962 1584 990 nutriendi
1598 966 1624 990 et
1638 971 1714 998 com-

934 996 1064 1031 ponendi,
1080 1000 1161 1032 atque
1175 996 1260 1024 barba
1274 1005 1290 1024 a
1312 997 1379 1026 viris
1389 996 1505 1031 alenda;
1521 1005 1553 1024 ac
1577 997 1714 1032 quomodo

934 1033 1123 1067 unusquisque
1144 1032 1171 1058 in
1196 1037 1282 1064 motu,
1310 1040 1417 1067 gressu,
1446 1034 1567 1065 incessu,
1582 1033 1714 1067 gestibus,

935 1065 1039 1102 figuris.
1055 1065 1134 1103 voce,
1148 1072 1271 1103 aspectu,
1288 1065 1369 1103 atque
1381 1076 1445 1103 erga
1459 1068 1573 1095 ancillas
1581 1065 1607 1095 ct
1621 1076 1715 1095 servos

934 1101 995 1128 sese
1005 1109 1101 1138 gerere
1112 1101 1219 1129 debeat.
1235 1101 1304 1129 Tum
1324 1101 1424 1130 deinde
1448 1104 1544 1138 probat
1565 1103 1715 1137 prohibitas

933 1144 995 1164 esse
1005 1137 1166 1167 tonstrinas,
1186 1145 1343 1172 cauponas,
1351 1137 1517 1165 tesserarum
1532 1141 1558 1165 et
1569 1139 1637 1165 lucri
1650 1146 1700 1166 cau
1709 1153 1716 1158 -

933 1179 963 1199 sa
978 1172 1095 1198 talorum
1110 1171 1221 1205 ludum;
1237 1171 1392 1207 fugiendam
1404 1173 1589 1207 improborum
1603 1181 1716 1201 consue-

934 1207 1071 1239 tudinem;
1085 1210 1112 1234 et
1127 1208 1293 1241 spectacula,
1310 1208 1453 1242 rquidquid
1482 1208 1605 1235 nonnulli
1628 1209 1710 1236 recla-

933 1246 1020 1278 rnent,
1046 1249 1107 1269 esse
1122 1241 1277 1278 iuterdicta.
1305 1241 1421 1270 Sublitec
1447 1243 1556 1278 planum
1583 1242 1648 1270 facit
1659 1251 1713 1278 quo

934 1275 1028 1303 habitu
1041 1281 1068 1304 et
1081 1276 1160 1303 modo
1175 1277 1240 1305 viris
1254 1282 1280 1305 et
1294 1275 1453 1305 mulieribus
1464 1278 1497 1305 ad
1509 1278 1652 1305 ecclesiam
1668 1275 1714 1305 ve-

934 1311 1167 1348 niendum.atque
1191 1313 1224 1338 ab
1236 1320 1266 1339 ea
1281 1313 1472 1346 recedendum,
1487 1312 1551 1348 quid
1573 1313 1600 1339 in
1613 1314 1714 1340 osculis

933 1350 961 1373 et
975 1347 1188 1374 salutationibus
1201 1347 1353 1378 vitandum,
1364 1355 1396 1374 ac
1412 1348 1492 1375 vitam
1507 1347 1653 1375 Christiani
1667 1348 1715 1375 de-

936 1381 999 1409 bere
1009 1383 1045 1418 ab
1063 1383 1136 1409 omni
1150 1382 1255 1416 penitus
1279 1383 1467 1418 cujuscunque
1480 1383 1543 1410 mali
1559 1383 1715 1418 suspicione

933 1424 995 1444 esse
1008 1417 1120 1444 liberam
1132 1420 1157 1444 et
1174 1418 1299 1445 solutam.

972 1451 1042 1479 Viris
1057 1460 1137 1487 porro
1150 1460 1248 1480 suasor
1262 1457 1289 1479 et
1302 1456 1397 1480 auctor
1412 1456 1453 1480 est
1465 1452 1498 1484 ιι,
1513 1461 1548 1480 ne
1559 1461 1658 1481 uxores
1667 1461 1714 1481 co-

934 1494 1006 1523 rarmr
1020 1487 1129 1514 famulis
1153 1488 1322 1521 osculentur,
1348 1495 1399 1515 nec
1412 1488 1484 1515 ullus
1505 1488 1575 1515 bona
1601 1489 1714 1523 etjusta

934 1522 1105 1558 ethnicorum
1120 1526 1253 1558 praecepta
1268 1527 1388 1557 respuat.
1415 1524 1461 1550 sed
1479 1531 1572 1551 eorum
1587 1522 1650 1551 vitia
1665 1524 1713 1550 de-

933 1557 1025 1593 clinet,
1041 1561 1206 1593 etsanctum
1234 1566 1263 1585 se
1275 1558 1403 1585 omnibus
1425 1563 1452 1586 et
1466 1558 1652 1593 incorruptum
1667 1567 1713 1586 ex-

934 1592 1035 1619 hibeat.
1053 1591 1152 1619 Veruin
1166 1600 1228 1619 cum
1243 1593 1312 1619 mala
1327 1597 1432 1620 tantum
1447 1597 1474 1619 ct
1493 1591 1603 1628 peccata
1621 1594 1715 1628 fugere

932 1631 959 1654 et
977 1627 1122 1655 emendare
1145 1635 1199 1655 non
1215 1627 1340 1659 sulliciat,
1357 1628 1409 1655 nisi
1436 1631 1463 1655 ct
1473 1627 1564 1655 omnia
1586 1628 1632 1656 Dei
1646 1627 1716 1663 pras-

932 1666 1011 1698 cepta
1026 1663 1200 1697 impleantur,
1217 1663 1280 1690 hinc
1304 1663 1431 1698 Clemens
1447 1671 1508 1698 qua:
1524 1671 1556 1690 ea
1581 1664 1635 1691 sint
1652 1669 1715 1691 ante

932 1697 1054 1733 omnium
1084 1698 1159 1732 ponit
1183 1698 1288 1725 oculos.
1309 1697 1341 1724 Et
1358 1698 1445 1732 primo
1457 1697 1572 1733 quidem
1596 1699 1716 1726 ostendit

933 1732 978 1758 illa
999 1733 1050 1760 hoc
1062 1733 1200 1760 communi
1212 1733 1291 1760 elTato
1307 1743 1313 1760 :
1330 1742 1338 1758 ι
1357 1733 1433 1766 Quod
1451 1732 1500 1760 tibi
1520 1741 1574 1760 non
1589 1734 1629 1761 vis
1647 1734 1714 1766 ﬁeri,

932 1767 1009 1794 alteri
1021 1775 1076 1794 non
1089 1768 1196 1799 feceriS,
1216 1778 1225 1794 ι
1239 1776 1270 1795 ac
1284 1769 1390 1795 duobus
1407 1768 1488 1795 etiam
1501 1768 1642 1796 eharitatis
1653 1777 1717 1803 pra:-

932 1802 1018 1837 ceptis
1031 1803 1181 1838 generatim
1194 1803 1338 1831 contineri.
1352 1803 1488 1835 Attamen,
1503 1807 1532 1830 ut
1546 1803 1603 1831 hac
1619 1802 1718 1831 enoda-

932 1838 1193 1874 tiusetdistinctius
1205 1838 1387 1874 explicentur,
1411 1838 1502 1865 omnia
1517 1838 1655 1874 sigillatiin
1669 1847 1716 1866 ex-

932 1872 1104 1907 ponitdivini
1130 1874 1215 1901 nostri
1236 1872 1377 1908 Piedagogi
1398 1872 1554 1908 praeceptﬁ
1565 1879 1646 1908 atque
1664 1875 1716 1908 pri-

932 1894 1005 1935 iitum
1030 1908 1152 1942 quaedam
1167 1894 1262 1935 “refert
1298 1894 1333 1943 1ιῖ
1351 1894 1715 1943 ῧυςῇιυεογοοῖιειὶίυιπῖηο

931 1943 1029 1970 deinde
1042 1950 1073 1978 ea
1088 1951 1149 1978 quae
1159 1944 1194 1971 ab
1207 1943 1302 1970 eodem
1317 1942 1467 1978 Paadagogo
1481 1943 1586 1970 sancita
1607 1948 1671 1971 sunt
1682 1944 1717 1970 de

932 1977 1067 2005 orationis
1083 1977 1174 2009 modo.
1199 1978 1233 2006 de
1252 1978 1368 2012 jejunio,
1394 1977 1556 2009 sacrificiis,’
1574 1978 1714 2012 patientia,

931 2013 1075 2042 militibus.
1088 2013 1227 2047 judicihus
1240 2017 1266 2040 et
1280 2013 1427 2046 divitibus;
1450 2013 1483 2040 de
1498 2013 1654 2048 reipublicae
1668 2014 1716 2040 ad-

932 2048 1141 2079 ministratione,
1167 2048 1201 2075 de
1217 2048 1409 2082 jurejurando,
1420 2047 1453 2075 de
1470 2053 1586 2082 acceptae
1608 2048 1718 2083 injuriae

932 2083 1077 2114 oblivione,
1096 2083 1249 2114 mendacio,
1267 2083 1406 2117 superbia,
1435 2083 1634 2114 misericordia,
1657 2084 1714 2113 ira;

931 2119 966 2145 de
975 2117 1120 2152 diligendis
1137 2118 1268 2150 inimicis,
1280 2118 1313 2145 de
1329 2118 1492 2145 famulorum
1509 2126 1570 2149 usu,
1584 2118 1618 2145 de
1628 2118 1717 2145 fratri-

931 2152 982 2181 bu's
996 2154 1150 2188 arguendis,
1166 2153 1199 2180 de
1223 2153 1326 2188 agenda
1342 2153 1512 2187 poenitentia,
1543 2161 1575 2180 ac
1589 2153 1622 2180 de
1639 2155 1715 2181 elee-

931 2196 1044 2223 mosyna
1076 2188 1232 2215 hominibus
1249 2188 1434 2223 indigentibus
1457 2188 1649 2223 impertienda.
1667 2188 1716 2215 Hie

931 2223 1012 2250 etiam
1029 2224 1104 2250 varia
1119 2223 1152 2250 de
1167 2223 1327 2250 Christianae
1340 2223 1581 2251 vitaeinslitutione
1594 2232 1628 2251 ex
1638 2223 1714 2250 Pauli

91 2259 236 2287 nonnullis
248 2259 315 2287 viris
329 2253 493 2295 quandoque
512 2260 574 2288 licet
595 2265 642 2287 aut
653 2261 735 2292 lucta,
751 2253 797 2286 alit
813 2253 879 2295 pl'ie-
895 2253 916 2280 ι)
931 2258 1061 2295 Epistolis
1076 2262 1207 2294 praecepta
1214 2260 1346 2295 congerit.
1366 2257 1489 2286 Posthac
1500 2266 1564 2286 vero
1578 2259 1716 2295 subnectit

53 2306 59 2312 ι
89 2295 192 2331 ninda,
211 2302 264 2331 seu_
278 2302 362 2331 parvo
381 2295 471 2330 globo,
495 2299 542 2322 aut
569 2296 745 2331 agricultura,
765 2299 814 2331 aut
829 2295 881 2322 sal-

89 2334 147 2357 tem
176 2329 396 2365 deambulationé
422 2331 554 2358 exerceri.
572 2329 641 2364 Quid
652 2338 726 2360 vero,
744 2329 815 2365 quod
833 2338 880 2357 eos

89 2372 193 2399 aquam
210 2364 332 2395 haurire,
359 2364 430 2400 ligna
445 2366 571 2393 scindere
584 2370 611 2393 et
628 2373 693 2392 voce
714 2364 767 2392 alta
793 2366 880 2400 legere

88 2400 239 2436 pulchrum
248 2400 402 2436 existimat?
409 2401 439 2436 At
450 2401 477 2427 in
484 2401 526 2428 his
533 2401 781 2430 exercitationibus.
790 2408 881 2436 queui-

87 2434 242 2475 admodum
265 2435 393 2475 omgibus
421 2435 448 2475 in
466 2437 572 2475 _rebus,
589 2436 698 2475 modum
711 2443 818 2475 semper
832 2434 880 2475 ad:

88 2470 183 2498 biberi
199 2470 286 2506 jubet.
299 2469 398 2506 Censet
412 2470 528 2506 denique
554 2475 639 2498 artem
655 2469 838 2506 piscatoriam,
856 2470 878 2497 si

87 2506 179 2541 otium
199 2504 314 2541 fuerit,
329 2504 492 2533 laudabilem
521 2506 631 2541 quidem
654 2504 725 2536 esse,
750 2505 797 2541 scd
819 2513 878 2532 eam

86 2540 173 2575 longe
197 2540 414 2572 laudabiliorem,
433 2541 514 2568 sicuti
530 2540 670 2569 ’Christus
696 2540 798 2573 docuit,
826 2547 879 2575 qua

87 2583 148 2611 nor}
164 2575 267 2610 pisces,
279 2576 326 2603 sed
338 2575 462 2603 homines
472 2576 627 2611 capiuntur.
709 2610 723 2611 η
739 2608 742 2611 Δ

125 2610 253 2638 Ροειικεε
269 2611 314 2637 ille
331 2618 391 2646 qua:
406 2611 434 2637 in
447 2612 498 2638 hoc
506 2609 538 2638 et
552 2611 691 2646 superiore
708 2609 777 2646 libro
793 2609 879 2637 fusius

86 2645 233 2681 disputata
249 2648 324 2677 sunt,
340 2645 383 2673 'ea
397 2645 425 2673 in
442 2646 578 2681 epitomen
590 2645 617 2673 et
632 2645 821 2680 compendium
832 2653 879 2681 Vre-

85 2681 161 2716 digit
175 2680 209 2707 “.
233 2680 255 2707 Α
268 2684 344 2708 veste
369 2680 465 2708 autem
476 2681 582 2716 incipit,
601 2685 627 2708 et
643 2680 767 2716 quamvis
781 2681 815 2707 ab
831 2680 877 2706 illa

86 2715 146 2750 non
162 2723 245 2743 omne
260 2723 374 2751 prorsus
389 2723 486 2743 aurum
504 2715 550 2743 aut
563 2715 701 2743 mollitiem
721 2719 879 2751 arceat,rse7

86 2751 157 2778 dulo
175 2749 268 2787 tamen
297 2751 424 2787 prohibet
442 2759 475 2778 ne
491 2751 556 2787 quid
577 2751 602 2778 ei
621 2751 747 2781 addatur,
761 2750 832 2785 quod
845 2749 879 2777 ad

86 2786 203 2813 mollem
232 2785 459 2820 luxuriosamque
483 2785 566 2813 vitam
581 2786 734 2821 quemlibet
759 2793 879 2819 unquam

87 2822 180 2858 possit
212 2821 362 2856 impellere.
383 2821 539 2849 Christiana
561 2820 650 2857 itaque
668 2820 762 2854 vestis,
781 2824 809 2847 ut
824 2820 880 2855 ipse

686 2898 707 2914 δ’·
723 2906 782 2932 cap.
803 2898 842 2924 11.

123 2897 146 2915 ¹⁹
161 2905 224 2933 cap.
238 2897 266 2924 8.
306 2897 328 2913 ³³
345 2905 404 2933 cap.
422 2899 447 2925 9.
486 2898 507 2914 "
525 2905 584 2933 cap.
603 2898 645 2926 l0.

929 2302 959 2320 se
971 2293 1094 2328 potuisse
1120 2293 1198 2328 plura
1212 2294 1263 2320 alia
1279 2301 1340 2329 quae
1359 2295 1392 2320 ad
1403 2294 1558 2329 episcopos,
1570 2293 1713 2324 diaconos,

928 2329 1024 2356 viduas
1033 2329 1154 2364 aliosque
1160 2328 1332 2364 spectant,ex
1338 2336 1380 2356 sa(
1387 2329 1424 2357 ris
1436 2328 1585 2363 Scriptnris
1595 2329 1648 2364 18
1657 2337 1719 2363 pros

929 2363 1010 2395 ferre,
1027 2363 1074 2390 sed
1089 2364 1122 2391 de
1137 2363 1182 2392 ἰιεί
1198 2364 1272 2391 aliud
1287 2364 1345 2391 fore
1367 2363 1474 2392 dicendi
1490 2367 1607 2398 tentptls.
1631 2363 1716 2391 Multa

928 2406 1036 2434 quoque
1051 2399 1078 2425 in
1094 2399 1196 2426 eisdem
1213 2399 1362 2434 Scriptor-is
1384 2407 1431 2434 per
1447 2399 1589 2434 miiigniata
1619 2403 1646 2426 et
1668 2407 1716 2434 pa-

930 2433 1040 2461 rabolas
1053 2434 1154 2470 scripta
1166 2442 1227 2462 esse
1243 2433 1394 2470 proﬁtetur;
1410 2435 1457 2462 sed
1474 2433 1511 2461 ea
1522 2442 1575 2460 non
1588 2442 1604 2461 a
1616 2433 1711 2461 Paed‘a-

932 2477 1010 2504 gogo,
1037 2469 1116 2504 cujus
1140 2469 1265 2497 instituta
1282 2470 1337 2504 jam
1365 2470 1433 2497 satis
1455 2473 1628 2503 exposuerat,
1654 2477 1718 2497 esse

931 2504 1109 2540 enucleanda,
1127 2505 1212 2540 sedra
1224 2505 1282 2532 solo
1306 2505 1449 2540 magistro.
1474 2504 1595 2537 Christo,
1611 2504 1716 2532 scilicet

932 2539 1056 2571 Domino,
1070 2540 1115 2575 qui
1127 2539 1190 2566 boni
1204 2539 1293 2567 Patris
1308 2539 1379 2567 bona
1394 2540 1521 2566 voluntas
1536 2544 1563 2567 et
1582 2540 1716 2574 sapientia

930 2582 1070 2609 germana,
1091 2582 1142 2602 nos
1157 2580 1251 2602 sancta
1269 2575 1424 2610 cognitione
1435 2575 1549 2607 imbuit;
1564 2579 1590 2610 et
1606 2575 1632 2601 in
1648 2581 1714 2610 quo,

930 2610 953 2637 si
966 2610 1101 2637 mandatis
1124 2610 1184 2644 ejus
1197 2609 1340 2637 fecerimus
1357 2611 1434 2643 satis,
1450 2617 1482 2638 ac
1497 2618 1558 2636 eum
1580 2609 1714 2637 fuerimus

930 2644 1037 2676 imitati,
1057 2652 1164 2679 semper
1175 2645 1357 2672 manebimus.
1385 2644 1453 2672 Tum
1478 2644 1577 2672 deinde
1588 2645 1715 2672 Clemens

926 2679 1098 2715 Christianos
1123 2679 1294 2715 alloquendo,
1317 2680 1464 2715 plurimum
1488 2688 1536 2707 eos
1555 2679 1716 2706 adhoitatur

929 2719 958 2742 ut
970 2714 1098 2742 Ecclesite
1114 2714 1257 2750 persenam
1273 2715 1414 2750 impleant,
1432 2714 1466 2741 ad
1483 2723 1542 2742 eam
1557 2718 1714 2744 accurrant,

928 2755 956 2777 et
968 2749 1211 2785 Christum,quem
1226 2749 1422 2778 variis’divinte
1445 2754 1551 2776 natura:
1575 2749 1718 2785 titulis_ibi

929 2789 1056 2816 exornat,
1067 2783 1157 2821 dignis
1175 2793 1282 2821 semper
1294 2785 1420 2821 laudibus
1436 2789 1652 2821 prosequantur.
1663 2783 1717 2811 Po;

931 2824 1033 2848 sti-emo
1054 2819 1199 2856 ipsummet
1225 2819 1349 2848 divinum
1382 2819 1510 2851 Verbum,
1537 2819 1718 2854 Paedagogum

882 2897 902 2912 “
920 2905 978 2932 cap.
1003 2897 1043 2924 :2.
