1927 3074
211 183 263 211 8'27

537 179 571 207 IN
591 179 803 207 CLEMENTEM
825 179 926 206 ALEX.
947 179 979 206 ι).
1001 178 1045 206 LE
1060 178 1208 207 .NOURRY
1241 177 1466 206 DlSSERTATIO
1485 179 1505 206 1.

1782 178 1833 206 828

215 243 348 271 nostrum,
360 243 421 265 orat
433 243 457 266 et
473 238 600 265 obsecrat
621 233 649 265 iit
661 239 809 265 Christiani
826 246 952 273 suprema
967 239 999 265 il-
1013 243 1036 269 Λ
1051 239 1111 265 nire
1127 239 1192 266 velis
1210 243 1301 265 utrum
1320 238 1433 272 hujusce
1449 237 1538 272 operis
1560 238 1586 264 in
1610 241 1701 272 capita
1724 236 1830 267 divisio.

214 276 266 302 iiiis
286 282 337 309 ope
365 274 435 306 fulti,
463 275 500 300 ita
521 274 581 308 ejus
605 275 761 308 eaprimant
788 273 996 301 similitudinem

214 314 295 344 atque
307 309 468 344 imaginem,
481 312 510 335 ut
522 309 627 344 caelesti
648 310 675 335 in
691 309 802 336 civitate
814 309 909 336 laudes
924 309 997 335 illius

214 343 388 373 in’aternuni
407 345 561 370 conciliant.
585 343 636 370 Sed
656 345 719 378 quia
738 343 806 370 idem
831 343 997 378 Ptedagogus

213 387 260 407 eos
271 380 374 406 interea
386 379 500 406 duxerat
513 379 539 405 in
551 378 712 409 Ecclesium,
727 379 830 405 idcirco
842 383 938 406 auctor
949 386 998 405 no~

213 418 270 442 stet
295 415 419 450 hymno,’
437 414 483 448 qui
505 414 531 440 in
551 414 865 450 igratiaruniractionem
898 414 998 450 ibidem

213 450 248 476 ab
260 448 387 477 omnibus
404 449 592 477 decantandus
611 453 679 481 erat,
695 448 795 476 librum
807 456 885 476 suum
908 449 999 476 absol-

214 485 262 511 vit.

474 531 674 559 ARTICULUS
694 531 739 559 1V.

213 576 252 604 De
268 576 361 604 horum
377 577 504 604 librorum
522 583 638 609 auctore,
662 583 830 612 argumenta,
853 579 939 610 titulo,
958 579 1000 606 di-

248 613 357 643 visione.
366 621 505 647 eorumque
516 614 542 639 in
557 614 644 647 capita
659 613 852 645 distributione,
863 619 886 640 et
899 622 1000 640 eorum-

247 648 305 674 dem
317 648 431 681 capitum
443 648 608 678 summai-iis,
620 657 651 674 ac
667 657 717 682 quo
729 654 852 682 tempore,
869 653 894 675 et
911 654 999 675 utrum

247 691 279 708 ex
290 683 459 719 concionibus
474 683 576 716 publice
591 683 688 710 habitis
699 703 707 716 ,
726 688 772 710 aut
792 692 842 718 quo
863 685 932 719 stylo
947 685 1000 711 sint

247 718 395 751 compositi.

247 762 362 790 Constat
388 771 469 795 sane,
485 771 536 791 nec
559 764 645 790 ullum
668 763 792 798 profecto
815 765 862 791 ulli
886 765 999 792 dubium

212 805 273 825 esse
287 802 377 832 potest
391 799 559 826 Clementem
576 799 790 826 Alexandrinum
806 799 921 834 hujusce
936 808 1001 834 ope-

212 833 252 860 ris
262 840 356 860 verum
372 837 398 861 et
414 835 562 870 genuinum
578 842 639 861 esse
653 833 917 870 auctorem.Etenim
931 833 1000 870 pra:-

213 873 334 902 terquam
351 870 423 902 quod
439 869 504 895 illud
516 869 653 896 communi
666 873 828 896 cunctorum
843 869 999 897 Graecorum

211 903 338 940 codicum
356 904 522 940 testimonio,
536 908 610 940 certa
628 904 779 936 Eusebii",
799 904 997 940 Hieronymi",

213 937 302 964 Photii
312 938 511 973 “aliorumque
522 939 684 973 scriptorum
697 940 870 971 auctoritate,
884 937 914 966 ac
926 937 996 966 una;

213 972 280 999 nimi
298 974 419 1000 omnium
433 972 623 1001 coiiseiisu’illi
641 975 830 1007 adjudicatur;
847 979 920 1002 certe
935 975 996 1002 Cle-

213 1015 298 1044 mens
315 1008 372 1044 suis
396 1009 510 1043 ipsemet
531 1009 621 1036 verbis
639 1017 668 1036 se
688 1010 761 1037 illius
776 1015 916 1044 parentem
936 1019 997 1038 esse

214 1042 388 1079 apertissime
407 1042 502 1078 prodit
524 1048 551 1070 et
564 1044 695 1071 declarat.
719 1044 747 1071 In
767 1042 844 1072 sexto
861 1045 996 1079 siquidem

215 1077 380 1113 Strongulam
392 1077 462 1105 libro
476 1079 532 1106 inec
548 1079 658 1113 scriptis
676 1080 789 1106 tradidit
804 1090 810 1107 :
829 1088 838 1105 ι
854 1077 933 1107 Prius
949 1088 998 1107 au—

213 1115 269 1152 tem
286 1112 469 1152 Pwdagogus,_
485 1114 558 1152 quia
574 1112 653 1141 nobis
673 1114 803 1152 dividitur
815 1115 845 1152 in
862 1116 950 1143 tribus
965 1116 998 1142 li-

215 1147 273 1185 bris
285 1166 292 1178 ,
308 1149 426 1175 ostendit
437 1147 626 1185 educationem
638 1169 644 1181 ,
662 1154 689 1176 et
704 1150 918 1181 institutionem.
937 1158 998 1185 qua:

216 1181 326 1219 datura
347 1184 471 1217 pueritia,
487 1184 537 1211 hoc
547 1189 604 1216 est,
619 1192 680 1219 qua:
698 1192 711 1210 a
727 1185 862 1212 catechesi
874 1205 880 1216 ,
899 1181 954 1212 seu'
965 1194 998 1212 ex

214 1218 368 1256 eruditione
382 1218 481 1246 tradita
493 1218 693 1256 doctrinaﬂitle
708 1220 788 1247 simul
804 1225 926 1254 augetur.
937 1221 999 1247 vita:

214 1251 454 1289 informationem,
475 1259 502 1280 et
526 1254 560 1281 iis
584 1255 630 1289 qui
657 1255 684 1281 in
710 1251 854 1282 numerum
876 1257 998 1282 virorum

214 1287 398 1327 ascribuntur,
423 1294 555 1323 pra-parat
579 1287 698 1327 animant
718 1291 816 1327 virtute
843 1290 997 1324 pra-«litum,

214 1321 248 1360 ad
274 1321 445 1360 scientiam,
460 1321 520 1358 qua:
535 1325 717 1360 cognitionem
733 1325 834 1359 praebet
844 1321 995 1360 ‘accipieni

213 1356 319 1396 dum".
338 1367 347 1382 ι
376 1358 414 1384 Ex
438 1356 597 1396 liisautein
619 1356 771 1396 Clementis
795 1360 882 1386 nostri
908 1356 999 1387 verbis

214 1391 346 1419 discimus
364 1401 419 1420 non
437 1394 517 1420 modo
533 1395 603 1421 lianc
619 1395 834 1422 lucubrationem
848 1395 882 1421 ab
895 1403 927 1422 eo
939 1403 999 1422 esse

216 1433 308 1453 revera
323 1429 472 1462 profectam
483 1449 490 1460 ,
505 1437 599 1456 verum
619 1429 701 1455 ctiam
717 1431 789 1464 quod
805 1430 878 1457 illius
894 1431 929 1457 sit
954 1439 999 1456 ar-

213 1466 372 1501 gumentum
387 1468 414 1490 et
425 1471 538 1501 scopus,
555 1464 616 1501 quis
631 1465 736 1501 titulus.
748 1469 775 1501 et
789 1469 860 1501 quot
872 1465 898 1491 in
916 1466 999 1492 libros

214 1496 296 1536 luerit
309 1496 406 1536 divisa.
424 1498 452 1524 In
465 1496 541 1536 hisce
557 1496 629 1526 enim
640 1499 723 1536 libris
743 1499 776 1526 de
798 1496 831 1527 ca
843 1500 999 1528 Christiana

214 1532 387 1571 institutione
410 1541 440 1571 se
457 1533 613 1571 disputasse
630 1535 696 1560 dicit
709 1554 724 1571 ,ἒ
741 1542 794 1568 qua
814 1535 849 1562 ab
865 1536 921 1570 ipsa
939 1536 1001 1562 reli-

213 1568 302 1600 gionis
317 1573 418 1594 nostra:
431 1568 556 1600 infantia,
573 1577 621 1596 seu
639 1569 786 1600 catecliesi,
802 1571 842 1596 vel
857 1568 955 1597 tradita
971 1572 998 1597 in

213 1602 403 1638 catecliesibus
427 1603 551 1630 d0ctrina
563 1623 569 1633 ,
586 1604 622 1630 ita
638 1604 754 1638 quisque
771 1606 875 1632 sanctis
892 1614 997 1632 morum

212 1637 328 1676 vitaeque
355 1639 497 1672 praeceptis
521 1637 760 1676 _inforniat’ur,7ut
790 1640 827 1676 ad
851 1641 998 1674 p-rfectam

213 1674 397 1712 cognitionem
428 1678 454 1700 et
487 1674 629 1700 scientiam
662 1675 876 1709 comparandam
913 1676 1000 1710 possit

213 1713 373 1741 preparari.

248 1741 282 1779 [fit
297 1741 347 1768 lioc
361 1749 434 1779 sane
449 1742 533 1770 totius
549 1743 641 1777 operis
659 1744 702 1770 sui
722 1751 783 1771 esse
808 1748 998 1779 argumentum

212 1779 240 1802 et
254 1777 333 1814 tinctu
348 1777 383 1803 ab
398 1777 471 1814 illius
482 1778 594 1804 exordio
606 1779 757 1814 luculenter
773 1777 899 1808 Clemens
912 1781 999 1814 aperit

212 1814 241 1838 et
265 1811 382 1850 explicat
392 1812 424 1838 ⁸⁵.
442 1812 486 1838 Ait
507 1813 579 1839 enim
602 1813 779 1850 Paedagogum
806 1815 832 1841 in
857 1823 890 1842 eo
912 1811 998 1841 totum

212 1849 335 1876 versari.
371 1850 400 1872 ut
431 1851 503 1874 recta
533 1849 655 1875 omnium
684 1850 864 1876 humanorum
890 1855 998 1877 actuum

213 1882 412 1915 compositione
429 1883 546 1909 animam
567 1884 717 1910 Christiani
735 1885 829 1911 reddat
848 1885 997 1912 meliorem.

213 1915 348 1949 Quocirca
366 1924 473 1944 omnem
490 1918 534 1944 ille
549 1918 591 1945 his
607 1920 634 1946 in
651 1919 744 1952 libris,
763 1920 801 1946 uti
824 1921 892 1947 satis
904 1928 937 1946 ex
953 1928 1000 1947 co-

214 1958 276 1992 rum
299 1952 403 1992 analysi
421 1953 525 1992 liquido
540 1953 712 1992 intelligitur,
730 1956 808 1992 ponit
821 1963 948 1990 operam,
965 1959 999 1992 ut

212 1987 369 2014 Christiano
383 1988 528 2025 patel'aciat
543 1996 602 2023 quae
617 1987 680 2025 vitia
702 1987 849 2025 fugienda,
866 1998 926 2025 quae
946 1991 1001 2017 vir-

213 2025 285 2059 tutes
300 2023 500 2059 consectandm,
520 2031 551 2059 ac
568 2032 628 2058 qua:
645 2024 716 2050 bona
732 2023 834 2059 agenda
852 2023 922 2056 sint,
938 2026 997 2056 vel,

214 2060 243 2083 ut
259 2057 367 2094 brevius
391 2065 459 2094 cum
469 2065 501 2085 eo
519 2057 701 2093 loquamur",
717 2057 806 2094 qualis
822 2061 848 2087 in
867 2065 924 2087 toto
938 2061 1000 2088 vitae

213 2099 270 2119 sua:
284 2092 401 2119 decursu
418 2092 513 2120 debeat
527 2092 588 2120 esse
605 2092 789 2122 Christianus.

249 2127 319 2153 Nulli
335 2128 435 2162 itaque,
454 2128 476 2154 si
493 2129 526 2154 ad
543 2129 598 2156 haec
615 2130 735 2156 animum
750 2131 884 2162 advertat,
899 2131 1000 2158 obscu-

213 2167 468 2200 rumxessexpotest,
482 2171 536 2200 uon
553 2165 634 2200 alium
650 2165 745 2199 plane,
774 2165 825 2192 nisi
839 2174 901 2192 eum
918 2174 998 2200 quem

213 2197 333 2232 prmfcrt,
346 2197 487 2232 Pmdagagi
503 2198 612 2235 titulum
629 2197 692 2226 huic
711 2200 797 2227 eidem
815 2201 890 2235 operi
906 2197 1000 2227 a_C|e~

213 2236 304 2259 mente
317 2237 412 2259 nostro
430 2234 514 2260 fuisse
531 2234 702 2268 inscriptum.
717 2235 748 2261 Et
759 2243 823 2262 vero
835 2234 889 2262 non
904 2236 933 2269 in
949 2236 999 2262 hac

214 2269 567 2305 tantumcommentatione
589 2270 615 2296 id
632 2270 689 2304 ipse
704 2271 805 2305 passim
823 2271 930 2302 asserit,
950 2271 998 2298 scil

214 2302 277 2328 alibi
297 2302 378 2342 etiam
397 2302 463 2342 illud
480 2303 548 2342 idem
566 2302 713 2340 snisfquai
730 2305 887 2342 pauluante
902 2306 996 2342 retuli-

214 2344 285 2368 mus,
300 2337 390 2373 verbis
414 2337 594 2366 disertissime
609 2337 775 2373 pronuntiat.
794 2339 851 2367 lltic
870 2341 995 2373 accedit,

213 2372 286 2412 quod
300 2371 392 2399 eadem
400 2373 504 2412 _liorum
521 2371 651 2412 librorum
668 2376 812 2412 inscriptio
829 2375 900 2402 haud
918 2371 996 2411 plane

214 2410 319 2446 incerto
333 2410 454 2446 omnium
467 2410 856 2446 tn‘QHtJVSCI'iIHOTUmicodiCIllll
874 2410 997 2438 testium-

213 2442 271 2472 nio,
289 2446 370 2476 atque
399 2442 519 2476 Eusebii,
537 2442 704 2481 Hieronymi,
721 2445 843 2472 Ριιοιὶὶ⁸⁸
865 2446 995 2473 aliorum-

214 2483 268 2516 que
289 2484 354 2517 cum
376 2482 494 2505 veterum
511 2484 568 2506 tuin
593 2482 774 2508 recentiorum
792 2482 996 2516 conspiratione

213 2515 392 2548 invictissime
407 2517 609 2548 comprobatur.

249 2545 347 2585 iisdem
364 2545 477 2585 prorsus
492 2551 659 2584 argumentis
679 2556 732 2578 tam
747 2555 841 2585 aperte
856 2551 998 2578 convinci-

213 2585 259 2622 tur
280 2581 332 2622 hoc
354 2581 422 2622 opus
438 2584 465 2610 in
481 2581 537 2611 tres
553 2585 636 2622 libros
650 2587 684 2613 ab
698 2581 813 2622 ipsoiiiet
830 2587 931 2620 pariter
949 2587 1000 2613 do-

213 2617 338 2656 ctissimo
362 2617 435 2656 illius
455 2624 565 2656 auctore
588 2620 673 2648 fuisse
688 2617 886 2653 distributum,
911 2626 939 2648 ut
967 2622 999 2648 iis

214 2652 487 2713 I‘i‘isius‘fixplicandis
504 2654 642 2682 immorari
659 2655 825 2691 superﬂuum
842 2652 950 2691 penitus
965 2657 1001 2683 sit

214 2694 224 2712 [3
257 2694 304 2712 IIIU
320 2695 326 2712 Ι
340 2695 364 2713 (⁵.

210 2694 238 2712 οι
257 2694 364 2714 IIIUIIIC.
546 2713 553 2718 _

249 2721 378 2756 Majorem
400 2723 492 2757 itaque
509 2724 536 2750 in
551 2723 737 2752 dillicultatcni
755 2726 876 2760 incides,
893 2727 915 2754 si
934 2727 1001 2754 deli-

251 2798 381 2837 'fAEuseh.
399 2800 446 2826 lib.
465 2809 488 2827 \‘l
505 2800 619 2832 llistor.,
639 2809 698 2837 cap.
718 2803 759 2829 15.

213 2832 238 2870 ξῗ
254 2835 300 2861 lib.
313 2843 337 2860 VI
354 2833 467 2865 Saroni.
485 2844 544 2870 pag.
558 2837 620 2864 616.

214 2866 238 2882 ⁸⁸³
255 2870 300 2896 lib.
319 2877 356 2901 tt,
371 2878 402 2896 ca
425 2891 431 2897 .
449 2866 492 2898 9.-

217 2910 279 2932 can.
297 2905 321 2932 l.
341 2879 431 2932 art.
469 2906 493 2923 "

530 2872 549 2909 ’ξ
562 2872 617 2909 lib.
634 2879 676 2906 ut,
691 2881 752 2909 cap.
773 2874 815 2902 t2.

217 2910 279 2942 cap.
297 2905 321 2937 l,
341 2911 392 2932 art.

514 2907 581 2935 ibid.
591 2942 593 2944 _

659 2810 698 2837 ap.
718 2803 759 2829 15.
799 2803 940 2830 “Hieron.
957 2803 990 2829 lle
1007 2804 1103 2839 script.
1117 2805 1228 2836 ecoles.,
1242 2813 1302 2840 cap.
1316 2805 1362 2832 48.

659 2837 680 2853 hi
697 2838 733 2854 Iih
762 2846 768 2854 Ι
797 2846 846 2854 nan
869 2839 885 2854 ο)
928 2839 949 2854 ιτ
969 2840 1004 2854 HI.
1034 2848 1050 2854 ..
1087 2848 1135 2854 Ann
1155 2840 1172 2854 ο
1222 2841 1245 2854 ιιι
1261 2841 1302 2854 Ιηη
1329 2841 1362 2854 ’.ξι

695 2838 742 2865 lib.
762 2846 780 2868 ι,
796 2846 856 2874 cap.
869 2839 886 2864 ‘2
928 2839 949 2854 ⁸⁷
968 2840 1014 2866 lib.
1034 2848 1050 2866 ιι
1067 2838 1183 2875 ,cap.2.
1222 2841 1245 2855 "
1260 2838 1280 2867 li.

695 2881 752 2909 cap.
773 2874 815 2902 12,
865 2873 887 2889 "
904 2874 950 2902 lib.
970 2883 993 2902 \‘l
1008 2875 1120 2908 Slrom.,
1138 2883 1199 2912 pag.
1218 2875 1280 2903 616.

1049 274 1262 308 corumdenique
1273 274 1391 308 capitum
1403 277 1561 307 argumenta
1574 281 1621 300 seu
1637 273 1786 300 suniniaria
1801 274 1833 298 ab

1048 309 1142 335 eodem
1155 307 1266 335 auctore
1277 307 1370 336 uestro
1384 315 1477 335 revera
1489 308 1649 342 prodierint.
1663 307 1693 334 In
1707 307 1833 334 omnibus

1048 343 1271 378 quandoquidem
1297 343 1389 370 Graeca
1423 350 1503 369 manu
1529 344 1648 370 exaratis
1675 342 1832 373 codicibus,

1048 379 1143 406 eodem
1167 379 1247 413 plane
1272 378 1352 405 modo
1374 386 1405 405 ac
1429 378 1455 404 in
1478 378 1559 413 editis
1582 378 1758 409 exhibentur,
1780 385 1832 403 non

1050 415 1131 440 alium
1158 412 1295 448 profecto,
1318 421 1399 449 quam
1417 413 1503 447 ipsum
1523 412 1691 449 Clementem
1709 416 1833 449 nostrum

1049 447 1176 475 videntur
1201 447 1335 476 habuisse
1347 452 1496 474 auctorem.
1522 448 1622 474 Contra
1648 455 1732 479 vero,
1756 447 1779 473 si
1804 455 1833 473 ea

1051 485 1130 518 paulo
1147 484 1303 510 accuratius
1319 484 1465 517 expendas.
1492 483 1563 510 haud
1581 482 1728 509 diil‘iciliter
1754 490 1834 516 agno-

1051 517 1112 546 SCcs
1136 520 1206 546 lianc
1225 519 1251 545 ili
1277 519 1365 552 capita
1388 518 1610 545 distributionem
1630 518 1699 544 adeo
1715 517 1832 551 ineptam

1049 561 1109 581 esse
1122 557 1148 580 et
1161 557 1364 588 pra‘posterani,
1383 560 1414 579 ac
1428 553 1546 587 capitum
1560 553 1718 580 sunimariis
1731 560 1764 579 ea
1777 560 1834 586 qua:

1050 589 1078 615 in
1104 587 1168 615 illis?
1179 587 1370 623 disputantur,
1387 587 1424 614 ita
1441 595 1535 622 parum
1551 591 1612 622 apte
1627 588 1833 622 repnescntari,

1051 628 1080 650 ut
1105 624 1157 650 ista
1182 622 1300 658 imperiti
1316 622 1457 656 cujusdam
1480 623 1604 653 librarii,
1627 624 1670 649 vel
1691 623 1834 656 scriptoris

1051 659 1152 685 factum
1170 663 1196 686 et
1213 667 1280 693 opus
1296 666 1356 685 esse
1372 663 1446 684 tuum
1461 658 1593 685 continuo
1614 658 1640 684 in
1657 659 1780 684 animum
1798 659 1835 682 la-

1050 695 1102 721 cile
1115 693 1239 721 inducas.
1255 693 1322 720 Nam
1346 698 1376 719 ut
1396 694 1473 727 plura
1487 693 1613 720 omnibus
1626 693 1730 727 passim
1758 693 1835 718 obvia

1051 730 1135 756 missa
1159 729 1302 759 faciamus.
1324 728 1400 762 quid,
1417 728 1515 754 amabo
1530 732 1567 759 te,
1585 736 1600 754 a
1617 732 1690 754 recta
1715 728 1835 761 capitum

1051 764 1197 799 partitione
1219 764 1306 798 magis
1320 764 1463 799 abhorret.
1476 771 1555 799 quani
1569 767 1730 790 excusatam
1755 764 1781 788 in
1796 763 1837 799 in-

1051 798 1145 826 stituta
1159 799 1193 826 de
1208 799 1312 826 balneis
1336 798 1520 832 disputatione
1533 798 1744 833 digressionem,
1766 798 1836 823 varia

1051 834 1079 861 iii
1094 835 1182 869 capita
1199 834 1240 861 sic
1254 833 1368 860 confuse
1379 833 1547 864 distribui“,
1558 837 1586 859 ut
1601 833 1714 869 lectoris
1729 833 1837 859 animus

1052 869 1086 896 ab
1103 868 1224 896 auctoris
1247 869 1387 903 proposito
1401 868 1447 895 diu
1470 873 1615 900 avocatus,
1634 868 1677 894 vix
1695 874 1727 894 ac
1745 875 1780 894 ne
1795 868 1837 893 vix

1016 923 1036 950 Β
1049 905 1157 966 guidem
1171 904 1236 931 illud
1252 904 1304 931 nisi
1321 904 1354 930 ad
1368 911 1413 943 ea,
1423 911 1483 937 qiue
1491 904 1570 943 prius
1586 904 1697 938 legerat.
1709 910 1783 937 sa:pe
1794 910 1837 928 re-

1067 943 1190 966 ectatur.
1206 940 1293 966 possit
1313 939 1433 966 ueremi?
1447 937 1517 966 Ouid
1538 946 1620 966 vero.
1642 937 1718 966 quod
1738 946 1754 964 e
1772 944 1837 963 con-

1067 943 1190 972 ectatur,
1206 940 1293 974 possit
1313 939 1433 973 percipi?
1447 937 1517 970 Quid
1533 937 1620 974 vero,
1642 937 1754 974 quode
1772 944 1838 974 con-

1049 975 1134 1001 trario
1145 972 1222 1009 plura
1235 982 1250 1000 a
1266 981 1295 1002 se
1311 972 1506 1008 plane’diversa
1523 973 1556 1000 de
1568 972 1689 1008 legitimo
1705 972 1833 1009 videlicet

1048 1007 1215 1037 matrimonii
1231 1017 1293 1040 usu.
1310 1007 1336 1036 et
1350 1009 1384 1035 de
1398 1009 1530 1039 vestibus,
1549 1016 1563 1034 a
1577 1009 1700 1043 quolibet
1715 1015 1765 1035 seu
1781 1007 1838 1034 viro

1049 1053 1096 1072 seti
1113 1045 1226 1072 muliere
1243 1044 1398 1073 induendis,
1417 1051 1472 1070 uno
1489 1044 1638 1078 eodemque
1653 1043 1746 1077 capite
1766 1050 1834 1069 con-

1048 1081 1170 1106 tinentur
1181 1080 1225 1105 ”?
1243 1079 1313 1113 Quid
1327 1079 1460 1113 denique,
1485 1079 1557 1113 quod
1573 1078 1696 1113 quaedam
1713 1078 1835 1113 capitum

1048 1115 1125 1142 initia
1137 1135 1145 1147 ,
1172 1112 1264 1149 inepto
1280 1112 1469 1149 prorsus’loco
1489 1112 1587 1148 posita,
1614 1112 1749 1149 orationis
1765 1112 1837 1139 tilum

1049 1147 1232 1181 intersecant,
1247 1147 1287 1176 ac'
1298 1151 1407 1184 penitus
1427 1147 1629 1183 interrumpunt
1643 1147 1686 1173 '“?

1084 1184 1202 1211 Plurima
1219 1192 1299 1219 porro
1315 1185 1434 1218 capitum
1449 1189 1623 1219 argumenta,
1637 1189 1720 1218 quam
1739 1190 1834 1217 parum

1048 1224 1176 1247 accurate
1190 1216 1355 1246 elucubrata
1370 1220 1425 1246 sint
1436 1239 1443 1252 ,
1467 1216 1554 1246 cuivis
1571 1227 1603 1246 ea
1620 1216 1719 1245 leviter
1732 1216 1759 1244 et
1774 1225 1837 1245 cur-

1049 1255 1100 1282 sim
1120 1255 1216 1290 lcgeuti
1241 1255 1345 1282 clarum
1368 1254 1482 1290 adcolit
1498 1259 1524 1281 et
1536 1253 1738 1290 perspicuum,
1769 1258 1798 1278 ut
1812 1253 1837 1290 id

1049 1290 1122 1317 nulla
1139 1288 1205 1317 sane
1217 1290 1376 1324 probatione
1391 1289 1520 1324 indigeat.
1536 1288 1564 1315 In
1589 1289 1623 1315 iis
1639 1288 1782 1315 enimvero
1797 1288 1837 1314 vel

1050 1326 1094 1351 illa
1109 1323 1288 1359 tantuiu’quze
1300 1325 1378 1351 initio
1395 1323 1550 1351 tractantur
1573 1327 1782 1359 repraesentata,
1798 1323 1838 1349 vel

1050 1361 1128 1395 plura
1143 1358 1335 1394 praeter’iiiissa,
1361 1360 1402 1386 vel
1427 1360 1480 1395 alia
1494 1359 1602 1386 tandem
1618 1359 1689 1395 male
1708 1358 1838 1391 indicata,

1050 1393 1121 1430 sepe
1143 1393 1244 1429 saepius
1272 1398 1429 1422 occurrttiit.
1460 1393 1526 1421 Tam
1553 1397 1659 1421 certum
1683 1394 1779 1428 itaque
1809 1398 1835 1430 et

1050 1428 1133 1457 lixam
1154 1428 1264 1457 manere
1284 1430 1361 1457 debet
1383 1430 1457 1461 haec,
1483 1430 1554 1456 sicut
1579 1433 1606 1455 et
1626 1433 1727 1455 cietera
1749 1428 1840 1454 omnia

1050 1466 1170 1500 capitum
1186 1464 1484 1495 summaria.Clementi
1499 1468 1593 1491 nostro
1604 1471 1659 1500 non
1672 1471 1736 1500 esse
1753 1463 1839 1500 esui-

1050 1499 1148 1531 lieiida,
1164 1508 1245 1535 quam
1263 1500 1391 1527 omnibus
1404 1500 1455 1526 hoc
1469 1507 1548 1534 opus,
1565 1504 1591 1526 et
1606 1499 1680 1525 illius
1696 1499 1725 1524 in
1741 1501 1798 1535 tres
1811 1499 1840 1524 li-

1051 1536 1115 1562 bros
1133 1532 1293 1562 divisionem
1307 1555 1314 1567 ,
1341 1535 1375 1562 ab
1391 1535 1451 1570 ipso
1474 1532 1568 1562 revera
1585 1541 1713 1561 manasse
1729 1532 1839 1568 planum

1051 1576 1091 1598 est
1107 1575 1133 1598 et
1148 1570 1333 1598 manifesum.

1087 1606 1108 1632 A
1124 1606 1203 1633 nobis
1228 1613 1309 1640 porro
1329 1605 1352 1632 si
1374 1604 1436 1640 quis
1458 1604 1624 1635 sciscitetur.
1646 1612 1703 1639 quo
1719 1608 1842 1638 tempore

1051 1649 1138 1676 quove
1149 1639 1240 1672 modo,
1251 1641 1284 1666 ab
1296 1640 1393 1676 eodem,
1404 1639 1587 1676 ClcnienteAin
1602 1639 1690 1666 lucem
1705 1640 1840 1666 emissum

1051 1673 1143 1706 fuerit,
1160 1676 1366 1703 observabimus
1379 1675 1444 1701 illud
1459 1675 1535 1708 prius
1546 1673 1630 1701 fuisse
1642 1675 1840 1708 compositum,

1050 1719 1131 1746 quam
1148 1711 1226 1737 libris
1242 1711 1420 1746 Stromoluiii,
1438 1709 1500 1746 ubi,
1519 1709 1599 1746 s_i_cnti
1617 1710 1841 1746 vidiinus,Acila-

1051 1743 1106 1777 tur,
1121 1746 1179 1780 ipse
1191 1753 1300 1772 manum
1317 1745 1473 1771 admoveret
1482 1745 1515 1771 ⁵¹,
1526 1743 1619 1779 Neque
1635 1745 1725 1779 magis
1739 1744 1840 1771 obscu—

1050 1788 1111 1807 rum
1128 1779 1170 1808 cst
1190 1788 1244 1807 non
1257 1782 1337 1813 longo
1352 1780 1483 1814 temporis
1503 1779 1645 1806 ilitcrvallo
1658 1799 1665 1810 ,
1693 1783 1842 1814 antequam

1050 1816 1100 1842 hos
1116 1815 1258 1850 Pwdagogi
1282 1816 1366 1841 libros
1385 1815 1536 1849 divulgaret
1548 1835 1555 1847 ,
1571 1815 1743 1848 prmmissam
1763 1815 1798 1841 ab
1812 1821 1842 1841 eo

1051 1850 1136 1877 fuisse
1162 1849 1239 1878 suam
1264 1851 1297 1877 ad
1319 1849 1428 1876 Grtccos
1452 1849 1677 1877 Cohortalioneiii.
1715 1849 1757 1876 Ab
1786 1850 1843 1883 ipso

1051 1886 1151 1921 quippe
1176 1885 1333 1912 eorumdem
1358 1885 1489 1921 librorum
1506 1885 1618 1921 esordio
1634 1887 1739 1921 aperte?
1753 1884 1843 1911 decla-

1051 1920 1108 1953 rat,
1129 1926 1220 1955 postea
1245 1929 1326 1955 quam
1342 1920 1475 1951 homines,
1494 1920 1621 1954 pristinis
1637 1920 1787 1946 erroribus
1813 1926 1843 1945 ac

1050 1954 1135 1983 falsis,
1146 1954 1261 1983 ειΙιιιὶαῐὲ
1275 1955 1413 1990 religionis
1425 1955 1600 1990 opinionibus
1615 1955 1733 1990 ejuratis
1750 1962 1782 1981 ac
1795 1954 1842 1981 de-

1051 1991 1149 2026 positis
1158 1991 1182 2006 “
1193 2011 1199 2021 ,
1215 1989 1377 2018 Christiana:
1395 1989 1455 2017 tidci
1478 1990 1621 2026 veritatem
1645 1989 1699 2024 19
1713 1990 1841 2026 amplecti

1051 2025 1078 2053 et
1094 2026 1214 2060 prolitcri
1230 2026 1319 2052 cdocti
1335 2029 1408 2056 sunt,
1424 2029 1487 2051 tunc
1503 2033 1517 2051 a
1532 2025 1682 2059 Ihedagogo
1699 2025 1810 2051 tradiiis
1827 2032 1841 2049 a

1050 2062 1160 2088 Christo
1172 2062 1233 2088 vita:
1245 2068 1406 2095 morumque
1422 2061 1607 2087 sanctioribus
1623 2061 1770 2094 princeptis
1782 2067 1843 2086 csse

1050 2097 1181 2123 continuo
1199 2097 1369 2123 iiiil-uendos.
1395 2096 1463 2128 Quis
1484 2099 1575 2122 autem
1591 2095 1762 2122 Clementem
1781 2095 1842 2121 huic

1050 2131 1139 2158 ordini
1172 2140 1186 2157 a
1201 2139 1230 2158 se
1244 2135 1298 2157 tam
1316 2135 1442 2157 acciirale
1457 2131 1626 2165 pra-scripto;
1642 2137 1739 2157 revera
1757 2131 1841 2156 inlige-

1051 2167 1119 2194 sisse
1137 2168 1164 2194 in
1177 2166 1289 2193 dubium
1303 2166 1400 2192 merito
1416 2166 1604 2192 revocaverit?
1619 2166 1703 2200 Atqui
1720 2173 1775 2191 non
1791 2166 1841 2192 uii-

1050 2202 1137 2233 ninia,
1158 2201 1385 2236 quemadmodum
1406 2209 1439 2227 ex
1455 2208 1539 2235 supra
1562 2200 1653 2236 citatis
1670 2200 1732 2234 ejus
1750 2200 1843 2226 verbis

1051 2235 1222 2272 intelligitur,
1239 2236 1383 2263 intercedit
1399 2235 1545 2272 Ῐιοςηιιιιριξ
1559 2244 1591 2272 ac
1616 2235 1786 2262 Stronialnm
1809 2236 1841 2272 li;

1051 2271 1114 2299 bros
1127 2270 1240 2299 aiiinitas
1253 2276 1279 2298 et
1291 2271 1433 2298 connexio.
1452 2270 1522 2303 Quid
1538 2271 1620 2306 igitur
1634 2274 1773 2305 superest,
1788 2271 1842 2296 nisi

1049 2311 1079 2333 ut
1096 2307 1157 2334 inde
1173 2307 1349 2341 Pwdagogum
1364 2308 1445 2341 paulo
1459 2310 1522 2332 ante
1547 2305 1656 2333 eosdem
1675 2307 1843 2333 Stromatum

1049 2342 1133 2369 libros
1143 2363 1150 2374 ,
1162 2343 1208 2376 qui
1222 2343 1294 2368 circa
1316 2349 1416 2368 annum
1434 2341 1488 2368 294
1509 2341 1543 2368 ab
1557 2348 1589 2368 eo
1603 2341 1670 2368 editi
1695 2341 1843 2375 perhiben-

1049 2381 1103 2408 tur,
1123 2375 1245 2412 scd’post
1260 2377 1333 2404 illius
1347 2377 1380 2403 ad
1401 2375 1511 2404 Griecos
1526 2376 1743 2412 Coliorlationem
1753 2396 1760 2406 .
1774 2376 1843 2412 scri-

1049 2417 1122 2446 ptuiii
1135 2416 1162 2439 et
1176 2410 1276 2446 publici
1289 2413 1359 2446 juris
1378 2412 1476 2438 factum
1494 2419 1556 2438 esse
1571 2411 1792 2438 concludamus?
1813 2410 1843 2437 Et

1051 2447 1107 2474 hzcc
1130 2448 1239 2482 quidem
1260 2448 1352 2482 opinio
1368 2447 1479 2482 pulchre
1495 2447 1528 2473 iis
1543 2447 1715 2480 argumentis
1741 2447 1841 2473 iirniari

1050 2481 1150 2516 potest,
1161 2483 1260 2517 quibus
1271 2481 1393 2517 ejusdem
1406 2481 1603 2509 Cohortationis
1616 2485 1726 2516 tempus
1736 2489 1750 2508 a
1762 2482 1842 2508 nobis

1051 2525 1133 2552 supra
1147 2518 1360 2545 deiiwiistraium
1375 2518 1458 2544 est“.

1086 2552 1155 2579 Cum
1170 2553 1297 2580 Clemens
1319 2553 1410 2587 itaque
1433 2553 1482 2580 hos
1498 2552 1583 2579 libros
1598 2559 1646 2586 per
1664 2559 1696 2578 ca
1715 2556 1839 2586 tempora

1051 2587 1214 2619 confecerit,
1238 2589 1337 2622 quibus
1357 2587 1462 2618 adhuc,
1481 2588 1553 2614 sicut
1576 2591 1656 2613 antea
1672 2587 1796 2614 diximus
1807 2587 1839 2617 ”.

1050 2623 1207 2650 catechistin
1230 2623 1318 2650 ollii-io
1342 2623 1512 2650 Alexandria:
1535 2622 1752 2656 defungeretur,
1776 2623 1839 2648 hinc

1052 2658 1173 2692 profecto
1187 2666 1241 2684 non
1257 2658 1374 2685 absurde
1385 2658 1446 2692 quis
1458 2658 1578 2692 colligat,
1593 2664 1640 2684 eos
1654 2664 1716 2684 esse
1731 2658 1773 2685 liis
1785 2666 1839 2684 scr-

1053 2691 1179 2720 inonibus
1202 2697 1374 2728 compactos,
1392 2691 1461 2727 quos
1488 2693 1533 2719 ille
1557 2691 1839 2728 apudVChristianum

1053 2729 1181 2763 populum
1203 2728 1229 2754 in
1246 2726 1338 2756 eadem
1355 2726 1420 2755 urbe
1437 2726 1582 2755 habuerat:
1591 2726 1664 2754 Nulli
1678 2729 1780 2755 etenim
1793 2727 1840 2754 du-

1405 2804 1428 2820 “
1441 2804 1519 2831 Pliot.
1534 2804 1678 2837 Biblioth.,
1693 2805 1757 2832 cod.
1772 2805 1836 2832 ΗΟ.

1413 2840 1435 2855 δ’
1449 2841 1496 2867 lib.
1511 2848 1551 2871 iii,
1569 2847 1629 2874 cap.
1647 2841 1674 2874 5,
1688 2840 1716 2872 6,
1731 2840 1756 2871 7,
1769 2839 1796 2870 8,
1809 2840 1836 2866 9.

1413 2896 1415 2901 γ
1434 2875 1576 2902 thdae..
1593 2883 1653 2902 can.
1673 2878 1697 2902 l.
1748 2876 1770 2891 "
1786 2876 1837 2902 sub

1222 2841 1245 2855 "
1260 2841 1312 2868 Ioc.
1328 2841 1374 2867 cit.

1321 2876 1354 2915 λυ
1370 2875 1415 2902 lib.
1434 2875 1576 2910 tPa‘dag..
1593 2883 1653 2911 cap.
1673 2878 1697 2903 l.
