1927 3074
138 171 194 199 8³39

671 171 715 199 DE
733 167 858 200 TRIBUS
875 173 1059 201 PEDAGOGI
1077 172 1199 201 LIBRIS.

1706 174 1759 201 854)

137 232 215 268 bium
231 234 258 258 et
274 231 406 268 incertum
423 240 484 260 esse
500 236 607 268 potest,
624 233 747 268 quina-ir
761 233 806 260 ille
819 233 923 260 doctis-
939 236 960 264 Α
975 234 1101 261 cautione
1117 239 1143 261 et
1157 232 1300 268 prudentia
1315 232 1349 259 ab
1366 236 1476 260 auctore
1489 235 1582 268 nostro
1593 231 1738 268 traduntur
1749 255 1755 263 ,

138 267 229 293 simus
244 267 417 294 commissam
439 268 490 295 sibi
503 267 612 302 plebem
629 268 671 294 his
688 267 850 294 Christiana:
866 268 925 295 vine

139 301 278 328 institutis
293 301 421 329 imbuerit
432 322 439 333 ,
456 301 516 336 quaé
527 306 584 329 toto
598 302 650 329 hoc
665 303 692 329 in
709 310 791 336 opere
803 307 857 329 tam
880 310 925 329 ac-

139 340 237 372 curate
249 335 363 363 collecta
375 342 401 364 et
415 335 558 371 explanata
576 337 701 371 legimus.
717 335 770 364 Sed
782 337 847 372 quid
860 345 926 364 con-

136 370 282 407 jecturis._
294 372 419 407 quamvis
437 370 510 400 baud
535 370 613 406 plane
630 373 758 405 incertis,
776 370 845 407 opus
863 373 927 398 est?

139 405 238 432 Nonne
259 405 285 432 id
300 406 345 432 ille
366 407 454 440 palatii
477 411 503 435 et
520 405 612 441 aperte
634 405 855 441 proiiteturfubi
875 407 926 434 sub

138 442 233 477 gneris
248 441 327 467 ﬁnem
340 449 380 477 se,
394 442 587 477 auditoresque
609 450 673 469 suos
693 442 720 468 in
736 442 886 469 Ecclesiam
910 449 925 467 a

138 475 292 511 Pardagogo
314 476 447 504 adductos
462 475 598 507 declarat,
620 485 651 504 ac
671 477 799 511 hymnum
825 477 925 503 ibidem

138 511 176 537 ab
186 512 313 538 omnibus
325 512 524 539 concinendum
537 512 695 546 subjunxit?
710 511 823 538 Praistat
837 516 925 538 autem

139 553 205 572 eum
218 546 372 580 loquentem
387 547 496 574 audire:
517 557 525 572 ι
541 547 691 579 Quoniam,
714 547 817 581 inquit,
832 546 925 572 P;eda-

139 587 228 616 gogus
248 589 299 608 nos
323 581 399 608 duxit
415 582 442 608 in
460 581 625 612 Ecclesiam,
649 582 760 616 ipseque
779 582 830 608 sibi
854 581 925 615 ipsi,

140 615 232 642 Verbo
251 616 377 650 inquam,
398 617 470 650 quod
485 617 580 648 docet,
601 621 628 643 et
643 615 734 643 omnia
754 617 924 646 considerat,

139 650 288 683 adiunxit,
311 651 377 678 bene
396 652 521 678 habuerit
548 652 570 678 si
595 659 656 682 nos,
672 659 732 678 cum
751 652 778 678 in
800 653 849 678 hoc
867 652 926 677 loeo

140 693 248 717 sumus,
257 686 338 719 justaa
347 687 494 720 gratiarum
507 687 621 714 actionis
631 686 792 718 mercedem,
806 686 926 721 pulchrae

140 720 306 756 paedagogia:
329 721 534 749 convenientem
560 722 666 748 laudem
691 720 814 748 Domino,
828 721 926 756 oﬂ'eraf

140 763 204 782 mus
214 756 248 782 ⁸⁵.
265 756 298 782 Αι
315 756 404 790 cujus,
428 756 526 783 amabo
540 759 576 787 te,
594 757 650 784 haec
673 760 736 783 sunt
751 757 833 784 verba
844 776 850 785 .
871 755 925 782 nisi

139 789 261 818 Lominis
272 789 472 824 concionantis,
488 795 515 818 et
533 792 577 826 qui
593 797 653 826 post
664 792 805 826 publicum
822 798 925 818 sermo-

139 833 223 855 nem.
249 833 281 852 ea
305 827 376 853 sicut
403 831 430 853 et
452 831 550 853 caetera
570 828 661 853 omnia
678 827 711 853 ab
731 834 763 853 eo
785 826 925 861 praemissa

139 860 254 896 scriptis
266 861 481 892 commendavit,
496 866 523 888 et
536 862 637 896 scripta
653 862 680 888 in
699 860 791 889 libros
800 861 901 896 redegit
914 860 926 896 ’ξ

179 894 206 921 In
233 895 314 930 hujus
333 903 414 930 porro
433 897 570 930 opinionis
593 894 826 923 conﬁrmationem
853 894 924 922 aliud

141 930 234 966 all'erri
251 935 338 964 potest
355 936 543 965 argumentum
558 952 563 963 ,
584 940 617 958 ex
633 932 775 966 ipsiusmet
795 930 925 966 oratiouis

142 965 226 1000 stylo,
239 965 429 1001 catechesibus
445 966 523 1000 plane
540 965 717 994 conveniente
745 967 870 1001 petitum.
886 965 924 992 De

140 1008 176 1027 eo
194 1000 331 1036 siquidem
351 1002 469 1035 optimus
489 1009 554 1028 sane
572 1002 674 1036 judex,
699 1005 726 1028 et
752 1001 924 1035 tequissimus

139 1036 292 1062 aestimator
317 1034 430 1063 Plio’tius
457 1036 496 1062 sic
519 1034 698 1070 pronuntiat:
717 1045 727 1061 ί
741 1034 814 1063 Nihil
837 1036 925 1063 simile

138 1070 244 1106 habent
264 1070 290 1096 hi
306 1070 365 1096 libri
388 1078 450 1097 cum
465 1070 689 1106 Hypotyposibus,
701 1072 811 1106 quando
825 1075 852 1097 et
868 1074 925 1097 sto-

137 1105 272 1141 lidis‘illis
285 1112 316 1131 ac
328 1104 803 1141 blaspheniiSVOpinionibus‘ontnino
815 1109 923 1136 vacant,

137 1144 166 1167 et
187 1139 272 1167 dictio
289 1140 347 1173 ipsa
361 1139 444 1168 inibis
456 1139 578 1168 timidior
589 1142 621 1168 ad
640 1145 814 1175 temperatam
830 1148 925 1175 quani-

137 1175 203 1201 dam
224 1175 385 1208 gravitatem
402 1184 454 1203 non
472 1177 531 1204 sine
550 1176 723 1210 jucunditate
747 1177 876 1210 assurgit.
899 1179 926 1202 et

137 1209 216 1246 varia
233 1210 288 1240 illa.
307 1218 367 1244 quae
384 1211 410 1237 in
423 1211 455 1237 iis
469 1216 510 1238 est
526 1209 615 1238 rerum
630 1212 748 1246 cngttitio
760 1209 926 1238 nihil’habet

137 1245 234 1271 minus
255 1246 462 1273 conveniens".
480 1256 490 1272 ι
510 1245 596 1278 Quam
620 1254 682 1273 vera
706 1250 795 1273 autem
813 1246 848 1272 sit
869 1247 926 1272 haec

136 1278 232 1306 Photii
248 1282 395 1312 sententia,
415 1288 495 1308 nemo
511 1289 588 1312 sane,
611 1282 657 1315 qui
680 1281 730 1308 hos
756 1282 839 1308 libros
854 1281 925 1307 haud

159 1321 254 1354 rorsus
277 1314 451 1351 indiligenter
477 1314 674 1351 pervolutarit,
691 1324 744 1343 non
766 1316 839 1342 ultro
856 1316 925 1343 l‘ate-

159 1353 224 1376 itur.

407 1395 605 1424 ARTICULUS
624 1395 655 1424 V.

137 1440 180 1467 De
195 1441 380 1475 manuscriptis
398 1441 491 1468 horum
508 1443 635 1469 librurum
654 1443 799 1474 codicibus,
823 1451 927 1469 eorum-

176 1475 284 1513 demque
295 1476 452 1513 integritate,
465 1478 579 1504 utilitate
591 1483 614 1504 ct
624 1478 790 1509 eruditione;
804 1478 847 1504 ubi
859 1486 927 1513 qua:-

175 1511 238 1546 dam
255 1512 313 1537 loca
329 1511 444 1546 difﬁcilia
461 1513 637 1546 explicantur,
661 1519 684 1540 et
701 1519 789 1539 utrum
809 1511 926 1540 Clemens

177 1545 306 1572 lle/traice
322 1548 435 1573 sciverit.

175 1589 277 1628 Tribus
297 1591 323 1628 in
337 1591 478 1628 codicibus
493 1592 710 1628 tresiPwdagogi
722 1593 816 1626 libros,
834 1592 926 1620 Graeca
941 1593 962 1622 C

136 1633 223 1662 manu
236 1625 399 1660 descriptos,
415 1627 540 1662 legimus.
555 1627 613 1654 Jam
631 1625 719 1654 autem
736 1628 892 1655 monuimus
904 1628 926 1644 ⁵⁸

137 1661 199 1698 qui,
220 1661 333 1694 cujusve
352 1665 459 1698 generis
479 1663 533 1689 sint
548 1663 602 1690 duo
618 1664 740 1698 priores,
761 1663 927 1698 quibussu-

136 1696 232 1730 perior
249 1704 356 1730 quoque
372 1697 520 1724 Clementis
543 1696 629 1725 nostri
646 1698 677 1725 ad
701 1696 809 1725 ϐιιεὲυε
824 1697 926 1725 Cohor-

137 1731 208 1766 tatio
223 1731 380 1764 exhibetur;
397 1731 444 1759 sed
466 1733 492 1759 in
507 1740 601 1759 eorum
626 1733 817 1766 antiquissimo
833 1733 927 1760 codice

136 1765 226 1800 Regio
241 1770 313 1792 totus
330 1774 397 1801 pene
412 1767 480 1794 liber
495 1768 600 1801 primus
613 1765 754 1795 mutilatus
766 1773 818 1799 est,
828 1776 859 1795 ac
874 1769 926 1794 tria

137 1805 247 1837 tantum
256 1801 353 1837 ultima
368 1802 442 1829 illius
453 1803 552 1837 capita,
562 1802 671 1837 dempto
683 1808 771 1830 tamen
790 1803 925 1830 undecimi

136 1835 230 1866 initio,
255 1836 360 1870 integra
382 1835 582 1864 remanserunt.
609 1835 717 1864 Tertius
739 1846 804 1865 vero
823 1838 924 1870 codex,

135 1878 220 1906 quem
235 1877 267 1897 ex
282 1870 366 1906 Regia
380 1871 543 1899 bibliotheca
565 1874 636 1899 nacti
656 1881 761 1904 sumus,
777 1873 924 1905 recentior,

136 1906 166 1942 in
185 1905 280 1932 charta
304 1910 407 1942 tantum
424 1914 574 1942 papyracea
598 1907 752 1942 descriptus
768 1912 826 1940 est,
845 1912 926 1942 atque

134 1940 212 1967 hanc
237 1941 357 1967 auctoris
381 1940 764 1973 nostricommentationem,
794 1943 841 1970 sed
871 1940 923 1970 non

135 1975 220 2011 plane
243 1975 374 2011 integram
392 1976 510 2003 exhibet.
540 1977 655 2009 Quidam
679 1978 817 2004 enimvero
842 1978 870 2004 in
892 1986 925 2004 co

135 2014 290 2047 occurrunt
305 2010 405 2047 hiatus,
422 2015 448 2047 et
463 2011 490 2038 in
507 2012 576 2038 libro
590 2013 711 2040 secundo
732 2012 793 2040 ﬁnis
816 2013 923 2047 septimi

134 2045 237 2084 capitis
246 2048 272 2071 et
282 2045 372 2084 octavi
387 2046 494 2072 initium
508 2047 542 2084 ab
558 2047 716 2084 amanuensi
731 2045 924 2084 librario'prm-

134 2080 267 2117 ter-inissa
286 2080 370 2117 luere,
385 2085 464 2117 atque
481 2089 513 2108 eo
528 2083 578 2108 loci
596 2083 663 2109 albae
677 2083 799 2117 quaedam
813 2080 924 2117 pagella:

136 2115 243 2141 relictae
257 2120 330 2142 sunt.
350 2115 428 2147 Quod
444 2120 517 2143 certe
533 2115 778 2144 iiianil‘esto'nobis
794 2115 835 2144 est
851 2115 924 2144 indic

135 2150 182 2176 cio
198 2149 270 2187 hunc
287 2149 409 2187 codicem
441 2159 475 2178 ex
505 2151 596 2185 aliquo
613 2153 666 2179 alio
684 2153 838 2187 antiquiore
861 2160 923 2180 esse

135 2185 345 2222 transcriptum,
357 2185 404 2211 ubi
421 2193 452 2212 ea
468 2194 527 2220 qua:
539 2187 673 2222 librarius
688 2185 787 2214 intacta
801 2188 920 2222 reliquit,

133 2219 180 2257 vel
198 2224 321 2257 resecata
337 2221 453 2257 luet-ant,
467 2219 508 2247 vel
520 2221 553 2248 ab
564 2221 609 2249 illo
626 2223 676 2256 legi
692 2230 746 2249 non
763 2219 919 2257 potuerunt.

132 2253 198 2296 ﬁeri
214 2255 297 2296 semel
311 2255 391 2296 etiam
409 2256 598 2296 librarius-ille
615 2257 641 2283 in
653 2253 842 2296 desci‘ib'endis
859 2266 920 2296 cum
938 2269 959 2296 υ

133 2292 214 2327 textu
232 2291 364 2327 auctoris,
376 2293 440 2327 tum
466 2291 600 2326 praecipue
616 2293 734 2327 capitum
754 2293 922 2327 argumentis

132 2324 232 2360 lapsus
247 2328 298 2360 est.
312 2324 365 2351 Sed
376 2325 433 2352 haec
450 2324 529 2353 solita
547 2324 680 2360 ejusmodi
696 2324 816 2354 viroruin
832 2332 920 2355 errata

133 2367 193 2386 non
207 2359 371 2396 impediunt,
386 2361 451 2395 quin
469 2361 560 2396 plures
575 2369 606 2388 ex
622 2362 664 2389 his
680 2362 820 2390 codicibus
839 2363 922 2390 colle-

133 2398 189 2422 ctae
205 2394 261 2432 sint
278 2402 292 2420 a
309 2394 645 2432 nobis'variielectioues,
662 2398 761 2432 quibus
773 2398 921 2424 Clementis

132 2429 224 2456 nostri
242 2433 332 2467 textus
346 2430 518 2467 pluribusin
532 2431 599 2458 locis
617 2429 689 2459 recte
705 2433 805 2467 corrigi
822 2433 922 2467 poterit

131 2468 161 2492 et
173 2464 324 2492 emendari.
346 2465 468 2502 Denique
483 2466 579 2502 horum
601 2467 724 2494 codicum
747 2464 862 2502 margini
879 2469 921 2494 in-

132 2503 217 2536 sertae
238 2504 304 2536 sunt
319 2501 441 2534 quazdam
460 2501 575 2532 notulaa,
596 2502 699 2530 similes
719 2501 849 2536 quidem,
874 2503 921 2530 sed

132 2534 216 2571 longe
227 2535 381 2571 pauciores,
393 2536 427 2562 iis
443 2543 558 2570 quantm
573 2536 600 2562 in
613 2534 747 2571 superiori
764 2537 796 2563 ad
813 2536 922 2565 Graecos

133 2569 325 2597 Cohortutiane
339 2569 502 2597 mentionem
521 2571 635 2598 fecimus
644 2569 675 2598 δν.

170 2603 308 2637 Quantum
319 2613 389 2642 _vero
438 2605 582 2642 Peadagogi
593 2606 654 2633 libri
671 2607 776 2642 possint
787 2607 922 2635 Christia-

131 2646 234 2677 norum
252 2640 359 2677 servire
371 2640 493 2677 utilitati,
508 2642 598 2668 nullus
617 2640 693 2674 sane,
710 2643 756 2676 qui
770 2643 810 2670 vel
826 2643 924 2677 primo-

131 2675 213 2701 ribus
226 2674 309 2701 labris
326 2675 388 2702 illos
413 2675 553 2710 attigerit,
571 2677 612 2703 vel
638 2674 785 2704 exhibitam
810 2674 833 2703 a'
842 2678 922 2705 nobis

131 2717 230 2746 eorum
249 2709 344 2743 legerit
369 2709 502 2746 analysim
515 2731 522 2742 ,
542 2711 642 2745 poterit
658 2719 777 2746 unquam
803 2712 920 2740 ditliteri.

131 2743 162 2770 ln
182 2744 236 2771 illis
248 2745 347 2783 quippe
361 2743 466 2780 singula
478 2743 595 2783 quaeque
606 2743 770 2774 Christi-ana:
784 2747 845 2774 vitm
859 2756 923 2783 pra:-

129 2783 212 2813 ccpta
227 2784 253 2806 et
271 2780 404 2814 instituta,
419 2781 604 2816 certioresque
618 2790 723 2810 morum
736 2783 836 2818 regulae
849 2780 923 2810 tanta

978 273 1007 295 ut
1024 269 1090 295 nihil
1104 267 1270 295 moderatius
1285 272 1312 293 et
1328 268 1506 302 :equabilius,
1526 267 1593 293 nihil
1616 267 1647 293 ad
1674 268 1757 296 divini

977 303 1141 337 legislatoris
1160 308 1276 330 mentem
1294 303 1379 336 magis
1394 302 1629 329 accommodatum
1650 306 1677 329 et
1692 310 1758 330 con-

977 339 1089 365 veniens
1106 338 1255 364 desiderari
1273 340 1370 371 possit.
1395 337 1546 371 Uti-unique
1560 337 1632 363 enim
1647 341 1674 363 et
1689 339 1757 364 inol-

977 373 1054 400 lioris
1074 377 1101 400 et
1121 373 1240 400 durioris
1262 372 1345 398 animi
1363 373 1506 407 scopulum
1524 371 1563 399 sic
1579 372 1678 405 ubique
1698 372 1757 399 Cle-

976 416 1054 435 mens
1069 408 1231 439 declinavit,
1253 410 1283 433 ut
1304 415 1411 441 semper
1426 408 1451 433 in
1467 414 1497 434 ea
1508 427 1515 438 ,
1532 414 1592 440 qua:
1606 407 1758 434 clementiae

977 448 1040 470 sunt
1056 447 1083 470 et
1103 442 1220 469 lenitatis
1244 441 1330 476 magis
1351 442 1463 469 inclinet
1481 446 1506 468 et
1531 442 1705 476 propendeat.
1728 442 1757 469 Si

976 478 1041 512 quid
1063 483 1150 504 tamen
1177 477 1272 503 durius
1297 477 1446 503 delicatiori
1474 476 1631 504 Christiano
1653 477 1756 512 alicubi

977 511 1178 546 praescripsisse
1199 512 1332 543 videatur,
1348 512 1419 538 hunc
1437 511 1564 538 admonet
1587 511 1689 547 homini
1708 513 1757 547 qui

977 547 1119 574 Dominum
1147 554 1224 573 suum
1249 547 1335 580 spinis
1352 550 1512 573 coronatum
1537 546 1678 580 agnoscit,
1701 546 1757 575 non

976 583 1058 609 licere
1073 590 1121 608 nec
1135 582 1246 609 ﬂoribus
1263 582 1398 611 coronari.
1412 589 1461 608 nec
1473 581 1506 608 ad
1524 582 1598 607 illum
1611 581 1678 607 citra
1693 589 1758 609 sau-

977 618 1085 652 guinem
1116 617 1255 643 accedere.
1286 616 1419 652 Caeterum
1445 624 1478 642 ne
1503 617 1586 652 nimia
1602 618 1757 652 severitate

976 651 1139 687 quemquam
1152 651 1312 678 Christiana:
1331 651 1480 685 disciplinae
1493 651 1587 677 reddat
1601 651 1756 683 indocilem,

977 686 1071 714 scdulo
1088 691 1164 713 cavet
1191 691 1230 718 ut,
1249 687 1270 712 si
1291 686 1428 720 quidpiam
1443 686 1552 720 gravius
1569 691 1613 712 aut
1632 687 1756 720 asperius

976 730 1008 749 ex
1030 723 1117 756 legum
1140 721 1299 756 praescripto
1315 721 1460 755 aliquando
1481 720 1675 756 constituerit,
1690 721 1757 749 illud

977 755 1080 792 postea,
1095 761 1226 790 quantum
1244 756 1284 783 ias
1308 760 1359 784 est.
1377 756 1481 792 mitiget
1493 755 1654 792 et‘dcliniat.
1669 755 1696 782 In
1715 757 1757 783 in-

980 790 1108 819 ﬁrmioris
1119 798 1226 826 queque
1239 791 1439 827 scxusgratiam
1449 790 1550 827 aliquid
1560 799 1757 827 nonnunquam

977 828 1009 854 de
1020 828 1144 861 praecepti
1153 827 1272 853 durioris
1283 826 1428 852 acerbitate
1444 826 1620 856 remittit,aut
1634 826 1756 853 faciliora

977 862 1112 897 indulget.
1128 861 1268 888 Postremo
1293 861 1316 888 si
1340 861 1408 887 nihil
1424 861 1546 897 relaxare
1568 866 1666 897 queat,
1691 862 1758 896 legis

977 895 1088 925 excusat
1105 897 1287 926 severitatem,
1305 903 1335 922 ac
1350 895 1458 930 praemia
1471 899 1583 925 aeterna,
1597 903 1611 921 a
1630 895 1683 922 Deo
1697 895 1757 923 (ξιιμ

978 932 1041 958 libet
1065 939 1167 958 morem
1188 931 1213 958 ei
1236 931 1338 965 gerenti
1359 931 1510 965 promissa,
1527 931 1678 958 certissime
1696 939 1757 965 per-

976 967 1105 994 solvenda
1120 967 1155 993 ob
1166 967 1260 994 oculos
1277 966 1362 997 ponit.
1382 965 1448 992 Post
1461 973 1555 992 saeros
1570 967 1659 999 itaque
1673 966 1758 993 divini

975 1002 1087 1029 fu-deris
1110 1002 1205 1031 libros,
1221 1001 1264 1027 vix
1280 1001 1364 1027 ullum
1386 1008 1454 1034 opus
1478 1000 1614 1035 reperias,
1637 1001 1708 1034 quod
1723 1001 1758 1028 ad

975 1036 1133 1064 formandos
1156 1036 1277 1063 omnium
1297 1036 1515 1063 Christianorum
1538 1043 1629 1062 mores
1650 1035 1685 1062 sit
1703 1036 1758 1062 uti-

974 1072 1038 1099 lius.
1054 1071 1234 1104 Quamobrem
1258 1071 1281 1097 is
1294 1071 1327 1097 de
1342 1070 1426 1097 Gallis
1446 1070 1548 1097 nostris
1562 1070 1631 1098 bene
1646 1071 1756 1103 meruit,

975 1107 1022 1141 qui
1046 1107 1112 1133 illud
1136 1106 1304 1143 singulorum
1328 1105 1472 1143 manibus,
1496 1113 1550 1132 non
1564 1113 1674 1143 __magno
1700 1106 1759 1143 sine

976 1143 1065 1168 l'ructu
1087 1141 1246 1173 terendum,
1264 1141 1411 1167 vernacula
1446 1145 1540 1167 nostra
1564 1141 1656 1175 lingua
1664 1141 1758 1172 paucis

976 1177 1074 1204 abhinc
1087 1177 1167 1203 annis
1183 1176 1374 1209 interpretatus
1388 1179 1440 1202 est.

1010 1211 1142 1238 Caeterum
1158 1218 1282 1245 quamvts
1303 1211 1428 1237 Clemens
1443 1209 1470 1236 in
1486 1209 1538 1236 hoc
1555 1213 1660 1236 tantum
1678 1209 1759 1237 Chri~

976 1247 1071 1274 stianm
1085 1248 1146 1273 vita:
1154 1246 1254 1273 divinis
1283 1245 1387 1279 legibus
1404 1245 1586 1275 instituendat,
1598 1250 1759 1279 argumento

976 1286 1108 1312 versetur,
1124 1285 1206 1308 totam
1223 1286 1312 1307 tamen
1333 1280 1587 1306 commentationem
1605 1287 1682 1306 suam
1697 1280 1758 1306 ubi-

976 1324 1028 1351 que
1041 1324 1090 1351 pro
1103 1324 1177 1343 more
1195 1324 1245 1342 suo
1266 1315 1543 1351 profanareruditione
1555 1314 1683 1351 aspergit.
1703 1314 1759 1351 Sed

976 1349 1027 1378 lioc
1041 1349 1186 1379 scribendi
1202 1358 1287 1385 genus
1298 1351 1357 1376 viro
1373 1349 1532 1376 doctissimo
1548 1349 1758 1377 condonandum

976 1391 1034 1417 est,
1048 1393 1101 1421 quo
1116 1386 1160 1412 ille
1182 1384 1234 1412 non
1250 1390 1303 1411 tam
1321 1385 1452 1412 lectorum
1476 1384 1582 1411 animos
1598 1385 1759 1421 allicereAet

977 1419 1100 1448 recreare
1115 1421 1208 1451 voluit,
1224 1428 1305 1454 quam
1321 1420 1418 1454 impios
1434 1425 1598 1453 paganorum
1612 1426 1701 1446 mores
1716 1419 1759 1446 in-

977 1456 1108 1483 sectando
1126 1461 1153 1482 et
1164 1455 1343 1490 proﬂigando,
1357 1455 1442 1490 abueis
1457 1458 1675 1490 caeterosuomnes
1691 1462 1758 1481 avo-

977 1499 1040 1518 care
1066 1499 1096 1518 ac
1125 1489 1272 1518 deterrere.
1292 1490 1320 1516 Si
1336 1489 1400 1523 quid
1415 1492 1505 1516 autem
1523 1489 1549 1515 in
1572 1489 1622 1520 iis,
1644 1489 1714 1516 sicut
1731 1489 1758 1516 in

978 1527 1082 1561 reliquo
1097 1534 1192 1560 opere.
1215 1525 1250 1551 sit
1264 1525 1372 1561 dillicile
1391 1528 1417 1551 et
1429 1524 1581 1561 spinosum,
1604 1523 1632 1550 in
1655 1526 1759 1551 nostris

979 1559 1150 1595 postmodum
1166 1560 1403 1587 observationibus
1417 1559 1616 1586 enodabuntur.

1007 1599 1160 1632 Juvatergo
1170 1604 1201 1623 ea
1212 1604 1284 1623 nunc
1293 1600 1396 1622 tantum
1409 1596 1551 1632 attingere,
1559 1595 1659 1632 quaiad
1671 1594 1758 1632 Grzeci

974 1631 1028 1666 2ο
1041 1630 1137 1658 horum
1156 1631 1286 1658 librorum
1309 1636 1397 1658 textus
1412 1631 1602 1665 integritatem,
1615 1630 1678 1666 loca!
1688 1630 1760 1656 dilli-

974 1664 1034 1694 alia
1048 1666 1226 1701 Latinamque
1238 1666 1486 1699 interpretationem
1499 1665 1644 1701 pertinent.
1659 1664 1760 1701 Eorum

974 1707 1063 1728 autem
1075 1702 1152 1728 initio
1165 1699 1192 1728 iri
1204 1701 1328 1728 Gentiani
1342 1700 1450 1727 llerveti
1463 1701 1580 1727 editione
1591 1700 1647 1726 haec
1657 1699 1761 1734 phrasis

974 1736 1141 1771 praeponitur
1157 1745 1164 1764 :
1180 1746 1188 1762 ‹
1206 1736 1358 1763 Constituta
1384 1741 1428 1763 est-
1440 1736 1514 1762 basis
1535 1735 1670 1771 veritatis,
1685 1743 1702 1761 o
1715 1741 1761 1760 von

973 1769 1062 1804 pueri,
1075 1772 1155 1799 nobis
1166 1772 1232 1805 ipsis
1244 1771 1331 1805 sancti
1344 1771 1434 1805 templi
1444 1770 1541 1805 magni
1554 1769 1600 1805 Dei
1617 1769 1761 1805 infractum

976 1802 1183 1832 l'undamentuni
1207 1803 1386 1838 cognitionis,
1399 1802 1519 1837 'pulchr'a
1541 1802 1695 1829 adhortatio
1712 1809 1759 1836 per

976 1840 1157 1867 obedientiam
1174 1839 1233 1865 vitm
1253 1838 1352 1865 rationi
1368 1842 1566 1868 consentaneas,
1591 1841 1693 1863 mterna
1710 1844 1759 1870 ap—

976 1876 1070 1910 petitio
1085 1875 1189 1908 dejecta
1201 1874 1230 1910 in
1247 1873 1377 1910 pra-dium
1395 1871 1698 1910 intelligens}_Verum
1712 1872 1758 1910 illa

976 1907 1003 1937 in
1029 1907 1259 1944 subsequentibus
1282 1908 1396 1944 hujusce
1420 1909 1510 1944 operis
1533 1907 1703 1944 editionibus
1724 1907 1758 1933 ad

976 1942 1129 1979 superioris
1140 1943 1173 1970 ad
1188 1943 1297 1970 Graecos
1312 1942 1504 1979 Admgnilionis
1523 1942 1677 1979 calcemab
1699 1942 1759 1976 ipso

975 1976 1122 2007 Cleiiienlis
1139 1982 1212 2005 textu
1225 1982 1361 2012 separata,
1375 1976 1467 2004 Graeco
1481 1977 1614 2012 duntaxat
1631 1977 1758 2003 idiomate

975 2015 1128 2042 exhibetur.
1146 2013 1178 2039 At
1193 2014 1219 2039 in
1231 2013 1442 2040 Claromontano
1458 2012 1552 2038 codice
1567 2011 1659 2038 Grzeca
1676 2019 1756 2038 manu

974 2054 1086 2076 exarata
1112 2052 1173 2084 post
1191 2047 1412 2084 capitumuprimi
1436 2047 1500 2084 libri
1517 2046 1658 2084 Ptcdagogi
1673 2054 1753 2084 argu-

974 2091 1080 2114 menta,
1098 2081 1233 2110 a’cmteris
1253 2082 1380 2109 omnibus
1404 2081 1526 2116 sejuncta
1548 2081 1599 2108 fuit
1620 2090 1625 2107 :
1653 2082 1679 2107 in
1697 2081 1758 2107 aliis

974 2124 1063 2146 autem
1080 2118 1170 2153 Regia:
1193 2117 1361 2144 bibliothecae
1374 2117 1513 2153 codicibus
1527 2117 1638 2153 omnino
1650 2121 1760 2150 prseter-

973 2155 1057 2182 missa
1075 2151 1132 2181 est:
1143 2153 1181 2179 Ex
1201 2154 1301 2187 quibus
1328 2152 1431 2185 liquido
1446 2151 1583 2185 colligitur
1599 2152 1669 2177 hanc
1684 2159 1743 2187 eam
1754 2167 1760 2171 -

973 2189 1034 2216 dem
1051 2188 1172 2223 phrasim
1187 2186 1220 2215 ab
1232 2189 1323 2222 aliquo
1336 2187 1500 2223 amanuensi
1514 2186 1631 2223 librario
1638 2191 1698 2220 post
1712 2186 1759 2223 de-

974 2220 1104 2259 scripium
1131 2231 1145 2250 a
1175 2231 1204 2250 se
1224 2220 1415 2259 Adnionitianis
1427 2221 1459 2247 ad
1481 2220 1589 2259 Graecos
1605 2221 1703 2259 librum
1722 2221 1760 2259 id-

973 2255 1049 2286 circo
1062 2259 1208 2292 adjectain,
1223 2262 1252 2285 ut
1268 2258 1378 2292 planum
1400 2257 1507 2283 cunctis
1522 2256 1622 2283 laceret
1635 2256 1710 2292 eoin
1727 2255 1760 2281 li-

973 2294 1023 2320 bro
1044 2291 1161 2328 positum
1185 2291 1424 2328 fuisse’veritatis.
1451 2299 1573 2326 verzeque
1589 2291 1709 2328 scientiae
1732 2295 1760 2328 et

972 2326 1112 2364 religionis
1150 2327 1365 2354 fundamentum.
1389 2326 1476 2364 Quam
1502 2332 1589 2364 autem
1616 2327 1706 2361 inepte
1731 2326 1759 2364 iu

972 2361 1119 2391 Clementis
1138 2367 1240 2390 textum
1264 2364 1369 2389 intrusa
1395 2361 1486 2392 fuerit,
1505 2361 1568 2389 inde
1588 2366 1660 2395 Patet
1685 2361 1760 2395 quod

973 2400 1074 2426 nullam
1100 2405 1188 2432 neque
1214 2405 1275 2424 cum
1302 2396 1452 2432 superioris
1476 2397 1540 2423 libri
1570 2397 1642 2428 line,
1671 2404 1760 2430 neque

975 2442 1037 2460 cum
1068 2433 1210 2468 Pwdagogi
1235 2433 1313 2460 initio
1330 2433 1485 2459 allinitatem
1508 2432 1759 2465 connexionemque

976 2469 1083 2496 haheat.

1011 2503 1049 2530 Ex
1065 2503 1202 2538 corruptis
1214 2507 1303 2529 autem
1316 2501 1508 2530 acdiﬂicilibus
1522 2502 1644 2538 ejusdem
1660 2502 1760 2529 Pwda-

976 2540 1034 2573 gogi
1051 2539 1117 2566 locis
1133 2537 1237 2573 primus
1254 2538 1298 2565 ille
1314 2537 1392 2564 nobis
1412 2545 1473 2564 sese
1493 2537 1581 2571 olfert,
1608 2538 1653 2565 ubi
1680 2545 1760 2572 para—

977 2574 1022 2601 siti
1040 2574 1139 2607 aliique
1153 2574 1267 2608 pingues
1282 2580 1390 2599 mensas
1407 2573 1522 2607 turpiter
1534 2577 1675 2603 venantes,
1689 2573 1760 2608 hunc

977 2609 1005 2636 in
1021 2608 1130 2635 modum
1150 2607 1166 2634 ιι
1180 2607 1322 2635 Clemente
1335 2608 1506 2641 exagitantur
1521 2619 1525 2634 :
1554 2608 1639 2634 Μυίαι
1655 2607 1760 2638 τούτοις

976 2645 1074 2671 οἰκεῖαι
1087 2645 1142 2675 τοῖς
1157 2643 1280 2678 ὀνόμασι,
1295 2643 1341 2669 aut
1360 2643 1450 2678 γαλαῖ,
1465 2643 1578 2674 κόλακές
1595 2642 1697 2678 te,va
1710 2651 1759 2677 μο-

976 2678 1103 2713 νομάχαι,
1128 2679 1174 2704 καὶ
1190 2677 1224 2704 τὰ
1240 2679 1322 2712 ἄγρια
1347 2677 1400 2704 τῶν
1427 2678 1587 2712 παρασίτων
1615 2677 1694 2713 φῦλα·
1711 2686 1759 2713 γαέ

977 2712 1055 2748 (πρὸς
1072 2714 1167 2748 ἡδονῆς
1184 2714 1207 2739 οἱ
1223 2714 1272 2748 μὲν
1287 2713 1333 2738 τὸν
1349 2712 1438 2748 λόγον,
1457 2714 1480 2738 οι
1501 2713 1528 2739 δὲ
1543 2712 1592 2747 τὴν
1618 2712 1718 2748 φιλίαν,
1735 2712 1760 2737 οἱ

975 2746 1047 2775 δὲ’τὸ
1065 2746 1114 2783 ζῇν
1131 2746 1314 2783 ἀποδιδόμενοι
1330 2747 1361 2774 ⁵⁸.
1379 2747 1452 2783 Qua-.7
1474 2748 1500 2774 in
1521 2746 1759 2783 ultimauClemen-

976 2781 1097 2810 tinoruni
1111 2791 1224 2819 operum
1239 2781 1364 2811 versione
1388 2783 1428 2810 sic
1443 2782 1537 2809 Latine
1553 2781 1657 2809 reddita
1673 2786 1736 2808 sunt
1751 2790 1757 2808 :

166 2856 192 2871 "
205 2856 251 2882 lib.
271 2863 299 2882 ιιι
316 2855 434 2891 Ρκρᾱιιίζη
451 2864 511 2919 ιιιιῖ
528 2857 590 2886 266.
629 2860 650 2875 ⁵⁷
668 2859 746 2888 Phot.
765 2859 792 2887 in
805 2858 873 2888 Bibl.
891 2867 923 2888 c0

166 2891 255 2919 edam.
273 2899 334 2919 can.
351 2892 377 2919 1.
390 2898 450 2919 Das.
470 2892 481 2919 ι
505 2893 529 2919 5..

977 2860 1032 2888 ΗΟ.
1073 2861 1094 2877 ³⁸
1110 2860 1161 2888 sub
1177 2869 1236 2896 cap.
1253 2861 1277 2894 l,
1295 2864 1347 2887 art.
1362 2860 1386 2887 9.
1427 2860 1449 2878 ⁸³
1464 2859 1516 2886 loc.
1536 2859 1583 2886 cit.
1634 2859 1656 2874 ‘°
1673 2858 1720 2885 lib.
1738 2866 1757 2885 ιι

130 2891 255 2926 Pmdag..
273 2899 334 2926 cap.
351 2892 377 2925 l,
390 2898 450 2928 pag.
470 2892 481 2919 ι
