1927 3074
21 156 77 183 965

305 158 396 186 ALIAEZ
414 158 448 186 IN
467 158 758 188 COHORTATlONEM
775 160 814 188 E1

872 161 1062 191 EDAGOGUM
1080 163 1376 193 OBSERVATIONES.

1558 180 1560 182 -
1606 165 1660 194 866

22 225 154 262 nrmain
172 220 234 254 ejus
253 219 376 262 hazc‘erat
393 228 456 262 vox:
473 220 548 248 Adeo
565 221 758 262 nee-humanae
774 225 824 262 h_o-
839 228 860 255 Α
875 224 931 262 uris
947 228 1029 260 atque
1059 225 1182 262 corporis
1209 225 1353 262 elegantia,
1381 225 1406 253 si
1436 232 1488 260 qua
1521 226 1660 262 prastanti

21 255 154 290 iestatis
182 262 285 290 corpus
310 254 380 286 fuit.
406 256 504 283 nedum
529 257 650 284 caelestis
678 259 822 285 claritatis.

21 287 208 327 facentibus
223 287 294 327 apud
311 298 361 318 nos
377 298 486 326 quoque
506 291 646 327 prophetis
661 292 695 319 de
712 293 822 327 ignobili

21 329 152 357 ispectu
169 325 240 359 ejus,
259 326 323 360 ipsa:
345 325 638 388 passiones,’ips’mque
654 325 825 356 contumelia:

21 363 209 388 ouuuntur:
234 361 375 388 nassiones
392 362 500 388 quidem
547 370 673 388 umanam
701 371 823 388 carnem.

21 363 209 393 oquuntnr;
234 361 375 395 passiones
392 362 500 396 quidem
527 361 673 389 humanam
701 371 823 395 carnem,

21 395 212 422 :outumeliaa
237 403 301 422 vero
318 395 501 424 inhonestam.
518 398 560 424 An
577 405 661 425 ausus
688 403 760 426 esset
775 399 825 425 ali-

21 430 92 464 [uis
110 438 208 468 ungue
225 438 332 458 sulan
360 432 543 468 perstringere
573 440 674 468 corpus
704 441 823 467 novum,

21 466 242 498 putaminibus
263 467 450 494 contaminare
475 466 588 498 faelem,
620 466 673 495 nisi
704 476 821 496 mceren-

23 508 81 526 em
106 501 133 515 ²²
147 501 160 527 ?
172 511 183 539 _-
204 500 320 539 Videsne
333 502 468 539 quomodo
484 502 693 539 Africanusrille
706 506 825 539 scriptor

21 543 82 562 ton
111 536 199 563 nzodo
226 536 390 569 crediderit,
416 537 463 564 ε(ιά
492 538 586 572 probet
609 538 692 565 etiam
721 536 823 566 Christi

21 578 224 609 torpus,_non
241 572 371 609 cmlestis,
394 573 442 600 sed
459 576 583 609 terreme,
610 574 681 601 sicut
708 581 824 609 corpora

22 612 128 633 nostra
151 606 237 634 fuisse
263 607 438 640 substantize;
461 608 497 634 ita
521 611 550 635 ut
578 610 605 634 in
622 608 732 636 Christo
756 606 824 637 nihil

21 641 106 668 iliud
135 641 263 669 homines
290 643 464 674 mirarentur,
487 643 540 670 nisi
557 643 720 674 doctrinam.
741 647 825 672 virtu-

22 684 78 702 ειη
97 680 128 703 et
163 677 311 704 miracula?
335 677 390 705 Hoc
413 683 503 705 autem
530 679 584 706 illis
615 679 822 707 admirationem

21 711 143 749 deirco_
160 713 279 749 movisse
288 713 431 747 signiﬁcat,
450 713 523 748 quod
550 714 631 741 vilem
649 714 823 749 despicerent

21 746 163 784 jorporis
188 746 248 784 ejus
269 746 393 779 formam,
411 746 534 783 nihilque
559 749 587 776 in
602 749 649 776 illo
666 746 821 784 pulchrum,

21 782 148 809 iberale
166 785 192 809 et
205 782 345 809 honestum
361 782 513 812 cernerent.

51 817 129 844 Alio
147 825 256 852 quoque
268 818 296 844 in
312 818 371 845 loco
392 820 514 847 eamdem
540 818 641 846 Christi
661 818 822 847 deformita-

21 852 156 889 emtab
178 852 236 886 ipso
250 853 339 889 adhuc
361 859 503 884 assertum.
518 854 629 889 quidam
652 855 819 887 existimant.

21 887 65 913 ibi
87 887 259 924 illewcontra
279 887 387 916 Juilmes
414 891 455 917 sic
470 887 611 924 dispulat:
640 899 649 915 ‹
667 890 739 917 Duos
753 891 821 918 dici-

21 929 93 959 nus_
120 922 228 959 Christi
254 923 363 951 habitus
391 931 405 951 a
437 922 577 959 prophetis
604 925 818 959 deinonstratos,

22 957 148 994 ntidem
179 958 312 985 adventus
337 960 396 994 ejus
422 957 598 994 prmiiotasse.
617 959 706 987 Unum
724 961 750 987 in
768 957 819 988 hu;

21 993 162 1030 uilitate,
191 993 436 1030 utiqueprimum,
466 1003 527 1021 cum
556 999 686 1030 tanquam
709 996 768 1023 ovis
784 996 819 1024 ad

21 1027 174 1065 'iclilnam
204 1027 266 1065 duci
295 1027 420 1060 habebat.
446 1034 473 1057 et
501 1027 630 1065 tanquam
645 1038 732 1065 agnus
756 1036 818 1060 ante

23 1063 191 1089 ondentem
206 1064 265 1099 sine
280 1071 355 1095 voce.
369 1065 409 1091 sic
425 1073 479 1092 non
494 1063 600 1099 aperuit
619 1073 650 1092 os
664 1063 761 1099 suum;
784 1075 818 1095 ne

21 1102 145 1132 ispcctu
165 1098 275 1132 quidem
294 1099 434 1127 honestus.
457 1098 659 1128 Annuntiamus
674 1098 758 1133 enim,
775 1102 817 1129 in-

21 1133 93 1172 util,
110 1133 150 1172 d_e
168 1133 225 1165 illo,
245 1135 315 1161 sicut
342 1135 482 1172 puerulus.
498 1135 576 1172 rsicut
607 1135 684 1162 radix
694 1136 728 1172 in
745 1140 818 1164 terra

21 1168 147 1205 .itienti,
165 1173 192 1195 et
220 1177 273 1196 non
298 1168 358 1197 erat
379 1171 402 1196 ei
431 1171 546 1205 species.
563 1178 650 1205 neque
674 1171 775 1205 gloria;
791 1176 818 1199 et

21 1203 153 1230 'iiiimus
167 1211 241 1241 eum,
258 1209 352 1241 etnon
380 1203 495 1233 habe—hat
511 1203 639 1240 speciem,
665 1203 754 1241 neque
769 1208 817 1234 de-

21 1246 118 1265 orem
134 1247 142 1265 :
158 1239 205 1265 sed
221 1240 326 1274 species
341 1242 401 1274 ejus
418 1239 590 1272 inhonorata,
606 1239 736 1269 deficiens
747 1241 816 1268 citra

21 1274 95 1314 ilios
110 1274 268 1316 hominum,
282 1274 363 1316 homo
391 1275 418 1302 in
435 1277 525 1316 plaga,
537 1277 632 1316 sciens
642 1276 727 1316 _fer_re
741 1277 817 1316 infir—

21 1312 175 1346 nitatem;
198 1309 304 1346 scilicet
331 1314 360 1337 ut
383 1309 519 1344 positusa
537 1310 616 1338 Patre
642 1311 669 1338 in
699 1312 815 1346 lapidem

21 1344 203 1376 tiTCﬂSiOlliS,
218 1348 245 1371 et
269 1345 421 1372 minoratus
436 1347 470 1373 ab
484 1354 516 1373 eo
533 1347 670 1373 modicum
686 1344 753 1373 citra
767 1355 817 1374 an-

21 1381 112 1411 gelos,
150 1387 266 1406 vermem
292 1388 322 1407 se
337 1381 506 1414 pronuntiat.
533 1385 560 1408 et
583 1389 637 1408 non
667 1381 815 1412 hominem.

21 1414 211 1451 gnominiam
241 1413 358 1443 hominis
383 1420 411 1443 et
425 1416 605 1450 abjectionem
630 1416 733 1451 populi.
749 1416 816 1450 Quae

22 1449 212 1487 gnobilitatis
226 1456 384 1487 argumenta
402 1449 490 1487 primo
505 1449 814 1487 adventui—competunt.

21 1488 95 1512 licut
133 1484 467 1522 sublinLitatisrsecundo
497 1487 530 1514 ".
556 1496 565 1512 ι
597 1484 815 1522 νετυιῐιίιιΙίίιιιὶ

24 1520 199 1556 esponrlent
225 1519 420 1556 Tertullianuln
436 1522 471 1548 ibi
489 1529 580 1556 agere,
605 1522 647 1549 vel
663 1522 697 1549 de
710 1519 813 1550 Christi

25 1555 149 1586 ilcntio,
163 1555 235 1590 quod
251 1556 276 1582 ei
293 1556 358 1583 vitio
381 1557 546 1589 vertebatur,
564 1557 606 1584 vel
631 1557 665 1584 dc
686 1558 758 1584 illius
775 1558 815 1584 fa-

876 259 964 286 forma
985 259 1047 287 eum
1076 259 1238 289 credidisset
1255 259 1408 292 'ornatum,
1434 259 1488 287 non
1511 259 1545 288 ad
1574 262 1661 289 solius

874 295 968 332 gratia!
983 295 1116 332 spiritalis
1137 296 1224 332 decus
1245 299 1273 323 et
1302 296 1416 332 gloriam
1435 296 1528 330 priora
1549 295 1660 325 Davidis

874 330 956 356 verba
972 331 1115 358 traducere
1128 330 1252 358 debebat.

912 364 967 392 Nec
980 365 1036 401 alia
1055 373 1121 393 sane
1134 367 1242 393 videtur
1259 365 1343 392 fuisse
1356 365 1450 401 Cyrilli
1460 365 1657 401 Alexandrini,

874 407 956 433 quam
980 399 1139 427 Tertulliani
1165 409 1242 428 mens
1266 405 1292 428 et
1316 399 1419 435 opinio.
1445 400 1494 428 Ubi
1516 402 1588 428 enim
1615 401 1659 429 ille

875 435 932 461 haec
945 436 1062 469 explicat
1077 435 1161 462 Exodi
1179 436 1212 462 de
1226 436 1317 471 Moyse
1333 436 1416 463 verba
1433 445 1439 462 :
1458 445 1467 461 ι
1480 435 1583 463 Videns
1595 443 1656 463 enm

874 471 1025 506 elegantem
1036 471 1069 502 ³⁷,
1085 480 1094 495 ι
1120 471 1157 497 ita
1187 471 1309 505 ejusdem
1334 471 1436 506 Moysis
1461 478 1522 506 eum
1547 471 1658 499 Christo

875 504 989 540 Domino
1013 504 1244 540 comparationem
1278 504 1395 533 instituit
1414 515 1420 532 :
1438 515 1446 532 ι
1462 505 1526 532 Erat
1554 510 1656 537 autem,

875 539 974 576 inquit,
992 547 1058 574 puer
1074 539 1194 574 elegans.
1214 541 1320 568 Etenim
1337 541 1480 576 speciosus
1498 541 1657 576 formarpraa

875 574 938 601 [iliis
954 575 1093 601 hominum
1109 579 1136 601 el.
1152 580 1264 603 vocatus
1274 581 1326 605 est.
1342 574 1368 603 et
1384 581 1425 603 est
1437 576 1576 604 Christus.
1588 574 1658 603 Hinc

874 609 911 635 ita
922 610 1006 646 illum
1023 611 1087 637 alibi
1100 611 1244 646 compellat
1261 611 1356 638 beatus
1371 611 1453 638 David
1467 620 1473 637 :
1485 620 1494 636 ‹
1509 611 1658 646 Accingere

877 654 886 669 ‹
904 645 993 678 gladio
1011 648 1059 672 tuo
1081 645 1169 678 super
1192 646 1280 672 femur
1301 650 1389 677 tuum,
1414 651 1510 680 potens
1535 645 1606 673 facie
1630 650 1658 673 et

877 688 886 705 ι
904 680 1143 716 pulchritudine".
1160 690 1169 705 ›
1184 680 1268 707 Nemo
1298 681 1370 707 enim
1399 681 1564 708 dubitaverit
1590 682 1657 716 quin

874 715 1050 749 pulchritudo
1063 716 1096 742 de
1109 723 1151 745 ea.
1165 723 1225 750 qua:
1239 720 1281 743 est
1297 716 1324 742 in
1340 716 1436 750 gloria,
1453 721 1477 742 et
1489 720 1588 743 natura
1600 715 1657 743 dei-

874 750 939 786 tatis
954 751 1046 777 omnia
1062 751 1235 785 superantis;
1252 751 1472 785 quandoquidem
1493 751 1585 778 carnis
1599 751 1658 786 glo-

874 785 1005 821 riationes
1027 793 1106 812 nemo
1128 786 1288 821 ascripserit
1308 786 1428 817 Christo,
1445 794 1534 820 tneque
1556 787 1583 813 in
1598 785 1656 821 glo-

872 820 942 856 riam
955 820 1041 856 ipsi_us
1052 820 1210 848 censuerit.’
1220 821 1299 848 Absit
1314 821 1375 847 hoc.
1393 821 1490 847 Totum
1507 821 1578 847 enim
1598 820 1657 856 my-

873 855 986 881 sterium
1003 854 1202 883 Inearnationis
1227 856 1314 890 ipsius
1330 860 1370 882 est
1392 856 1551 887 exinanitio,
1565 861 1591 883 et
1606 854 1657 882 hu-

874 890 1000 921 miliatio,
1019 891 1090 918 sicut
1111 891 1223 925 scripsit
1236 892 1270 918 de
1290 898 1324 918 eo
1344 891 1447 918 Isaias:
1465 900 1474 916 ‹
1488 890 1522 917 Ει
1538 891 1656 918 vidimus

875 933 884 949 ‹
903 925 1004 959 ipsum.
1022 930 1049 953 et
1068 934 1122 952 non
1143 926 1260 952 habebat
1277 926 1407 960 speciem,
1427 933 1515 960 neque
1531 926 1654 960 pulchri—

873 968 882 984 ι
903 961 1026 996 tudinem
1043 961 1110 988 :sed
1135 962 1240 996 species
1258 961 1318 995 ejus
1340 964 1396 987 erat
1422 961 1491 996 intra
1508 968 1604 988 omnes
1624 961 1655 987 ti-

872 1003 881 1019 ‹
903 995 954 1022 lios
975 996 1126 1023 hominum.
1140 995 1339 1031 {Nequaquam
1359 1004 1422 1023 vero
1445 995 1562 1023 dicimus
1583 996 1656 1030 quod

869 1031 1046 1064 propheticus
1069 1039 1160 1058 sermo
1179 1031 1258 1058 nobis
1283 1031 1394 1058 deitalis
1415 1031 1591 1065 gloriationes
1608 1039 1655 1058 ex-

870 1069 962 1099 ponat,
976 1066 1023 1092 sed
1040 1067 1130 1100 potius
1150 1066 1296 1101 persuadet
1317 1066 1397 1093 nobis
1415 1069 1444 1092 ut
1470 1066 1655 1101 intelligamus

868 1107 912 1132 ea,
928 1108 989 1135 quae
1004 1102 1096 1128 carnis
1118 1105 1192 1132 sunt,
1216 1102 1314 1128 collata
1337 1109 1398 1128 cum
1426 1101 1512 1135 gloria
1532 1101 1654 1132 deitatis.

868 1142 983 1169 prorsus
997 1137 1098 1163 nullius
1112 1144 1172 1164 esse
1186 1137 1315 1163 momenti
1327 1140 1353 1162 et
1368 1137 1447 1170 pretii
1461 1145 1466 1163 :
1481 1135 1566 1163 Filius
1583 1136 1655 1162 enim

869 1170 896 1206 in
917 1171 1008 1204 specie
1032 1173 1158 1206 apparuit
1180 1172 1325 1198 admodum
1346 1171 1474 1198 deformi.
1489 1181 1498 1197 ι
1528 1171 1571 1197 Ἐν
1588 1171 1656 1198 εἴδει

868 1205 923 1266 γὰὶ
936 1205 1056 1242 πέφηνεν
1070 1205 1087 1232 ⁷6
1102 1206 1165 1238 Υἱὸς
1181 1206 1220 1241 τῷ
1233 1206 1291 1233 λίαν
1306 1205 1540 1241 (tuanec-cito)”.

903 1252 910 1266 ι
928 1241 987 1266 udis
1001 1249 1068 1266 sane
1077 1242 1214 1266 quomodo
1228 1241 1304 1266 lsaize
1312 1241 1393 1266 verba
1409 1249 1424 1266 a
1439 1241 1540 1266 Cvrillo

903 1241 987 1268 Audis
1001 1249 1068 1268 salte
1077 1242 1214 1276 quomodo
1228 1241 1304 1268 lsaim
1312 1241 1393 1268 verba
1409 1249 1424 1267 a
1439 1241 1552 1276 Cyrillo,
1563 1248 1656 1275 quem-

869 1275 1014 1303 admodum
1032 1284 1046 1303 a
1065 1275 1204 1303 Clemente
1221 1281 1326 1306 nostro.
1343 1284 1397 1302 non
1417 1276 1449 1302 ad
1464 1275 1571 1310 'przevia
1594 1280 1655 1302 tan-

867 1315 924 1337 tum
941 1311 1037 1338 mortis
1058 1311 1171 1343 Christi,
1195 1313 1243 1338 sed
1259 1312 1292 1338 ad
1318 1312 1403 1338 totius
1431 1313 1555 1337 mortalis
1580 1311 1654 1339 illius

867 1345 929 1381 vitae
959 1350 1080 1381 tempora
1109 1346 1274 1374 referantur.
1304 1345 1388 1373 Docet
1413 1345 1504 1380 itaque
1533 1346 1654 1380 Cyrillus

867 1379 1005 1408 Christum
1015 1379 1072 1416 ‘per
1088 1385 1175 1408 totum
1191 1382 1317 1408 humana:
1331 1381 1392 1415 ejus
1407 1381 1468 1407 vitae
1483 1379 1653 1407 curriculum

867 1423 922 1442 non
938 1417 1018 1444 modo
1034 1425 1087 1444 non
1102 1417 1246 1451 pulchrum
1267 1417 1363 1448 fuisse,
1381 1416 1426 1444 sed
1440 1416 1549 1450 penitus
1561 1416 1653 1442 defor-

867 1458 947 1478 mem.

904 1486 982 1513 Dices
1012 1485 1130 1514 fortasse
1156 1486 1233 1513 illum
1262 1485 1296 1514 de
1322 1493 1353 1513 ea
1383 1490 1488 1513 tantum
1512 1485 1654 1521 disputare

866 1520 970 1548 Christi
986 1521 1084 1553 forma,
1101 1529 1162 1556 quin
1183 1521 1289 1548 etiamsi
1312 1522 1338 1548 in
1355 1529 1384 1548 se
1399 1520 1520 1548 liberalis
1545 1520 1571 1548 et
1593 1521 1653 1556 pul-

867 1556 932 1597 chra
948 1560 1031 1597 esset,
1050 1555 1269 1597 cumidiviuitate
1284 1561 1374 1597 tamen
1393 1555 1555 1597 composita,
1573 1555 1654 1591 plane

28 1592 69 1621 ie,
93 1591 238 1627 sanguine
253 1596 288 1627 eti
305 1591 415 1619 inflictis
432 1596 495 1619 ante
513 1597 626 1619 mortem
655 1593 815 1620 vulneribus
829 1599 850 1627 ρ
866 1591 998 1619 deformis
1025 1593 1131 1619 censeri
1160 1592 1271 1627 debuit:
1287 1601 1295 1617 ι
1309 1591 1425 1621 Collata.
1445 1591 1563 1627 inquit,
1579 1599 1652 1627 Acum

22 1628 104 1653 plane
120 1625 251 1653 deformi.
276 1626 401 1654 Attamen
421 1635 483 1653 cum
502 1627 548 1654 ille
575 1628 692 1662 priorem
712 1627 815 1655 Christi

22 1662 177 1697 adventum
209 1662 352 1696 posteriori
386 1662 486 1688 ibidem
513 1667 650 1697 opponat,
680 1663 744 1690 hinc
770 1664 815 1690 alii

22 1696 200 1723 ‘nntendunl
215 1699 304 1731 ipsum
322 1697 355 1725 de
370 1705 401 1724 ea
417 1697 518 1725 Christi
532 1696 641 1728 'l'orma,
659 1705 741 1732 quam
759 1702 816 1725 toto

22 1739 157 1759 iinnanae
171 1735 197 1758 et
212 1731 336 1767 mortalis
353 1739 409 1760 sua:
436 1734 497 1759 vita:
513 1736 632 1767 tempore
658 1731 714 1767 pne
729 1741 758 1761 se
773 1739 815 1760 tn-

22 1768 58 1798 it,
80 1768 177 1801 reipsa
211 1766 302 1794 facere
332 1775 496 1795 sermonem.
524 1766 601 1800 Quod
626 1766 736 1802 quidem
754 1769 816 1795 inde

23 1803 129 1828 irmari
158 1805 259 1837 potest,
287 1803 358 1836 quod
392 1803 437 1830 ille
462 1803 543 1837 paulo
566 1807 627 1837 post
658 1803 813 1831 addiderit:

42 1837 166 1864 Primus
179 1836 324 1873 adventus,
349 1841 375 1865 et
390 1836 515 1873 plurimis
529 1836 622 1872 figuris
639 1838 813 1871 obscur-atus,

23 1878 40 1898 ει.
56 1872 141 1899 omni
160 1872 358 1904 inhonestate,»
389 1872 415 1900 id
437 1877 478 1900 est
489 1874 616 1907 corporis
632 1873 814 1907 deformitate,

23 1918 24 1930 ι
50 1911 218 1942 prostratus
241 1908 405 1941 canebatur;
430 1908 569 1935 secundus
596 1916 671 1939 vero,
686 1911 713 1935 et
728 1910 815 1936 mani-

23 1941 125 1973 'estus.
143 1947 171 1978 et
188 1941 242 1978 Deo
256 1944 408 1978 condignus
424 1944 456 1971 "'.
471 1952 480 1968 ι
511 1943 587 1970 Unde
602 1947 629 1970 et
645 1943 709 1971 alibi
724 1944 758 1970 de
769 1952 816 1971 eo-

23 1979 82 2006 lem
96 1977 212 2005 Christo
225 1977 359 2014 Domino:
375 1988 383 2003 ι
398 1979 515 2014 Adultus
527 1987 579 2005 non
593 1980 676 2013 gestit
691 1981 814 2014 agnosci.

24 2013 66 2040 .ed
86 2013 308 2041 contumeliosus
325 2014 437 2048 insuper
452 2013 504 2041 sibi
520 2018 562 2040 est
574 2014 623 2040 η.)
642 2013 814 2046 Ουπτωιριη

24 2057 47 2075 ea
65 2052 112 2085 est
124 2048 307 2085 contumelia,
322 2049 374 2085 nisi
388 2049 505 2085 abjecta,
516 2049 578 2076 vilis
591 2052 618 2076 et
640 2049 771 2077 deformis
783 2050 816 2077 il-

26 2085 74 2110 ius
91 2084 181 2118 ﬁgura
197 2087 224 2110 et
236 2084 360 2118 species?

53 2118 191 2153 Nunquid
210 2119 290 2145 etiam
306 2119 339 2146 de
353 2118 452 2146 Christi
471 2125 584 2154 corpore
604 2118 689 2153 plagis
707 2122 812 2146 tantum

24 2154 177 2189 leturpato
201 2157 234 2189 et
249 2155 324 2180 cruci
349 2155 405 2189 jam
424 2153 554 2188 adigendo
570 2154 645 2189 dixit
656 2153 726 2181 idem
748 2153 815 2181 Ter-

27 2188 182 2225 ullianus?
195 2197 204 2214 ι
219 2187 406 2225 Quodcunque
419 2187 486 2216 illud
501 2188 695 2225 corpusculum
710 2188 810 2217 Christi

25 2227 66 2255 .it.
93 2224 226 2259 quoniam
255 2224 396 2257 habitum,
426 2229 453 2252 et
477 2224 606 2258 quoniam
635 2228 814 2258 conspectum

25 2261 85 2290 "uit.
102 2261 127 2287 si
152 2259 300 2300 inglorius.
330 2260 523 2300 si_ignobili_s,
544 2260 586 2300 ἐί-
599 2259 812 2300 inhonorabilis,
829 2271 852 2300 ι)

25 2302 102 2323 neus
116 2293 172 2322 erit
189 2293 333 2322 Christus.
356 2293 430 2322 Talis
455 2295 527 2322 enim
544 2295 638 2322 habitu
659 2298 687 2322 et
701 2298 813 2329 aSpectn

25 2329 254 2357 innuntiabatur.
279 2329 362 2357 Adest
389 2337 499 2357 rursum
524 2330 627 2357 lsaias:
661 2329 814 2356 Annuntia-

25 2374 96 2396 nus,
114 2364 216 2398 inquit.
230 2371 322 2400 coram
339 2365 397 2400 ipso
416 2365 490 2392 velut
511 2365 659 2400 puerulus,
679 2365 753 2391 velut
768 2372 813 2390 ra-

25 2402 64 2428 Iix
84 2401 114 2426 in
132 2404 207 2435 terra
222 2399 336 2430 sitienti,
348 2399 380 2427 et
393 2407 447 2427 non
460 2404 501 2427 est
512 2400 618 2435 species
637 2399 708 2434 ejus.
724 2407 812 2434 neque

26 2435 141 2469 gloria.»
159 2434 333 2470 Nequedhaec
358 2435 462 2462 dixisse
473 2434 629 2467 contentus,
659 2435 748 2470 pergit
763 2435 811 2461 ad-

26 2479 88 2500 ηις,
102 2474 131 2497 et
147 2469 186 2496 ait
198 2468 214 2496 :7
229 2478 239 2494 ε
256 2468 321 2496 Nam
343 2471 395 2498 etsi
425 2470 603 2504 tempestivus
624 2468 723 2497 decore
739 2470 810 2504 apud

27 2505 110 2533 )avid
125 2512 209 2539 supra
225 2504 294 2531 ﬁlios
309 2505 460 2535 hominum.
487 2506 535 2532 sed
556 2505 583 2532 in
606 2505 751 2539 allegorice
765 2505 811 2532 illo

26 2547 96 2568 .tatu
118 2541 213 2575 gratiae
227 2540 370 2574 spiritalis.
387 2547 449 2567 cum
471 2540 624 2575 accingitur
639 2548 732 2567 ensem
753 2547 811 2566 ser-

26 2576 126 2605 nonis,
142 2576 188 2610 qui
204 2582 269 2602 vere
293 2575 398 2609 species
423 2579 451 2602 et
469 2575 563 2606 decor,
579 2579 605 2602 et
623 2575 709 2609 gloria
725 2575 812 2610 ipsius

26 2616 74 2643 ast,
95 2614 225 2637 ceterqu
255 2610 347 2636 habitu
372 2610 565 2645 incorporabili
591 2609 663 2644 apud
685 2609 810 2636 eumdem

27 2645 303 2681 iropbetani,vermis
326 2645 419 2676 etiam,
435 2649 462 2672 et
479 2653 532 2681 non
556 2645 646 2681 homo,
664 2645 812 2681 ignominia

27 2679 148 2709 ioniinis
161 2679 194 2707 et
208 2680 394 2706 nulliiicamen
410 2680 502 2715 populi
518 2680 567 2706 ⁵⁸.»
587 2680 645 2706 Non
660 2681 742 2706 aliam
757 2679 812 2706 ita-

27 2725 75 2752 ple
94 2714 247 2752 in‘Christo
259 2715 383 2752 agnoscit
398 2714 455 2741 vir’
468 2715 654 2752 ille_erud_itns
675 2715 811 2752 38pm-

27 2749 222 2782 Ebritudinem,
237 2749 292 2777 nisi
306 2751 400 2786 gratia:
418 2750 567 2785 spiritalis?
579 2750 612 2778 Et
626 2749 709 2782 certe,
723 2750 746 2777 si
757 2757 811 2785 qua

59 2829 85 2846 ι’
99 2827 203 2855 Tertul.
221 2827 269 2854 lib.
298 2826 335 2854 De
360 2834 436 2854 earn.
449 2816 538 2857 δίη-η·
553 2834 613 2862 pag.
630 2826 657 2854 9.
695 2826 718 2842 ’³
731 2825 814 2853 Tertu

63 2867 118 2887 nl...
130 2870 191 2887 can.
210 2863 237 2887 5.
276 2863 300 2878 ⁸⁸
312 2863 359 2887 lib.
379 2870 408 2887 ιιι
424 2863 485 2887 adv.
503 2861 646 2887 Marciam.
662 2869 723 2887 can.
739 2861 781 2887 17.

875 2826 901 2853 b.
915 2825 977 2852 adv.
995 2823 1116 2855 Iudaeos,
1135 2831 1197 2858 cap.
1212 2823 1256 2850 Η.
1296 2822 1319 2838 ’δ
1332 2820 1401 2852 ibid.

872 2860 944 2887 Exod.
962 2867 992 2887 ιι.
1005 2859 1032 2886 2.
1073 2860 1096 2875 ’³
1113 2858 1186 2886 Psal.
1207 2866 1279 2887 χιιι.
1293 2857 1320 2884 ι.
1360 2857 1401 2881 "l

881 2869 944 2887 X00.
962 2869 992 2890 ll,
1006 2869 1032 2886 Ζ.

276 2863 300 2878 ⁸⁸
312 2863 359 2889 lib.
379 2870 408 2889 ιιι
424 2863 485 2890 adv.
503 2861 646 2892 Marcium.
662 2869 723 2897 cap.
739 2861 781 2888 17.

867 1627 953 1661 gloria
964 1627 1101 1654 deitatis.»
1116 1626 1299 1660 Quamobrem
1309 1630 1403 1661 postea
1419 1625 1539 1653 addidit:
1554 1635 1563 1651 ‹
1579 1625 1653 1652 Dens

866 1662 938 1688 enim
955 1670 1017 1689 eum
1034 1663 1069 1689 sit
1083 1667 1181 1697 suapte
1196 1666 1305 1693 natura,
1323 1662 1411 1688 factus
1423 1666 1464 1688 est
1479 1662 1571 1697 homo.
1588 1661 1651 1697 lnli-

866 1697 930 1724 nitis
947 1697 1019 1724 enim
1041 1701 1067 1724 et
1092 1696 1356 1732 incomparabilibus
1379 1696 1540 1724 diﬂ‘erentiis
1563 1696 1654 1723 minor

865 1736 907 1759 est
923 1732 1004 1759 homo
1020 1739 1102 1767 quam
1115 1732 1194 1759 Deus.
1207 1741 1215 1757 ι

900 1768 933 1793 At
962 1765 1066 1794 attento
1105 1767 1258 1802 pcrpendas
1289 1766 1371 1793 velim
1401 1766 1494 1793 animo
1519 1765 1591 1802 hanc
1619 1765 1652 1802 de

865 1802 967 1829 Christi
986 1801 1163 1830 deformitate
1174 1802 1377 1829 conclusionem
1395 1809 1448 1828 non
1469 1809 1502 1828 ex
1523 1801 1574 1827 hac
1593 1801 1652 1828 sola

865 1838 990 1872 corporis
1008 1837 1110 1864 Christi
1127 1845 1188 1864 cum
1203 1837 1346 1864 divinitate
1363 1836 1432 1862 facta
1448 1836 1653 1870 comparatione

866 1873 900 1900 ab
923 1874 970 1900 illo
995 1872 1106 1905 deduci;
1135 1872 1223 1906 palam
1249 1873 1320 1899 enim
1347 1876 1372 1898 et
1400 1877 1491 1905 aperte
1509 1873 1652 1905 prolitetnr

866 1908 956 1935 nullas
984 1908 1097 1935 «carnis
1125 1907 1338 1942 gloriationesg
1363 1906 1462 1940 σαρκὸς
1493 1906 1652 1942 auxilium,

865 1944 975 1971 Christo
990 1951 1004 1969 a
1027 1940 1163 1977 quoquam
1182 1942 1280 1969 ascribi
1299 1949 1395 1976 posse;
1412 1946 1498 1969 totum
1522 1940 1652 1977 incarna-

866 1979 949 2005 tionis
970 1976 1056 2012 ipsius
1073 1977 1233 2012 mysterium
1249 1984 1310 2003 esse
1328 1976 1582 2012 exinanitionemct
1600 1976 1651 2012 illlf

866 2009 1059 2045 miliatiohem;
1073 2009 1127 2039 uno
1142 2013 1225 2039 verbo
1237 2011 1315 2038 illum
1332 2011 1416 2038 fuisse
1433 2011 1512 2046 plane
1533 2009 1650 2037 deformi

866 2048 956 2084 specie
971 2052 998 2074 et
1016 2055 1139 2082 corpore.
1193 2080 1209 2084 _
1522 2079 1528 2084 _

901 2082 987 2110 Porro
999 2080 1088 2109 autem
1109 2089 1169 2108 eum
1189 2080 1292 2116 Cyrillo
1314 2083 1341 2107 et
1359 2080 1419 2107 aliis
1434 2080 1609 2116 conspirasse
1624 2083 1651 2106 et

865 2117 936 2145 idem
962 2118 1084 2145 sensisse
1110 2115 1219 2143 videtur
1240 2115 1367 2143 Basilius.
1399 2116 1486 2150 lpsius
1510 2115 1654 2141 enimvero

866 2154 923 2180 hate
950 2156 1016 2184 sunt
1033 2153 1061 2180 in
1087 2152 1222 2187 psalmum
1253 2151 1492 2187 quadragesimum:
1511 2153 1651 2187 __quartum

866 2188 949 2215 verba
963 2198 969 2215 :
990 2197 999 2213 ‹
1010 2184 1169 2223 δρροῖοειινιι
1187 2184 1273 2223 forma
1285 2185 1428 2223 Dominum
1441 2184 1650 2223 appellattcum

866 2224 953 2250 aciem
968 2220 1067 2250 mentis
1081 2222 1204 2257 pressius
1227 2221 1389 2257 intendisset
1405 2220 1431 2246 in
1450 2220 1652 2257 ejusdivinitao

866 2261 931 2286 tem.
949 2257 1008 2285 Non
1022 2254 1114 2285 carnis
1127 2257 1198 2283 enim
1211 2255 1442 2290 pulchritudinem
1461 2254 1571 2290 laudat;
1587 2261 1651 2280 nam

866 2293 1042 2329 scribitier
1055 2291 1179 2329 Vidimus
1207 2289 1306 2329 ipsum,
1327 2296 1354 2329 et
1376 2298 1429 2317 non
1456 2289 1572 2329 habebat
1588 2296 1650 2328 spe-

868 2337 877 2354 t
899 2328 979 2360 ciem,
1002 2335 1091 2363 neque
1115 2328 1240 2363 fortnam,
1257 2326 1308 2363 sed
1325 2326 1389 2363 ejus
1409 2326 1516 2363 species
1535 2326 1652 2358 ignomi-

868 2373 877 2388 ι
899 2364 950 2390 nia:
976 2367 1003 2390 et
1023 2359 1137 2398 decoris
1164 2363 1243 2396 plena
1271 2360 1332 2398 fuit.
1347 2359 1651 2398 »_Palar_uu_i_taque_est,

864 2399 935 2434 quod
951 2397 1082 2432 propheta
1100 2401 1149 2434 hac
1162 2393 1287 2434 inspecta
1301 2395 1424 2434 claritate
1443 2393 1513 2433 Filii,
1534 2398 1560 2434 et
1575 2393 1652 2420 illinc

863 2431 1011 2460 resilientis
1029 2432 1184 2467 splendoris
1200 2431 1376 2467 irradiatione
1399 2431 1516 2467 copiose
1532 2431 1652 2467 circum-

864 2468 950 2499 fusus,
970 2463 1143 2502 animamque
1158 2467 1261 2493 habens
1284 2465 1335 2492 hac
1351 2463 1652 2502 tantapulchritudine

864 2503 1019 2538 perculsam
1034 2499 1115 2536 atque
1129 2501 1316 2538 pet-strictam,
1331 2501 1363 2526 ad
1383 2499 1505 2526 divinmn
1528 2505 1651 2525 amorem

865 2536 998 2573 spiritalis
1026 2537 1099 2564 illius
1124 2536 1337 2573 pulchritudinis
1360 2538 1504 2570 promotus
1520 2537 1573 2564 est,
1590 2540 1652 2573 quae

865 2570 911 2600 u'bi
933 2573 1018 2600 semel
1034 2570 1160 2600 humana:
1177 2571 1279 2598 aﬂ‘ulsit
1294 2570 1402 2608 animm,
1420 2573 1518 2596 caetera
1542 2570 1646 2608 omnia,

863 2616 924 2643 quae
940 2613 1054 2636 eatenus
1071 2607 1266 2642 diligebantur,
1285 2606 1375 2640 turpia
1396 2612 1457 2631 esse
1472 2604 1651 2638 conspiciun-

864 2642 908 2671 tur
921 2647 949 2671 et
962 2643 1098 2678 rejectitia
1108 2642 1140 2668 ³ο.
1155 2651 1166 2668 ι

898 2678 958 2706 Huc
974 2676 1084 2713 quoque
1103 2676 1330 2713 peneiinnumera
1345 2681 1495 2713 congerere
1507 2680 1651 2713 pussemus

863 2709 992 2742 veterum'
1007 2709 1163 2741 testimonia
1177 2712 1302 2742 Patrum,
1315 2710 1362 2744 qui
1383 2709 1508 2747 eumdem
1522 2709 1650 2747 Psalmof

862 2749 960 2784 graphi
977 2749 1069 2776 locum
1082 2755 1138 2775 non
1156 2747 1190 2774 de
1204 2743 1347 2792 corporea.
1363 2745 1412 2773 sed
1436 2744 1470 2771 de
1489 2743 1605 2779 spiritali
1623 2746 1650 2769 et

1449 2819 1471 2836 "
1486 2819 1532 2846 lib.
1551 2817 1588 2845 De
1602 2824 1650 2852 pa-

1073 2860 1096 2875 "
1110 2851 1186 2886 'Psal'.
1207 2866 1279 2890 χιιι,
1293 2857 1320 2884 ι.
1360 2857 1382 2873 ’⁸
1394 2855 1480 2891 Cyril.
1498 2851 1550 2889 lib.
1567 2851 1650 2881 ιϐιδ-

32 2866 118 2895 ient.,
130 2870 162 2890 ca
185 2885 191 2890 .
210 2863 237 2888 3.
276 2863 300 2878 “
312 2863 359 2889 lib.
379 2870 408 2889 ιιι
424 2863 485 2890 adv.
503 2863 646 2892 Marciam.
662 2869 723 2897 cap.
739 2863 781 2888 17.

28 2901 106 2936 phyr.
121 2899 150 2927 in
163 2871 265 2940 Exod,
282 2905 343 2934 cap.
357 2898 383 2932 Ι,
401 2905 462 2935 pag.
477 2898 604 2941 250.4,:o
618 2897 701 2925 Basil.
722 2897 795 2926 hom.
811 2897 814 2924 i

872 2863 944 2887 Exod.
962 2867 992 2890 ιι,
1005 2863 1032 2886 ‘z.
1073 2863 1096 2875 "
1113 2863 1173 2886 Psal

874 2897 924 2924 sal.
943 2903 1016 2928 xLiv,
1030 2902 1093 2932 pag.
1108 2894 1173 2922 255.
