1927 3074
81 148 138 176 869

122 207 197 239 Quot
227 205 507 243 porrohbaptismatis
530 207 657 243 nomina,
681 211 725 243 tot
748 207 875 235 Clemens
890 212 912 240 Α
928 215 972 239 ne,
989 215 1041 243 qua
1063 208 1135 235 beati

83 243 211 269 ostendit
227 241 367 270 inirabiles
382 249 443 269 esse
459 242 533 269 illius
548 241 669 270 etl‘ectus.
681 242 708 268 ln
725 243 767 270 his
785 248 873 269 autem

83 279 116 304 id
134 277 312 312 potissimum
336 278 464 304 observes
481 277 572 307 velim,
588 278 661 311 quod
685 277 742 312 ipse
768 278 805 304 ait
823 278 875 305 hoc

83 315 266 341 sacramento
291 318 345 338 non
369 312 457 339 solum
483 316 611 347 peccata.
628 313 677 340 sed
699 316 874 347 peccatorum

82 348 173 374 etiam
202 354 299 383 pugnas
319 347 420 383 remitti
438 356 469 383 :rl
480 347 586 378 Gratia,
598 347 738 383 χάρισμα,
765 347 873 382 inquit,

81 378 216 413 vocatur,
232 378 255 416 ᾧ
267 382 362 423 citati
370 383 425 423 rei;
445 378 641 418 ἁμαρτήμαᾶιῦ
655 378 788 423 ὲτὲιτζμια-
802 378 873 423 ᾇνεί-

83 426 151 445 ται·
169 425 222 452 qua
243 417 421 445 remittuntur
445 417 541 452 ptrnie,
560 425 620 452 quae
637 417 757 453 peccatis
773 417 875 445 deben-

82 457 146 480 tur.
160 462 169 479 ι

125 486 278 523 Discrimen
296 487 378 522 igitur
398 487 508 522 aliquod
524 487 596 515 inter
617 487 731 523 peccati
746 492 773 514 et
788 495 875 523 poena:

81 527 204 558 peccato
213 522 311 549 debitae
327 522 524 550 absolutionem
541 523 693 550 constituit.
713 522 808 550 Utrum
826 531 873 550 au-

81 557 144 585 tem
165 557 227 585 inde
237 558 325 592 colligi
335 559 421 592 possit
436 566 498 586 emn
516 561 626 592 putasse
643 558 669 585 in
687 558 740 584 alio
756 558 873 593 quodam

82 597 265 622 sacramento
281 597 432 627 peccatum.
451 601 504 620 non
526 596 617 620 autem
649 593 768 620 debitam
799 593 873 621 illius

82 635 211 663 pennam.
233 628 381 662 aliquando
401 628 561 661 condonari,
578 632 653 656 certo
670 636 724 655 non
741 629 872 656 audemus

81 664 235 690 atlirtnare.
256 663 291 690 De
317 664 375 690 solo
402 664 501 691 etenim
520 663 681 698 baptismate
698 671 760 690 cum
778 664 874 698 dispu-

82 703 138 727 tet.
149 698 214 734 quid
225 699 251 725 in
270 698 331 725 aliis
347 699 526 725 sacramentis
538 699 594 729 ﬁat,
613 699 648 725 ibi
663 706 717 725 non
734 699 871 726 edisserit.

124 734 194 767 Quae
204 737 294 768 autem
307 734 362 760 sint
373 734 424 760 illae
436 738 608 768 peccatorum
625 741 722 768 pinnae.
739 735 762 761 si
781 742 871 768 roges,

81 776 145 796 non
163 769 242 804 plane
258 767 375 796 diﬁicilis
392 767 604 804 est'responsio.
625 767 683 796 Non
701 770 769 797 alias
784 767 872 797 enim-

82 803 281 840 vero'videtur
297 805 460 840 pmnasﬁille
483 803 615 835 indicare,
633 813 714 840 quam
737 812 784 832 eas
811 813 872 839 quae

79 839 155 866 olim
169 840 328 874 poenitentia
345 839 452 873 publica
469 839 652 867 solvebantur.
666 839 769 867 Priscis
786 840 872 874 siqui-

79 874 224 919 detn_illis
240 874 418 919 temporibus,
436 879 517 915 atque
533 875 614 919 etiam
631 875 759 919 deinceps
777 876 871 919 hujps-
888 893 907 919 Β

79 910 163 936 modi
182 910 343 945 paenitentia
356 917 370 936 a
387 910 495 937 nemine
512 914 575 937 ante
591 910 755 945 baptismum
774 912 873 945 ageba-

78 948 144 975 tur,
164 944 212 972 sed
229 945 263 971 ab
279 945 314 981 iis
328 949 445 975 tantum,
463 945 510 980 qui
532 949 594 980 post
623 944 780 981 susceptum
794 944 872 972 ’illud

80 985 291 1016 sacramentum
310 980 337 1007 in
352 981 533 1012 canonica,ut
546 981 665 1012 aiebant,
683 984 792 1016 peccata
809 988 873 1015 pro-

81 1015 159 1049 lapsi
177 1014 294 1042 fuerant.

122 1049 186 1083 Quo
202 1055 291 1077 autem
314 1049 394 1086 modo
410 1050 496 1078 sacris
514 1051 640 1086 baptismi
658 1051 736 1086 undis
761 1055 872 1086 peccata

78 1085 277 1116 abluerentur,
301 1085 342 1113 sic
361 1084 487 1113 Clemens
510 1084 622 1121 exponit
643 1095 649 1112 :
671 1084 871 1113 «Haec—autem

81 1121 199 1156 vincula
219 1127 299 1156 quam
318 1120 460 1148 celerrime
477 1120 663 1154 remittuntur,
681 1121 800 1148 humana
812 1121 872 1156 qui-

80 1156 148 1182 dem
167 1155 230 1187 llde,
244 1155 337 1182 divina
352 1163 417 1182 vero
435 1156 533 1191 gratia,
549 1164 611 1183 cum
631 1157 760 1183 nimirum
777 1155 872 1183 remit-

78 1195 186 1218 tuntur
202 1194 311 1225 peccata
327 1198 381 1217 uno
402 1191 600 1218 medicamento
625 1191 744 1223 Paconio,
774 1199 872 1225 nempe

81 1226 215 1253 rationali
243 1226 388 1262 baptismo.
419 1226 514 1253 Omnia
532 1234 597 1262 ergo
613 1231 724 1261 peccata
741 1226 870 1262 eluimus,

79 1265 111 1288 et
126 1269 142 1288 e
160 1260 276 1294 vestigio
291 1261 355 1288 mali
367 1268 421 1288 non
438 1269 534 1289 sunnts
550 1260 707 1295 amplius”.
721 1271 730 1287 ι
749 1261 869 1288 Primum

81 1297 181 1331 itaque
204 1296 318 1332 dicitrzrt
331 1296 449 1332 humana
467 1295 528 1327 ﬁde,
543 1307 551 1323 ι
574 1298 663 1324 πίστει
689 1297 737 1332 μὲν
764 1296 870 1331 ἀνθρω-

84 1331 164 1366 πίνῃ.
175 1339 227 1365 qua
244 1331 349 1358 scilicet
362 1331 454 1363 homo,
465 1331 565 1359 divinis
582 1331 745 1359 Christianae
760 1332 870 1366 religio-

79 1368 129 1394 nis
146 1366 465 1402 doeumentisimbulus.
484 1367 517 1394 iis
532 1373 661 1402 tanquam
678 1367 790 1394 omnino
807 1375 868 1394 cer-

80 1402 121 1428 tis
139 1406 168 1428 et
184 1401 344 1429 indubitatis
361 1401 498 1429 credebat.

122 1436 180 1463 Hac
202 1444 283 1471 porro
306 1436 469 1463 Christiana:
494 1436 554 1463 ﬁdei
580 1437 705 1464 doctrina
729 1437 821 1468 homo,
840 1440 869 1462 nt

76 1472 213 1499 Clemens
241 1471 290 1502 ait,
314 1471 478 1498 informatur
501 1473 700 1500 catechesibus.
721 1473 746 1499 id
764 1476 805 1499 est
822 1480 869 1498 va-

79 1507 135 1533 riis
149 1507 335 1537 sermonibus,
345 1507 391 1541 qui
401 1506 472 1540 apud
487 1506 608 1540 ejusdem
625 1508 788 1534 Christiana:
804 1514 868 1540 pro-

80 1542 217 1569 fessionis
239 1541 402 1568 candidatos
422 1547 477 1568 tum
497 1542 591 1569 haberi
615 1543 748 1570 solebant.
770 1542 868 1568 «Cate-

76 1577 304 1617 chesis,_inqui_t.
317 1585 377 1617 "seu
404 1584 470 1617 qnze
486 1584 534 1617 per
556 1577 679 1617 aqdltum
706 1577 867 1617 suscipitur,
882 1570 902 1599 Ο

78 1612 233 1643 institutio,
254 1611 287 1638 ad
315 1611 393 1639 ﬁdem
420 1611 547 1642 deducit;
581 1611 646 1640 ﬁdes
669 1617 759 1639 autem
783 1611 867 1638 simul

79 1655 148 1674 cum
168 1647 303 1682 baptismo
316 1647 430 1674 docetur
445 1654 459 1673 a
476 1647 569 1674 divino
580 1646 682 1682 Spiritu
695 1648 726 1675 ³⁹.
740 1658 749 1673 ›
768 1647 868 1674 Ultima

81 1684 143 1718 haec
159 1682 282 1718 auctoris
291 1683 376 1708 nostri
395 1682 477 1709 verba
497 1683 681 1718 notatuplane
696 1682 776 1718 digna
793 1687 866 1718 sunt.

80 1717 209 1744 Tametsi
234 1717 308 1743 enim
331 1717 407 1752 prius
432 1721 545 1752 peccata
564 1726 572 1740 ι
587 1717 638 1745 (ide
664 1717 782 1744 humana
796 1727 804 1742 ι
824 1717 868 1743 di~

82 1753 156 1778 mitti
174 1752 300 1783 dixisset,
318 1759 390 1778 nunc
407 1757 497 1780 tamen
513 1752 591 1780 decet
606 1754 675 1780 hanc
691 1753 770 1780 ﬁdem
788 1752 868 1779 simul

74 1795 146 1814 cum
177 1787 313 1821 baptismo
337 1794 351 1813 a
377 1787 468 1814 divino
496 1787 597 1822 Spiritu
620 1788 722 1815 doceri.
747 1787 779 1814 Et
797 1791 869 1814 recte

79 1822 206 1857 quidem,
225 1829 259 1849 ne
275 1822 336 1857 quis
353 1822 387 1849 ab
406 1822 452 1849 illo
470 1823 556 1849 solam
574 1823 654 1850 ﬁdem
669 1824 813 1850 humanam
834 1823 868 1848 ad

76 1857 292 1892 percipiendam
321 1857 492 1891 baptismatis
508 1859 622 1893 gratiam
645 1858 796 1886 desiderari
822 1865 869 1884 su~

82 1893 249 1927 spicaretur.
268 1892 382 1919 Censuit
404 1893 496 1928 itaque
513 1892 664 1920 humanam
691 1894 787 1924 ﬁdem,
814 1899 868 1927 qua

83 1928 218 1963 nimirum
242 1928 361 1954 humano
379 1935 454 1955 more
477 1928 617 1963 religionis
642 1932 744 1956 nostra
767 1932 869 1962 myste-

83 1963 133 1990 riis
162 1962 322 1998 imbuimur,
348 1963 505 1997 baptismati
533 1962 644 1998 quidem
676 1964 775 1991 debere
800 1969 869 1997 prae—

82 1998 134 2025 mit
147 1998 174 2030 i‘,
187 1997 237 2026 sed
254 1998 291 2024 ita
309 2002 408 2029 tamen,
422 2002 451 2024 ut
467 1999 531 2025 dum
543 1997 628 2025 sacra
643 1998 717 2026 illius
732 1998 869 2025 abluimur

78 2041 165 2068 aqua,
183 2033 265 2060 aliam
283 2033 362 2068 plane
380 2033 510 2069 divinam,
527 2037 554 2060 et
581 2037 611 2060 ut
636 2034 755 2069 theologi
780 2034 867 2069 aiunt,

79 2067 323 2103 supernaturalem
340 2069 419 2095 nobis
433 2067 552 2102 Spiritus
569 2073 680 2097 sanctus
696 2067 831 2096 infundat.

117 2104 222 2131 Praeter
254 2103 324 2139 hanc
357 2111 421 2139 vero
451 2103 532 2131 ﬁdem
561 2104 687 2132 Clemens
709 2104 802 2135 abeo,
820 2103 867 2139 qui

78 2141 249 2175 baptismate
263 2138 415 2166 initiandus
431 2142 483 2171 est,
498 2138 704 2175 adhucrexigit:
718 2138 868 2175 utnvero’el

78 2173 192 2203 sincero
218 2178 392 2208 peccatorum
416 2181 530 2201 suorum
556 2173 661 2201 dolore,
672 2176 710 2201 ita
735 2173 868 2201 alliciatur

59 2218 170 2245 'eaque
196 2209 413 2245 detesteturtut
433 2209 540 2236 ﬁrtnttm
563 2217 595 2236 ac
616 2210 822 2237 tenacissimum
840 2210 866 2236 in

340 147 430 176 ALl/E
448 147 481 175 IN
499 147 792 177 COHORTATIONEM
813 147 855 175 ET
876 147 1101 177 PEDAGOGUM
1120 147 1415 177 OBSERVATIONES.

1656 152 1708 181 870

1178 213 1220 235 081.
1244 208 1472 236 resurrectionem
1497 216 1603 238 Summe
1618 219 1715 238 cuntu-

927 244 973 269 lati
991 246 1070 275 sunt;
1089 243 1136 270 sed
1152 243 1207 278 40
1222 250 1254 270 ea
1275 247 1361 272 tanta.
1378 247 1481 278 quanta
1498 243 1526 270 in
1545 244 1596 271 hoc
1612 247 1715 274 mundo

925 278 1030 314 expleri
1049 282 1137 314 potest
1152 278 1185 304 ε]
1198 279 1350 311 Quatenus,
1366 278 1466 313 inquit,
1488 279 1545 306 ﬁeri
1570 286 1660 314 potest
1685 282 1714 310 in

927 313 978 340 hoc
998 313 1168 341 mundo......
1182 321 1234 341 nos
1247 313 1382 348 perfectos
1395 321 1456 341 esse
1471 313 1651 343 credimus“.
1667 325 1675 341 ι

960 349 1132 385 Quodporro
1143 348 1176 376 de
1192 347 1357 385 catecltesira
1369 347 1507 385 Clemente
1523 351 1655 385 scriptum
1673 351 1716 378 di-

926 383 1026 414 ximus,
1042 383 1068 410 id
1085 387 1158 411 certe
1174 384 1253 410 nobis
1272 384 1338 410 illud
1354 384 1487 445 temporis
1503 383 1621 419 spatium
1640 385 1713 413 haud

926 426 1039 445 Drorsus
1057 419 1174 445 obscure
1194 418 1306 445 indicat.
1321 426 1376 445 auo
1391 418 1411 445 C
1433 418 1552 445 ristianm
1575 420 1713 445 religioni:

925 426 1039 456 prorsus
1055 419 1174 456 obscure
1194 418 1306 456 indicat,
1321 426 1376 453 quo
1391 418 1552 456 Christiana)
1575 420 1715 456 religionis

924 454 1073 484 candidati,
1097 454 1124 480 in
1144 454 1401 489 catechumenorum
1424 454 1535 488 ascripti
1556 454 1712 489 numerum,

924 489 1048 523 publicas
1065 496 1125 523 quae
1139 489 1208 523 apud
1223 496 1271 516 eos
1285 488 1454 516 Alexandria:
1470 489 1504 516 ab
1520 489 1636 524 ipsomet
1652 491 1714 519 Clo-

925 528 1015 550 mente
1027 528 1122 550 nostro
1134 524 1227 551 haberi
1241 524 1374 556 solebant,
1393 524 1540 551 conciones
1562 526 1656 554 audire
1669 531 1713 554 te-

924 559 1071 586 nebantur.
1088 558 1126 586 De
1143 558 1185 586 bis
1202 563 1292 586 autem
1312 558 1457 590 Eusebius,
1477 563 1507 586 ut
1522 560 1585 587 alibi
1598 562 1712 589 adnota-

923 594 1012 621 vimus
1028 593 1061 623 ".
1078 594 1151 621 hunc
1166 594 1262 621 scribit
1272 596 1298 620 in
1312 594 1439 621 modum:
1461 603 1470 619 ‹
1490 592 1541 621 Per
1558 595 1628 623 idem
1644 601 1713 624 tem-

924 637 975 663 pus
988 629 1127 665 Clemens.
1145 629 1191 664 qui
1208 628 1337 656 Pantazno
1358 634 1540 665 successerat,
1560 631 1631 665 apud
1649 632 1713 659 Ale-

924 664 1067 701 xandrian
1082 664 1339 701 catechunmenorum
1360 664 1523 701 institutioni
1539 664 1628 693 adhuc
1644 674 1712 701 prte—

923 703 992 761 grat,
1011 700 1126 751 adeq‘ut
1148 699 1256 727 auditor
1278 699 1338 734 ejus
1355 699 1436 726 etiam
1457 704 1514 727 tum
1535 707 1603 734 puer
1629 699 1712 729 fuerit

947 742 1053 761 l‘lEt‘ltES
1095 755 1101 761 .
1123 744 1132 760 ι

947 742 1053 762 Γιεθιιεε
1067 742 1101 761 ’⁸.
1123 744 1132 760 ι

1069 755 1204 797 Hervetus
1227 768 1393 806 Clementem
1422 774 1547 806 nostrum
1572 770 1626 802 his,
1651 779 1711 806 quze

922 810 1015 839 postea
1034 805 1176 839 leguntur,
1197 805 1307 832 verbis:
1323 814 1332 830 ι
1352 805 1420 839 Apte
1434 805 1515 832 etiam
1533 810 1560 832 et
1588 805 1712 840 apposite

922 840 964 876 lac
980 840 1059 876 melle
1075 841 1205 876 miscetur
1219 839 1258 873 ‘t;
1276 849 1284 865 ι
1305 840 1337 867 ad
1353 848 1414 867 eum
1435 839 1556 876 alludere
1573 839 1710 876 antiquis-

923 875 1021 911 simum
1039 874 1168 902 Ecclesia:
1185 882 1299 905 morem,
1324 883 1377 910 quo
1392 876 1436 906 iis,
1453 875 1500 910 qui
1517 883 1559 911 fex
1582 874 1710 911 baptismi

924 910 1033 938 lavacro
1060 912 1194 946 exierant,
1214 910 1270 946 mel
1292 913 1319 937 et
1340 911 1380 937 lac
1408 910 1571 945 gustandum
1598 910 1711 946 pi'mberi

923 948 1111 972 consueverat.
1129 944 1182 980 Sed
1204 945 1378 973 dissimulare
1401 944 1454 972 non
1479 944 1627 980 possumus
1645 947 1713 974 nihil

923 980 996 1017 i_nde,
1015 979 1090 1017 quod
1103 979 1138 1017 ad
1165 980 1237 1017 hnnc
1259 980 1342 1017 ritum
1357 979 1485 1017 spectet.
1505 988 1586 1015 posse
1609 981 1712 1017 colligi.

922 1014 1003 1042 Prius
1021 1014 1155 1050 siquidem
1181 1015 1214 1042 de
1238 1023 1314 1050 aqua:
1329 1014 1443 1050 frigidae,
1462 1023 1494 1042 ac
1506 1014 1655 1050 ’posterius
1674 1014 1712 1044 de

922 1050 979 1077 vini
1005 1051 1104 1081 dulcis,
1130 1058 1184 1077 non
1218 1058 1297 1077 sucus
1324 1059 1355 1078 ac
1382 1051 1416 1078 de
1448 1050 1536 1078 mellis
1554 1058 1616 1078 cum
1642 1052 1713 1079 lacte

923 1086 1050 1121 niistione
1076 1085 1182 1113 dixerat
1200 1095 1205 1112 :
1228 1094 1237 1110 ‹
1261 1085 1313 1118 Qui
1336 1087 1428 1121 itaque
1446 1085 1474 1112 in
1495 1085 1626 1120 praedicto
1642 1087 1713 1115 lacte

922 1120 1028 1156 [rigidae
1042 1128 1119 1155 aqua:
1135 1128 1232 1156 panem
1250 1120 1408 1153 exsorbent,
1431 1121 1524 1148 statim
1538 1121 1679 1153 juvantur.
1699 1131 1709 1148 ι

921 1154 1017 1183 Postea
1033 1154 1116 1182 vero:
1135 1154 1145 1181 ἱ
1170 1155 1256 1182 Porro
1280 1160 1369 1183 autem
1387 1156 1518 1183 miscetur
1540 1164 1648 1191 quoque
1671 1158 1713 1184 Iac

922 1191 985 1218 vino
993 1191 1076 1222 dulci,
1089 1194 1131 1217 est
1139 1195 1228 1218 autem
1239 1191 1343 1218 inutilis
1358 1191 1449 1218 mistio
1463 1190 1498 1218 “.
1516 1200 1525 1216 ι
1539 1190 1619 1219 Nulla
1631 1199 1713 1226 porro

922 1226 1027 1253 ratione
1044 1226 1172 1262 conﬁcies
1186 1226 1315 1262 illumhis
1324 1225 1425 1262 verbis,
1440 1225 1532 1260 potius
1544 1225 1711 1262 quam’aliis,

922 1262 955 1288 ad
972 1261 1097 1295 baptismi
1114 1261 1185 1288 ritus
1205 1261 1403 1288 collineavisse.

956 1294 1014 1323 Non
1034 1296 1139 1322 inﬁcias
1165 1301 1255 1323 tamen
1281 1296 1381 1322 ibimus
1402 1294 1501 1322 ibidem
1525 1303 1540 1322 a
1573 1295 1712 1324 Clemente

922 1330 1002 1358 Verbi
1016 1331 1099 1358 divini
1113 1335 1139 1358 et
1154 1331 1325 1365 baptismatis
1345 1338 1407 1357 cum
1423 1330 1500 1357 lactis
1515 1333 1542 1357 et
1559 1338 1636 1365 aqua:
1662 1333 1713 1358 mi-

921 1367 1010 1393 stione
1019 1367 1076 1393 ﬁeri
1089 1366 1329 1400 comparationem.
1341 1365 1393 1392 Sed
1403 1365 1479 1396 nihil,
1491 1366 1564 1400 quod
1576 1367 1608 1393 ad
1620 1374 1711 1394 varios

921 1402 1048 1436 baptismi
1064 1401 1133 1428 ritus
1148 1407 1174 1428 et
1196 1402 1364 1429 ceremonias
1386 1401 1530 1435 pertineat,
1557 1401 1621 1429 inde
1644 1409 1711 1429 con-

921 1437 994 1464 cludi
1011 1440 1111 1471 potest.

955 1472 996 1498 Ad
1011 1470 1137 1499 eumdem
1160 1479 1224 1498 vero
1248 1470 1412 1506 baptismum
1438 1470 1465 1497 id
1483 1471 1567 1506 magis
1586 1475 1712 1506 spectare

920 1492 1575 1541 νίὰἔίυῖἷέίιῖίῖἱῖηόζίῖυίτ’ῥῖἶιίξῖὶἱὶαιὲἷιίὲὖόἓε
1586 1492 1711 1541 arma}:

920 1550 1039 1575 eramus,
1058 1542 1181 1577 protinus
1196 1549 1325 1577 vocamur
1336 1541 1463 1577 discipuli
1470 1541 1508 1577 ".7
1519 1551 1528 1577 ρ
1540 1541 1610 1574 Quid
1624 1543 1709 1574 enim,

920 1585 1022 1612 quaeso,
1036 1576 1079 1604 his
1096 1577 1186 1603 verbis
1205 1576 1278 1603 aliud
1291 1577 1417 1612 Clemens
1440 1576 1595 1610 signiﬁcare
1609 1577 1708 1612 voluit,

920 1611 973 1640 nisi
989 1612 1159 1639 Christianos
1171 1612 1262 1639 statim
1278 1615 1340 1645 post
1348 1611 1482 1646 baptisma
1499 1611 1648 1646 discipulos
1664 1620 1711 1639 vo-

919 1648 993 1674 cari?
1007 1647 1121 1680 Quidam
1146 1652 1235 1673 tamen
1258 1654 1316 1677 eos,
1337 1645 1398 1672 cum
1415 1645 1504 1672 adhuc
1520 1645 1709 1674 catechumeni

919 1687 997 1710 erant
1014 1687 1040 1710 ct
1060 1686 1124 1708 ante
1138 1682 1310 1716 baptismatis
1325 1684 1537 1716 sacramentum,
1551 1689 1584 1708 eo
1600 1683 1711 1710 nomine

919 1718 1068 1752 appellatos
1084 1715 1374 1744 fuisse'tradiderunt.
1398 1715 1630 1752 QuidrautemLSi
1653 1717 1710 1744 haec

919 1751 1066 1788 appellatio
1093 1752 1183 1788 adhuc
1205 1751 1351 1786 impropria
1373 1755 1400 1778 et
1414 1751 1567 1788 anticipata
1584 1751 1714 1788 dicatur?

920 1786 974 1815 Sed
996 1788 1060 1814 illud
1078 1787 1146 1814 tanti
1166 1794 1220 1814 non
1235 1790 1278 1814 est
1293 1786 1432 1818 momenti,
1453 1787 1525 1821 quod
1542 1794 1592 1814 nos
1606 1787 1710 1815 diutius

919 1823 1042 1850 detinere
1050 1823 1160 1849 debeat.

1186 1866 1384 1895 AliTlCULUS
1410 1865 1442 1894 ll.

921 1915 1076 1943 Orthodoxa
1095 1914 1236 1942 Clementis
1251 1913 1283 1940 de
1303 1913 1470 1940 eucharistiw
1485 1917 1650 1940 sacramento
1662 1913 1711 1941 do-

1185 1949 1274 1976 ctrina
1286 1948 1444 1982 explicatur.

954 1995 1141 2024 Orthodoxum
1156 1995 1298 2022 catholicae
1315 1994 1443 2022 Ecclesize
1453 1993 1487 2021 de
1501 1994 1593 2021 divino
1608 1993 1709 2021 eucha-

920 2032 1004 2059 ristia:
1030 2034 1203 2059 sacramento
1226 2030 1334 2064 dogma,
1357 2037 1410 2064 quo
1428 2029 1479 2056 sub
1506 2029 1584 2063 panis
1601 2033 1628 2055 ct
1651 2029 1708 2056 vini

920 2067 1063 2102 speciebus
1078 2073 1170 2102 verum
1185 2073 1247 2102 esse
1262 2063 1524 2102 Christilcorpuset
1545 2063 1706 2099 sanguinem

919 2099 1058 2134 delinitur,
1076 2109 1109 2128 ea
1127 2101 1252 2127 claritate
1273 2104 1300 2127 et
1321 2099 1456 2127 evidentia
1469 2099 1595 2126 Clemens
1613 2103 1708 2126 noster

919 2137 1061 2172 exposuit,
1080 2141 1109 2163 ut
1124 2136 1206 2162 nullis
1221 2142 1340 2172 unquam
1358 2135 1546 2172 haereticorum
1568 2134 1706 2172 hominum

920 2169 1039 2200 tenebris
1057 2172 1168 2201 involvi.
1180 2171 1262 2197 nullis
1272 2178 1366 2198 eortnn
1389 2170 1503 2204 argutiis
1518 2173 1544 2196 et
1559 2169 1709 2197 cavillatio-

920 2209 1001 2234 nibus
1016 2206 1165 2238 .obscurari
1190 2211 1218 2233 et
1247 2205 1406 2232 labefactari
1429 2212 1548 2239 unquam
1577 2204 1706 2239 potuerit.

75 2239 140 2280 ipsa
153 2252 294 2280 nunquam
305 2244 421 2279 amplius
436 2247 531 2280 postea
544 2244 680 2272 recidendi
700 2244 867 2280 propositmn
885 2250 906 2276 ι)
921 2243 991 2280 Audi
1014 2243 1087 2280 enim
1101 2249 1155 2276 quo
1173 2241 1217 2280 ille
1226 2240 1306 2280 modo
1317 2247 1350 2280 ex
1368 2240 1417 2280 hac
1431 2240 1511 2280 plane
1527 2243 1600 2280 certa
1614 2239 1709 2280 etnmi-

78 2279 183 2308 Iiabeat
197 2289 203 2305 :
219 2290 228 2305 ‹
241 2279 295 2306 Nos
311 2287 430 2314 quoque,
449 2279 548 2314 inquit,
566 2285 724 2307 nostrorum
742 2284 868 2314 peccato-

77 2324 142 2343 rum
162 2316 231 2342 moti
248 2315 418 2350 pmnitentia,
433 2314 555 2350 ipsorum
571 2315 745 2350 detrimentis
767 2322 868 2341 renun-

77 2352 195 2383 tiantes,
215 2351 350 2384 baptismo
376 2349 517 2384 percolati,
545 2349 579 2376 ad
605 2355 733 2377 aeternam
762 2357 870 2384 quoque

77 2387 171 2413 lucem
187 2385 364 2416 recnrrimus,
381 2384 427 2411 ﬁlii
443 2387 476 2412 ad
492 2389 594 2419 patrem
604 2385 636 2410 ⁸ο.
648 2395 657 2410 ›

116 2420 184 2448 Tria
209 2422 301 2455 itaque
328 2420 462 2455 baptismo
479 2420 588 2451 debent,
605 2420 744 2448 Clemente
771 2424 868 2448 nostro

74 2460 207 2486 auctore,
226 2454 363 2490 praemitti.
380 2454 502 2482 Primum
517 2455 607 2488 homo,
620 2456 665 2490 qui
683 2455 865 2482 Christianam

77 2493 164 2518 tidem
183 2491 240 2518 vult
258 2490 388 2526 proﬁteri.
400 2492 494 2526 sacris
515 2490 588 2518 illius
604 2491 785 2522 documentis,
803 2499 864 2526 quae

74 2532 139 2552 tum
167 2524 359 2553 catecliesibus
392 2524 571 2557 docebantur,
602 2526 745 2553 informari
773 2524 863 2553 debet.

76 2561 186 2588 Deinde
202 2561 309 2588 tradita:
324 2560 455 2588 doctrinae
471 2561 578 2588 sincera
593 2565 619 2588 et
636 2563 712 2588 lirma
738 2561 864 2588 habenda

75 2600 122 2623 est
140 2598 177 2624 ab
193 2604 226 2624 eo
243 2596 319 2623 ﬁdes.
338 2595 458 2630 Denique
473 2595 594 2622 omnium
612 2597 674 2623 vita:
690 2601 864 2629 peccatorum

76 2633 214 2665 paeniteat
230 2634 356 2666 oportet;
372 2635 454 2666 atque
470 2631 572 2658 idcirco
590 2631 635 2658 illa
654 2631 761 2664 deﬂeat,
779 2632 867 2666 ejuret

72 2671 105 2693 et
123 2668 285 2694 detestetur.

114 2703 169 2736 Qui
187 2706 277 2728 autem
293 2700 327 2727 iis
342 2700 547 2728 conditionibus
569 2700 704 2736 baptismo
729 2701 865 2732 initiatur,

74 2738 102 2764 is
120 2736 260 2773 perfectus
274 2740 332 2767 est;
349 2743 403 2762 non
418 2743 450 2762 ca
466 2740 557 2763 tamen
578 2743 609 2763 ac
629 2741 703 2764 tanta
719 2737 866 2771 perfectio-

115 2815 140 2831 ι·
155 2814 265 2848 Pedag.
277 2813 324 2839 lib.
340 2820 428 2848 t,cap.
444 2812 471 2842 6.
485 2813 603 2848 pag.’95.
653 2814 748 2841 "ibid.

75 2855 148 2878 sort.
165 2851 191 2880 1.
208 2847 269 2882 cap.
287 2849 330 2878 10,
349 2847 362 2882 §
379 2847 405 2874 2.

80 2886 133 2913 tot;
145 2890 174 2913 et
189 2884 251 2912 107.
291 2883 315 2899 ⁸⁵
330 2883 406 2916 ibid..
423 2890 483 2916 pag.
496 2883 536 2911 95.

789 2814 811 2829 ⁸⁰
825 2813 904 2845 ibid..

461 2841 599 2888 ίίξῇευδ.
621 2849 666 2876 lib.
686 2858 711 2877 γι
727 2849 807 2880 llist.,
824 2856 848 2875 ε.
867 2841 903 2888 δέ
918 2841 972 2888 ἰδέ
987 2847 1159 2883 Ριιεάτικηιίιι.
1175 2841 1194 2878 ι;
1209 2841 1270 2879 leaf»
1284 2843 1311 2878 6,
1334 2850 1395 2878 pag.
1412 2842 1472 2870 l07.
1513 2842 1536 2860 ι·
1550 2841 1628 2874 ibid..
1644 2849 1707 2877 pag.

920 2279 993 2305 nime
1013 2277 1094 2304 dubia
1106 2271 1258 2304 assertione
1271 2275 1385 2304 Verbum
1403 2271 1514 2303 inlanti.
1531 2271 1557 2300 id
1569 2280 1611 2302 est
1628 2273 1710 2301 Chri~

920 2313 1010 2341 stiano
1026 2312 1139 2345 homini,
1147 2319 1208 2338 esse
1230 2312 1333 2341 omnia,
1356 2314 1383 2337 et
1405 2314 1519 2344 patrem,
1536 2313 1562 2336 et
1580 2314 1706 2345 matrem.

919 2353 945 2376 et
965 2348 1151 2388 paedagogum,
1161 2350 1190 2388 et
1207 2346 1328 2388 altorem
1336 2345 1531 2388 demonstret;
1546 2353 1565 2388 It
1583 2344 1706 2388 Yet-bunt

918 2388 957 2411 est
966 2379 1064 2410 omnia
1078 2379 1178 2409 infanti
1190 2385 1216 2408 et
1229 2385 1306 2415 pater
1319 2384 1345 2406 et
1362 2384 1448 2406 mater
1460 2383 1487 2406 et
1495 2379 1704 2415 paedagoguset

918 2420 997 2446 altor.
1013 2417 1165 2447 Comedite,
1189 2414 1286 2450 inquit,
1314 2422 1400 2441 meam
1421 2421 1543 2446 carnem,
1569 2419 1597 2441 et
1612 2414 1708 2442 bibite

918 2462 1008 2481 meum
1037 2451 1207 2484 sanguinem.
1230 2450 1292 2477 Haec
1313 2450 1437 2484 apposita
1464 2453 1490 2477 et
1515 2450 1707 2477 convenientia

918 2462 1008 2481 meum
1037 2460 1085 2480 5311
1106 2460 1207 2478 ument.
1230 2460 1292 2477 ΠῈο
1313 2460 1326 2475 il
1349 2460 1437 2484 pUSII-il
1464 2460 1490 2477 ει
1515 2460 1707 2477 υυιινυῐιιθιιιιδ

917 2489 1045 2516 alimenta
1056 2460 1135 2514 neiis
1152 2486 1306 2520 suppeditat
1322 2460 1464 2520 lgominus,
1476 2487 1503 2512 et
1518 2492 1627 2511 carnem
1639 2491 1708 2519 pra?-

918 2525 973 2556 bet,
991 2528 1018 2551 et
1032 2523 1146 2550 eﬁ'undit
1163 2519 1323 2556 sanguinein
1334 2523 1362 2556 et
1367 2519 1410 2556 Aad
1425 2519 1707 2556 increnienturninihil

918 2553 995 2587 deest
1018 2557 1171 2585 inl'antulis?
1188 2553 1392 2583 Oﬁadmirabile
1413 2554 1588 2589 mysterium!
1608 2555 1639 2580 Ὢ
1660 2553 1707 2580 τοῦ

919 2594 1069 2630 παραδόξου
1082 2591 1247 2630 μυστηρίορῑ
1266 2590 1390 2617 Veterem
1410 2589 1588 2630 et_carnalem
1602 2597 1655 2630 nos
1664 2590 1708 2623 ju-

919 2624 966 2657 bet
984 2624 1088 2657 exuere
1099 2624 1316 2664 corruptionem,
1334 2624 1564 2664 quemadmodum
1584 2629 1610 2651 et
1630 2630 1708 2664 vetus

919 2665 1133 2695 nutrimentum,
1163 2659 1276 2690 alterius
1297 2667 1379 2695 novmr
1399 2659 1502 2686 Christi
1534 2659 1620 2686 diaetae
1642 2660 1708 2686 elle-

918 2705 979 2727 ctos
1006 2698 1179 2734 participes,
1199 2697 1292 2734 illum,
1316 2696 1339 2723 si
1367 2694 1425 2722 ﬁeri
1453 2698 1552 2734 potest,
1575 2695 1708 2734 recipien-

919 2739 960 2763 tes
972 2755 979 2767 ,
1006 2729 1037 2761 in
1067 2729 1145 2760 nobis
1163 2729 1241 2767 ipsis
1268 2738 1410 2766 reponere,
1426 2735 1453 2757 et
1470 2729 1643 2758 Servatorem
1664 2731 1707 2756 in-

1373 2807 1396 2822 “
1414 2807 1460 2834 lib.
1483 2814 1504 2833 tt
1520 2806 1633 2841 Appar.,
1652 2805 1710 2832 dis-

923 2811 1045 2848 pagt96.
1083 2810 1195 2848 "ibid,
1209 2816 1270 2844 pag.
1287 2808 1333 2848 94.
