1927 3074
235 126 287 155 ετδ

563 127 600 153 .IN
619 125 829 155 CLEMENTERI
847 126 948 154 ALEX.
969 125 1000 152 Ι).
1019 125 1062 152 LE
1077 124 1220 153 NOUR‘RY
1239 123 1470 152 DlSSERTATlO
1492 125 1511 151 Ι.

1805 123 1855 150 876

235 185 278 213 vis
293 189 382 212 autem
394 185 451 212 haec
466 185 498 212 ad
514 186 552 217 id,
569 186 640 220 quod
656 186 823 220 probandum
840 185 1016 220 aggredieba-
1029 189 1052 217 Α
1067 184 1128 212 bam
1155 184 1189 212 de
1216 185 1305 212 fructu
1325 185 1388 211 vitis
1412 183 1504 218 hujus,
1524 192 1535 220 ξ
1557 190 1612 210 non
1635 181 1756 220 obscure
1769 181 1858 220 innuit

237 225 291 252 tur,
308 221 419 247 omnino
443 221 605 252 sulliccrent,
628 221 689 247 da:a
707 225 797 248 tamen
814 221 969 253 occasione,
986 224 1016 248 ut

238 255 391 283 Enrratitas
406 257 499 283 vinum
515 264 547 283 ex
560 265 589 283 se
602 257 703 282 malum
718 264 778 283 esse
795 256 947 290 garrientes
962 255 1019 283 elli-

236 291 330 318 cacius
346 291 490 322 refellerct,
516 291 570 318 duo
591 292 642 318 alia
660 291 790 319 adversus
805 292 878 318 hunc
895 298 1018 319 errorem

236 326 447 361 demonstranda
465 327 589 361 suscipit.

274 359 396 388 Secunda
411 362 491 395 igitur
504 359 563 396 ejus
581 361 728 396 propositio
744 365 796 391 est.
809 361 950 388 Christum
968 369 1019 388 sae-

237 396 309 430 pius,
324 397 387 423 dum
413 397 525 427 viveret,
542 398 635 423 vinutn
655 397 773 430 bibisse;
792 397 872 423 tertia
890 404 964 427 vero,
979 397 1020 423 vi-

238 440 302 458 tnnu
318 432 351 457 ab
365 439 396 457 co
414 431 441 457 in
457 432 549 458 ultima
572 439 650 458 cmna
667 432 852 459 benedictum.
873 432 926 458 Sed
949 432 1019 458 hanc

238 467 416 501 posteriorem
441 466 556 501 primum
585 467 627 493 his
657 467 753 501 probat
776 467 878 494 Christi
906 467 1016 494 verbis:

239 511 249 527 ι
268 501 326 528 Non
350 501 439 528 bibam
459 510 493 528 ex
510 501 599 528 fructu
623 502 686 529 vitis
710 503 801 536 hujus,
819 503 906 529 donec
927 503 1019 529 bibero

236 537 325 571 ipsum
352 536 378 563 in
399 544 482 571 regno
504 536 592 564 Patris
616 539 678 564 mei.
692 547 701 562 ι
726 537 829 565 Deinde
850 537 947 564 ordine
968 545 1018 572 pa-

235 575 347 606 rumper
364 571 517 608 immutate.
532 572 689 608 secundam
713 572 929 608 propositionem
956 571 1020 599 hinc

236 608 295 642 ipse
313 606 417 642 probat,
434 607 507 641 quod
525 606 652 634 Christus
668 608 750 635 homo
765 606 851 635 vorax
866 611 893 635 et
912 612 1019 642 potator

234 641 292 669 vini
308 641 378 676 apud
392 641 501 669 Judaeos
517 642 644 669 audierit.

272 676 336 704 Haec
351 682 440 704 autem
454 677 477 704 si
497 682 570 705 recte
588 677 756 709 distinxeris,
773 677 901 704 facillime
918 677 1019 704 intelli-

235 720 283 747 ges
298 712 463 739 Clementem
489 712 523 739 de
544 713 708 739 eucharistia
726 713 793 740 nihil
816 713 889 740 aliud
912 713 948 740 ibi
965 717 1019 739 tra—

236 748 311 779 dere,
327 754 458 782 rquamjea
472 754 531 781 quae
545 748 626 775 tertia
645 748 831 782 propositione
849 748 1018 782 complexus,

234 781 388 809 orthodoxo
404 781 532 809 Ecclesia:
548 781 666 817 dogmati
684 781 763 818 plane
775 781 961 810 convenientia
974 791 1020 818 pe-

237 818 367 852 nitusque
386 821 568 844 consentanea
586 822 659 845 sunt.

271 852 342 880 Nihil
356 860 421 887 ergo
443 852 516 886 quod
540 853 574 880 ad
593 860 702 880 errores
726 860 790 881 suos
813 853 856 880 vel
878 852 1020 880 minimum

236 888 383 920 conducat,
400 888 463 914 inde
477 892 592 922 possunt
620 889 755 922 expiscari
766 888 931 915 Calvintanae
942 892 1022 916 sectae

239 923 343 949 addicti
361 922 501 955 homines;
517 923 569 949 nisi
592 923 638 949 illa
652 923 754 954 munia,
768 930 829 958 quae
849 924 916 951 satis
929 927 1022 958 aperte

239 958 369 993 Clemens
386 958 521 988 distinxit,
530 959 598 993 mira
613 965 645 985 ac
655 959 766 985 omnino
778 962 941 993 praepostera
955 967 1022 986 con-

238 992 347 1020 fusione
367 993 532 1027 perturbent.
556 992 700 1028 Egregium
716 992 855 1020 enimvero
877 1000 909 1020 ac
930 994 1023 1021 multi-

238 1028 300 1062 plex
324 1028 351 1054 in
373 1035 429 1054 rem
447 1035 523 1054 suain
546 1032 735 1062 argumentum
758 1036 791 1055 ex
808 1028 850 1056 his
871 1028 1022 1057 Clementis

238 1063 325 1090 nostri
342 1063 432 1089 verbis
448 1071 476 1090 se
494 1063 592 1090 habere
606 1067 682 1098 putat
697 1062 862 1090 Albertiuus.
872 1063 929 1091 Sed
944 1072 1023 1098 aper-

239 1102 295 1124 tam
319 1098 470 1125 doctissimi
496 1099 616 1125 auctoris
640 1099 727 1125 nostri
750 1102 866 1126 mentem
889 1104 1021 1133 quantutn

239 1137 385 1168 pervertat,
402 1134 424 1159 si
440 1133 572 1167 tantisper
586 1133 797 1165 animadvertas,
813 1141 897 1161 vanas
909 1135 968 1168 ejus
980 1143 1023 1161 ea-

240 1169 392 1195 villatioucs
409 1169 482 1195 illico
498 1168 630 1196 dissolch
656 1176 687 1195 ac
703 1168 860 1203 dissipabis.
882 1168 966 1198 Nobis
979 1174 1019 1197 ειη

238 1203 311 1231 enim
326 1204 369 1230 ille
382 1203 478 1237 objicit
492 1203 659 1231 Clementem
684 1203 721 1230 ibi
743 1211 797 1231 non
821 1204 908 1231 solum
925 1204 1023 1232 docere

239 1239 378 1266 Christum
403 1239 430 1264 in
455 1238 621 1266 eucharistia
635 1238 728 1266 vinum
752 1243 780 1266 ct
801 1239 974 1267 benedixisse
996 1245 1023 1267 et

239 1274 361 1306 bibisse;
384 1273 430 1300 sed
460 1274 516 1300 hate
542 1274 657 1308 ipsamet
678 1274 760 1301 etiam
782 1274 886 1302 Christi
910 1275 992 1306 verba
1014 1284 1021 1302 :

241 1317 252 1333 ι
276 1309 325 1336 llic
339 1313 386 1344 est
398 1309 509 1344 sanguis
522 1316 615 1340 meus,
635 1317 645 1334 ι
666 1309 812 1343 allegorico
835 1317 916 1337 sensu
939 1310 1023 1336 inter-

239 1344 350 1378 pretari.
375 1343 409 1380 At
433 1343 459 1371 si
473 1345 507 1370 ab
525 1344 737 1380 ilrlorseisciteris
762 1345 834 1372 unde
856 1345 882 1372 id
906 1346 1024 1380 probare

239 1379 336 1414 possit,
353 1379 457 1406 nullum
477 1379 548 1406 aliud
560 1379 608 1406 tibi
621 1379 742 1414 proferet
756 1380 893 1414 opinionis
910 1387 966 1407 sum
980 1388 1024 1406 ar-

238 1418 412 1448 gumentum;
438 1414 491 1441 nisi
514 1415 692 1445 Clementem,
712 1414 757 1441 ubi
777 1415 830 1441 alia
852 1416 908 1442 haec
931 1415 1025 1442 citavit

239 1450 341 1477 Christi
355 1450 455 1476 verba:
472 1458 480 1474 ι
495 1449 553 1476 Non
569 1449 660 1476 bibam
676 1457 708 1476 ex
725 1449 815 1476 fructu
830 1450 894 1478 vitis
907 1449 999 1484 hujus,
1012 1460 1021 1475 ι

239 1485 308 1511 nihil
323 1492 371 1520 per
385 1483 503 1511 fructum
520 1484 587 1520 vitis,
603 1484 770 1512 intellexisse
790 1485 862 1512 aliud
887 1483 968 1520 quam
984 1486 1024 1512 vi-

240 1527 306 1546 num
323 1527 337 1546 a
355 1519 465 1546 Christo
480 1519 507 1546 in
530 1519 696 1547 eucharistia
717 1523 849 1554 putatum.
874 1519 974 1547 verum
990 1528 1022 1547 ex

241 1554 368 1590 superius
382 1555 471 1581 allatis
483 1560 510 1581 et
523 1554 549 1581 in
565 1562 643 1582 suum
660 1555 748 1581 locum
758 1556 892 1582 restitutis
900 1555 1025 1583 Clemen-

241 1590 277 1616 tis
293 1597 354 1616 cum
370 1590 604 1624 propositionibus
628 1594 684 1616 tum
711 1591 928 1624 probationibus,
945 1591 1023 1622 nulli,

241 1626 280 1652 uti
305 1628 443 1659 putamus,
460 1625 606 1652 obscurum
629 1625 745 1652 amplius
771 1633 832 1652 esse
856 1630 944 1660 potest
969 1627 1026 1652 hzec

241 1660 342 1696 Christi
356 1661 437 1696 verba
452 1668 466 1686 a
481 1660 619 1696 Clemente
632 1667 686 1696 non
702 1660 763 1687 ideo
775 1660 866 1693 citari,
885 1665 914 1687 ut
927 1661 1026 1696 proba-

241 1698 285 1722 ret
300 1695 438 1722 Christum
457 1695 484 1721 in
501 1695 666 1722 eucharistia
685 1695 776 1722 vinum
798 1696 910 1727 bibisse,
928 1695 975 1723 sed
998 1700 1026 1722 ut

242 1729 310 1756 illud
325 1735 420 1756 contra
436 1730 590 1757 Eucratitas
607 1730 641 1756 ab
657 1737 689 1756 eo
702 1730 874 1757 benedictum
891 1735 973 1766 atque
985 1731 1026 1758 id-

241 1766 316 1792 Cil‘CO
331 1769 428 1791 natura
445 1773 495 1792 sua
513 1766 613 1792 bonum
628 1772 689 1792 CSSC
702 1766 885 1793 convinceret.

278 1799 364 1827 Instat
388 1804 478 1827 tamen
503 1800 659 1836 Albertinus
682 1800 718 1827 ibi
741 1800 891 1829 Clementis
912 1807 1025 1836 scopum

242 1843 296 1862 non
316 1842 387 1871 esse,
408 1838 438 1861 ut
452 1836 517 1871 data
534 1842 616 1870 opera
630 1835 785 1862 Encratitas
805 1836 920 1870 refellat,
937 1835 1025 1871 quan-

241 1870 396 1906 doqm‘dcm
410 1870 478 1897 nihil
494 1870 573 1904 plane
587 1870 719 1898 adversus
737 1878 784 1898 eos
803 1872 926 1905 protulit,
945 1870 1025 1906 quam

243 1905 269 1932 id
285 1905 358 1940 quod
370 1905 408 1932 ab
427 1905 473 1932 illo
487 1906 577 1933 obiter
593 1909 619 1932 et
638 1906 775 1932 corollarii
787 1906 874 1933 instar
887 1907 920 1933 ad
945 1905 1025 1941 hujus

243 1941 295 1968 loci
311 1942 392 1968 tinent
415 1941 552 1975 adjectum
568 1944 620 1967 est.
645 1941 724 1973 Esto;
745 1941 810 1976 quid
832 1942 913 1969 inde?
932 1941 1026 1969 Nonne

241 1977 311 2004 satis
326 1980 368 2004 est
390 1979 418 2002 ut
434 1975 569 2008 Clemens,
582 1979 652 2008 orta,
671 1976 708 2002 uti
724 1975 854 2008 diximus,
871 1978 1024 2009 occasione,

243 2011 398 2038 Encratitas
416 2011 592 2043 confutando,
612 2015 707 2038 contra
728 2019 821 2038 eorum
847 2012 971 2039 haeresim
986 2013 1027 2038 vi-

243 2054 309 2073 num
325 2047 353 2074 in
368 2046 534 2074 eucharistia
558 2053 573 2072 a
597 2045 707 2073 Christo
726 2046 897 2074 benedictum
915 2047 1026 2074 demon-

243 2085 330 2115 stret;
355 2089 409 2116 quo
435 2081 497 2108 inde
521 2081 589 2108 nihil
613 2089 725 2116 prorsus
743 2086 841 2109 contra
857 2089 978 2109 nostram
994 2082 1028 2110 de

243 2116 418 2144 eucharistiaa
440 2121 611 2144 sacramento
635 2118 798 2144 sententiam
821 2118 855 2144 ab
873 2118 920 2144 illo
935 2125 1027 2145 asser-

243 2157 301 2179 tum
315 2152 491 2178 invictissime
508 2151 721 2178 concludamus?

280 2187 392 2214 Frustra
407 2194 471 2213 vero
484 2191 510 2213 et
526 2195 666 2221 perperam
690 2187 772 2214 instat
793 2187 950 2215 Albertinus
966 2187 1027 2214 Cle-

244 2213 361 2262 tuentem
378 2221 431 2257 43
447 2213 625 2262 nonaliuitde
640 2213 948 2262 quantexkeuclniristia
962 2213 1026 2258 pro-
1042 2213 1065 2242 ί)

245 2258 312 2284 bare
335 2257 428 2284 vinum
450 2264 464 2282 a
486 2257 595 2284 Christo
616 2261 748 2291 putatum.
767 2257 806 2284 Ex
823 2258 865 2285 his
879 2257 1028 2290 enimvero,

244 2301 306 2327 quia
334 2292 387 2326 jam
412 2291 566 2323 retulimus,
594 2292 706 2319 cuilibet
730 2293 839 2320 sincero
865 2297 892 2320 et
918 2293 1030 2320 cordate

245 2327 350 2355 homini
373 2327 546 2361 perspicuum
568 2335 627 2355 esse
647 2327 736 2359 debet,
758 2328 822 2354 illud
845 2335 859 2353 a
879 2327 1028 2360 Clemente,

246 2371 301 2390 non
315 2370 347 2389 ex
373 2362 471 2398 allatis
487 2362 520 2398 ab
543 2363 637 2390 eodem
654 2362 794 2389 Albertino
816 2363 907 2390 verbis
927 2364 1029 2398 colligi,

246 2399 295 2425 sed
309 2398 372 2432 quia
387 2396 473 2424 Judaei
489 2397 598 2424 Christo
616 2398 672 2424 vini
690 2399 892 2433 exprobrabant
912 2396 1030 2433 palatii»

246 2439 319 2460 nem.

285 2467 476 2494 Verumtamen
490 2467 607 2502 insurgit
622 2467 711 2494 adhuc
724 2467 880 2495 Albertinus
895 2473 921 2495 et
932 2468 1031 2495 clamat

245 2502 386 2530 Christum
402 2503 430 2530 in
445 2503 608 2530 eucharistia
620 2503 711 2529 viuum
726 2502 828 2530 bibisse
842 2503 892 2530 hoc
907 2503 1031 2530 Clemen-

246 2539 284 2564 tis
299 2538 395 2564 conlici
420 2542 580 2573 argumento
593 2547 629 2573 :‘t
653 2537 736 2564 Certo
752 2540 861 2570 scitote,
882 2539 940 2573 ipse
963 2546 1032 2572 quo-

246 2580 301 2606 que
317 2574 381 2599 vino
405 2571 472 2600 usus
491 2577 543 2600 est.
562 2582 571 2598 ι
598 2571 632 2598 At
647 2573 715 2599 nihil
731 2574 854 2607 profecto
880 2571 900 2599 τί
918 2571 1032 2601 veritate

247 2609 335 2642 magis
352 2608 469 2635 alienum
492 2608 555 2643 tingi
573 2611 692 2642 u'nquam
712 2612 829 2643 poterat.
851 2607 978 2635 Clemens
992 2609 1031 2636 si-

247 2643 442 2678 quidemrnihil
455 2643 537 2678 plane
553 2643 596 2669 his
610 2643 701 2670 verbis
721 2643 891 2677 probandutn
910 2644 1032 2678 aggredi-

247 2683 304 2708 tur,
322 2677 369 2705 sed
393 2678 544 2713 generalem
560 2679 753 2705 tantummodo
772 2679 899 2714 proponit
921 2677 1031 2711 thesim,

247 2720 330 2746 quam
346 2718 441 2750 postea
457 2713 597 2748 peculiari,
614 2714 651 2750 uti
667 2713 842 2741 observatum
858 2718 909 2746 est,
927 2714 1033 2741 ratione

247 2749 445 2782 comprobavit.

285 2781 349 2813 His.
378 2783 484 2810 tametsi
509 2782 704 2814 validissimis,
726 2783 862 2810 rationum
888 2783 1033 2812 momentis

248 2818 370 2845 nondum
385 2819 464 2853 plane
479 2818 567 2854 victus
582 2819 740 2846 Albertinus
756 2823 832 2854 urget
855 2823 882 2846 et
903 2819 953 2845 ait:
971 2819 1032 2846 Cle-

247 2860 336 2888 mens,
353 2862 413 2881 cum
429 2853 496 2881 illud
510 2853 612 2880 Christi
629 2854 739 2881 ell'atum
763 2853 866 2883 rel'crt;
885 2864 896 2880 ι
915 2854 973 2882 Non
992 2855 1033 2882 bi-

1069 220 1210 250 Christum
1233 220 1303 247 idem
1322 217 1493 246 benedixisse
1512 219 1615 255 vinum,
1640 217 1715 252 quod
1732 221 1793 255 post
1811 217 1854 255 be-

1068 257 1249 285 nedictionem
1272 255 1510 292 biberat».»Nonne
1531 254 1613 284 enim,
1631 255 1726 292 arguit
1749 253 1806 292 ille,
1826 253 1856 278 ea

1069 293 1150 320 verba
1162 291 1300 318 Christum
1315 291 1341 317 in
1357 290 1452 316 ultima
1469 296 1558 320 cteua,
1578 295 1610 314 ac
1629 287 1745 322 prciude
1765 287 1792 314 in
1809 294 1856 313 eu-

1069 327 1200 356 charistia
1219 326 1311 352 vinum
1330 325 1432 361 bibisse
1454 323 1630 361 significant?
1647 323 1701 361 Sed
1718 322 1857 361 leve

1069 367 1096 391 et
1123 363 1196 389 iners
1228 360 1361 388 Albertini
1389 357 1552 393 telumrjam
1585 359 1751 385 retudimus.
1786 357 1856 384 Nihil

1069 399 1169 434 quippe
1180 396 1308 434 Clemens
1324 395 1366 434 his
1384 395 1475 434 verbis
1485 394 1603 434 amplius
1620 393 1740 434 probare
1761 393 1856 434 voluit,

1069 427 1150 469 quam
1176 432 1274 469 tactam
1298 438 1312 457 a
1337 427 1858 469 Christovini—benedictionem..Fas

1070 463 1160 496 autem
1181 467 1249 494 nulli
1274 474 1393 501 unquam
1418 465 1468 492 fuit
1491 472 1533 501 ex
1549 465 1631 491 claris
1658 468 1685 491 et
1704 463 1857 501 perspicuis

1070 502 1216 537 cujuslibet
1231 499 1373 536 scriptoris
1390 499 1594 537 verbisinferrc
1608 507 1672 537 eum
1691 500 1770 534 plura
1794 506 1858 533 pro-

1068 534 1149 567 basse
1165 545 1246 572 quam
1262 534 1377 571 probare
1386 535 1514 563 voluerit.
1531 534 1617 572 secus
1625 534 1704 572 _en_im
1716 542 1750 560 ex
1766 538 1859 560 aucto-

1070 583 1130 601 rum
1154 570 1326 600 sermonibus
1349 575 1376 599 et
1400 570 1568 605 argumentis
1591 570 1704 596 inﬁnitae
1723 572 1859 605 retrsaepe

1070 609 1169 644 sacpius
1195 606 1399 644 absurdissima;
1424 604 1486 633 elici
1513 609 1623 640 possent
1651 604 1859 644 conclusiones,

1070 640 1139 680 quas
1161 644 1189 670 in
1212 646 1329 670 mentem
1349 641 1416 676 ipsis
1436 648 1576 675 nunquam
1602 640 1711 667 venisse
1733 640 1861 667 certissi-

1071 681 1144 706 titum
1163 683 1216 705 est.

1105 714 1161 748 Age
1176 721 1257 745 vero;
1271 711 1337 747 quid
1352 711 1478 748 prohibet
1498 710 1645 748 quominus
1661 709 1758 748 citatis
1777 710 1852 748 _Chri

1071 750 1106 777 sti
1122 745 1212 776 verbis
1228 745 1522 782 Clet'uens’probaverjt
1538 745 1681 782 vinumrab
1696 746 1758 780 ipso
1775 745 1860 772 fuisse

1071 784 1258 814 benedictum,
1275 782 1347 817 quod
1361 782 1475 817 ipsemet
1489 781 1617 817 Christus
1637 781 1669 817 in
1688 788 1772 817 suum
1797 788 1860 807 san-

1071 820 1179 855 guinem
1198 822 1260 852 post
1283 815 1531 855 consecrationem,
1551 819 1580 855 tit
1599 815 1720 850 theologi
1741 816 1861 855 loquun-

1073 851 1128 886 tur,
1149 851 1294 883 mutatum,
1314 856 1341 880 et
1365 852 1454 880 adhuc
1477 851 1534 879 vini
1549 851 1664 878 formam
1689 855 1717 878 et
1740 851 1861 886 speciem

1073 896 1240 917 conservans
1253 887 1369 915 biberit?

1109 926 1142 952 At
1156 931 1239 959 porro
1253 923 1324 950 ttltra
1348 923 1437 950 adhuc
1452 921 1668 959 progrediamur,
1683 923 1708 948 e'.
1733 929 1799 959 cpm
1818 921 1862 946 Al-

1073 956 1181 988 bertino
1197 959 1336 986 liberalius
1357 956 1480 993 agentes,
1497 956 1548 992 ipsi
1558 958 1667 993 demus,
1683 956 1761 993 quod
1775 962 1861 983 tanto-

1074 1001 1137 1030 pere
1151 994 1236 1028 cupit,
1254 992 1536 1030 Clementem_dixrisse
1549 992 1691 1030 Christum
1713 992 1743 1018 in
1765 992 1862 1030 epcha:

1074 1026 1152 1057 iistia
1175 1026 1278 1056 bibisse
1293 1029 1395 1056 vinum.
1413 1028 1494 1061 Quid.
1519 1035 1621 1063 quaeso,
1639 1026 1703 1054 inde
1719 1027 1862 1063 proﬁciet?

1073 1065 1146 1092 Nihil
1161 1072 1236 1092 sane.
1255 1063 1374 1091 Tametsi
1387 1065 1459 1091 enim
1480 1063 1506 1090 id
1521 1062 1700 1093 concedatur,
1717 1062 1810 1089 adhuc
1823 1062 1861 1088 ni-

1074 1100 1221 1128 hilominus
1239 1103 1333 1134 postea
1355 1099 1548 1134 inquirendum
1563 1098 1627 1134 erit,
1643 1096 1712 1132 quid
1732 1097 1860 1134 Clemens

1076 1144 1085 1161 ι
1108 1135 1161 1163 vini
1177 1145 1186 1161 ι
1205 1133 1325 1166 nomine,
1355 1133 1467 1169 an’cjus
1493 1133 1687 1163 substantiam,
1711 1133 1755 1159 vel
1775 1140 1860 1169 rema-

1074 1175 1171 1198 nentes
1189 1170 1365 1204 apparentias
1386 1168 1560 1197 intellexerit.
1576 1168 1644 1204 Cum
1667 1175 1734 1194 vero
1752 1168 1861 1194 aliunde

1074 1206 1153 1233 nobis
1177 1202 1284 1232 constet
1303 1204 1436 1232 Clementi
1457 1204 1543 1231 fuisse
1563 1202 1676 1230 omnino
1697 1210 1861 1237 persuasum

1074 1242 1100 1267 in
1111 1240 1282 1268 eucharistiae
1297 1244 1468 1267 sacramento
1481 1246 1576 1274 panem
1591 1242 1618 1274 et
1632 1238 1727 1265 vinum
1744 1239 1773 1265 in
1787 1237 1864 1274 Chri-

1074 1277 1109 1303 sti
1123 1283 1225 1310 corpus
1238 1280 1264 1302 et
1277 1275 1436 1309 sanguinem
1452 1273 1562 1305 mutari,
1579 1273 1703 1310 nihilque
1721 1281 1786 1300 eum
1801 1273 1861 1299 huic

1074 1309 1216 1338 sententiae
1243 1310 1391 1345 quidquam
1420 1310 1604 1340 contrarium,
1636 1309 1679 1336 vel
1706 1315 1861 1345 repugnans

1075 1346 1186 1381 scriptis
1203 1343 1368 1378 tradidisse;
1389 1346 1456 1381 quid
1469 1345 1654 1381 aliudrrestat,
1672 1343 1775 1381 nisiut
1787 1351 1861 1370 eum-

1075 1379 1139 1408 dem
1152 1381 1319 1408 Clementem
1341 1380 1387 1407 illo
1398 1379 1459 1407 Vviui
1480 1380 1591 1406 nomine
1609 1380 1696 1405 solam
1718 1379 1776 1406 vini
1800 1387 1861 1413 spe-

1075 1416 1186 1471 cicmvet
1206 1416 1393 1452 appar-entiam
1409 1415 1577 1442 intellexisse
1605 1418 1771 1442 constanter
1789 1413 1862 1440 dica-

1076 1458 1137 1471 ηιιιε

1076 1458 1151 1478 must

1111 1485 1171 1513 Non
1191 1486 1308 1520 amplius
1330 1486 1422 1520 itaque
1442 1484 1594 1512 audiendus
1619 1488 1661 1512 est
1682 1483 1863 1515 Albertinus,

1076 1522 1123 1556 qui
1137 1521 1259 1548 eamdem
1282 1521 1444 1548 cantilenam
1461 1521 1560 1555 saepius
1576 1520 1655 1547 nobis
1671 1520 1863 1556 insusurrans.

1077 1555 1115 1583 ait
1139 1556 1271 1584 Clementi
1295 1556 1456 1591 sanguinem
1476 1556 1540 1582 vitis
1563 1555 1639 1581 illum
1660 1562 1734 1586 esse,
1758 1555 1865 1591 dequo

1077 1592 1203 1619 Christus
1226 1591 1315 1618 dixit:
1341 1589 1416 1618 (Hic
1433 1595 1476 1617 est
1501 1591 1612 1625 sanguis
1637 1598 1727 1617 meus.
1749 1599 1759 1614 ι
1785 1589 1865 1623 Atqui

1078 1627 1188 1662 sanguis
1205 1627 1268 1653 vilis
1291 1631 1334 1653 est
1354 1627 1458 1662 viuum.
1477 1624 1562 1660 Ergo,
1581 1625 1723 1662 concludit
1745 1624 1865 1662 Alberti-

1077 1660 1140 1693 nus,
1153 1662 1250 1689 viuum
1261 1662 1339 1696 juxta
1354 1661 1502 1688 Cletuentis
1523 1661 1678 1695 opinionem
1694 1665 1744 1696 est?
1753 1660 1866 1694 sanguis

1077 1697 1189 1729 Christi,
1207 1695 1268 1723 non
1285 1697 1394 1731 quidem
1423 1704 1503 1723 verus
1525 1704 1557 1722 ac
1574 1703 1621 1730 per
1635 1702 1722 1722 venas
1739 1695 1774 1731 in,
1787 1703 1866 1721 omne

1077 1739 1177 1767 corpus
1200 1730 1432 1766 reipsa’dillusus,
1454 1731 1501 1759 sed
1522 1731 1629 1766 typicus
1647 1734 1674 1757 et
1691 1730 1814 1765 imagine
1831 1735 1868 1756 te-

1077 1775 1129 1794 nus
1146 1774 1176 1794 ac
1198 1767 1294 1794 ﬁxura.

1112 1775 1310 1842 i'eii'tnnligq’tigin
1332 1801 1428 1842 frivola
1443 1805 1475 1842 _ct
1496 1801 1640 1842 nugatoria
1655 1801 1691 1828 sit
1707 1801 1869 1842 hiecargu-

1077 1838 1218 1868 mcntatio,
1231 1836 1287 1872 jam
1302 1844 1317 1864 a
1335 1837 1413 1864 nobis
1434 1836 1652 1864 demonstratum
1672 1843 1725 1863 est.
1749 1836 1785 1863 Ut
1806 1837 1869 1862 inde

1077 1873 1149 1899 enim
1177 1872 1279 1907 aliquid
1300 1872 1470 1903 conﬁciatur,
1494 1872 1572 1906 prius
1595 1871 1751 1903 Albertino,
1787 1872 1868 1907 sicuti

1079 1907 1210 1939 diximus,
1223 1906 1396 1942 probandum
1409 1911 1466 1934 erat
1480 1907 1524 1933 illa
1540 1907 1650 1942 Christi
1661 1907 1764 1933 verba:
1787 1916 1796 1932 ‹
1820 1906 1870 1933 llic

1076 1947 1118 1970 est
1132 1941 1243 1977 sanguis
1257 1950 1344 1974 meus,
1365 1943 1468 1969 fructus
1482 1942 1560 1973 vitis,
1581 1952 1590 1968 ι
1609 1949 1625 1968 a
1637 1941 1782 1969 Clemente
1800 1950 1871 1968 nun-

1077 1986 1159 2012 quam
1174 1979 1227 2005 alio
1241 1985 1321 2012 quant
1338 1977 1484 2012 allegorice
1497 1985 1579 2005 sensu
1592 1977 1691 2012 accipi.
1707 1977 1741 2003 At
1759 1977 1806 2004 ille
1821 1985 1870 2004 nec

1078 2011 1104 2040 id
1126 2013 1233 2047 probat,
1251 2011 1306 2039 inec
1328 2011 1446 2047 probare
1471 2021 1590 2047 utiquam
1614 2011 1714 2047 potuit.
1736 2011 1872 2045 Quinimo

1077 2055 1108 2075 ea
1130 2055 1194 2075 vero
1214 2052 1241 2075 et
1261 2048 1371 2075 litterati
1391 2056 1474 2076 sensu
1499 2049 1534 2075 ab
1551 2048 1599 2075 illo
1618 2048 1704 2074 luisse
1728 2048 1871 2082 explicat:

1078 2083 1158 2118 plane
1173 2083 1353 2111 convicimus.

1112 2117 1255 2146 Postremo
1279 2118 1357 2146 nobis
1372 2118 1461 2145 adhuc
1476 2118 1578 2153 regerit
1598 2118 1761 2145 Albertinus
1779 2125 1795 2143 a
1811 2117 1872 2144 Cle-

1079 2157 1169 2180 mente
1181 2157 1276 2180 nostro
1287 2154 1386 2181 ibidem
1400 2157 1493 2188 aperte
1503 2153 1646 2188 prazdicari
1662 2163 1672 2178 ι
1691 2152 1819 2179 fructum
1834 2153 1873 2179 vi-

1078 2188 1114 2224 tis
1129 2197 1138 2214 ι
1156 2189 1183 2215 in
1204 2196 1237 2216 eo
1251 2188 1352 2216 Christi
1370 2189 1544 2223 pronuntiato
1556 2188 1701 2224 allegorice
1712 2188 1873 2224 signiﬁcare

1078 2223 1197 2250 Verbum
1214 2231 1263 2258 pro
1280 2224 1372 2251 multis
1387 2224 1513 2255 eli'usum,
1532 2224 1560 2250 id
1572 2223 1624 2255 est,
1641 2228 1671 2250 ut
1690 2224 1728 2249 ait
1750 2223 1874 2250 Alberti-

1082 2266 1145 2289 nus.
1162 2257 1308 2294 mysticum
1323 2258 1406 2286 Verbi
1427 2259 1587 2292 sanguinem
1604 2266 1652 2293 pro
1670 2258 1768 2294 multis
1789 2257 1817 2284 in
1834 2267 1874 2285 re—

1082 2294 1239 2321 missionem
1260 2299 1434 2329 peccatorum
1455 2295 1569 2321 etl‘usum
1585 2294 1681 2320 fuisse.
1701 2293 1758 2329 Sed
1777 2294 1818 2320 ibi
1832 2294 1875 2320 AI-

1083 2329 1207 2356 bertinus
1229 2328 1310 2356 solito
1326 2333 1353 2356 et
1373 2329 1405 2356 ad
1422 2337 1552 2357 nauseam
1568 2329 1684 2364 repetito
1698 2328 1875 2362 sophismata

1081 2372 1223 2400 perperam
1242 2365 1372 2392 abutitur.
1396 2364 1523 2399 Nunquid
1544 2365 1616 2391 enim
1635 2364 1788 2400 allegorica
1807 2373 1867 2400 quo

1084 2399 1208 2426 rutndam
1231 2399 1379 2434 Scriptura).
1395 2400 1540 2427 verborum
1562 2399 1754 2434 interpretatio
1768 2399 1875 2426 littera-

1083 2434 1135 2461 lem
1147 2434 1254 2461 illorum
1270 2442 1379 2463 sensum
1395 2435 1531 2462 excludit?
1542 2434 1609 2467 Quis
1628 2435 1718 2462 nescit
1733 2435 1875 2470 multipli-

1081 2477 1142 2496 cem
1161 2477 1223 2496 esse
1239 2470 1387 2504 Scriptura:
1401 2478 1521 2500 sensum,
1538 2477 1587 2497 nec
1606 2477 1701 2500 unum.
1720 2469 1762 2495 uti
1782 2470 1839 2503 jam
1861 2477 1875 2496 ι

1082 2503 1162 2532 nobis
1176 2503 1347 2532 observatum
1361 2509 1412 2537 est,
1427 2512 1546 2540 unquam
1558 2505 1592 2531 ab
1603 2505 1656 2532 alio
1669 2504 1783 2531 extrudi
1795 2505 1808 2532 1?
1818 2504 1877 2531 Cie

1082 2547 1161 2567 mens
1175 2540 1268 2574 igitur,
1286 2541 1394 2567 tametsi
1413 2540 1514 2567 Christi
1535 2540 1645 2566 effatum
1661 2540 1815 2574 allegorice
1835 2541 1876 2566 in-

1082 2578 1292 2608 terpretaretur,
1308 2582 1363 2602 non
1382 2580 1463 2610 negat
1481 2580 1570 2602 tamen
1586 2575 1653 2601 illud
1671 2579 1700 2601 et
1711 2575 1833 2610 litterali
1849 2578 1875 2601 et

1083 2610 1176 2636 nativo
1193 2617 1274 2637 sensu
1295 2618 1377 2645 posse
1400 2609 1432 2637 ac
1455 2610 1555 2637 debere
1574 2609 1699 2644 intelligi.
1711 2609 1790 2636 Nihil
1808 2617 1875 2643 ergo

1083 2645 1138 2681 egit
1148 2644 1316 2675 Albertinus,
1330 2645 1398 2672 nillil
1414 2646 1494 2681 etiam
1508 2649 1567 2679 aget
1580 2645 1694 2681 quilibet
1706 2645 1872 2675 Calvinista,

1083 2680 1135 2707 nisi
1152 2680 1225 2707 clare
1245 2681 1323 2707 nobis
1340 2680 1467 2707 ostendat
1482 2680 1649 2707 Clementem
1663 2687 1695 2707 eo
1710 2681 1833 2715 mystico
1850 2685 1874 2706 et

1083 2715 1230 2750 allegorice
1259 2723 1340 2743 sensu
1367 2716 1404 2742 ita
1432 2722 1539 2750 semper
1567 2715 1735 2750 explicuisse
1766 2715 1872 2742 Christi

1083 2752 1184 2782 verba,
1203 2755 1232 2777 ut
1252 2751 1296 2777 illa
1319 2757 1457 2785 nunquam
1479 2751 1588 2778 litterali
1605 2750 1810 2785 signiﬁcatione
1827 2758 1861 2777 ex

1084 2785 1178 2819 plicari
1204 2793 1283 2820 posse
1302 2786 1343 2812 vel
1365 2784 1449 2813 semel
1469 2786 1571 2812 alicubi
1585 2785 1744 2813 tradiderit.
1769 2785 1829 2812 Sed
1848 2784 1873 2811 id

1085 2821 1186 2853 nullus,
1210 2821 1248 2847 uti
1269 2822 1326 2856 jam
1347 2820 1446 2855 saapius
1470 2821 1571 2848 dictqu
1590 2825 1646 2856 est1
1669 2821 1800 2855 probavit
1827 2829 1874 2856 un-

1084 2863 1176 2890 quam,
1191 2860 1237 2883 aut
1253 2857 1381 2892 deinceps
1393 2856 1558 2891 probaturus
1567 2860 1620 2885 est.
1633 2855 1756 2892 Denique
1768 2855 1873 2883 nemini
