1927 3074
84 149 132 175 877

356 146 448 174 ΑΜΕ
467 146 499 174 IN
518 145 814 174 COHORTATIONEM
829 145 874 173 ET
891 145 1116 174 PEDAGOGUM
1136 145 1431 175 OBSERVATIONES.

1644 148 1697 177 878

85 213 146 234 sane
160 205 327 240 inexpertum
344 204 436 242 plures
456 212 487 242 ex
511 204 561 242 iis,
579 211 648 242 quos
669 204 749 231 etiam
772 203 861 230 Calvi-
875 210 899 235 Α
912 207 1012 242 rusque
1025 204 1173 242 evanescit.
1198 203 1297 232 Verum
1318 206 1351 232 de
1367 205 1411 232 his
1425 204 1514 232 fusius
1531 204 1558 232 in
1573 207 1698 242 sequenti

84 242 157 269 nisuc
170 241 203 268 de
221 241 391 268 sutismntiali
407 240 485 274 panis
498 245 525 266 et
538 240 593 266 vini
606 241 633 266 in
648 247 748 273 corpus
758 244 785 266 et
796 247 860 266 san-

84 277 185 312 guinem
200 275 300 302 Christi
317 275 498 312 conversione
512 275 591 310 plane
608 281 755 312 persuasos
774 274 861 312 fuisse

85 309 247 341 concedunt,
269 310 367 337 multas
394 309 536 345 agnovisse
569 311 647 345 panis
676 313 702 336 et
725 309 798 342 vini,
829 317 860 336 ac

85 347 212 373 variarum
246 346 387 380 utriusque
417 345 733 380 qualitatum'mysticas
756 345 859 380 signiti—

84 382 206 409 cationes.
236 381 306 413 Quid
335 382 418 415 igitur
445 384 517 407 vetat
556 382 702 414 quominus
734 381 859 407 Clemens

83 417 181 452 aliquas
202 416 326 443 similiter
349 416 505 451 agnoverit,
529 416 699 448 indicaverit,
726 415 860 451 probave-

84 453 137 480 rit?

115 488 220 514 Certum
235 490 278 514 est
294 486 376 520 igitur
388 486 454 513 nihil
473 493 586 520 prorsus
599 494 631 513 ex
647 485 795 513 Clementis
810 493 859 513 no-

84 524 128 549 stri
146 522 234 548 verbis
248 522 338 557 colligi
357 530 446 556 posse,
465 522 536 556 quod
557 529 634 557 sanae
655 526 681 548 et
700 522 859 548 orthodoxa:

82 557 112 584 de
131 557 301 584 eucharistia:
315 555 496 584 sacramento
516 555 668 583 definitioni
688 556 857 589 adversetur,

83 593 132 619 imo
143 600 204 619 vero
217 593 290 626 quod
315 592 366 627 ipsi
386 599 441 618 non
458 592 493 619 sit
505 592 617 618 omnino
632 596 856 619 consentaneum.

83 628 112 653 At
126 628 146 654 si
163 628 265 658 omnia,
283 635 343 661 quae
360 627 492 654 hactenus
508 627 629 654 exhibita
645 631 719 658 sllttl,
737 627 809 654 illius
825 627 859 654 de

82 662 167 690 eodem
192 663 365 690 eucharistize
392 666 562 689 sacramento
584 662 738 689 testimonia
766 670 858 689 secum

82 698 167 724 sedulo
193 702 411 733 componantur,
439 698 555 732 quisque
586 697 662 724 falsis
691 698 858 731 quibusdam

81 733 238 767 praeiudiciis
256 740 311 760 nou
335 733 447 760 omnino
471 733 625 760 obt-tecatus
650 733 857 761 evidentissime

82 769 228 802 perspiciet,
247 776 339 795 veram
355 772 382 795 et
395 768 557 795 catholicam
571 768 604 795 de
620 768 670 794 hoc
683 768 801 795 mirabili
814 775 858 794 sa-

81 807 210 830 cramento
223 804 376 830 doctrinam
392 811 406 830 a
418 804 558 830 Clemente
570 807 675 834 nostro,
690 804 718 830 in
735 803 778 830 his
793 810 858 838 prm-

81 840 166 864 scrtim
180 839 265 868 libris.
283 839 329 865 ubi
344 838 377 866 de
387 846 419 866 eo
435 846 489 865 non
509 846 542 866 ex
559 838 694 873 professo,
711 838 757 865 sed
769 839 857 865 obiter

80 877 176 912 unitum
194 873 335 912 disputat,
359 882 415 901 non
440 875 563 909 potuisse
589 873 691 901 clarius
717 875 804 902 asseri
831 877 859 902 et

81 909 200 943 explicari
208 926 216 934 .

327 966 526 995 ABTICULUS
543 967 587 995 Ill.

83 1022 114 1050 De
126 1024 205 1050 sacris
221 1024 446 1060 ordinationibus,
461 1029 486 1051 et
499 1026 710 1060 presbyterorum
724 1026 858 1060 episcopo-

110 1068 212 1094 rumque
232 1059 335 1086 ordinis
356 1059 516 1094 di/ferentia,
532 1060 564 1086 de
583 1059 795 1095 presbyterorum
811 1059 859 1089 'oe-

111 1095 262 1127 nedictione,
280 1103 312 1121 ac
331 1095 362 1121 de
374 1100 466 1122 sancto
482 1096 646 1123 matrimonii
657 1104 717 1123 usu.

875 1099 896 1127 B

110 1150 237 1188 Omnibus
252 1151 321 1178 illud
335 1152 429 1179 sedulo
443 1152 725 1183 animadvertendum,
740 1154 812 1188 quod
826 1154 859 1180 de

80 1187 153 1222 rariis
176 1187 308 1214 Ecclesiae
331 1188 476 1218 ministris,
499 1188 599 1222 quibus
619 1189 693 1215 varia
721 1187 756 1215 in,
773 1196 859 1216 sacrae

81 1221 220 1255 Srriptnrae
236 1222 315 1249 libris
330 1230 378 1257 pro
394 1230 444 1250 suo
461 1221 570 1258 quoque
584 1227 656 1250 statu
674 1224 774 1250 dantur
789 1231 859 1258 prae-

79 1262 158 1291 cepta.
177 1258 305 1285 Clemens
326 1258 464 1285 memoria:
481 1258 612 1293 prodidit.
632 1268 641 1284 ‹
657 1258 791 1290 Plurima,
816 1260 858 1286 in—

80 1293 142 1325 quit,
158 1293 207 1329 alia
225 1297 370 1327 pra-cepta,
385 1301 446 1328 qua:
465 1294 498 1320 ad
512 1294 615 1321 electas
630 1301 761 1329 personas
776 1295 859 1329 perti-

80 1332 146 1358 nent,
165 1328 190 1354 iu
207 1329 312 1355 sanctis
334 1329 411 1355 libris
433 1329 537 1364 scripta
558 1328 639 1362 sunt}
665 1329 722 1356 hate
747 1328 858 1364 quidem

81 1363 246 1398 presbyteris,
261 1363 316 1389 alia
331 1371 394 1390 vero
415 1363 562 1398 episcopis,
578 1364 631 1390 alia
648 1363 781 1396 diaconis,
806 1365 858 1392 alia

80 1402 160 1424 autem
180 1398 280 1430 viduis,
300 1399 333 1425 de
356 1399 455 1432 quibus
471 1399 553 1426 fuerit
569 1399 642 1426 aliud
662 1400 770 1427 dicendi
788 1403 857 1426 tem-

80 1440 124 1469 pus
136 1443 144 1469 ι
158 1442 167 1457 ι
184 1434 211 1459 αἱ
225 1433 274 1468 μὲν
292 1434 495 1469 πρεσϐυτέροις,
514 1435 541 1461 αἱ
557 1434 585 1460 δὲ
602 1435 770 1467 ἐπισκόποις,
787 1436 814 1461 αὶ
830 1435 859 1462 δὲ

78 1467 209 1505 διακόνοις,
224 1467 304 1496 ἄλλαι
316 1467 475 1505 ’χήραιςτεκ
494 1470 562 1497 Cum
586 1470 658 1496 enim
675 1471 727 1497 alia
745 1471 858 1505 presby-

79 1504 138 1529 teris
151 1511 229 1538 quam
244 1504 383 1540 episcopis
399 1506 460 1531 data
473 1513 534 1532 esse
549 1510 684 1540 praecepta
698 1504 753 1532 tam
767 1504 858 1540 aperte

80 1539 237 1571 pronuntiet,
271 1539 335 1565 hinc
359 1540 482 1574 profecto
506 1540 687 1567 invictissime
714 1539 858 1567 coniicitur

79 1573 159 1610 ipsum
174 1574 287 1610 omnino
302 1582 352 1609 pro
359 1573 443 1602 ’certo
462 1576 590 1603 habuisse
602 1576 751 1610 presbyteri
766 1579 793 1603 et
804 1577 859 1610 epi-

79 1609 145 1644 scopi
169 1609 293 1636 ordinem
308 1610 442 1646 primitus
460 1615 541 1645 atque
564 1619 614 1638 suo
636 1609 718 1637 etiam
734 1609 856 1646 tempore

78 1651 131 1680 non,
142 1652 232 1675 unum,
253 1648 284 1670 ut
304 1644 405 1673 frustra
422 1644 552 1673 neoterici
577 1646 708 1676 haeretici,
724 1644 856 1680 quemad-

78 1679 178 1706 modum
200 1684 308 1706 veteres
334 1681 445 1707 Acriani
471 1681 650 1712 contendunt,
679 1685 705 1708 et
730 1679 856 1708 eumdem

78 1713 164 1775 fuilsse,
175 1714 222 1742 sed
234 1715 360 1743 diversos
375 1721 401 1743 et
416 1724 430 1742 a
443 1724 472 1743 se
487 1717 603 1744 invicem
619 1716 699 1751 plane
709 1717 856 1744 distinctos

78 1756 112 1775 0n
125 1758 189 1775 mes.

78 1756 189 1777 Ol’lllllCS.

109 1775 294 1824 Quid-contra
317 1792 371 1815 tam
394 1786 497 1824 claram
521 1790 548 1813 et
560 1787 769 1824 apertissimam
791 1785 854 1824 Cle-
871 1775 892 1803 C

78 1821 167 1847 mentis
184 1821 348 1853 doctrinam,
364 1823 403 1849 vel
422 1823 479 1857 ipse
496 1822 582 1856 magis
598 1822 753 1849 obstinatus
774 1822 856 1856 perti-

78 1857 176 1893 nacium
189 1857 244 1893 44,
258 1857 572 1893 lizcreticornmaniinus
583 1857 738 1891 obstrepere
751 1857 856 1892 potest?

78 1888 141 1917 Nihil
155 1888 239 1921 sane.-
249 1893 282 1920 Et
299 1901 363 1920 vero
379 1892 546 1923 Blondcllus,
562 1893 608 1926 qui
623 1888 716 1919 contra
732 1888 782 1919 hoc
796 1901 856 1919 cer-

78 1925 202 1953 tissimum
218 1930 378 1956 orthodoxae
391 1928 450 1954 ﬁdei
465 1927 561 1962 dogma
570 1925 753 1962 congerendis
770 1928 856 1954 ntide-

78 1968 174 1995 quaquc
187 1969 308 1991 veterum
321 1963 484 1997 seriptorum
495 1962 659 1989 testimoniis
670 1967 773 1989 tantam
787 1970 856 1989 tain—

78 2003 124 2029 que
136 1998 258 2025 inutilem
276 1999 543 2034 impcnditroperam,
557 1998 790 2034 istudraltissimo,
809 1999 856 2024 sed

78 2037 190 2065 prorsus,
207 2035 245 2060 uti
265 2033 383 2065 videtur,
400 2033 495 2060 doloso
509 2037 534 2059 et
553 2033 642 2059 fallaci
660 2033 769 2060 silentio
787 2040 857 2067 pra:-

79 2068 185 2094 termisit
202 2069 235 2096 ⁵ο.
261 2069 319 2096 Cur
337 2070 420 2098 enim.
438 2068 534 2094 amabo
555 2071 591 2100 te,
608 2068 653 2095 ille
677 2068 728 2095 hoc
744 2069 857 2095 minime

78 2101 152 2128 dubio
166 2108 191 2130 et
214 2104 334 2131 obscuro
350 2105 469 2131 auctoris
490 2104 577 2130 nostri
603 2103 759 2130 testimonio
779 2104 857 2138 peni-

79 2139 116 2172 tus
129 2139 237 2166 omisso.
253 2140 307 2166 alia
331 2139 520 2166 tantummodo
542 2139 569 2165 in
587 2139 689 2166 erroris
708 2139 749 2166 sui
765 2144 857 2172 patro-

78 2171 169 2208 cinium
195 2175 337 2205 obtrudit,
352 2175 403 2201 nisi
425 2175 487 2208 quia
508 2175 564 2200 limc
579 2171 778 2208 aliquantulum
804 2173 856 2199 sibi

79 2206 169 2243 favere.
186 2209 259 2236 istud
287 2210 367 2243 plane
392 2206 442 2236 sibi
460 2209 599 2235 adversari
622 2206 706 2243 probe
732 2213 854 2235 noverat.

78 2239 193 2278 Sedqnid
200 2245 223 2271 ei
233 2239 296 2271 tam'
304 2250 465 2278 prxpostcra
476 2244 610 2271 calliditas
622 2239 652 2271 et
665 2244 765 2270 astutia
797 2252 858 2278 pro-

77 2275 149 2305 desse
163 2279 272 2312 potest?
289 2275 393 2306 Etenim
412 2279 529 2313 obiectio
545 2283 571 2306 et
588 2279 742 2311 diliicultas,
761 2280 783 2305 si
797 2275 858 2313 qtae

77 2314 158 2348 tamen
174 2315 226 2340 ulla
241 2315 287 2346 sit,
311 2322 343 2341 ex
362 2314 422 2341 aliis
440 2315 588 2342 Clementis
602 2315 693 2342 verbis
707 2315 740 2340 ab
759 2321 792 2341 eo
808 2322 856 2348 pe-

77 2347 128 2379 tita,
142 2356 173 2375 ex
189 2350 230 2377 his
247 2357 309 2384 qua:
330 2350 474 2377 retulimus
491 2349 620 2376 facillime
638 2349 761 2382 diluitur,
779 2347 856 2384 peni-

107 2423 128 2438 "
142 2424 245 2460 Pzedag.
261 2426 308 2452 lib.
327 2434 358 2454 ιιι

86 2457 91 2461 .
107 2426 128 2438 ³¹
142 2426 245 2460 Psedag.
261 2426 308 2452 lib.
327 2434 358 2454 ιιι
387 2434 447 2462 cap.
466 2427 526 2459 ult.,
541 2435 602 2462 pag.
614 2426 677 2453 264.

77 2456 119 2486 lib.
136 2467 174 2494 ιιι,
190 2469 253 2497 pag.
268 2461 332 2489 2&8.
362 2447 394 2477 θ’
408 2462 515 2497 Ριειιιιες.
535 2463 582 2490 lib.
602 2470 632 2496 ιι,
648 2469 677 2489 ca

362 2434 447 2477 ~cap.
466 2427 526 2459 ult.,
541 2435 602 2468 pag.
614 2426 677 2453 264.
719 2427 740 2441 ε⁰
759 2425 858 2454 Elonde

385 2462 504 2477 ID.n.|n.-
535 2463 572 2477 LL
602 2470 619 2477 ιι
648 2469 698 2477 nnr.
723 2462 755 2477 ΙΠ
783 2470 834 2477 unn-

913 2425 985 2461 Apol.
1003 2426 1037 2454 de
1052 2426 1137 2462 episc.
1152 2430 1179 2453 et
1187 2426 1318 2462 presbyt.,
1333 2425 1346 2461 §
1360 2426 1456 2462 Ἄρης.
1467 2425 1512 2453 58.

913 2466 915 2474 ν
967 2461 990 2477 ⁸³
1005 2461 1059 2477 {Rhl
1111 2461 1132 2477 ιιι
1154 2461 1208 2477 ΗΑΛ
1239 2469 1290 2477 ιιι-ιη
1320 2461 1368 2477 ιοι
1423 2461 1444 2477 ω
1465 2461 1510 2477 Hd.

385 2463 394 2477 '
408 2461 515 2498 Piedag.
535 2461 585 2490 lib.
602 2470 632 2496 ιι,
648 2469 708 2497 cap.
723 2462 765 2494 10,
783 2470 843 2497 pag.
866 2461 925 2489 192.

912 239 1113 266 dissertatione.

947 274 1057 302 Interim
1070 282 1134 301 vero
1146 275 1178 301 ad
1194 282 1237 306 ea,
1250 283 1353 309 quasso,
1366 275 1504 310 paulisper
1519 276 1639 303 animum
1653 277 1699 304 ad-

911 315 1011 340 vertas.
1030 318 1090 344 qua:
1104 310 1230 337 Clemens
1245 316 1339 338 noster
1353 310 1387 337 de
1410 311 1631 345 presbyterorum
1649 312 1698 339 lie--

911 345 1066 372 nedictione
1079 350 1106 372 et
1122 345 1296 379 impositione
1311 353 1439 372 manuum
1454 346 1585 374 adversus
1602 347 1699 374 mulie-

912 388 974 410 rcs,
994 381 1090 407 alienis
1112 380 1219 415 capillis
1238 388 1268 407 se
1291 385 1437 410 ornantes,
1467 381 1524 408 haec
1549 381 1647 408 scribit
1670 384 1698 409 in

910 416 994 442 verba
1009 424 1014 441 :
1029 415 1087 442 Τίνι
1101 417 1115 441 ὁ
1130 415 1316 451 πρεσϐύτερης
1334 415 1471 450 ἐπιτίθησι
1488 417 1578 451 χεῖρα,
1592 417 1653 444 τίνα
1669 417 1698 443 δὲ

911 451 1076 485 enioy-hcet;
1098 450 1173 486 μοιιί
1200 450 1310 486 manum
1328 450 1443 485 imponit
1468 450 1628 486 presbyter?
1652 453 1697 479 cui

911 490 1002 512 autem
1019 485 1180 513 benedicet?
1195 496 1204 512 ι
1225 485 1293 512 Tum
1309 486 1454 513 confestim
1470 485 1592 513 addidit:
1610 497 1619 513 ‹
1637 487 1697 514 Νοιι

911 521 1172 558 mulieri,_qu:eest
1182 526 1290 553 ornata,
1301 521 1348 548 sed
1363 521 1459 548 alienis
1473 522 1591 557 capillis,
1607 527 1634 550 et
1649 531 1697 558 per

912 556 986 591 ipsos
1001 556 1047 582 alii
1060 557 1142 590 capiti
1154 557 1187 583 δι.
1208 566 1217 581 ι

944 591 985 618 Ad
1010 591 1225 628 matrimonium,
1242 599 1308 619 vero
1331 591 1404 628 quod
1429 592 1544 623 attinet,
1571 594 1696 628 quamvis

910 626 1035 654 Clemens
1052 627 1273 654 constantissime
1288 627 1376 653 tradat
1390 630 1416 653 et
1437 626 1617 655 invictissime
1631 636 1696 656 con«

911 667 951 688 tra
967 662 1111 688 haereticos
1126 662 1296 689 demonstret
1317 662 1383 688 illud
1409 662 1509 688 bonum
1532 671 1610 695 esse,
1628 672 1696 691 san-

910 702 982 724 ctum
995 704 1027 723 ac
1035 696 1090 724 Deo
1102 697 1262 731 probatum;
1279 697 1357 724 docet
1373 700 1463 724 tamen
1479 697 1635 726 Christiano
1646 700 1696 726 ho«

909 733 976 759 mini
994 735 1060 759 tunc
1076 735 1182 759 tantum
1198 740 1231 758 eo
1246 732 1284 759 uti
1301 732 1393 762 licere,
1415 739 1476 758 cum
1493 740 1526 759 ex
1542 741 1626 761 uxore
1645 742 1696 762 sua

910 767 980 795 filios
996 767 1107 805 gignere
1129 771 1228 802 potest.
1245 767 1494 805 Qua_propt_er__h_aec
1517 768 1550 795 de
1575 769 1696 805 conjugii

910 811 961 830 usu
987 803 1074 837 prima
1099 807 1125 830 et.
1145 803 1280 837 generalis
1300 803 1342 829 lex
1364 803 1398 828 ab
1427 802 1473 829 illo
1497 802 1694 832 constituitur:

911 847 920 864 ε
935 837 1028 874 Neque
1039 837 1120 874 ullam
1136 838 1248 865 omnino
1259 842 1339 872 tange
1350 837 1501 874 mulierem,
1514 844 1696 874 praeterquam

910 879 984 901 tuam
1001 873 1094 908 ipsius.
1105 881 1233 904 uxorem,
1250 881 1282 900 ex
1303 880 1357 908 qua
1379 873 1437 900 sola
1459 873 1508 899 tibi
1524 874 1586 901 licet
1602 873 1695 902 carnis

910 909 1065 943 voluptates
1090 908 1231 943 percipere
1243 928 1250 940 ,
1270 908 1303 935 ad
1320 908 1522 943 suscipiendam
1548 909 1696 944 legitimam

911 943 1114 972 successionem
1127 944 1159 970 θ’.
1179 953 1190 969 ι

946 978 1015 1005 llinc
1032 979 1135 1012 colligit
1149 979 1227 1006 nefas
1242 987 1303 1006 esse
1320 978 1462 1013 coniugem
1479 978 1536 1005 sola
1549 980 1698 1014 voluptatis

910 1022 993 1041 causa
1010 1013 1169 1048 complecti:
1186 1023 1195 1039 ι
1211 1014 1273 1040 Sola
1285 1014 1358 1041 enim
1382 1015 1524 1048 voluptas,
1546 1013 1648 1049 inquit,
1673 1016 1697 1043 si

910 1050 972 1084 quis
989 1057 1019 1076 ea
1036 1049 1119 1076 etiam
1134 1053 1227 1085 utatur
1243 1050 1270 1075 in
1290 1049 1428 1084 conjugio,
1441 1053 1484 1085 est
1499 1054 1598 1083 praeter
1610 1050 1695 1085 leges,

911 1083 937 1112 et
952 1085 1064 1121 injusta,
1086 1089 1112 1110 et
1134 1091 1149 1110 a
1173 1084 1278 1121 ratione
1300 1085 1388 1121 aliena
1399 1085 1431 1111 ⁵³.
1445 1083 1540 1121 {Quid
1562 1083 1697 1121 ergo‘mi-

912 1128 982 1151 rum,
1001 1120 1024 1146 si
1040 1127 1135 1146 omnes
1160 1119 1229 1146 alios
1254 1120 1418 1146 concubitus
1444 1119 1566 1152 illicitos,
1596 1119 1696 1149 vetitos

910 1159 936 1182 ct.
951 1155 1071 1182 nefarios
1082 1162 1143 1181 esse
1160 1154 1310 1182 decernat?
1324 1155 1451 1187 Quinimo
1469 1156 1561 1188 pueris
1576 1160 1603 1182 et
1620 1157 1696 1183 seni-

910 1190 962 1217 bus
979 1197 1079 1217 uxores
1091 1189 1192 1216 ducere
1206 1190 1380 1216 interdictum
1391 1197 1451 1216 csse
1463 1191 1599 1226 declarat;
1616 1192 1697 1226 quip-

911 1233 943 1260 pe
966 1226 1013 1260 qui
1040 1225 1110 1251 filios
1132 1232 1186 1260 non
1210 1225 1316 1259 possint
1337 1232 1494 1259 procreare.
1514 1235 1523 1250 ι
1537 1225 1585 1252 His
1610 1225 1694 1259 enim,

912 1259 999 1294 inquit
1015 1260 1070 1291 ille,
1087 1259 1206 1286 nondum
1222 1262 1371 1292 concessit,
1388 1260 1449 1286 illos
1463 1263 1555 1288 autem
1570 1269 1624 1288 non
1638 1263 1696 1288 vult

910 1296 1027 1330 amplius
1044 1303 1143 1322 uxores
1160 1295 1259 1322 ducere
1269 1296 1302 1322 ‘5‘.
1315 1305 1323 1320 ι

945 1329 1030 1358 Porro
1044 1334 1135 1357 autem
1150 1337 1203 1356 non
1218 1331 1307 1357 minus
1323 1330 1402 1364 plane
1413 1334 1493 1364 negat
1508 1329 1549 1357 fas
1563 1338 1624 1357 esse
1637 1331 1696 1358 viro

910 1373 971 1393 cum
991 1373 1075 1392 uxore
1096 1373 1129 1392 eo
1145 1367 1218 1392 omni
1241 1369 1362 1400 tempore
1378 1365 1518 1398 congredi,
1532 1373 1587 1399 quo
1609 1374 1642 1392 ex
1661 1375 1694 1393 ea

910 1401 1011 1435 poterit
1031 1400 1131 1428 liberos
1149 1401 1299 1434 suscipere,
1317 1400 1364 1428 sed
1387 1402 1466 1427 statis
1485 1404 1589 1427 tantum
1607 1401 1694 1435 horis,

911 1440 972 1471 post
987 1436 1142 1462 convivium
1163 1436 1232 1462 actis
1253 1435 1307 1462 Deo
1320 1435 1355 1462 ob
1371 1440 1482 1469 accepta
1498 1436 1569 1462 dona
1587 1437 1693 1470 gratiis,

911 1479 1052 1506 nunquam
1077 1471 1208 1502 interdiu,
1227 1471 1273 1498 sed
1297 1476 1386 1501 nocte,
1411 1478 1466 1497 non
1491 1471 1653 1498 immodeste
1667 1478 1695 1498 et

910 1507 1135 1540 intemperanter.
1151 1506 1198 1534 sed
1215 1514 1276 1532 cum
1299 1506 1404 1541 pudore
1421 1510 1447 1532 et
1463 1506 1642 1538 verecundia;
1659 1515 1695 1534 ne.

911 1541 1090 1576 frequentiori
1123 1542 1316 1574 conjunctione
1344 1541 1456 1576 satietas
1486 1545 1513 1567 et
1534 1541 1696 1575 paenitentia

910 1575 1069 1604 suboriatnr
1095 1586 1101 1603 :
1127 1585 1135 1602 t
1157 1576 1262 1609 Quibus
1288 1584 1387 1603 uxores
1412 1575 1512 1602 ducere
1531 1583 1695 1603 concessum

910 1617 962 1642 est,
980 1613 1013 1639 iis
1025 1611 1170 1646 paedagogo
1186 1619 1254 1646 opus
1271 1611 1367 1641 fuerit;
1385 1615 1414 1647 ut
1431 1618 1484 1638 non
1502 1611 1618 1638 interdiu
1637 1620 1696 1647 my-

910 1648 981 1674 stica
1008 1652 1112 1674 natura:
1135 1647 1308 1674 celebrentur
1334 1646 1420 1681 orgia,
1438 1654 1489 1673 nec
1512 1653 1546 1673 ex
1562 1646 1692 1676 ecclesia,

910 1682 987 1709 verbi
1004 1682 1102 1716 gratia,
1121 1686 1167 1708 aut
1182 1689 1213 1708 ex
1232 1681 1289 1708 foro
1307 1689 1386 1708 mane
1410 1682 1516 1708 rediens
1533 1681 1595 1716 galli
1618 1689 1695 1709 more

910 1721 998 1748 coeat.
1008 1715 1123 1751 quando
1134 1717 1275 1747 orationis,
1291 1720 1318 1744 et
1334 1716 1470 1749 lectionis,
1487 1720 1513 1743 et
1532 1715 1693 1748 eilicacimn,

910 1761 970 1787 qua}
994 1753 1112 1779 interdiu
1135 1752 1212 1783 finiit,
1237 1759 1350 1786 operum
1373 1756 1480 1786 tempus
1505 1755 1557 1778 est.
1577 1751 1696 1786 Vespere

910 1786 1001 1814 autem
1019 1790 1127 1822 oportet.
1151 1791 1212 1821 post
1235 1786 1398 1822 convivium
1416 1787 1567 1821 quiescere,
1581 1790 1609 1814 et
1635 1791 1696 1822 post

909 1821 1060 1857 gratiarum
1084 1823 1230 1852 actionem,
1253 1829 1314 1856 qua:
1339 1822 1367 1848 tit
1388 1821 1443 1849 Deo
1461 1829 1509 1856 pro
1529 1822 1608 1855 bonis
1635 1830 1696 1856 qua:

909 1858 1091 1893 percepimus.
1112 1857 1172 1883 Non
1198 1865 1305 1891 semper
1330 1861 1418 1883 autem
1445 1857 1571 1883 concedit
1589 1863 1696 1892 templis

909 1892 1018 1925 natura,
1036 1897 1065 1919 ut
1085 1896 1229 1927 peragatur
1251 1899 1415 1926 congressus
1444 1892 1626 1924 matrimonii;
1653 1897 1696 1920 est

910 1929 982 1954 enim
997 1936 1029 1954 eo
1044 1927 1252 1954 desiderabilior
1267 1927 1435 1960 coniunctio,
1451 1934 1506 1961 quo
1517 1927 1694 1960 diuturnior;

911 1971 998 1997 neque
1016 1970 1080 1990 vero
1100 1967 1181 1989 noctu
1200 1967 1329 1997 tanquam
1342 1963 1369 1988 in
1385 1962 1516 1993 tenebris,
1534 1962 1696 1989 immodeste

911 2006 972 2025 sese
992 2005 1024 2024 ac
1045 1998 1259 2031 intemperanter
1285 2005 1378 2031 gerere
1402 2001 1519 2031 oportet,
1541 1998 1587 2024 sed
1617 2005 1697 2024 vere-

911 2032 1009 2059 cundia
1038 2037 1167 2066 tanquam
1191 2033 1235 2059 lux
1255 2032 1371 2058 rationis
1393 2034 1419 2058 in
1442 2032 1534 2058 animo
1549 2035 1591 2058 est
1605 2032 1695 2059 inclu~

910 2068 1041 2096 denda“.
1056 2078 1065 2094 ι
1081 2067 1202 2102 Denique
1218 2068 1343 2094 Clemens
1360 2074 1389 2093 se
1405 2067 1481 2101 plura
1500 2067 1533 2092 de
1548 2067 1599 2093 hoc
1612 2075 1696 2099 argu-

910 2107 1004 2130 mento
1023 2104 1050 2129 in
1074 2103 1144 2129 libro
1161 2102 1198 2129 De
1223 2103 1321 2136 nuptiis
1336 2102 1481 2135 scripsisse
1498 2105 1623 2128 testatur.
1641 2101 1695 2129 Sed

910 2139 974 2172 quia
991 2139 1047 2165 haec
1063 2138 1233 2164 elucubratio
1250 2138 1283 2164 ad
1306 2145 1356 2164 nos
1379 2144 1465 2172 usque
1479 2144 1534 2163 non
1561 2138 1694 2171 pervenit,

910 2171 973 2208 quid
990 2173 1023 2200 de
1042 2173 1088 2199 illo
1112 2172 1239 2200 Clemens
1264 2173 1290 2199 in
1319 2171 1497 2208 Stromatibus
1519 2172 1654 2203 docuerit,
1671 2173 1695 2199 si

911 2209 980 2236 scire
991 2216 1080 2239 aveas.
1098 2208 1132 2235 ad
1150 2215 1182 2235 ea
1198 2212 1224 2234 te
1239 2208 1389 2238 mittemus,
1403 2215 1463 2242 qua:
1479 2207 1505 2233 in
1516 2207 1694 2240 subsequcuti

913 2244 1106 2271 dissertatione
1122 2251 1136 2269 a
1153 2243 1232 2270 nobis
1249 2241 1419 2277 disputanda
1436 2246 1510 2277 sunt.
1528 2241 1633 2269 Poteris
1654 2247 1695 2268 ta-

914 2287 976 2305 men
994 2279 1137 2306 consulere
1153 2282 1219 2305 tom.
1237 2277 1258 2304 Il
1283 2276 1423 2304 Pwnitent.
1439 2276 1580 2308 Theodori,
1597 2285 1629 2304 ac
1644 2277 1696 2304 Pe-

913 2314 955 2340 titi
967 2313 1174 2341 observationes
1189 2318 1216 2340 et
1239 2319 1328 2344 notas,
1346 2313 1391 2340 ubi
1411 2313 1489 2347 plura
1505 2313 1575 2340 hanc
1589 2313 1618 2339 in
1635 2320 1695 2339 rem

910 2352 1039 2384 congesta
1052 2352 1078 2376 et
1093 2349 1233 2375 enucleata
1249 2349 1381 2383 reperies.
1545 2352 1547 2355 '

1551 2426 1571 2442 ⁶¹
1587 2424 1693 2460 Ρειεᾱέικ.

967 2461 1078 2489 "ibid:
1111 2461 1132 2478 ει
1154 2461 1220 2489 ibid.
1239 2469 1301 2497 pag.
1320 2461 1381 2488 494.
1423 2461 1444 2477 ω
1465 2461 1532 2489 ibid.
