  <div class='ocr_page' id='page_1' title='image "/cluster/home/n/w/nwhite01/storage/ocr_20150623/9/njp.32101077772398/530.png"; bbox 0 0 1927 3073; ppageno 0'>
   <div class='ocr_carea' id='block_1_1' title="bbox 101 171 155 198">
    <p class='ocr_par' dir='ltr' id='par_1_1' title="bbox 101 171 155 198">
     <span class='ocr_line' id='line_1_1' title="bbox 101 171 155 198; baseline 0 0"><span class='ocrx_word' id='word_1_1' title='bbox 101 171 155 198; x_wconf 70' lang='lat'><strong>885</strong></span> 
     </span>
    </p>
   </div>
   <div class='ocr_carea' id='block_1_2' title="bbox 371 168 891 200">
    <p class='ocr_par' dir='ltr' id='par_1_2' title="bbox 371 169 891 198">
     <span class='ocr_line' id='line_1_2' title="bbox 371 169 891 198; baseline -0.004 0"><span class='ocrx_word' id='word_1_2' title='bbox 371 170 461 198; x_wconf 72' lang='lat' dir='ltr'><strong>ALIAE</strong></span> <span class='ocrx_word' id='word_1_3' title='bbox 482 169 515 198; x_wconf 76' lang='lat' dir='ltr'><strong>1N</strong></span> <span class='ocrx_word' id='word_1_4' title='bbox 538 169 836 198; x_wconf 77' lang='lat' dir='ltr'><strong>COilORTATIONEM</strong></span> <span class='ocrx_word' id='word_1_5' title='bbox 855 169 891 196; x_wconf 87' lang='grc' dir='ltr'><strong>ΕΊ</strong></span> 
     </span>
    </p>
   </div>
   <div class='ocr_carea' id='block_1_3' title="bbox 946 168 1458 200">
    <p class='ocr_par' dir='ltr' id='par_1_3' title="bbox 946 169 1458 200">
     <span class='ocr_line' id='line_1_3' title="bbox 946 169 1458 200; baseline 0.004 -3"><span class='ocrx_word' id='word_1_6' title='bbox 946 169 1089 198; x_wconf 70' lang='grc' dir='ltr'><strong>,ΕΒΑΕΟΟ</strong></span> <span class='ocrx_word' id='word_1_7' title='bbox 1095 169 1143 198; x_wconf 84' lang='lat' dir='ltr'><strong>UM</strong></span> <span class='ocrx_word' id='word_1_8' title='bbox 1165 169 1458 200; x_wconf 74' lang='lat' dir='ltr'><strong>OBSERVATIONES.</strong></span> 
     </span>
    </p>
   </div>
   <div class='ocr_carea' id='block_1_4' title="bbox 1676 171 1729 198">
    <p class='ocr_par' dir='ltr' id='par_1_4' title="bbox 1676 171 1729 198">
     <span class='ocr_line' id='line_1_4' title="bbox 1676 171 1729 198; baseline 0 0"><span class='ocrx_word' id='word_1_9' title='bbox 1676 171 1729 198; x_wconf 70' lang='lat'><strong>835</strong></span> 
     </span>
    </p>
   </div>
   <div class='ocr_carea' id='block_1_5' title="bbox 101 229 1730 266">
    <p class='ocr_par' dir='ltr' id='par_1_5' title="bbox 101 229 1730 266">
     <span class='ocr_line' id='line_1_5' title="bbox 101 229 1730 266; baseline -0.003 -9"><span class='ocrx_word' id='word_1_10' title='bbox 101 229 214 266; x_wconf 82' lang='lat' dir='ltr'><strong>quidam</strong></span> <span class='ocrx_word' id='word_1_11' title='bbox 243 229 360 266; x_wconf 78' lang='lat' dir='ltr'><strong>scriptor</strong></span> <span class='ocrx_word' id='word_1_12' title='bbox 383 231 417 257; x_wconf 90' lang='lat' dir='ltr'><strong>ab</strong></span> <span class='ocrx_word' id='word_1_13' title='bbox 446 230 617 265; x_wconf 81' lang='lat' dir='ltr'><strong>Athenagora</strong></span> <span class='ocrx_word' id='word_1_14' title='bbox 645 230 755 266; x_wconf 82' lang='lat' dir='ltr'><strong>citatus,</strong></span> <span class='ocrx_word' id='word_1_15' title='bbox 775 233 806 266; x_wconf 12' lang='lat' dir='ltr'><strong>uti</strong></span> <span class='ocrx_word' id='word_1_16' title='bbox 829 229 892 256; x_wconf 91' lang='lat' dir='ltr'><strong>huic</strong></span> <span class='ocrx_word' id='word_1_17' title='bbox 908 236 928 260; x_wconf 72' lang='grc' dir='ltr'>Α</span> <span class='ocrx_word' id='word_1_18' title='bbox 944 230 1051 257; x_wconf 78' lang='lat' dir='ltr'><strong>dilectio</strong></span> <span class='ocrx_word' id='word_1_19' title='bbox 1067 238 1150 264; x_wconf 88' lang='lat' dir='ltr'><strong>penes</strong></span> <span class='ocrx_word' id='word_1_20' title='bbox 1174 229 1282 256; x_wconf 64' lang='lat' dir='ltr'><strong>(ii-tectis</strong></span> <span class='ocrx_word' id='word_1_21' title='bbox 1302 235 1352 266; x_wconf 81' lang='lat' dir='ltr'><strong>est.</strong></span> <span class='ocrx_word' id='word_1_22' title='bbox 1369 229 1594 266; x_wconf 76' lang='lat' dir='ltr'><strong>Quantiscunqiic</strong></span> <span class='ocrx_word' id='word_1_23' title='bbox 1614 230 1730 262; x_wconf 80' lang='lat' dir='ltr'><strong>sumpti.</strong></span> 
     </span>
    </p>
   </div>
   <div class='ocr_carea' id='block_1_6' title="bbox 99 265 892 301">
    <p class='ocr_par' dir='ltr' id='par_1_6' title="bbox 99 265 892 301">
     <span class='ocr_line' id='line_1_6' title="bbox 99 265 892 301; baseline 0 -10"><span class='ocrx_word' id='word_1_24' title='bbox 99 265 216 301; x_wconf 75' lang='lat' dir='ltr'><strong>jainjam</strong></span> <span class='ocrx_word' id='word_1_25' title='bbox 237 265 353 293; x_wconf 85' lang='lat' dir='ltr'><strong>foitasse</strong></span> <span class='ocrx_word' id='word_1_26' title='bbox 369 265 505 301; x_wconf 80' lang='lat' dir='ltr'><strong>gliscenti,</strong></span> <span class='ocrx_word' id='word_1_27' title='bbox 521 267 561 292; x_wconf 86' lang='lat' dir='ltr'><strong>vel</strong></span> <span class='ocrx_word' id='word_1_28' title='bbox 571 269 644 301; x_wconf 79' lang='lat' dir='ltr'><strong>certe</strong></span> <span class='ocrx_word' id='word_1_29' title='bbox 658 265 807 301; x_wconf 82' lang='lat' dir='ltr'><strong>imminenti</strong></span> <span class='ocrx_word' id='word_1_30' title='bbox 821 266 892 291; x_wconf 89' lang='lat' dir='ltr'><strong>malo</strong></span> 
     </span>
    </p>
   </div>
   <div class='ocr_carea' id='block_1_7' title="bbox 102 300 889 335">
    <p class='ocr_par' dir='ltr' id='par_1_7' title="bbox 102 300 889 335">
     <span class='ocr_line' id='line_1_7' title="bbox 102 300 889 335; baseline -0.001 -8"><span class='ocrx_word' id='word_1_31' title='bbox 102 300 270 333; x_wconf 74' lang='lat' dir='ltr'><strong>mederetur,</strong></span> <span class='ocrx_word' id='word_1_32' title='bbox 293 305 339 327; x_wconf 88' lang='lat' dir='ltr'><strong>aut</strong></span> <span class='ocrx_word' id='word_1_33' title='bbox 363 300 538 335; x_wconf 56' lang='lat' dir='ltr'><strong>praecaveret,</strong></span> <span class='ocrx_word' id='word_1_34' title='bbox 565 300 730 327; x_wconf 75' lang='lat' dir='ltr'><strong>Christianis</strong></span> <span class='ocrx_word' id='word_1_35' title='bbox 746 300 889 326; x_wconf 83' lang='lat' dir='ltr'><strong>edixerat:</strong></span> 
     </span>
    </p>
   </div>
   <div class='ocr_carea' id='block_1_8' title="bbox 105 335 892 365">
    <p class='ocr_par' dir='ltr' id='par_1_8' title="bbox 105 335 892 365">
     <span class='ocr_line' id='line_1_8' title="bbox 105 335 892 365; baseline -0.004 -2"><span class='ocrx_word' id='word_1_36' title='bbox 105 346 115 363; x_wconf 81' lang='grc' dir='ltr'><strong>ι</strong></span> <span class='ocrx_word' id='word_1_37' title='bbox 137 335 248 362; x_wconf 84' lang='lat' dir='ltr'><strong>Summa</strong></span> <span class='ocrx_word' id='word_1_38' title='bbox 263 335 650 363; x_wconf 83' lang='lat' dir='ltr'><strong>cautionecommunicandum</strong></span> <span class='ocrx_word' id='word_1_39' title='bbox 665 338 707 361; x_wconf 89' lang='lat' dir='ltr'><strong>est</strong></span> <span class='ocrx_word' id='word_1_40' title='bbox 718 335 853 365; x_wconf 89' lang='lat' dir='ltr'><strong>osculum,</strong></span> <span class='ocrx_word' id='word_1_41' title='bbox 863 338 892 361; x_wconf 83' lang='lat' dir='ltr'><strong>ut</strong></span> 
     </span>
    </p>
   </div>
   <div class='ocr_carea' id='block_1_9' title="bbox 104 369 892 405">
    <p class='ocr_par' dir='ltr' id='par_1_9' title="bbox 104 369 892 405">
     <span class='ocr_line' id='line_1_9' title="bbox 104 369 892 405; baseline -0.003 -7"><span class='ocrx_word' id='word_1_42' title='bbox 104 379 161 398; x_wconf 89' lang='lat' dir='ltr'><strong>non</strong></span> <span class='ocrx_word' id='word_1_43' title='bbox 187 371 266 398; x_wconf 90' lang='lat' dir='ltr'><strong>aliter</strong></span> <span class='ocrx_word' id='word_1_44' title='bbox 278 379 358 405; x_wconf 87' lang='lat' dir='ltr'><strong>quam</strong></span> <span class='ocrx_word' id='word_1_45' title='bbox 372 372 414 405; x_wconf 92' lang='lat' dir='ltr'><strong>pia</strong></span> <span class='ocrx_word' id='word_1_46' title='bbox 432 371 559 397; x_wconf 82' lang='lat' dir='ltr'><strong>salutatio</strong></span> <span class='ocrx_word' id='word_1_47' title='bbox 572 391 578 402; x_wconf 95' lang='lat'><strong>,</strong></span> <span class='ocrx_word' id='word_1_48' title='bbox 597 370 639 397; x_wconf 92' lang='lat' dir='ltr'><strong>vel</strong></span> <span class='ocrx_word' id='word_1_49' title='bbox 664 371 754 404; x_wconf 87' lang='lat' dir='ltr'><strong>potius</strong></span> <span class='ocrx_word' id='word_1_50' title='bbox 770 369 892 396; x_wconf 88' lang='lat' dir='ltr'><strong>adoratio</strong></span> 
     </span>
    </p>
   </div>
   <div class='ocr_carea' id='block_1_10' title="bbox 103 405 891 440">
    <p class='ocr_par' dir='ltr' id='par_1_10' title="bbox 103 405 891 440">
     <span class='ocr_line' id='line_1_10' title="bbox 103 405 891 440; baseline -0.003 -8"><span class='ocrx_word' id='word_1_51' title='bbox 103 406 229 440; x_wconf 69' lang='lat' dir='ltr'><strong>quasdam</strong></span> <span class='ocrx_word' id='word_1_52' title='bbox 246 406 386 437; x_wconf 86' lang='lat' dir='ltr'><strong>habeatur,</strong></span> <span class='ocrx_word' id='word_1_53' title='bbox 400 413 470 440; x_wconf 75' lang='lat' dir='ltr'><strong>quze,</strong></span> <span class='ocrx_word' id='word_1_54' title='bbox 488 406 510 432; x_wconf 87' lang='lat' dir='ltr'><strong>si</strong></span> <span class='ocrx_word' id='word_1_55' title='bbox 525 405 566 432; x_wconf 88' lang='lat' dir='ltr'><strong>vel</strong></span> <span class='ocrx_word' id='word_1_56' title='bbox 589 413 683 439; x_wconf 89' lang='lat' dir='ltr'><strong>parum</strong></span> <span class='ocrx_word' id='word_1_57' title='bbox 695 405 797 439; x_wconf 84' lang='lat' dir='ltr'><strong>impura</strong></span> <span class='ocrx_word' id='word_1_58' title='bbox 816 405 891 439; x_wconf 83' lang='lat' dir='ltr'><strong>cogi-</strong></span> 
     </span>
    </p>
   </div>
   <div class='ocr_carea' id='block_1_11' title="bbox 104 441 892 475">
    <p class='ocr_par' dir='ltr' id='par_1_11' title="bbox 104 441 892 475">
     <span class='ocr_line' id='line_1_11' title="bbox 104 441 892 475; baseline 0 -8"><span class='ocrx_word' id='word_1_59' title='bbox 104 442 209 467; x_wconf 88' lang='lat' dir='ltr'><strong>tatione</strong></span> <span class='ocrx_word' id='word_1_60' title='bbox 232 441 372 475; x_wconf 74' lang='lat' dir='ltr'><strong>inquinata</strong></span> <span class='ocrx_word' id='word_1_61' title='bbox 393 441 483 473; x_wconf 90' lang='lat' dir='ltr'><strong>fuerit,</strong></span> <span class='ocrx_word' id='word_1_62' title='bbox 513 448 527 467; x_wconf 89' lang='lat' dir='ltr'><strong>a</strong></span> <span class='ocrx_word' id='word_1_63' title='bbox 554 441 607 467; x_wconf 90' lang='lat' dir='ltr'><strong>vita</strong></span> <span class='ocrx_word' id='word_1_64' title='bbox 625 444 725 467; x_wconf 68' lang='lat' dir='ltr'><strong>aeterna</strong></span> <span class='ocrx_word' id='word_1_65' title='bbox 752 448 802 466; x_wconf 89' lang='lat' dir='ltr'><strong>nos</strong></span> <span class='ocrx_word' id='word_1_66' title='bbox 827 441 892 475; x_wconf 73' lang='lat' dir='ltr'><strong>alic-</strong></span> 
     </span>
    </p>
   </div>
   <div class='ocr_carea' id='block_1_12' title="bbox 104 474 890 510">
    <p class='ocr_par' dir='ltr' id='par_1_12' title="bbox 104 474 890 510">
     <span class='ocr_line' id='line_1_12' title="bbox 104 474 890 510; baseline -0.001 -8"><span class='ocrx_word' id='word_1_67' title='bbox 104 476 194 503; x_wconf 84' lang='lat' dir='ltr'><strong>nat&quot;.</strong></span> <span class='ocrx_word' id='word_1_68' title='bbox 212 485 221 501; x_wconf 82' lang='grc'><strong>1</strong></span> <span class='ocrx_word' id='word_1_69' title='bbox 248 474 284 503; x_wconf 65' lang='lat' dir='ltr'><strong>ne</strong></span> <span class='ocrx_word' id='word_1_70' title='bbox 304 476 346 503; x_wconf 88' lang='lat' dir='ltr'><strong>his</strong></span> <span class='ocrx_word' id='word_1_71' title='bbox 362 483 442 510; x_wconf 90' lang='lat' dir='ltr'><strong>porro</strong></span> <span class='ocrx_word' id='word_1_72' title='bbox 455 475 671 502; x_wconf 75' lang='lat' dir='ltr'><strong>Christianorum</strong></span> <span class='ocrx_word' id='word_1_73' title='bbox 695 476 797 502; x_wconf 87' lang='lat' dir='ltr'><strong>osculis</strong></span> <span class='ocrx_word' id='word_1_74' title='bbox 819 474 890 507; x_wconf 87' lang='lat' dir='ltr'><strong>vide,</strong></span> 
     </span>
    </p>
   </div>
   <div class='ocr_carea' id='block_1_13' title="bbox 104 510 892 561">
    <p class='ocr_par' dir='ltr' id='par_1_13' title="bbox 104 510 892 561">
     <span class='ocr_line' id='line_1_13' title="bbox 104 510 892 561; baseline 0 -24"><span class='ocrx_word' id='word_1_75' title='bbox 239 518 304 561; x_wconf 58' lang='lat' dir='ltr'><strong>Iquaa</strong></span> <span class='ocrx_word' id='word_1_76' title='bbox 315 519 365 538; x_wconf 90' lang='lat' dir='ltr'><strong>nos</strong></span> <span class='ocrx_word' id='word_1_77' title='bbox 377 511 403 538; x_wconf 93' lang='lat' dir='ltr'><strong>in</strong></span> <span class='ocrx_word' id='word_1_78' title='bbox 415 511 488 537; x_wconf 90' lang='lat' dir='ltr'><strong>hunc</strong></span> <span class='ocrx_word' id='word_1_79' title='bbox 502 510 680 546; x_wconf 73' lang='lat' dir='ltr'><strong>Athenagora:</strong></span> <span class='ocrx_word' id='word_1_80' title='bbox 697 510 784 537; x_wconf 90' lang='lat' dir='ltr'><strong>locum</strong></span> <span class='ocrx_word' id='word_1_81' title='bbox 807 511 892 537; x_wconf 88' lang='lat' dir='ltr'><strong>adno-</strong></span> 
     </span>
    </p>
   </div>
   <div class='ocr_carea' id='block_1_14' title="bbox 103 546 269 573">
    <p class='ocr_par' dir='ltr' id='par_1_14' title="bbox 103 546 269 573">
     <span class='ocr_line' id='line_1_14' title="bbox 103 546 269 573; baseline 0.006 -1"><span class='ocrx_word' id='word_1_82' title='bbox 103 546 226 573; x_wconf 84' lang='lat' dir='ltr'><strong>tavimus</strong></span> <span class='ocrx_word' id='word_1_83' title='bbox 239 546 269 573; x_wconf 82' lang='lat'><strong>&quot;.</strong></span> 
     </span>
    </p>
   </div>
   <div class='ocr_carea' id='block_1_15' title="bbox 142 580 892 615">
    <p class='ocr_par' dir='ltr' id='par_1_15' title="bbox 142 580 892 615">
     <span class='ocr_line' id='line_1_15' title="bbox 142 580 892 615; baseline -0.001 -8"><span class='ocrx_word' id='word_1_84' title='bbox 142 580 205 608; x_wconf 62' lang='lat' dir='ltr'><strong>Haec</strong></span> <span class='ocrx_word' id='word_1_85' title='bbox 215 588 297 615; x_wconf 87' lang='lat' dir='ltr'><strong>porro</strong></span> <span class='ocrx_word' id='word_1_86' title='bbox 307 581 412 612; x_wconf 88' lang='lat' dir='ltr'><strong>oscula,</strong></span> <span class='ocrx_word' id='word_1_87' title='bbox 425 584 455 607; x_wconf 92' lang='lat' dir='ltr'><strong>ut</strong></span> <span class='ocrx_word' id='word_1_88' title='bbox 478 580 504 607; x_wconf 90' lang='lat' dir='ltr'><strong>id</strong></span> <span class='ocrx_word' id='word_1_89' title='bbox 519 580 606 607; x_wconf 81' lang='lat' dir='ltr'><strong>obiter</strong></span> <span class='ocrx_word' id='word_1_90' title='bbox 619 580 708 607; x_wconf 90' lang='lat' dir='ltr'><strong>adhuc</strong></span> <span class='ocrx_word' id='word_1_91' title='bbox 721 580 892 607; x_wconf 89' lang='lat' dir='ltr'><strong>animadver-</strong></span> 
     </span>
    </p>
   </div>
   <div class='ocr_carea' id='block_1_16' title="bbox 103 615 892 649">
    <p class='ocr_par' dir='ltr' id='par_1_16' title="bbox 103 615 892 649">
     <span class='ocr_line' id='line_1_16' title="bbox 103 615 892 649; baseline -0.001 -6"><span class='ocrx_word' id='word_1_92' title='bbox 103 619 209 647; x_wconf 73' lang='lat' dir='ltr'><strong>tamus,</strong></span> <span class='ocrx_word' id='word_1_93' title='bbox 219 617 245 642; x_wconf 95' lang='lat' dir='ltr'><strong>in</strong></span> <span class='ocrx_word' id='word_1_94' title='bbox 262 617 396 648; x_wconf 84' lang='lat' dir='ltr'><strong>ecclesiis,</strong></span> <span class='ocrx_word' id='word_1_95' title='bbox 408 620 477 643; x_wconf 83' lang='lat' dir='ltr'><strong>teste</strong></span> <span class='ocrx_word' id='word_1_96' title='bbox 490 615 627 643; x_wconf 87' lang='lat' dir='ltr'><strong>Clemenle</strong></span> <span class='ocrx_word' id='word_1_97' title='bbox 641 615 892 649; x_wconf 84' lang='lat' dir='ltr'><strong>nOstro,inipertie-</strong></span> 
     </span>
    </p>
   </div>
   <div class='ocr_carea' id='block_1_17' title="bbox 104 650 892 685">
    <p class='ocr_par' dir='ltr' id='par_1_17' title="bbox 104 650 892 685">
     <span class='ocr_line' id='line_1_17' title="bbox 104 650 892 685; baseline 0 -9"><span class='ocrx_word' id='word_1_98' title='bbox 104 651 217 677; x_wconf 80' lang='lat' dir='ltr'><strong>bantur.</strong></span> <span class='ocrx_word' id='word_1_99' title='bbox 236 650 312 678; x_wconf 90' lang='lat' dir='ltr'><strong>Unde</strong></span> <span class='ocrx_word' id='word_1_100' title='bbox 332 651 402 678; x_wconf 85' lang='lat' dir='ltr'><strong>haud</strong></span> <span class='ocrx_word' id='word_1_101' title='bbox 425 651 542 678; x_wconf 83' lang='lat' dir='ltr'><strong>absurde</strong></span> <span class='ocrx_word' id='word_1_102' title='bbox 558 650 670 677; x_wconf 78' lang='lat' dir='ltr'><strong>forsitan</strong></span> <span class='ocrx_word' id='word_1_103' title='bbox 686 651 813 685; x_wconf 83' lang='lat' dir='ltr'><strong>colligere</strong></span> <span class='ocrx_word' id='word_1_104' title='bbox 830 651 892 684; x_wconf 84' lang='lat' dir='ltr'><strong>quis</strong></span> 
     </span>
    </p>
   </div>
   <div class='ocr_carea' id='block_1_18' title="bbox 104 685 890 720">
    <p class='ocr_par' dir='ltr' id='par_1_18' title="bbox 104 685 890 720">
     <span class='ocr_line' id='line_1_18' title="bbox 104 685 890 720; baseline -0.001 -8"><span class='ocrx_word' id='word_1_105' title='bbox 104 686 207 720; x_wconf 89' lang='lat' dir='ltr'><strong>poterit</strong></span> <span class='ocrx_word' id='word_1_106' title='bbox 224 687 411 718; x_wconf 80' lang='lat' dir='ltr'><strong>salutationes,</strong></span> <span class='ocrx_word' id='word_1_107' title='bbox 427 686 460 712; x_wconf 88' lang='lat' dir='ltr'><strong>de</strong></span> <span class='ocrx_word' id='word_1_108' title='bbox 471 686 570 720; x_wconf 88' lang='lat' dir='ltr'><strong>quibus</strong></span> <span class='ocrx_word' id='word_1_109' title='bbox 586 685 685 712; x_wconf 90' lang='lat' dir='ltr'><strong>ibidem</strong></span> <span class='ocrx_word' id='word_1_110' title='bbox 696 686 740 713; x_wconf 89' lang='lat' dir='ltr'><strong>ille</strong></span> <span class='ocrx_word' id='word_1_111' title='bbox 760 686 890 719; x_wconf 71' lang='lat' dir='ltr'><strong>loquitur,</strong></span> 
     </span>
    </p>
   </div>
   <div class='ocr_carea' id='block_1_19' title="bbox 105 720 892 748">
    <p class='ocr_par' dir='ltr' id='par_1_19' title="bbox 105 720 892 748">
     <span class='ocr_line' id='line_1_19' title="bbox 105 720 892 748; baseline 0 -1"><span class='ocrx_word' id='word_1_112' title='bbox 105 723 132 747; x_wconf 91' lang='lat' dir='ltr'><strong>in</strong></span> <span class='ocrx_word' id='word_1_113' title='bbox 148 721 246 748; x_wconf 81' lang='lat' dir='ltr'><strong>iisdem</strong></span> <span class='ocrx_word' id='word_1_114' title='bbox 271 723 356 748; x_wconf 84' lang='lat' dir='ltr'><strong>tactas</strong></span> <span class='ocrx_word' id='word_1_115' title='bbox 371 721 454 748; x_wconf 86' lang='lat' dir='ltr'><strong>fuisse</strong></span> <span class='ocrx_word' id='word_1_116' title='bbox 468 721 601 748; x_wconf 66' lang='lat' dir='ltr'><strong>ecclesiis.</strong></span> <span class='ocrx_word' id='word_1_117' title='bbox 618 720 655 747; x_wconf 88' lang='lat' dir='ltr'><strong>De</strong></span> <span class='ocrx_word' id='word_1_118' title='bbox 674 721 735 748; x_wconf 92' lang='lat' dir='ltr'><strong>aliis</strong></span> <span class='ocrx_word' id='word_1_119' title='bbox 754 721 892 747; x_wconf 82' lang='lat' dir='ltr'><strong>enimvero</strong></span> 
     </span>
    </p>
   </div>
   <div class='ocr_carea' id='block_1_20' title="bbox 103 755 892 790">
    <p class='ocr_par' dir='ltr' id='par_1_20' title="bbox 103 755 892 790">
     <span class='ocr_line' id='line_1_20' title="bbox 103 755 892 790; baseline 0 -8"><span class='ocrx_word' id='word_1_120' title='bbox 103 755 163 782; x_wconf 65' lang='lat' dir='ltr'><strong>haec</strong></span> <span class='ocrx_word' id='word_1_121' title='bbox 171 756 251 790; x_wconf 87' lang='lat' dir='ltr'><strong>paulo</strong></span> <span class='ocrx_word' id='word_1_122' title='bbox 261 760 322 789; x_wconf 84' lang='lat' dir='ltr'><strong>post</strong></span> <span class='ocrx_word' id='word_1_123' title='bbox 336 757 415 783; x_wconf 86' lang='lat' dir='ltr'><strong>habet</strong></span> <span class='ocrx_word' id='word_1_124' title='bbox 426 765 432 783; x_wconf 90' lang='lat'>:</span> <span class='ocrx_word' id='word_1_125' title='bbox 446 756 594 782; x_wconf 68' lang='lat' dir='ltr'><strong>(Caeterum</strong></span> <span class='ocrx_word' id='word_1_126' title='bbox 606 755 766 782; x_wconf 86' lang='lat' dir='ltr'><strong>dilectoriim</strong></span> <span class='ocrx_word' id='word_1_127' title='bbox 779 763 892 790; x_wconf 60' lang='lat' dir='ltr'><strong>quaeque</strong></span> 
     </span>
    </p>
   </div>
   <div class='ocr_carea' id='block_1_21' title="bbox 104 791 891 826">
    <p class='ocr_par' dir='ltr' id='par_1_21' title="bbox 104 791 891 826">
     <span class='ocr_line' id='line_1_21' title="bbox 104 791 891 826; baseline 0.001 -9"><span class='ocrx_word' id='word_1_128' title='bbox 104 791 132 817; x_wconf 90' lang='lat' dir='ltr'><strong>in</strong></span> <span class='ocrx_word' id='word_1_129' title='bbox 153 792 195 818; x_wconf 76' lang='lat' dir='ltr'><strong>via</strong></span> <span class='ocrx_word' id='word_1_130' title='bbox 211 791 399 822; x_wconf 78' lang='lat' dir='ltr'><strong>salutationes,</strong></span> <span class='ocrx_word' id='word_1_131' title='bbox 411 792 458 826; x_wconf 88' lang='lat' dir='ltr'><strong>qui</strong></span> <span class='ocrx_word' id='word_1_132' title='bbox 472 791 566 818; x_wconf 89' lang='lat' dir='ltr'><strong>volunt</strong></span> <span class='ocrx_word' id='word_1_133' title='bbox 579 798 626 824; x_wconf 88' lang='lat' dir='ltr'><strong>per</strong></span> <span class='ocrx_word' id='word_1_134' title='bbox 640 798 683 817; x_wconf 89' lang='lat' dir='ltr'><strong>res</strong></span> <span class='ocrx_word' id='word_1_135' title='bbox 694 795 820 818; x_wconf 86' lang='lat' dir='ltr'><strong>externas</strong></span> <span class='ocrx_word' id='word_1_136' title='bbox 832 799 891 826; x_wconf 81' lang='lat' dir='ltr'><strong>sese</strong></span> 
     </span>
    </p>
   </div>
   <div class='ocr_carea' id='block_1_22' title="bbox 102 825 890 860">
    <p class='ocr_par' dir='ltr' id='par_1_22' title="bbox 102 825 890 860">
     <span class='ocr_line' id='line_1_22' title="bbox 102 825 890 860; baseline 0 -8"><span class='ocrx_word' id='word_1_137' title='bbox 102 830 253 859; x_wconf 87' lang='lat' dir='ltr'><strong>ostentare,</strong></span> <span class='ocrx_word' id='word_1_138' title='bbox 266 834 300 853; x_wconf 91' lang='lat' dir='ltr'><strong>ne</strong></span> <span class='ocrx_word' id='word_1_139' title='bbox 316 825 454 853; x_wconf 87' lang='lat' dir='ltr'><strong>minimam</strong></span> <span class='ocrx_word' id='word_1_140' title='bbox 470 826 578 860; x_wconf 86' lang='lat' dir='ltr'><strong>quidem</strong></span> <span class='ocrx_word' id='word_1_141' title='bbox 603 825 702 852; x_wconf 83' lang='lat' dir='ltr'><strong>habent</strong></span> <span class='ocrx_word' id='word_1_142' title='bbox 718 827 842 859; x_wconf 86' lang='lat' dir='ltr'><strong>gratiam.</strong></span> <span class='ocrx_word' id='word_1_143' title='bbox 862 825 890 852; x_wconf 91' lang='lat' dir='ltr'><strong>Si</strong></span> 
     </span>
    </p>
   </div>
   <div class='ocr_carea' id='block_1_23' title="bbox 101 861 890 897">
    <p class='ocr_par' dir='ltr' id='par_1_23' title="bbox 101 861 890 897">
     <span class='ocr_line' id='line_1_23' title="bbox 101 861 890 897; baseline 0.001 -10"><span class='ocrx_word' id='word_1_144' title='bbox 101 862 177 887; x_wconf 89' lang='lat' dir='ltr'><strong>enim</strong></span> <span class='ocrx_word' id='word_1_145' title='bbox 195 861 221 897; x_wconf 82' lang='lat' dir='ltr'><strong>in</strong></span> <span class='ocrx_word' id='word_1_146' title='bbox 239 861 312 888; x_wconf 92' lang='lat' dir='ltr'><strong>aditu</strong></span> <span class='ocrx_word' id='word_1_147' title='bbox 326 862 438 897; x_wconf 84' lang='lat' dir='ltr'><strong>mystice</strong></span> <span class='ocrx_word' id='word_1_148' title='bbox 457 861 540 888; x_wconf 85' lang='lat' dir='ltr'><strong>Deum</strong></span> <span class='ocrx_word' id='word_1_149' title='bbox 556 868 634 887; x_wconf 90' lang='lat' dir='ltr'><strong>orare</strong></span> <span class='ocrx_word' id='word_1_150' title='bbox 648 861 890 897; x_wconf 83' lang='lat' dir='ltr'><strong>convenii,conse—</strong></span> 
     </span>
    </p>
   </div>
   <div class='ocr_carea' id='block_1_24' title="bbox 943 263 1732 299">
    <p class='ocr_par' dir='ltr' id='par_1_24' title="bbox 943 263 1732 299">
     <span class='ocr_line' id='line_1_24' title="bbox 943 263 1732 299; baseline -0.006 -7"><span class='ocrx_word' id='word_1_151' title='bbox 943 265 994 292; x_wconf 90' lang='lat' dir='ltr'><strong>bus</strong></span> <span class='ocrx_word' id='word_1_152' title='bbox 1010 263 1124 296; x_wconf 80' lang='lat' dir='ltr'><strong>ceiistet,</strong></span> <span class='ocrx_word' id='word_1_153' title='bbox 1137 266 1241 292; x_wconf 89' lang='lat' dir='ltr'><strong>lucrum</strong></span> <span class='ocrx_word' id='word_1_154' title='bbox 1255 268 1297 292; x_wconf 88' lang='lat' dir='ltr'><strong>est</strong></span> <span class='ocrx_word' id='word_1_155' title='bbox 1310 265 1418 299; x_wconf 86' lang='lat' dir='ltr'><strong>pietatis</strong></span> <span class='ocrx_word' id='word_1_156' title='bbox 1431 263 1540 299; x_wconf 79' lang='lat' dir='ltr'><strong>nomine</strong></span> <span class='ocrx_word' id='word_1_157' title='bbox 1553 264 1641 290; x_wconf 86' lang='lat' dir='ltr'><strong>facere</strong></span> <span class='ocrx_word' id='word_1_158' title='bbox 1655 272 1732 290; x_wconf 81' lang='lat' dir='ltr'><strong>sum.</strong></span> 
     </span>
    </p>
   </div>
   <div class='ocr_carea' id='block_1_25' title="bbox 943 298 1731 335">
    <p class='ocr_par' dir='ltr' id='par_1_25' title="bbox 943 298 1731 335">
     <span class='ocr_line' id='line_1_25' title="bbox 943 298 1731 335; baseline -0.001 -8"><span class='ocrx_word' id='word_1_159' title='bbox 943 305 1034 335; x_wconf 89' lang='lat' dir='ltr'><strong>ptum;</strong></span> <span class='ocrx_word' id='word_1_160' title='bbox 1063 300 1197 335; x_wconf 87' lang='lat' dir='ltr'><strong>siquidem</strong></span> <span class='ocrx_word' id='word_1_161' title='bbox 1213 298 1447 334; x_wconf 28' lang='lat' dir='ltr'><strong>inopes’quosque</strong></span> <span class='ocrx_word' id='word_1_162' title='bbox 1464 298 1603 335; x_wconf 80' lang='lat' dir='ltr'><strong>refrigerio</strong></span> <span class='ocrx_word' id='word_1_163' title='bbox 1624 299 1731 335; x_wconf 71' lang='lat' dir='ltr'><strong>istojii-</strong></span> 
     </span>
    </p>
   </div>
   <div class='ocr_carea' id='block_1_26' title="bbox 945 334 1730 370">
    <p class='ocr_par' dir='ltr' id='par_1_26' title="bbox 945 334 1730 370">
     <span class='ocr_line' id='line_1_26' title="bbox 945 334 1730 370; baseline -0.001 -8"><span class='ocrx_word' id='word_1_164' title='bbox 945 343 1048 367; x_wconf 86' lang='lat' dir='ltr'><strong>vanius,</strong></span> <span class='ocrx_word' id='word_1_165' title='bbox 1061 334 1112 362; x_wconf 82' lang='lat' dir='ltr'><strong>non</strong></span> <span class='ocrx_word' id='word_1_166' title='bbox 1127 343 1180 369; x_wconf 87' lang='lat' dir='ltr'><strong>qua</strong></span> <span class='ocrx_word' id='word_1_167' title='bbox 1194 343 1276 370; x_wconf 89' lang='lat' dir='ltr'><strong>penes</strong></span> <span class='ocrx_word' id='word_1_168' title='bbox 1288 343 1336 370; x_wconf 74' lang='lat' dir='ltr'><strong>vos</strong></span> <span class='ocrx_word' id='word_1_169' title='bbox 1352 335 1464 369; x_wconf 82' lang='lat' dir='ltr'><strong>parasiti</strong></span> <span class='ocrx_word' id='word_1_170' title='bbox 1482 334 1608 361; x_wconf 83' lang='lat' dir='ltr'><strong>ali‘ectant</strong></span> <span class='ocrx_word' id='word_1_171' title='bbox 1619 334 1653 361; x_wconf 89' lang='lat' dir='ltr'><strong>ad</strong></span> <span class='ocrx_word' id='word_1_172' title='bbox 1670 335 1730 369; x_wconf 81' lang='lat' dir='ltr'><strong>glo-</strong></span> 
     </span>
    </p>
   </div>
   <div class='ocr_carea' id='block_1_27' title="bbox 943 369 1731 405">
    <p class='ocr_par' dir='ltr' id='par_1_27' title="bbox 943 369 1731 405">
     <span class='ocr_line' id='line_1_27' title="bbox 943 369 1731 405; baseline 0 -9"><span class='ocrx_word' id='word_1_173' title='bbox 943 371 1069 397; x_wconf 87' lang='lat' dir='ltr'><strong>riam.....</strong></span> <span class='ocrx_word' id='word_1_174' title='bbox 1083 370 1130 397; x_wconf 86' lang='lat' dir='ltr'><strong>sed</strong></span> <span class='ocrx_word' id='word_1_175' title='bbox 1144 369 1200 404; x_wconf 82' lang='lat' dir='ltr'><strong>qua</strong></span> <span class='ocrx_word' id='word_1_176' title='bbox 1211 378 1293 405; x_wconf 81' lang='lat' dir='ltr'><strong>penes</strong></span> <span class='ocrx_word' id='word_1_177' title='bbox 1305 369 1388 396; x_wconf 79' lang='lat' dir='ltr'><strong>Deum</strong></span> <span class='ocrx_word' id='word_1_178' title='bbox 1402 370 1488 404; x_wconf 83' lang='lat' dir='ltr'><strong>major</strong></span> <span class='ocrx_word' id='word_1_179' title='bbox 1504 373 1545 396; x_wconf 87' lang='lat' dir='ltr'><strong>est</strong></span> <span class='ocrx_word' id='word_1_180' title='bbox 1562 370 1731 405; x_wconf 85' lang='lat' dir='ltr'><strong>contempla-</strong></span> 
     </span>
    </p>
   </div>
   <div class='ocr_carea' id='block_1_28' title="bbox 943 404 1731 435">
    <p class='ocr_par' dir='ltr' id='par_1_28' title="bbox 943 404 1731 435">
     <span class='ocr_line' id='line_1_28' title="bbox 943 404 1731 435; baseline 0.001 -4"><span class='ocrx_word' id='word_1_181' title='bbox 943 406 980 432; x_wconf 86' lang='lat' dir='ltr'><strong>tio</strong></span> <span class='ocrx_word' id='word_1_182' title='bbox 994 404 1229 433; x_wconf 63' lang='lat' dir='ltr'><strong>iiiediocrium.....</strong></span> <span class='ocrx_word' id='word_1_183' title='bbox 1243 405 1308 432; x_wconf 89' lang='lat' dir='ltr'><strong>nihil</strong></span> <span class='ocrx_word' id='word_1_184' title='bbox 1322 405 1446 435; x_wconf 80' lang='lat' dir='ltr'><strong>vilitatis,</strong></span> <span class='ocrx_word' id='word_1_185' title='bbox 1471 405 1537 431; x_wconf 89' lang='lat' dir='ltr'><strong>nihil</strong></span> <span class='ocrx_word' id='word_1_186' title='bbox 1551 404 1731 432; x_wconf 68' lang='lat' dir='ltr'><strong>immodestiae</strong></span> 
     </span>
    </p>
   </div>
   <div class='ocr_carea' id='block_1_29' title="bbox 943 439 1729 474">
    <p class='ocr_par' dir='ltr' id='par_1_29' title="bbox 943 439 1729 474">
     <span class='ocr_line' id='line_1_29' title="bbox 943 439 1729 474; baseline 0.003 -8"><span class='ocrx_word' id='word_1_187' title='bbox 943 441 1071 468; x_wconf 83' lang='lat' dir='ltr'><strong>admittit.</strong></span> <span class='ocrx_word' id='word_1_188' title='bbox 1097 440 1156 467; x_wconf 78' lang='lat' dir='ltr'><strong>Non</strong></span> <span class='ocrx_word' id='word_1_189' title='bbox 1177 439 1253 474; x_wconf 87' lang='lat' dir='ltr'><strong>prius</strong></span> <span class='ocrx_word' id='word_1_190' title='bbox 1275 440 1457 468; x_wconf 87' lang='lat' dir='ltr'><strong>discumbitur</strong></span> <span class='ocrx_word' id='word_1_191' title='bbox 1479 447 1560 474; x_wconf 84' lang='lat' dir='ltr'><strong>qualn</strong></span> <span class='ocrx_word' id='word_1_192' title='bbox 1582 440 1670 466; x_wconf 80' lang='lat' dir='ltr'><strong>oratio</strong></span> <span class='ocrx_word' id='word_1_193' title='bbox 1695 441 1729 468; x_wconf 83' lang='lat' dir='ltr'><strong>ad</strong></span> 
     </span>
    </p>
   </div>
   <div class='ocr_carea' id='block_1_30' title="bbox 943 475 1731 510">
    <p class='ocr_par' dir='ltr' id='par_1_30' title="bbox 943 475 1731 510">
     <span class='ocr_line' id='line_1_30' title="bbox 943 475 1731 510; baseline 0.001 -9"><span class='ocrx_word' id='word_1_194' title='bbox 943 475 1027 502; x_wconf 90' lang='lat' dir='ltr'><strong>Deum</strong></span> <span class='ocrx_word' id='word_1_195' title='bbox 1041 479 1228 510; x_wconf 62' lang='lat' dir='ltr'><strong>praegustetur.</strong></span> <span class='ocrx_word' id='word_1_196' title='bbox 1249 475 1345 502; x_wconf 87' lang='lat' dir='ltr'><strong>Editur</strong></span> <span class='ocrx_word' id='word_1_197' title='bbox 1361 479 1493 509; x_wconf 87' lang='lat' dir='ltr'><strong>quantum</strong></span> <span class='ocrx_word' id='word_1_198' title='bbox 1507 475 1660 502; x_wconf 77' lang='lat' dir='ltr'><strong>esurientes</strong></span> <span class='ocrx_word' id='word_1_199' title='bbox 1683 483 1731 502; x_wconf 91' lang='lat' dir='ltr'><strong>ca-</strong></span> 
     </span>
    </p>
   </div>
   <div class='ocr_carea' id='block_1_31' title="bbox 943 510 1730 546">
    <p class='ocr_par' dir='ltr' id='par_1_31' title="bbox 943 510 1730 546">
     <span class='ocr_line' id='line_1_31' title="bbox 943 510 1730 546; baseline 0 -10"><span class='ocrx_word' id='word_1_200' title='bbox 943 511 1035 545; x_wconf 85' lang='lat' dir='ltr'><strong>piunt;</strong></span> <span class='ocrx_word' id='word_1_201' title='bbox 1048 511 1150 537; x_wconf 84' lang='lat' dir='ltr'><strong>bibitur</strong></span> <span class='ocrx_word' id='word_1_202' title='bbox 1163 515 1294 545; x_wconf 87' lang='lat' dir='ltr'><strong>quantum</strong></span> <span class='ocrx_word' id='word_1_203' title='bbox 1316 510 1423 546; x_wconf 88' lang='lat' dir='ltr'><strong>pudicis</strong></span> <span class='ocrx_word' id='word_1_204' title='bbox 1441 513 1483 537; x_wconf 87' lang='lat' dir='ltr'><strong>est</strong></span> <span class='ocrx_word' id='word_1_205' title='bbox 1502 510 1586 542; x_wconf 87' lang='lat' dir='ltr'><strong>utile;</strong></span> <span class='ocrx_word' id='word_1_206' title='bbox 1604 510 1639 536; x_wconf 90' lang='lat' dir='ltr'><strong>ita</strong></span> <span class='ocrx_word' id='word_1_207' title='bbox 1652 515 1730 537; x_wconf 80' lang='lat' dir='ltr'><strong>satu-</strong></span> 
     </span>
    </p>
   </div>
   <div class='ocr_carea' id='block_1_32' title="bbox 943 546 1730 580">
    <p class='ocr_par' dir='ltr' id='par_1_32' title="bbox 943 546 1730 580">
     <span class='ocr_line' id='line_1_32' title="bbox 943 546 1730 580; baseline 0 -9"><span class='ocrx_word' id='word_1_208' title='bbox 943 549 1050 575; x_wconf 83' lang='lat' dir='ltr'><strong>rantur,</strong></span> <span class='ocrx_word' id='word_1_209' title='bbox 1069 550 1098 572; x_wconf 89' lang='lat' dir='ltr'><strong>ut</strong></span> <span class='ocrx_word' id='word_1_210' title='bbox 1120 546 1166 580; x_wconf 85' lang='lat' dir='ltr'><strong>qui</strong></span> <span class='ocrx_word' id='word_1_211' title='bbox 1182 546 1356 573; x_wconf 82' lang='lat' dir='ltr'><strong>meminerint</strong></span> <span class='ocrx_word' id='word_1_212' title='bbox 1381 546 1462 572; x_wconf 84' lang='lat' dir='ltr'><strong>etiam</strong></span> <span class='ocrx_word' id='word_1_213' title='bbox 1480 553 1528 580; x_wconf 84' lang='lat' dir='ltr'><strong>per</strong></span> <span class='ocrx_word' id='word_1_214' title='bbox 1549 549 1656 571; x_wconf 87' lang='lat' dir='ltr'><strong>noctem</strong></span> <span class='ocrx_word' id='word_1_215' title='bbox 1680 546 1730 572; x_wconf 81' lang='lat' dir='ltr'><strong>nil-</strong></span> 
     </span>
    </p>
   </div>
   <div class='ocr_carea' id='block_1_33' title="bbox 943 580 1729 615">
    <p class='ocr_par' dir='ltr' id='par_1_33' title="bbox 943 580 1729 615">
     <span class='ocr_line' id='line_1_33' title="bbox 943 580 1729 615; baseline 0 -8"><span class='ocrx_word' id='word_1_216' title='bbox 943 581 1074 607; x_wconf 87' lang='lat' dir='ltr'><strong>orandum</strong></span> <span class='ocrx_word' id='word_1_217' title='bbox 1083 580 1167 608; x_wconf 89' lang='lat' dir='ltr'><strong>Deum</strong></span> <span class='ocrx_word' id='word_1_218' title='bbox 1180 581 1231 608; x_wconf 87' lang='lat' dir='ltr'><strong>sibi</strong></span> <span class='ocrx_word' id='word_1_219' title='bbox 1244 582 1359 612; x_wconf 89' lang='lat' dir='ltr'><strong>esse,ita</strong></span> <span class='ocrx_word' id='word_1_220' title='bbox 1373 580 1540 611; x_wconf 81' lang='lat' dir='ltr'><strong>fabulantur,</strong></span> <span class='ocrx_word' id='word_1_221' title='bbox 1549 584 1578 606; x_wconf 92' lang='lat' dir='ltr'><strong>ut</strong></span> <span class='ocrx_word' id='word_1_222' title='bbox 1587 581 1632 615; x_wconf 88' lang='lat' dir='ltr'><strong>qui</strong></span> <span class='ocrx_word' id='word_1_223' title='bbox 1642 581 1729 608; x_wconf 86' lang='lat' dir='ltr'><strong>sciant</strong></span> 
     </span>
    </p>
   </div>
   <div class='ocr_carea' id='block_1_34' title="bbox 945 615 1729 649">
    <p class='ocr_par' dir='ltr' id='par_1_34' title="bbox 945 615 1729 649">
     <span class='ocr_line' id='line_1_34' title="bbox 945 615 1729 649; baseline 0.001 -7"><span class='ocrx_word' id='word_1_224' title='bbox 945 615 1086 642; x_wconf 88' lang='lat' dir='ltr'><strong>Dominum</strong></span> <span class='ocrx_word' id='word_1_225' title='bbox 1104 615 1199 643; x_wconf 86' lang='lat' dir='ltr'><strong>audire</strong></span> <span class='ocrx_word' id='word_1_226' title='bbox 1211 616 1241 642; x_wconf 77' lang='lat'><strong>”‘.</strong></span> <span class='ocrx_word' id='word_1_227' title='bbox 1255 626 1263 641; x_wconf 78' lang='grc'><strong>1</strong></span> <span class='ocrx_word' id='word_1_228' title='bbox 1275 616 1407 643; x_wconf 67' lang='lat' dir='ltr'><strong>Cit-terum</strong></span> <span class='ocrx_word' id='word_1_229' title='bbox 1422 616 1494 649; x_wconf 90' lang='lat' dir='ltr'><strong>quod</strong></span> <span class='ocrx_word' id='word_1_230' title='bbox 1507 615 1632 643; x_wconf 79' lang='lat' dir='ltr'><strong>Clemens</strong></span> <span class='ocrx_word' id='word_1_231' title='bbox 1647 616 1672 643; x_wconf 90' lang='lat' dir='ltr'><strong>iu</strong></span> <span class='ocrx_word' id='word_1_232' title='bbox 1685 616 1729 644; x_wconf 89' lang='lat' dir='ltr'><strong>his</strong></span> 
     </span>
    </p>
   </div>
   <div class='ocr_carea' id='block_1_35' title="bbox 943 651 1729 686">
    <p class='ocr_par' dir='ltr' id='par_1_35' title="bbox 943 651 1729 686">
     <span class='ocr_line' id='line_1_35' title="bbox 943 651 1729 686; baseline 0.004 -10"><span class='ocrx_word' id='word_1_233' title='bbox 943 651 1036 685; x_wconf 82' lang='lat' dir='ltr'><strong>agapis</strong></span> <span class='ocrx_word' id='word_1_234' title='bbox 1050 655 1146 685; x_wconf 67' lang='lat' dir='ltr'><strong>praeter</strong></span> <span class='ocrx_word' id='word_1_235' title='bbox 1160 651 1223 678; x_wconf 83' lang='lat' dir='ltr'><strong>olim</strong></span> <span class='ocrx_word' id='word_1_236' title='bbox 1239 651 1401 678; x_wconf 86' lang='lat' dir='ltr'><strong>constitutas</strong></span> <span class='ocrx_word' id='word_1_237' title='bbox 1416 651 1524 686; x_wconf 79' lang='lat' dir='ltr'><strong>pietatis</strong></span> <span class='ocrx_word' id='word_1_238' title='bbox 1543 655 1569 677; x_wconf 82' lang='lat' dir='ltr'><strong>et</strong></span> <span class='ocrx_word' id='word_1_239' title='bbox 1586 651 1729 679; x_wconf 81' lang='lat' dir='ltr'><strong>i-liaritatis</strong></span> 
     </span>
    </p>
   </div>
   <div class='ocr_carea' id='block_1_36' title="bbox 943 686 1728 720">
    <p class='ocr_par' dir='ltr' id='par_1_36' title="bbox 943 686 1728 720">
     <span class='ocr_line' id='line_1_36' title="bbox 943 686 1728 720; baseline 0 -8"><span class='ocrx_word' id='word_1_240' title='bbox 943 686 1015 720; x_wconf 89' lang='lat' dir='ltr'><strong>leges</strong></span> <span class='ocrx_word' id='word_1_241' title='bbox 1033 687 1069 712; x_wconf 89' lang='lat' dir='ltr'><strong>ait</strong></span> <span class='ocrx_word' id='word_1_242' title='bbox 1086 693 1147 713; x_wconf 83' lang='lat' dir='ltr'><strong>esse</strong></span> <span class='ocrx_word' id='word_1_243' title='bbox 1169 686 1327 717; x_wconf 89' lang='lat' dir='ltr'><strong>admissum,</strong></span> <span class='ocrx_word' id='word_1_244' title='bbox 1340 693 1395 712; x_wconf 90' lang='lat' dir='ltr'><strong>non</strong></span> <span class='ocrx_word' id='word_1_245' title='bbox 1420 694 1515 713; x_wconf 86' lang='lat' dir='ltr'><strong>omnes</strong></span> <span class='ocrx_word' id='word_1_246' title='bbox 1538 686 1728 719; x_wconf 85' lang='lat' dir='ltr'><strong>Christianos,</strong></span> 
     </span>
    </p>
   </div>
   <div class='ocr_carea' id='block_1_37' title="bbox 943 721 1729 755">
    <p class='ocr_par' dir='ltr' id='par_1_37' title="bbox 943 721 1729 755">
     <span class='ocr_line' id='line_1_37' title="bbox 943 721 1729 755; baseline -0.001 -7"><span class='ocrx_word' id='word_1_247' title='bbox 943 721 990 748; x_wconf 81' lang='lat' dir='ltr'><strong>sed</strong></span> <span class='ocrx_word' id='word_1_248' title='bbox 1004 724 1108 748; x_wconf 83' lang='lat' dir='ltr'><strong>tantum</strong></span> <span class='ocrx_word' id='word_1_249' title='bbox 1126 721 1268 755; x_wconf 86' lang='lat' dir='ltr'><strong>quosdam,</strong></span> <span class='ocrx_word' id='word_1_250' title='bbox 1283 721 1354 752; x_wconf 79' lang='grc' dir='ltr'>τινές</span> <span class='ocrx_word' id='word_1_251' title='bbox 1371 742 1377 753; x_wconf 88' lang='grc'><strong>,</strong></span> <span class='ocrx_word' id='word_1_252' title='bbox 1400 721 1481 755; x_wconf 90' lang='lat' dir='ltr'><strong>hujus</strong></span> <span class='ocrx_word' id='word_1_253' title='bbox 1499 722 1729 755; x_wconf 71' lang='lat' dir='ltr'><strong>pricvai‘icationis</strong></span> 
     </span>
    </p>
   </div>
   <div class='ocr_carea' id='block_1_38' title="bbox 943 755 1729 790">
    <p class='ocr_par' dir='ltr' id='par_1_38' title="bbox 943 755 1729 790">
     <span class='ocr_line' id='line_1_38' title="bbox 943 755 1729 790; baseline -0.001 -7"><span class='ocrx_word' id='word_1_254' title='bbox 943 763 1005 783; x_wconf 87' lang='lat' dir='ltr'><strong>reos</strong></span> <span class='ocrx_word' id='word_1_255' title='bbox 1020 756 1074 788; x_wconf 72' lang='lat' dir='ltr'><strong>agit</strong></span> <span class='ocrx_word' id='word_1_256' title='bbox 1086 760 1112 782; x_wconf 89' lang='lat' dir='ltr'><strong>et</strong></span> <span class='ocrx_word' id='word_1_257' title='bbox 1124 756 1301 790; x_wconf 75' lang='lat' dir='ltr'><strong>evagitat.An</strong></span> <span class='ocrx_word' id='word_1_258' title='bbox 1317 760 1406 783; x_wconf 83' lang='lat' dir='ltr'><strong>autem</strong></span> <span class='ocrx_word' id='word_1_259' title='bbox 1429 756 1455 782; x_wconf 94' lang='grc'><strong>111</strong></span> <span class='ocrx_word' id='word_1_260' title='bbox 1477 757 1603 783; x_wconf 81' lang='lat' dir='ltr'><strong>catholici</strong></span> <span class='ocrx_word' id='word_1_261' title='bbox 1619 761 1663 783; x_wconf 86' lang='lat' dir='ltr'><strong>aut</strong></span> <span class='ocrx_word' id='word_1_262' title='bbox 1674 755 1729 782; x_wconf 83' lang='lat' dir='ltr'><strong>h.c-</strong></span> 
     </span>
    </p>
   </div>
   <div class='ocr_carea' id='block_1_39' title="bbox 942 791 1728 822">
    <p class='ocr_par' dir='ltr' id='par_1_39' title="bbox 942 791 1728 822">
     <span class='ocr_line' id='line_1_39' title="bbox 942 791 1728 822; baseline 0 -4"><span class='ocrx_word' id='word_1_263' title='bbox 942 791 1020 818; x_wconf 85' lang='lat' dir='ltr'><strong>rctici</strong></span> <span class='ocrx_word' id='word_1_264' title='bbox 1035 792 1145 822; x_wconf 86' lang='lat' dir='ltr'><strong>fuerint,</strong></span> <span class='ocrx_word' id='word_1_265' title='bbox 1173 792 1246 818; x_wconf 83' lang='lat' dir='ltr'><strong>dictu</strong></span> <span class='ocrx_word' id='word_1_266' title='bbox 1269 791 1472 818; x_wconf 87' lang='lat' dir='ltr'><strong>difficillimum.</strong></span> <span class='ocrx_word' id='word_1_267' title='bbox 1502 791 1548 818; x_wconf 91' lang='lat' dir='ltr'><strong>Ille</strong></span> <span class='ocrx_word' id='word_1_268' title='bbox 1576 792 1646 818; x_wconf 87' lang='lat' dir='ltr'><strong>cnim</strong></span> <span class='ocrx_word' id='word_1_269' title='bbox 1664 792 1728 818; x_wconf 81' lang='lat' dir='ltr'><strong>alibi</strong></span> 
     </span>
    </p>
   </div>
   <div class='ocr_carea' id='block_1_40' title="bbox 942 826 1729 861">
    <p class='ocr_par' dir='ltr' id='par_1_40' title="bbox 942 826 1729 861">
     <span class='ocr_line' id='line_1_40' title="bbox 942 826 1729 861; baseline 0 -9"><span class='ocrx_word' id='word_1_270' title='bbox 942 826 1169 861; x_wconf 87' lang='lat' dir='ltr'><strong>Carpocratianos</strong></span> <span class='ocrx_word' id='word_1_271' title='bbox 1196 826 1302 860; x_wconf 80' lang='lat' dir='ltr'><strong>arguit,</strong></span> <span class='ocrx_word' id='word_1_272' title='bbox 1331 826 1377 861; x_wconf 86' lang='lat' dir='ltr'><strong>qui</strong></span> <span class='ocrx_word' id='word_1_273' title='bbox 1401 828 1583 854; x_wconf 77' lang='lat' dir='ltr'><strong>exsecrandos</strong></span> <span class='ocrx_word' id='word_1_274' title='bbox 1612 827 1729 853; x_wconf 83' lang='lat' dir='ltr'><strong>detesta—</strong></span> 
     </span>
    </p>
   </div>
   <div class='ocr_carea' id='block_1_41' title="bbox 942 861 1729 896">
    <p class='ocr_par' dir='ltr' id='par_1_41' title="bbox 942 861 1729 896">
     <span class='ocr_line' id='line_1_41' title="bbox 942 861 1729 896; baseline 0.003 -9"><span class='ocrx_word' id='word_1_275' title='bbox 942 861 1065 895; x_wconf 83' lang='lat' dir='ltr'><strong>hilesque</strong></span> <span class='ocrx_word' id='word_1_276' title='bbox 1078 867 1163 888; x_wconf 74' lang='lat' dir='ltr'><strong>omnis</strong></span> <span class='ocrx_word' id='word_1_277' title='bbox 1174 869 1239 888; x_wconf 82' lang='lat' dir='ltr'><strong>suos</strong></span> <span class='ocrx_word' id='word_1_278' title='bbox 1253 869 1356 896; x_wconf 84' lang='lat' dir='ltr'><strong>agapen</strong></span> <span class='ocrx_word' id='word_1_279' title='bbox 1367 869 1464 888; x_wconf 86' lang='lat' dir='ltr'><strong>vocare</strong></span> <span class='ocrx_word' id='word_1_280' title='bbox 1481 862 1614 889; x_wconf 81' lang='lat' dir='ltr'><strong>audebant</strong></span> <span class='ocrx_word' id='word_1_281' title='bbox 1628 862 1659 889; x_wconf 82' lang='grc'><strong>¹⁹.</strong></span> <span class='ocrx_word' id='word_1_282' title='bbox 1675 862 1729 889; x_wconf 82' lang='lat' dir='ltr'><strong>Sed</strong></span> 
     </span>
    </p>
   </div>
   <div class='ocr_carea' id='block_1_42' title="bbox 102 895 1730 931">
    <p class='ocr_par' dir='ltr' id='par_1_42' title="bbox 102 895 1730 931">
     <span class='ocr_line' id='line_1_42' title="bbox 102 895 1730 931; baseline 0.002 -10"><span class='ocrx_word' id='word_1_283' title='bbox 102 903 194 929; x_wconf 86' lang='lat' dir='ltr'><strong>quens</strong></span> <span class='ocrx_word' id='word_1_284' title='bbox 209 895 289 923; x_wconf 90' lang='lat' dir='ltr'><strong>fuerit</strong></span> <span class='ocrx_word' id='word_1_285' title='bbox 301 895 453 931; x_wconf 66' lang='lat' dir='ltr'><strong>proximum</strong></span> <span class='ocrx_word' id='word_1_286' title='bbox 471 903 588 931; x_wconf 77' lang='lat' dir='ltr'><strong>quoque,</strong></span> <span class='ocrx_word' id='word_1_287' title='bbox 603 903 681 930; x_wconf 84' lang='lat' dir='ltr'><strong>quem</strong></span> <span class='ocrx_word' id='word_1_288' title='bbox 696 896 816 923; x_wconf 89' lang='lat' dir='ltr'><strong>secundo</strong></span> <span class='ocrx_word' id='word_1_289' title='bbox 832 896 890 922; x_wconf 82' lang='lat' dir='ltr'><strong>loco</strong></span> <span class='ocrx_word' id='word_1_290' title='bbox 908 902 927 928; x_wconf 80' lang='grc' dir='ltr'><strong>Β</strong></span> <span class='ocrx_word' id='word_1_291' title='bbox 941 904 1002 922; x_wconf 87' lang='lat' dir='ltr'><strong>cum</strong></span> <span class='ocrx_word' id='word_1_292' title='bbox 1019 896 1128 923; x_wconf 87' lang='lat' dir='ltr'><strong>laudato</strong></span> <span class='ocrx_word' id='word_1_293' title='bbox 1143 896 1284 931; x_wconf 71' lang='lat' dir='ltr'><strong>I’mdagogi</strong></span> <span class='ocrx_word' id='word_1_294' title='bbox 1312 897 1379 922; x_wconf 89' lang='lat' dir='ltr'><strong>libro</strong></span> <span class='ocrx_word' id='word_1_295' title='bbox 1393 897 1459 923; x_wconf 88' lang='lat' dir='ltr'><strong>nihil</strong></span> <span class='ocrx_word' id='word_1_296' title='bbox 1478 896 1532 923; x_wconf 87' lang='lat' dir='ltr'><strong>fere</strong></span> <span class='ocrx_word' id='word_1_297' title='bbox 1547 897 1573 924; x_wconf 89' lang='lat' dir='ltr'><strong>in</strong></span> <span class='ocrx_word' id='word_1_298' title='bbox 1592 897 1634 924; x_wconf 89' lang='lat' dir='ltr'><strong>his</strong></span> <span class='ocrx_word' id='word_1_299' title='bbox 1649 897 1730 924; x_wconf 83' lang='lat' dir='ltr'><strong>Chri-</strong></span> 
     </span>
    </p>
   </div>
   <div class='ocr_carea' id='block_1_43' title="bbox 100 930 888 966">
    <p class='ocr_par' dir='ltr' id='par_1_43' title="bbox 100 930 888 966">
     <span class='ocr_line' id='line_1_43' title="bbox 100 930 888 966; baseline 0 -9"><span class='ocrx_word' id='word_1_300' title='bbox 100 931 233 965; x_wconf 86' lang='lat' dir='ltr'><strong>jubemur</strong></span> <span class='ocrx_word' id='word_1_301' title='bbox 247 930 374 966; x_wconf 74' lang='lat' dir='ltr'><strong>diligere,</strong></span> <span class='ocrx_word' id='word_1_302' title='bbox 389 931 514 958; x_wconf 80' lang='lat' dir='ltr'><strong>similiter</strong></span> <span class='ocrx_word' id='word_1_303' title='bbox 527 938 559 957; x_wconf 83' lang='lat' dir='ltr'><strong>ac</strong></span> <span class='ocrx_word' id='word_1_304' title='bbox 571 930 654 957; x_wconf 81' lang='lat' dir='ltr'><strong>Deum</strong></span> <span class='ocrx_word' id='word_1_305' title='bbox 674 931 788 966; x_wconf 78' lang='lat' dir='ltr'><strong>mystice</strong></span> <span class='ocrx_word' id='word_1_306' title='bbox 805 931 888 963; x_wconf 86' lang='lat' dir='ltr'><strong>intus,</strong></span> 
     </span>
    </p>
   </div>
   <div class='ocr_carea' id='block_1_44' title="bbox 103 966 888 1001">
    <p class='ocr_par' dir='ltr' id='par_1_44' title="bbox 103 966 888 1001">
     <span class='ocr_line' id='line_1_44' title="bbox 103 966 888 1001; baseline 0.001 -10"><span class='ocrx_word' id='word_1_307' title='bbox 103 970 230 993; x_wconf 81' lang='lat' dir='ltr'><strong>amanter</strong></span> <span class='ocrx_word' id='word_1_308' title='bbox 246 970 272 993; x_wconf 83' lang='lat' dir='ltr'><strong>et</strong></span> <span class='ocrx_word' id='word_1_309' title='bbox 291 967 406 1001; x_wconf 82' lang='lat' dir='ltr'><strong>benigne</strong></span> <span class='ocrx_word' id='word_1_310' title='bbox 428 966 731 1001; x_wconf 19' lang='lat' dir='ltr'><strong>alloqiii,roccasionein</strong></span> <span class='ocrx_word' id='word_1_311' title='bbox 758 966 888 993; x_wconf 89' lang='lat' dir='ltr'><strong>redimen-</strong></span> 
     </span>
    </p>
   </div>
   <div class='ocr_carea' id='block_1_45' title="bbox 102 1000 893 1035">
    <p class='ocr_par' dir='ltr' id='par_1_45' title="bbox 102 1000 893 1035">
     <span class='ocr_line' id='line_1_45' title="bbox 102 1000 893 1035; baseline 0.001 -9"><span class='ocrx_word' id='word_1_312' title='bbox 102 1004 146 1027; x_wconf 86' lang='lat' dir='ltr'><strong>tes</strong></span> <span class='ocrx_word' id='word_1_313' title='bbox 163 1001 194 1026; x_wconf 68' lang='grc' dir='ltr'><strong>ιδ.</strong></span> <span class='ocrx_word' id='word_1_314' title='bbox 208 1011 216 1026; x_wconf 80' lang='grc'><strong>1</strong></span> <span class='ocrx_word' id='word_1_315' title='bbox 232 1000 602 1035; x_wconf 60' lang='grc' dir='ltr'><strong>ΒεηίίμιεὈιειηθιιδλ1111ἀθιιι</strong></span> <span class='ocrx_word' id='word_1_316' title='bbox 619 1002 742 1028; x_wconf 86' lang='lat' dir='ltr'><strong>osculum</strong></span> <span class='ocrx_word' id='word_1_317' title='bbox 759 1009 812 1028; x_wconf 90' lang='lat' dir='ltr'><strong>non</strong></span> <span class='ocrx_word' id='word_1_318' title='bbox 825 1001 893 1028; x_wconf 85' lang='lat' dir='ltr'><strong>satis</strong></span> 
     </span>
    </p>
   </div>
   <div class='ocr_carea' id='block_1_46' title="bbox 102 1035 891 1071">
    <p class='ocr_par' dir='ltr' id='par_1_46' title="bbox 102 1035 891 1071">
     <span class='ocr_line' id='line_1_46' title="bbox 102 1035 891 1071; baseline 0.001 -10"><span class='ocrx_word' id='word_1_319' title='bbox 102 1035 234 1070; x_wconf 83' lang='lat' dir='ltr'><strong>pudicum</strong></span> <span class='ocrx_word' id='word_1_320' title='bbox 248 1036 454 1071; x_wconf 89' lang='lat' dir='ltr'><strong>componitcum</strong></span> <span class='ocrx_word' id='word_1_321' title='bbox 466 1037 563 1064; x_wconf 86' lang='lat' dir='ltr'><strong>nocivo</strong></span> <span class='ocrx_word' id='word_1_322' title='bbox 573 1036 777 1069; x_wconf 75' lang='lat' dir='ltr'><strong>plialangioriim</strong></span> <span class='ocrx_word' id='word_1_323' title='bbox 789 1044 891 1068; x_wconf 84' lang='lat' dir='ltr'><strong>morsu,</strong></span> 
     </span>
    </p>
   </div>
   <div class='ocr_carea' id='block_1_47' title="bbox 103 1071 892 1106">
    <p class='ocr_par' dir='ltr' id='par_1_47' title="bbox 103 1071 892 1106">
     <span class='ocr_line' id='line_1_47' title="bbox 103 1071 892 1106; baseline 0.003 -10"><span class='ocrx_word' id='word_1_324' title='bbox 103 1071 137 1097; x_wconf 93' lang='lat' dir='ltr'><strong>de</strong></span> <span class='ocrx_word' id='word_1_325' title='bbox 150 1071 251 1105; x_wconf 88' lang='lat' dir='ltr'><strong>quibus</strong></span> <span class='ocrx_word' id='word_1_326' title='bbox 264 1072 424 1106; x_wconf 57' lang='lat' dir='ltr'><strong>aristoteles</strong></span> <span class='ocrx_word' id='word_1_327' title='bbox 439 1072 486 1099; x_wconf 91' lang='lat' dir='ltr'><strong>lib.</strong></span> <span class='ocrx_word' id='word_1_328' title='bbox 505 1071 652 1106; x_wconf 22' lang='lat' dir='ltr'><strong>ixrllislor.</strong></span> <span class='ocrx_word' id='word_1_329' title='bbox 669 1072 831 1106; x_wconf 83' lang='lat' dir='ltr'><strong>anim.,cap.</strong></span> <span class='ocrx_word' id='word_1_330' title='bbox 848 1071 892 1104; x_wconf 77' lang='lat'><strong>39,</strong></span> 
     </span>
    </p>
   </div>
   <div class='ocr_carea' id='block_1_48' title="bbox 103 1105 891 1140">
    <p class='ocr_par' dir='ltr' id='par_1_48' title="bbox 103 1105 891 1140">
     <span class='ocr_line' id='line_1_48' title="bbox 103 1105 891 1140; baseline 0.001 -8"><span class='ocrx_word' id='word_1_331' title='bbox 103 1113 166 1140; x_wconf 81' lang='lat' dir='ltr'><strong>pag.</strong></span> <span class='ocrx_word' id='word_1_332' title='bbox 187 1106 254 1139; x_wconf 62' lang='lat'><strong>943;</strong></span> <span class='ocrx_word' id='word_1_333' title='bbox 269 1105 384 1138; x_wconf 84' lang='lat' dir='ltr'><strong>Plinius,</strong></span> <span class='ocrx_word' id='word_1_334' title='bbox 399 1107 446 1134; x_wconf 90' lang='lat' dir='ltr'><strong>lib.</strong></span> <span class='ocrx_word' id='word_1_335' title='bbox 462 1115 489 1134; x_wconf 68' lang='grc' dir='ltr'>ιι</span> <span class='ocrx_word' id='word_1_336' title='bbox 517 1105 621 1134; x_wconf 68' lang='lat' dir='ltr'><strong>Hister.</strong></span> <span class='ocrx_word' id='word_1_337' title='bbox 650 1111 752 1138; x_wconf 49' lang='lat' dir='ltr'><strong>natur&quot;</strong></span> <span class='ocrx_word' id='word_1_338' title='bbox 770 1105 830 1140; x_wconf 84' lang='lat' dir='ltr'><strong>cap.</strong></span> <span class='ocrx_word' id='word_1_339' title='bbox 846 1106 891 1138; x_wconf 58' lang='grc'><strong>24,</strong></span> 
     </span>
    </p>
   </div>
   <div class='ocr_carea' id='block_1_49' title="bbox 103 1141 894 1176">
    <p class='ocr_par' dir='ltr' id='par_1_49' title="bbox 103 1141 894 1176">
     <span class='ocr_line' id='line_1_49' title="bbox 103 1141 894 1176; baseline 0.001 -8"><span class='ocrx_word' id='word_1_340' title='bbox 103 1148 166 1175; x_wconf 79' lang='lat' dir='ltr'><strong>pag.</strong></span> <span class='ocrx_word' id='word_1_341' title='bbox 185 1141 254 1172; x_wconf 78' lang='grc'><strong>516,</strong></span> <span class='ocrx_word' id='word_1_342' title='bbox 268 1147 295 1169; x_wconf 89' lang='lat' dir='ltr'><strong>et</strong></span> <span class='ocrx_word' id='word_1_343' title='bbox 316 1142 362 1169; x_wconf 90' lang='lat' dir='ltr'><strong>lib.</strong></span> <span class='ocrx_word' id='word_1_344' title='bbox 377 1150 451 1174; x_wconf 82' lang='lat' dir='ltr'><strong>xxix,</strong></span> <span class='ocrx_word' id='word_1_345' title='bbox 465 1149 525 1175; x_wconf 87' lang='lat' dir='ltr'><strong>cap.</strong></span> <span class='ocrx_word' id='word_1_346' title='bbox 551 1142 579 1174; x_wconf 74' lang='grc'><strong>4,</strong></span> <span class='ocrx_word' id='word_1_347' title='bbox 594 1149 655 1176; x_wconf 80' lang='lat' dir='ltr'><strong>pag.</strong></span> <span class='ocrx_word' id='word_1_348' title='bbox 682 1142 752 1176; x_wconf 74' lang='lat'><strong>692;</strong></span> <span class='ocrx_word' id='word_1_349' title='bbox 779 1141 894 1169; x_wconf 89' lang='lat' dir='ltr'><strong>Diosco-</strong></span> 
     </span>
    </p>
   </div>
   <div class='ocr_carea' id='block_1_50' title="bbox 102 1176 542 1212">
    <p class='ocr_par' dir='ltr' id='par_1_50' title="bbox 102 1176 542 1212">
     <span class='ocr_line' id='line_1_50' title="bbox 102 1176 542 1212; baseline 0.002 -9"><span class='ocrx_word' id='word_1_350' title='bbox 102 1176 187 1212; x_wconf 68' lang='lat' dir='ltr'><strong>rides.</strong></span> <span class='ocrx_word' id='word_1_351' title='bbox 205 1176 251 1204; x_wconf 90' lang='lat' dir='ltr'><strong>lib.</strong></span> <span class='ocrx_word' id='word_1_352' title='bbox 265 1184 295 1207; x_wconf 83' lang='lat' dir='ltr'><strong>ii.</strong></span> <span class='ocrx_word' id='word_1_353' title='bbox 309 1184 370 1212; x_wconf 87' lang='lat' dir='ltr'><strong>cap.</strong></span> <span class='ocrx_word' id='word_1_354' title='bbox 385 1177 430 1209; x_wconf 85' lang='lat'><strong>57,</strong></span> <span class='ocrx_word' id='word_1_355' title='bbox 446 1181 473 1204; x_wconf 88' lang='lat' dir='ltr'><strong>et</strong></span> <span class='ocrx_word' id='word_1_356' title='bbox 487 1177 542 1204; x_wconf 68' lang='lat' dir='ltr'><strong>alii.</strong></span> 
     </span>
    </p>
   </div>
   <div class='ocr_carea' id='block_1_51' title="bbox 139 1211 894 1247">
    <p class='ocr_par' dir='ltr' id='par_1_51' title="bbox 139 1211 894 1247">
     <span class='ocr_line' id='line_1_51' title="bbox 139 1211 894 1247; baseline 0.001 -10"><span class='ocrx_word' id='word_1_357' title='bbox 139 1211 214 1238; x_wconf 81' lang='lat' dir='ltr'><strong>Nihil</strong></span> <span class='ocrx_word' id='word_1_358' title='bbox 227 1212 333 1246; x_wconf 88' lang='lat' dir='ltr'><strong>planius</strong></span> <span class='ocrx_word' id='word_1_359' title='bbox 344 1211 373 1239; x_wconf 82' lang='lat' dir='ltr'><strong>et</strong></span> <span class='ocrx_word' id='word_1_360' title='bbox 385 1213 564 1247; x_wconf 82' lang='lat' dir='ltr'><strong>explicatius,</strong></span> <span class='ocrx_word' id='word_1_361' title='bbox 580 1211 807 1247; x_wconf 88' lang='lat' dir='ltr'><strong>quemadmodum</strong></span> <span class='ocrx_word' id='word_1_362' title='bbox 825 1212 894 1239; x_wconf 91' lang='lat' dir='ltr'><strong>nihil</strong></span> 
     </span>
    </p>
   </div>
   <div class='ocr_carea' id='block_1_52' title="bbox 103 1247 894 1281">
    <p class='ocr_par' dir='ltr' id='par_1_52' title="bbox 103 1247 894 1281">
     <span class='ocr_line' id='line_1_52' title="bbox 103 1247 894 1281; baseline 0 -8"><span class='ocrx_word' id='word_1_363' title='bbox 103 1247 193 1281; x_wconf 82' lang='lat' dir='ltr'><strong>magis</strong></span> <span class='ocrx_word' id='word_1_364' title='bbox 208 1247 371 1281; x_wconf 81' lang='lat' dir='ltr'><strong>evaiigelicis</strong></span> <span class='ocrx_word' id='word_1_365' title='bbox 383 1248 517 1275; x_wconf 84' lang='lat' dir='ltr'><strong>institutis</strong></span> <span class='ocrx_word' id='word_1_366' title='bbox 529 1247 695 1274; x_wconf 86' lang='lat' dir='ltr'><strong>conveniens</strong></span> <span class='ocrx_word' id='word_1_367' title='bbox 706 1251 732 1275; x_wconf 90' lang='lat' dir='ltr'><strong>et</strong></span> <span class='ocrx_word' id='word_1_368' title='bbox 749 1251 894 1274; x_wconf 87' lang='lat' dir='ltr'><strong>consenta-</strong></span> 
     </span>
    </p>
   </div>
   <div class='ocr_carea' id='block_1_53' title="bbox 103 1281 895 1317">
    <p class='ocr_par' dir='ltr' id='par_1_53' title="bbox 103 1281 895 1317">
     <span class='ocr_line' id='line_1_53' title="bbox 103 1281 895 1317; baseline 0.001 -9"><span class='ocrx_word' id='word_1_369' title='bbox 103 1288 198 1313; x_wconf 86' lang='lat' dir='ltr'><strong>neum.</strong></span> <span class='ocrx_word' id='word_1_370' title='bbox 217 1289 298 1316; x_wconf 88' lang='lat' dir='ltr'><strong>quain</strong></span> <span class='ocrx_word' id='word_1_371' title='bbox 313 1290 344 1309; x_wconf 90' lang='lat' dir='ltr'><strong>ea</strong></span> <span class='ocrx_word' id='word_1_372' title='bbox 361 1283 450 1309; x_wconf 90' lang='lat' dir='ltr'><strong>omnia</strong></span> <span class='ocrx_word' id='word_1_373' title='bbox 463 1291 523 1317; x_wconf 66' lang='lat' dir='ltr'><strong>qua:</strong></span> <span class='ocrx_word' id='word_1_374' title='bbox 536 1283 662 1310; x_wconf 81' lang='lat' dir='ltr'><strong>Clemens</strong></span> <span class='ocrx_word' id='word_1_375' title='bbox 677 1282 710 1309; x_wconf 92' lang='lat' dir='ltr'><strong>de</strong></span> <span class='ocrx_word' id='word_1_376' title='bbox 724 1281 895 1309; x_wconf 87' lang='lat' dir='ltr'><strong>Christiano-</strong></span> 
     </span>
    </p>
   </div>
   <div class='ocr_carea' id='block_1_54' title="bbox 103 1317 893 1353">
    <p class='ocr_par' dir='ltr' id='par_1_54' title="bbox 103 1317 893 1353">
     <span class='ocr_line' id='line_1_54' title="bbox 103 1317 893 1353; baseline 0.003 -11"><span class='ocrx_word' id='word_1_377' title='bbox 103 1323 166 1353; x_wconf 75' lang='lat' dir='ltr'><strong>rum</strong></span> <span class='ocrx_word' id='word_1_378' title='bbox 181 1317 324 1348; x_wconf 86' lang='lat' dir='ltr'><strong>conviviis,</strong></span> <span class='ocrx_word' id='word_1_379' title='bbox 333 1318 464 1352; x_wconf 89' lang='lat' dir='ltr'><strong>prandiis,</strong></span> <span class='ocrx_word' id='word_1_380' title='bbox 472 1318 664 1353; x_wconf 68' lang='lat' dir='ltr'><strong>coeuis,epulis</strong></span> <span class='ocrx_word' id='word_1_381' title='bbox 678 1322 704 1344; x_wconf 89' lang='lat' dir='ltr'><strong>et</strong></span> <span class='ocrx_word' id='word_1_382' title='bbox 716 1318 818 1345; x_wconf 85' lang='lat' dir='ltr'><strong>mensis</strong></span> <span class='ocrx_word' id='word_1_383' title='bbox 836 1321 893 1344; x_wconf 91' lang='lat' dir='ltr'><strong>tra-</strong></span> 
     </span>
    </p>
   </div>
   <div class='ocr_carea' id='block_1_55' title="bbox 102 1352 895 1388">
    <p class='ocr_par' dir='ltr' id='par_1_55' title="bbox 102 1352 895 1388">
     <span class='ocr_line' id='line_1_55' title="bbox 102 1352 895 1388; baseline 0.003 -11"><span class='ocrx_word' id='word_1_384' title='bbox 102 1352 174 1388; x_wconf 80' lang='lat' dir='ltr'><strong>didit</strong></span> <span class='ocrx_word' id='word_1_385' title='bbox 191 1353 222 1379; x_wconf 62' lang='lat'><strong>‘5.</strong></span> <span class='ocrx_word' id='word_1_386' title='bbox 238 1353 317 1379; x_wconf 81' lang='lat' dir='ltr'><strong>Clare</strong></span> <span class='ocrx_word' id='word_1_387' title='bbox 332 1353 431 1380; x_wconf 88' lang='lat' dir='ltr'><strong>etenim</strong></span> <span class='ocrx_word' id='word_1_388' title='bbox 446 1358 472 1380; x_wconf 81' lang='lat' dir='ltr'><strong>et</strong></span> <span class='ocrx_word' id='word_1_389' title='bbox 489 1352 630 1388; x_wconf 82' lang='lat' dir='ltr'><strong>perspicue</strong></span> <span class='ocrx_word' id='word_1_390' title='bbox 644 1352 763 1380; x_wconf 82' lang='lat' dir='ltr'><strong>ostendit</strong></span> <span class='ocrx_word' id='word_1_391' title='bbox 787 1357 895 1388; x_wconf 62' lang='lat' dir='ltr'><strong>quantae</strong></span> 
     </span>
    </p>
   </div>
   <div class='ocr_carea' id='block_1_56' title="bbox 103 1386 895 1423">
    <p class='ocr_par' dir='ltr' id='par_1_56' title="bbox 103 1386 895 1423">
     <span class='ocr_line' id='line_1_56' title="bbox 103 1386 895 1423; baseline 0.003 -10"><span class='ocrx_word' id='word_1_392' title='bbox 103 1386 224 1414; x_wconf 83' lang='lat' dir='ltr'><strong>debeant</strong></span> <span class='ocrx_word' id='word_1_393' title='bbox 238 1395 299 1415; x_wconf 80' lang='lat' dir='ltr'><strong>esse</strong></span> <span class='ocrx_word' id='word_1_394' title='bbox 316 1387 480 1423; x_wconf 77' lang='lat' dir='ltr'><strong>frugalitatis</strong></span> <span class='ocrx_word' id='word_1_395' title='bbox 489 1386 519 1415; x_wconf 75' lang='lat' dir='ltr'><strong>et</strong></span> <span class='ocrx_word' id='word_1_396' title='bbox 535 1386 701 1418; x_wconf 80' lang='lat' dir='ltr'><strong>sobrietatis.</strong></span> <span class='ocrx_word' id='word_1_397' title='bbox 719 1386 804 1422; x_wconf 77' lang='lat' dir='ltr'><strong>quani</strong></span> <span class='ocrx_word' id='word_1_398' title='bbox 816 1389 895 1422; x_wconf 83' lang='lat' dir='ltr'><strong>longe</strong></span> 
     </span>
    </p>
   </div>
   <div class='ocr_carea' id='block_1_57' title="bbox 102 1422 894 1458">
    <p class='ocr_par' dir='ltr' id='par_1_57' title="bbox 102 1422 894 1458">
     <span class='ocr_line' id='line_1_57' title="bbox 102 1422 894 1458; baseline 0.003 -10"><span class='ocrx_word' id='word_1_399' title='bbox 102 1422 138 1448; x_wconf 85' lang='lat' dir='ltr'><strong>ab</strong></span> <span class='ocrx_word' id='word_1_400' title='bbox 148 1423 189 1449; x_wconf 89' lang='lat' dir='ltr'><strong>eis</strong></span> <span class='ocrx_word' id='word_1_401' title='bbox 197 1422 372 1450; x_wconf 32' lang='lat' dir='ltr'><strong>amandanda’</strong></span> <span class='ocrx_word' id='word_1_402' title='bbox 381 1423 523 1458; x_wconf 79' lang='lat' dir='ltr'><strong>multiplex</strong></span> <span class='ocrx_word' id='word_1_403' title='bbox 531 1424 654 1450; x_wconf 87' lang='lat' dir='ltr'><strong>ciborum</strong></span> <span class='ocrx_word' id='word_1_404' title='bbox 668 1423 803 1456; x_wconf 81' lang='lat' dir='ltr'><strong>varietas;</strong></span> <span class='ocrx_word' id='word_1_405' title='bbox 812 1431 894 1457; x_wconf 91' lang='lat' dir='ltr'><strong>quam</strong></span> 
     </span>
    </p>
   </div>
   <div class='ocr_carea' id='block_1_58' title="bbox 102 1458 893 1492">
    <p class='ocr_par' dir='ltr' id='par_1_58' title="bbox 102 1458 893 1492">
     <span class='ocr_line' id='line_1_58' title="bbox 102 1458 893 1492; baseline 0.003 -9"><span class='ocrx_word' id='word_1_406' title='bbox 102 1458 200 1492; x_wconf 83' lang='lat' dir='ltr'><strong>procul</strong></span> <span class='ocrx_word' id='word_1_407' title='bbox 217 1458 280 1485; x_wconf 87' lang='lat' dir='ltr'><strong>inde</strong></span> <span class='ocrx_word' id='word_1_408' title='bbox 291 1458 447 1492; x_wconf 81' lang='lat' dir='ltr'><strong>rejiciendae</strong></span> <span class='ocrx_word' id='word_1_409' title='bbox 460 1459 631 1486; x_wconf 82' lang='lat' dir='ltr'><strong>delicatiores</strong></span> <span class='ocrx_word' id='word_1_410' title='bbox 645 1458 698 1485; x_wconf 88' lang='lat' dir='ltr'><strong>cibi</strong></span> <span class='ocrx_word' id='word_1_411' title='bbox 713 1462 740 1485; x_wconf 84' lang='lat' dir='ltr'><strong>et</strong></span> <span class='ocrx_word' id='word_1_412' title='bbox 758 1459 893 1491; x_wconf 86' lang='lat' dir='ltr'><strong>potiones,</strong></span> 
     </span>
    </p>
   </div>
   <div class='ocr_carea' id='block_1_59' title="bbox 102 1493 893 1528">
    <p class='ocr_par' dir='ltr' id='par_1_59' title="bbox 102 1493 893 1528">
     <span class='ocr_line' id='line_1_59' title="bbox 102 1493 893 1528; baseline 0.003 -10"><span class='ocrx_word' id='word_1_413' title='bbox 102 1500 185 1527; x_wconf 87' lang='lat' dir='ltr'><strong>quam</strong></span> <span class='ocrx_word' id='word_1_414' title='bbox 198 1493 277 1528; x_wconf 78' lang='lat' dir='ltr'><strong>longe</strong></span> <span class='ocrx_word' id='word_1_415' title='bbox 287 1494 321 1520; x_wconf 88' lang='lat' dir='ltr'><strong>ab</strong></span> <span class='ocrx_word' id='word_1_416' title='bbox 334 1494 374 1521; x_wconf 90' lang='lat' dir='ltr'><strong>eis</strong></span> <span class='ocrx_word' id='word_1_417' title='bbox 387 1493 550 1521; x_wconf 86' lang='lat' dir='ltr'><strong>removenda</strong></span> <span class='ocrx_word' id='word_1_418' title='bbox 570 1493 753 1524; x_wconf 87' lang='lat' dir='ltr'><strong>condimenta,</strong></span> <span class='ocrx_word' id='word_1_419' title='bbox 771 1493 893 1524; x_wconf 87' lang='lat' dir='ltr'><strong>bellaria,</strong></span> 
     </span>
    </p>
   </div>
   <div class='ocr_carea' id='block_1_60' title="bbox 102 1527 895 1563">
    <p class='ocr_par' dir='ltr' id='par_1_60' title="bbox 102 1527 895 1563">
     <span class='ocr_line' id='line_1_60' title="bbox 102 1527 895 1563; baseline 0.004 -10"><span class='ocrx_word' id='word_1_420' title='bbox 102 1527 212 1563; x_wconf 87' lang='lat' dir='ltr'><strong>aliaque</strong></span> <span class='ocrx_word' id='word_1_421' title='bbox 227 1529 296 1563; x_wconf 74' lang='lat' dir='ltr'><strong>gulae</strong></span> <span class='ocrx_word' id='word_1_422' title='bbox 310 1529 489 1556; x_wconf 85' lang='lat' dir='ltr'><strong>irritamenta.</strong></span> <span class='ocrx_word' id='word_1_423' title='bbox 503 1528 558 1556; x_wconf 85' lang='lat' dir='ltr'><strong>Nec</strong></span> <span class='ocrx_word' id='word_1_424' title='bbox 566 1529 657 1556; x_wconf 88' lang='lat' dir='ltr'><strong>minus</strong></span> <span class='ocrx_word' id='word_1_425' title='bbox 671 1529 814 1562; x_wconf 82' lang='lat' dir='ltr'><strong>perspicue</strong></span> <span class='ocrx_word' id='word_1_426' title='bbox 821 1529 895 1557; x_wconf 89' lang='lat' dir='ltr'><strong>edis-</strong></span> 
     </span>
    </p>
   </div>
   <div class='ocr_carea' id='block_1_61' title="bbox 101 1563 929 1608">
    <p class='ocr_par' dir='ltr' id='par_1_61' title="bbox 101 1563 929 1608">
     <span class='ocr_line' id='line_1_61' title="bbox 101 1563 929 1608; baseline 0.001 -18"><span class='ocrx_word' id='word_1_427' title='bbox 101 1564 170 1608; x_wconf 58' lang='lat' dir='ltr'><strong>serit</strong></span> <span class='ocrx_word' id='word_1_428' title='bbox 183 1564 229 1598; x_wconf 91' lang='lat' dir='ltr'><strong>qui</strong></span> <span class='ocrx_word' id='word_1_429' title='bbox 244 1564 298 1604; x_wconf 75' lang='lat' dir='ltr'><strong>sint</strong></span> <span class='ocrx_word' id='word_1_430' title='bbox 313 1564 347 1591; x_wconf 86' lang='lat' dir='ltr'><strong>ad</strong></span> <span class='ocrx_word' id='word_1_431' title='bbox 361 1571 468 1608; x_wconf 69' lang='lat' dir='ltr'><strong>cwiiam</strong></span> <span class='ocrx_word' id='word_1_432' title='bbox 486 1568 513 1591; x_wconf 86' lang='lat' dir='ltr'><strong>et</strong></span> <span class='ocrx_word' id='word_1_433' title='bbox 527 1564 653 1608; x_wconf 64' lang='lat' dir='ltr'><strong>convivia</strong></span> <span class='ocrx_word' id='word_1_434' title='bbox 666 1563 810 1608; x_wconf 71' lang='lat' dir='ltr'><strong>invitandi,</strong></span> <span class='ocrx_word' id='word_1_435' title='bbox 827 1571 895 1608; x_wconf 75' lang='lat' dir='ltr'><strong>quo-</strong></span> <span class='ocrx_word' id='word_1_436' title='bbox 908 1579 929 1608; x_wconf 65' lang='grc' dir='ltr'><strong>ρ</strong></span> 
     </span>
    </p>
   </div>
   <div class='ocr_carea' id='block_1_62' title="bbox 101 1599 895 1634">
    <p class='ocr_par' dir='ltr' id='par_1_62' title="bbox 101 1599 895 1634">
     <span class='ocr_line' id='line_1_62' title="bbox 101 1599 895 1634; baseline 0.001 -10"><span class='ocrx_word' id='word_1_437' title='bbox 101 1599 186 1634; x_wconf 86' lang='lat' dir='ltr'><strong>modo</strong></span> <span class='ocrx_word' id='word_1_438' title='bbox 198 1606 260 1625; x_wconf 88' lang='lat' dir='ltr'><strong>cum</strong></span> <span class='ocrx_word' id='word_1_439' title='bbox 277 1599 316 1626; x_wconf 89' lang='lat' dir='ltr'><strong>eis</strong></span> <span class='ocrx_word' id='word_1_440' title='bbox 329 1600 473 1634; x_wconf 75' lang='lat' dir='ltr'><strong>agendum,</strong></span> <span class='ocrx_word' id='word_1_441' title='bbox 490 1607 571 1634; x_wconf 89' lang='lat' dir='ltr'><strong>quam</strong></span> <span class='ocrx_word' id='word_1_442' title='bbox 594 1599 716 1626; x_wconf 88' lang='lat' dir='ltr'><strong>modeste</strong></span> <span class='ocrx_word' id='word_1_443' title='bbox 731 1600 895 1626; x_wconf 85' lang='lat' dir='ltr'><strong>accumben-</strong></span> 
     </span>
    </p>
   </div>
   <div class='ocr_carea' id='block_1_63' title="bbox 101 1633 895 1669">
    <p class='ocr_par' dir='ltr' id='par_1_63' title="bbox 101 1633 895 1669">
     <span class='ocr_line' id='line_1_63' title="bbox 101 1633 895 1669; baseline 0.003 -10"><span class='ocrx_word' id='word_1_444' title='bbox 101 1633 169 1669; x_wconf 87' lang='lat' dir='ltr'><strong>dum</strong></span> <span class='ocrx_word' id='word_1_445' title='bbox 184 1633 356 1668; x_wconf 79' lang='lat' dir='ltr'><strong>mensis,qui</strong></span> <span class='ocrx_word' id='word_1_446' title='bbox 367 1633 507 1662; x_wconf 82' lang='lat' dir='ltr'><strong>sermones</strong></span> <span class='ocrx_word' id='word_1_447' title='bbox 521 1638 585 1661; x_wconf 89' lang='lat' dir='ltr'><strong>tunc</strong></span> <span class='ocrx_word' id='word_1_448' title='bbox 598 1634 741 1666; x_wconf 86' lang='lat' dir='ltr'><strong>miscendi,</strong></span> <span class='ocrx_word' id='word_1_449' title='bbox 755 1635 821 1669; x_wconf 90' lang='lat' dir='ltr'><strong>quid</strong></span> <span class='ocrx_word' id='word_1_450' title='bbox 835 1639 895 1661; x_wconf 90' lang='lat' dir='ltr'><strong>tan-</strong></span> 
     </span>
    </p>
   </div>
   <div class='ocr_carea' id='block_1_64' title="bbox 99 1668 567 1704">
    <p class='ocr_par' dir='ltr' id='par_1_64' title="bbox 99 1668 567 1704">
     <span class='ocr_line' id='line_1_64' title="bbox 99 1668 567 1704; baseline 0.002 -9"><span class='ocrx_word' id='word_1_451' title='bbox 99 1668 164 1704; x_wconf 83' lang='lat' dir='ltr'><strong>dem</strong></span> <span class='ocrx_word' id='word_1_452' title='bbox 181 1669 216 1695; x_wconf 91' lang='lat' dir='ltr'><strong>ab</strong></span> <span class='ocrx_word' id='word_1_453' title='bbox 234 1669 362 1697; x_wconf 89' lang='lat' dir='ltr'><strong>omnibus</strong></span> <span class='ocrx_word' id='word_1_454' title='bbox 372 1670 567 1704; x_wconf 81' lang='lat' dir='ltr'><strong>praestandum.</strong></span> 
     </span>
    </p>
   </div>
   <div class='ocr_carea' id='block_1_65' title="bbox 140 1703 894 1739">
    <p class='ocr_par' dir='ltr' id='par_1_65' title="bbox 140 1703 894 1739">
     <span class='ocr_line' id='line_1_65' title="bbox 140 1703 894 1739; baseline 0.003 -10"><span class='ocrx_word' id='word_1_455' title='bbox 140 1703 189 1731; x_wconf 85' lang='lat' dir='ltr'><strong>llis</strong></span> <span class='ocrx_word' id='word_1_456' title='bbox 205 1704 286 1739; x_wconf 79' lang='lat' dir='ltr'><strong>igitur</strong></span> <span class='ocrx_word' id='word_1_457' title='bbox 301 1703 509 1739; x_wconf 71' lang='lat' dir='ltr'><strong>praetermissis,</strong></span> <span class='ocrx_word' id='word_1_458' title='bbox 528 1705 561 1731; x_wconf 88' lang='lat' dir='ltr'><strong>ad</strong></span> <span class='ocrx_word' id='word_1_459' title='bbox 580 1704 625 1731; x_wconf 88' lang='lat' dir='ltr'><strong>illa</strong></span> <span class='ocrx_word' id='word_1_460' title='bbox 649 1704 741 1732; x_wconf 91' lang='lat' dir='ltr'><strong>minus</strong></span> <span class='ocrx_word' id='word_1_461' title='bbox 763 1704 843 1732; x_wconf 82' lang='lat' dir='ltr'><strong>obvia</strong></span> <span class='ocrx_word' id='word_1_462' title='bbox 867 1709 894 1731; x_wconf 85' lang='lat' dir='ltr'><strong>et</strong></span> 
     </span>
    </p>
   </div>
   <div class='ocr_carea' id='block_1_66' title="bbox 99 1739 891 1774">
    <p class='ocr_par' dir='ltr' id='par_1_66' title="bbox 99 1739 891 1774">
     <span class='ocr_line' id='line_1_66' title="bbox 99 1739 891 1774; baseline 0.001 -8"><span class='ocrx_word' id='word_1_463' title='bbox 99 1739 259 1774; x_wconf 73' lang='lat' dir='ltr'><strong>communia</strong></span> <span class='ocrx_word' id='word_1_464' title='bbox 275 1740 448 1773; x_wconf 84' lang='lat' dir='ltr'><strong>accedamus,</strong></span> <span class='ocrx_word' id='word_1_465' title='bbox 461 1748 522 1774; x_wconf 61' lang='lat' dir='ltr'><strong>quae</strong></span> <span class='ocrx_word' id='word_1_466' title='bbox 532 1739 577 1766; x_wconf 89' lang='lat' dir='ltr'><strong>ille</strong></span> <span class='ocrx_word' id='word_1_467' title='bbox 590 1740 623 1766; x_wconf 87' lang='lat' dir='ltr'><strong>de</strong></span> <span class='ocrx_word' id='word_1_468' title='bbox 639 1740 732 1774; x_wconf 82' lang='lat' dir='ltr'><strong>agapis</strong></span> <span class='ocrx_word' id='word_1_469' title='bbox 749 1745 891 1767; x_wconf 85' lang='lat' dir='ltr'><strong>memorat.</strong></span> 
     </span>
    </p>
   </div>
   <div class='ocr_carea' id='block_1_67' title="bbox 100 1773 894 1809">
    <p class='ocr_par' dir='ltr' id='par_1_67' title="bbox 100 1773 894 1809">
     <span class='ocr_line' id='line_1_67' title="bbox 100 1773 894 1809; baseline 0.001 -9"><span class='ocrx_word' id='word_1_470' title='bbox 100 1773 131 1800; x_wconf 90' lang='lat' dir='ltr'><strong>lu</strong></span> <span class='ocrx_word' id='word_1_471' title='bbox 147 1774 280 1808; x_wconf 84' lang='lat' dir='ltr'><strong>quosdam</strong></span> <span class='ocrx_word' id='word_1_472' title='bbox 292 1776 429 1802; x_wconf 88' lang='lat' dir='ltr'><strong>enimvero</strong></span> <span class='ocrx_word' id='word_1_473' title='bbox 445 1773 501 1802; x_wconf 74' lang='lat' dir='ltr'><strong>suae</strong></span> <span class='ocrx_word' id='word_1_474' title='bbox 513 1776 601 1802; x_wconf 65' lang='lat' dir='ltr'><strong>aetatis</strong></span> <span class='ocrx_word' id='word_1_475' title='bbox 616 1773 787 1802; x_wconf 76' lang='lat' dir='ltr'><strong>Christianos</strong></span> <span class='ocrx_word' id='word_1_476' title='bbox 801 1782 833 1801; x_wconf 90' lang='lat' dir='ltr'><strong>eo</strong></span> <span class='ocrx_word' id='word_1_477' title='bbox 848 1782 894 1809; x_wconf 88' lang='lat' dir='ltr'><strong>po-</strong></span> 
     </span>
    </p>
   </div>
   <div class='ocr_carea' id='block_1_68' title="bbox 101 1808 895 1845">
    <p class='ocr_par' dir='ltr' id='par_1_68' title="bbox 101 1808 895 1845">
     <span class='ocr_line' id='line_1_68' title="bbox 101 1808 895 1845; baseline 0.005 -11"><span class='ocrx_word' id='word_1_478' title='bbox 101 1809 167 1835; x_wconf 87' lang='lat' dir='ltr'><strong>tiori</strong></span> <span class='ocrx_word' id='word_1_479' title='bbox 187 1808 249 1842; x_wconf 86' lang='lat' dir='ltr'><strong>jure</strong></span> <span class='ocrx_word' id='word_1_480' title='bbox 272 1810 475 1842; x_wconf 87' lang='lat' dir='ltr'><strong>animadvertit,</strong></span> <span class='ocrx_word' id='word_1_481' title='bbox 493 1818 547 1845; x_wconf 86' lang='lat' dir='ltr'><strong>quo</strong></span> <span class='ocrx_word' id='word_1_482' title='bbox 563 1811 650 1844; x_wconf 79' lang='lat' dir='ltr'><strong>magis</strong></span> <span class='ocrx_word' id='word_1_483' title='bbox 668 1810 710 1837; x_wconf 78' lang='lat' dir='ltr'><strong>hae</strong></span> <span class='ocrx_word' id='word_1_484' title='bbox 724 1817 826 1845; x_wconf 69' lang='lat' dir='ltr'><strong>agapm,</strong></span> <span class='ocrx_word' id='word_1_485' title='bbox 842 1808 895 1838; x_wconf 27' lang='lat' dir='ltr'><strong>seu,</strong></span> 
     </span>
    </p>
   </div>
   <div class='ocr_carea' id='block_1_69' title="bbox 100 1845 890 1879">
    <p class='ocr_par' dir='ltr' id='par_1_69' title="bbox 100 1845 890 1879">
     <span class='ocr_line' id='line_1_69' title="bbox 100 1845 890 1879; baseline 0.003 -9"><span class='ocrx_word' id='word_1_486' title='bbox 100 1845 228 1876; x_wconf 71' lang='lat' dir='ltr'><strong>cmnulaa,</strong></span> <span class='ocrx_word' id='word_1_487' title='bbox 246 1845 288 1872; x_wconf 87' lang='lat' dir='ltr'><strong>vel</strong></span> <span class='ocrx_word' id='word_1_488' title='bbox 305 1845 446 1879; x_wconf 89' lang='lat' dir='ltr'><strong>praiidiola</strong></span> <span class='ocrx_word' id='word_1_489' title='bbox 464 1847 497 1872; x_wconf 90' lang='lat' dir='ltr'><strong>ad</strong></span> <span class='ocrx_word' id='word_1_490' title='bbox 511 1847 659 1872; x_wconf 82' lang='lat' dir='ltr'><strong>fraternam</strong></span> <span class='ocrx_word' id='word_1_491' title='bbox 672 1846 832 1872; x_wconf 74' lang='lat' dir='ltr'><strong>cliaritatem</strong></span> <span class='ocrx_word' id='word_1_492' title='bbox 843 1853 890 1872; x_wconf 79' lang='lat' dir='ltr'><strong>nu-</strong></span> 
     </span>
    </p>
   </div>
   <div class='ocr_carea' id='block_1_70' title="bbox 100 1880 893 1915">
    <p class='ocr_par' dir='ltr' id='par_1_70' title="bbox 100 1880 893 1915">
     <span class='ocr_line' id='line_1_70' title="bbox 100 1880 893 1915; baseline 0.001 -10"><span class='ocrx_word' id='word_1_493' title='bbox 100 1880 238 1915; x_wconf 69' lang='lat' dir='ltr'><strong>triendam</strong></span> <span class='ocrx_word' id='word_1_494' title='bbox 253 1884 279 1906; x_wconf 88' lang='lat' dir='ltr'><strong>et</strong></span> <span class='ocrx_word' id='word_1_495' title='bbox 293 1881 443 1915; x_wconf 80' lang='lat' dir='ltr'><strong>augendam</strong></span> <span class='ocrx_word' id='word_1_496' title='bbox 457 1881 583 1915; x_wconf 84' lang='lat' dir='ltr'><strong>primitus</strong></span> <span class='ocrx_word' id='word_1_497' title='bbox 603 1881 780 1912; x_wconf 88' lang='lat' dir='ltr'><strong>iustituta,ab</strong></span> <span class='ocrx_word' id='word_1_498' title='bbox 793 1880 893 1914; x_wconf 85' lang='lat' dir='ltr'><strong>aliqui-</strong></span> 
     </span>
    </p>
   </div>
   <div class='ocr_carea' id='block_1_71' title="bbox 100 1914 892 1950">
    <p class='ocr_par' dir='ltr' id='par_1_71' title="bbox 100 1914 892 1950">
     <span class='ocr_line' id='line_1_71' title="bbox 100 1914 892 1950; baseline 0 -9"><span class='ocrx_word' id='word_1_499' title='bbox 100 1914 156 1942; x_wconf 88' lang='lat' dir='ltr'><strong>bus</strong></span> <span class='ocrx_word' id='word_1_500' title='bbox 170 1914 473 1942; x_wconf 37' lang='lat' dir='ltr'><strong>labefactata’l‘uerant’:</strong></span> <span class='ocrx_word' id='word_1_501' title='bbox 488 1925 497 1941; x_wconf 74' lang='grc' dir='ltr'><strong>ε</strong></span> <span class='ocrx_word' id='word_1_502' title='bbox 515 1915 632 1946; x_wconf 84' lang='lat' dir='ltr'><strong>Audent,</strong></span> <span class='ocrx_word' id='word_1_503' title='bbox 647 1916 756 1950; x_wconf 88' lang='lat' dir='ltr'><strong>inquit,</strong></span> <span class='ocrx_word' id='word_1_504' title='bbox 768 1916 892 1942; x_wconf 87' lang='lat' dir='ltr'><strong>nonnulli</strong></span> 
     </span>
    </p>
   </div>
   <div class='ocr_carea' id='block_1_72' title="bbox 100 1951 893 1985">
    <p class='ocr_par' dir='ltr' id='par_1_72' title="bbox 100 1951 893 1985">
     <span class='ocr_line' id='line_1_72' title="bbox 100 1951 893 1985; baseline 0.003 -10"><span class='ocrx_word' id='word_1_505' title='bbox 100 1956 208 1985; x_wconf 78' lang='lat' dir='ltr'><strong>agapen</strong></span> <span class='ocrx_word' id='word_1_506' title='bbox 219 1957 328 1981; x_wconf 81' lang='lat' dir='ltr'><strong>vocare,</strong></span> <span class='ocrx_word' id='word_1_507' title='bbox 344 1951 474 1977; x_wconf 76' lang='lat' dir='ltr'><strong>effrenata</strong></span> <span class='ocrx_word' id='word_1_508' title='bbox 485 1951 576 1985; x_wconf 81' lang='lat' dir='ltr'><strong>lingua</strong></span> <span class='ocrx_word' id='word_1_509' title='bbox 594 1955 716 1982; x_wconf 89' lang='lat' dir='ltr'><strong>utentes,</strong></span> <span class='ocrx_word' id='word_1_510' title='bbox 731 1958 827 1985; x_wconf 81' lang='lat' dir='ltr'><strong>nempe</strong></span> <span class='ocrx_word' id='word_1_511' title='bbox 839 1951 893 1977; x_wconf 85' lang='grc' dir='ltr'><strong>δει-</strong></span> 
     </span>
    </p>
   </div>
   <div class='ocr_carea' id='block_1_73' title="bbox 100 1984 892 2021">
    <p class='ocr_par' dir='ltr' id='par_1_73' title="bbox 100 1984 892 2021">
     <span class='ocr_line' id='line_1_73' title="bbox 100 1984 892 2021; baseline 0.003 -10"><span class='ocrx_word' id='word_1_512' title='bbox 100 1984 195 2021; x_wconf 80' lang='grc' dir='ltr'><strong>πνάρᾴ</strong></span> <span class='ocrx_word' id='word_1_513' title='bbox 219 1993 291 2016; x_wconf 77' lang='grc' dir='ltr'><strong>τινα,</strong></span> <span class='ocrx_word' id='word_1_514' title='bbox 306 1985 428 2020; x_wconf 65' lang='lat' dir='ltr'><strong>quaedam</strong></span> <span class='ocrx_word' id='word_1_515' title='bbox 444 1984 585 2021; x_wconf 26' lang='lat' dir='ltr'><strong>pi-aiid’iola</strong></span> <span class='ocrx_word' id='word_1_516' title='bbox 597 1986 649 2020; x_wconf 87' lang='lat' dir='ltr'><strong>(vel</strong></span> <span class='ocrx_word' id='word_1_517' title='bbox 666 1986 756 2020; x_wconf 86' lang='lat' dir='ltr'><strong>potius</strong></span> <span class='ocrx_word' id='word_1_518' title='bbox 770 1984 892 2013; x_wconf 76' lang='lat' dir='ltr'><strong>ctimulas</strong></span> 
     </span>
    </p>
   </div>
   <div class='ocr_carea' id='block_1_74' title="bbox 100 2020 893 2056">
    <p class='ocr_par' dir='ltr' id='par_1_74' title="bbox 100 2020 893 2056">
     <span class='ocr_line' id='line_1_74' title="bbox 100 2020 893 2056; baseline 0.003 -10"><span class='ocrx_word' id='word_1_519' title='bbox 100 2020 261 2056; x_wconf 44' lang='lat' dir='ltr'><strong>quasdam).</strong></span> <span class='ocrx_word' id='word_1_520' title='bbox 273 2021 395 2047; x_wconf 86' lang='lat' dir='ltr'><strong>nidorem</strong></span> <span class='ocrx_word' id='word_1_521' title='bbox 409 2025 436 2047; x_wconf 88' lang='lat' dir='ltr'><strong>et</strong></span> <span class='ocrx_word' id='word_1_522' title='bbox 446 2020 498 2056; x_wconf 30' lang='lat' dir='ltr'><strong>’jus</strong></span> <span class='ocrx_word' id='word_1_523' title='bbox 521 2021 680 2054; x_wconf 78' lang='lat' dir='ltr'><strong>redolentia,</strong></span> <span class='ocrx_word' id='word_1_524' title='bbox 696 2021 840 2056; x_wconf 91' lang='lat' dir='ltr'><strong>pulchrum</strong></span> <span class='ocrx_word' id='word_1_525' title='bbox 861 2029 893 2048; x_wconf 85' lang='lat' dir='ltr'><strong>ac</strong></span> 
     </span>
    </p>
   </div>
   <div class='ocr_carea' id='block_1_75' title="bbox 101 2054 893 2091">
    <p class='ocr_par' dir='ltr' id='par_1_75' title="bbox 101 2054 893 2091">
     <span class='ocr_line' id='line_1_75' title="bbox 101 2054 893 2091; baseline 0.004 -11"><span class='ocrx_word' id='word_1_526' title='bbox 101 2055 223 2091; x_wconf 83' lang='lat' dir='ltr'><strong>salutare</strong></span> <span class='ocrx_word' id='word_1_527' title='bbox 243 2054 327 2091; x_wconf 39' lang='grc' dir='ltr'><strong>ἵει-111,</strong></span> <span class='ocrx_word' id='word_1_528' title='bbox 346 2063 430 2087; x_wconf 89' lang='lat' dir='ltr'><strong>opus,</strong></span> <span class='ocrx_word' id='word_1_529' title='bbox 450 2054 556 2083; x_wconf 84' lang='lat' dir='ltr'><strong>sacram</strong></span> <span class='ocrx_word' id='word_1_530' title='bbox 581 2054 774 2091; x_wconf 51' lang='lat' dir='ltr'><strong>agapen—ollis</strong></span> <span class='ocrx_word' id='word_1_531' title='bbox 799 2056 893 2083; x_wconf 89' lang='lat' dir='ltr'><strong>nescio</strong></span> 
     </span>
    </p>
   </div>
   <div class='ocr_carea' id='block_1_76' title="bbox 99 2089 892 2126">
    <p class='ocr_par' dir='ltr' id='par_1_76' title="bbox 99 2089 892 2126">
     <span class='ocr_line' id='line_1_76' title="bbox 99 2089 892 2126; baseline 0.004 -11"><span class='ocrx_word' id='word_1_532' title='bbox 99 2089 203 2126; x_wconf 79' lang='lat' dir='ltr'><strong>quibus</strong></span> <span class='ocrx_word' id='word_1_533' title='bbox 211 2089 413 2126; x_wconf 83' lang='lat' dir='ltr'><strong>etliquidojure</strong></span> <span class='ocrx_word' id='word_1_534' title='bbox 425 2089 770 2126; x_wconf 34' lang='lat' dir='ltr'><strong>dedecorantes,’potuqiie,</strong></span> <span class='ocrx_word' id='word_1_535' title='bbox 786 2091 892 2126; x_wconf 83' lang='lat' dir='ltr'><strong>deliciis</strong></span> 
     </span>
    </p>
   </div>
   <div class='ocr_carea' id='block_1_77' title="bbox 98 2125 893 2161">
    <p class='ocr_par' dir='ltr' id='par_1_77' title="bbox 98 2125 893 2161">
     <span class='ocr_line' id='line_1_77' title="bbox 98 2125 893 2161; baseline 0.001 -10"><span class='ocrx_word' id='word_1_536' title='bbox 98 2129 128 2161; x_wconf 76' lang='lat' dir='ltr'><strong>et</strong></span> <span class='ocrx_word' id='word_1_537' title='bbox 141 2125 217 2151; x_wconf 89' lang='lat' dir='ltr'><strong>fumo</strong></span> <span class='ocrx_word' id='word_1_538' title='bbox 239 2125 306 2152; x_wconf 90' lang='lat' dir='ltr'><strong>illud</strong></span> <span class='ocrx_word' id='word_1_539' title='bbox 327 2133 426 2152; x_wconf 90' lang='lat' dir='ltr'><strong>nomen</strong></span> <span class='ocrx_word' id='word_1_540' title='bbox 441 2127 586 2153; x_wconf 86' lang='lat' dir='ltr'><strong>maledicto</strong></span> <span class='ocrx_word' id='word_1_541' title='bbox 603 2125 810 2161; x_wconf 75' lang='lat' dir='ltr'><strong>persequentes.</strong></span> <span class='ocrx_word' id='word_1_542' title='bbox 832 2125 893 2152; x_wconf 85' lang='lat' dir='ltr'><strong>Fal-</strong></span> 
     </span>
    </p>
   </div>
   <div class='ocr_carea' id='block_1_78' title="bbox 99 2159 893 2196">
    <p class='ocr_par' dir='ltr' id='par_1_78' title="bbox 99 2159 893 2196">
     <span class='ocr_line' id='line_1_78' title="bbox 99 2159 893 2196; baseline 0.004 -11"><span class='ocrx_word' id='word_1_543' title='bbox 99 2159 195 2196; x_wconf 81' lang='lat' dir='ltr'><strong>luntur</strong></span> <span class='ocrx_word' id='word_1_544' title='bbox 210 2161 423 2196; x_wconf 79' lang='lat' dir='ltr'><strong>existimatione,</strong></span> <span class='ocrx_word' id='word_1_545' title='bbox 441 2166 471 2188; x_wconf 91' lang='lat' dir='ltr'><strong>ut</strong></span> <span class='ocrx_word' id='word_1_546' title='bbox 486 2162 533 2196; x_wconf 89' lang='lat' dir='ltr'><strong>qui</strong></span> <span class='ocrx_word' id='word_1_547' title='bbox 558 2159 612 2188; x_wconf 78' lang='lat' dir='ltr'><strong>Dei</strong></span> <span class='ocrx_word' id='word_1_548' title='bbox 626 2159 790 2196; x_wconf 83' lang='lat' dir='ltr'><strong>promissum</strong></span> <span class='ocrx_word' id='word_1_549' title='bbox 811 2169 893 2196; x_wconf 89' lang='lat' dir='ltr'><strong>pran-</strong></span> 
     </span>
    </p>
   </div>
   <div class='ocr_carea' id='block_1_79' title="bbox 96 2195 890 2232">
    <p class='ocr_par' dir='ltr' id='par_1_79' title="bbox 96 2195 890 2232">
     <span class='ocr_line' id='line_1_79' title="bbox 96 2195 890 2232; baseline 0.004 -12"><span class='ocrx_word' id='word_1_550' title='bbox 96 2195 192 2224; x_wconf 85' lang='lat' dir='ltr'><strong>diolis.</strong></span> <span class='ocrx_word' id='word_1_551' title='bbox 206 2195 382 2232; x_wconf 58' lang='grc' dir='ltr'><strong>ᾷειπναρίοις,</strong></span> <span class='ocrx_word' id='word_1_552' title='bbox 400 2204 430 2223; x_wconf 90' lang='lat' dir='ltr'><strong>se</strong></span> <span class='ocrx_word' id='word_1_553' title='bbox 457 2195 539 2231; x_wconf 75' lang='lat' dir='ltr'><strong>posse</strong></span> <span class='ocrx_word' id='word_1_554' title='bbox 557 2204 646 2223; x_wconf 88' lang='lat' dir='ltr'><strong>emere</strong></span> <span class='ocrx_word' id='word_1_555' title='bbox 663 2195 890 2232; x_wconf 80' lang='lat' dir='ltr'><strong>exspectaverint.</strong></span> 
     </span>
    </p>
   </div>
   <div class='ocr_carea' id='block_1_80' title="bbox 98 2231 892 2266">
    <p class='ocr_par' dir='ltr' id='par_1_80' title="bbox 98 2231 892 2266">
     <span class='ocr_line' id='line_1_80' title="bbox 98 2231 892 2266; baseline 0.004 -11"><span class='ocrx_word' id='word_1_556' title='bbox 98 2231 168 2261; x_wconf 62' lang='lat' dir='ltr'><strong>Quae</strong></span> <span class='ocrx_word' id='word_1_557' title='bbox 180 2231 254 2257; x_wconf 88' lang='lat' dir='ltr'><strong>enim</strong></span> <span class='ocrx_word' id='word_1_558' title='bbox 280 2231 379 2257; x_wconf 74' lang='lat' dir='ltr'><strong>laetitia:</strong></span> <span class='ocrx_word' id='word_1_559' title='bbox 400 2239 482 2258; x_wconf 89' lang='lat' dir='ltr'><strong>causa</strong></span> <span class='ocrx_word' id='word_1_560' title='bbox 501 2231 568 2258; x_wconf 86' lang='lat' dir='ltr'><strong>fiunt</strong></span> <span class='ocrx_word' id='word_1_561' title='bbox 589 2232 825 2266; x_wconf 77' lang='lat' dir='ltr'><strong>congregationes,</strong></span> <span class='ocrx_word' id='word_1_562' title='bbox 840 2232 892 2266; x_wconf 87' lang='lat' dir='ltr'><strong>ipsi</strong></span> 
     </span>
    </p>
   </div>
   <div class='ocr_carea' id='block_1_81' title="bbox 97 2267 893 2301">
    <p class='ocr_par' dir='ltr' id='par_1_81' title="bbox 97 2267 893 2301">
     <span class='ocr_line' id='line_1_81' title="bbox 97 2267 893 2301; baseline 0.005 -12"><span class='ocrx_word' id='word_1_563' title='bbox 97 2273 210 2301; x_wconf 82' lang='lat' dir='ltr'><strong>quoque</strong></span> <span class='ocrx_word' id='word_1_564' title='bbox 226 2269 399 2293; x_wconf 80' lang='lat' dir='ltr'><strong>recensentes</strong></span> <span class='ocrx_word' id='word_1_565' title='bbox 419 2271 445 2293; x_wconf 89' lang='lat' dir='ltr'><strong>et</strong></span> <span class='ocrx_word' id='word_1_566' title='bbox 461 2267 594 2297; x_wconf 72' lang='lat' dir='ltr'><strong>cmnulas,</strong></span> <span class='ocrx_word' id='word_1_567' title='bbox 606 2272 632 2293; x_wconf 89' lang='lat' dir='ltr'><strong>et</strong></span> <span class='ocrx_word' id='word_1_568' title='bbox 647 2267 769 2301; x_wconf 83' lang='lat' dir='ltr'><strong>prandia.</strong></span> <span class='ocrx_word' id='word_1_569' title='bbox 784 2272 811 2293; x_wconf 91' lang='lat' dir='ltr'><strong>et</strong></span> <span class='ocrx_word' id='word_1_570' title='bbox 826 2274 893 2301; x_wconf 89' lang='lat' dir='ltr'><strong>epu-</strong></span> 
     </span>
    </p>
   </div>
   <div class='ocr_carea' id='block_1_82' title="bbox 98 2291 931 2338">
    <p class='ocr_par' dir='ltr' id='par_1_82' title="bbox 98 2291 931 2338">
     <span class='ocr_line' id='line_1_82' title="bbox 98 2291 931 2338; baseline 0.002 -12"><span class='ocrx_word' id='word_1_571' title='bbox 98 2291 313 2338; x_wconf 55' lang='lat' dir='ltr'><strong>liis,16_ai1:va&#39;ptd</strong></span> <span class='ocrx_word' id='word_1_572' title='bbox 327 2310 367 2333; x_wconf 85' lang='grc' dir='ltr'><strong>τε,</strong></span> <span class='ocrx_word' id='word_1_573' title='bbox 383 2302 430 2328; x_wconf 70' lang='grc' dir='ltr'>καὶ</span> <span class='ocrx_word' id='word_1_574' title='bbox 445 2302 553 2338; x_wconf 76' lang='grc' dir='ltr'><strong>ἄριστα,</strong></span> <span class='ocrx_word' id='word_1_575' title='bbox 569 2291 616 2328; x_wconf 65' lang='lat' dir='ltr'><strong>zeli</strong></span> <span class='ocrx_word' id='word_1_576' title='bbox 631 2291 711 2337; x_wconf 63' lang='grc' dir='ltr'><strong>δδχάς</strong></span> <span class='ocrx_word' id='word_1_577' title='bbox 727 2322 734 2333; x_wconf 81' lang='grc'><strong>,</strong></span> <span class='ocrx_word' id='word_1_578' title='bbox 751 2291 824 2328; x_wconf 79' lang='lat' dir='ltr'><strong>hunc</strong></span> <span class='ocrx_word' id='word_1_579' title='bbox 833 2291 890 2328; x_wconf 59' lang='grc' dir='ltr'><strong>ὦδ-</strong></span> <span class='ocrx_word' id='word_1_580' title='bbox 906 2291 931 2320; x_wconf 83' lang='lat' dir='ltr'><strong>D</strong></span> 
     </span>
    </p>
   </div>
   <div class='ocr_carea' id='block_1_83' title="bbox 98 2336 892 2371">
    <p class='ocr_par' dir='ltr' id='par_1_83' title="bbox 98 2336 892 2371">
     <span class='ocr_line' id='line_1_83' title="bbox 98 2336 892 2371; baseline 0.004 -11"><span class='ocrx_word' id='word_1_581' title='bbox 98 2341 157 2361; x_wconf 88' lang='lat' dir='ltr'><strong>inin</strong></span> <span class='ocrx_word' id='word_1_582' title='bbox 173 2336 236 2370; x_wconf 89' lang='lat' dir='ltr'><strong>j&#39;ure</strong></span> <span class='ocrx_word' id='word_1_583' title='bbox 253 2337 440 2364; x_wconf 84' lang='lat' dir='ltr'><strong>vocaverimus</strong></span> <span class='ocrx_word' id='word_1_584' title='bbox 457 2336 589 2364; x_wconf 78' lang='lat' dir='ltr'><strong>rationem</strong></span> <span class='ocrx_word' id='word_1_585' title='bbox 604 2336 759 2371; x_wconf 84' lang='lat' dir='ltr'><strong>sequentes.</strong></span> <span class='ocrx_word' id='word_1_586' title='bbox 773 2337 829 2364; x_wconf 83' lang='lat' dir='ltr'><strong>[Ias</strong></span> <span class='ocrx_word' id='word_1_587' title='bbox 842 2344 892 2363; x_wconf 90' lang='lat' dir='ltr'><strong>au-</strong></span> 
     </span>
    </p>
   </div>
   <div class='ocr_carea' id='block_1_84' title="bbox 97 2372 890 2406">
    <p class='ocr_par' dir='ltr' id='par_1_84' title="bbox 97 2372 890 2406">
     <span class='ocr_line' id='line_1_84' title="bbox 97 2372 890 2406; baseline 0.003 -10"><span class='ocrx_word' id='word_1_588' title='bbox 97 2375 154 2396; x_wconf 86' lang='lat' dir='ltr'><strong>tem</strong></span> <span class='ocrx_word' id='word_1_589' title='bbox 169 2372 559 2406; x_wconf 71' lang='grc' dir='ltr'><strong>ιιρυΙιιε,ὲστιὰσεις,[)ι›111111υ5</strong></span> <span class='ocrx_word' id='word_1_590' title='bbox 583 2372 709 2406; x_wconf 79' lang='grc' dir='ltr'><strong>ἁγάπας,</strong></span> <span class='ocrx_word' id='word_1_591' title='bbox 728 2372 754 2398; x_wconf 87' lang='lat' dir='ltr'><strong>id</strong></span> <span class='ocrx_word' id='word_1_592' title='bbox 771 2376 811 2398; x_wconf 62' lang='lat' dir='ltr'><strong>est</strong></span> <span class='ocrx_word' id='word_1_593' title='bbox 826 2372 890 2399; x_wconf 82' lang='lat' dir='ltr'><strong>elia-</strong></span> 
     </span>
    </p>
   </div>
   <div class='ocr_carea' id='block_1_85' title="bbox 95 2406 890 2442">
    <p class='ocr_par' dir='ltr' id='par_1_85' title="bbox 95 2406 890 2442">
     <span class='ocr_line' id='line_1_85' title="bbox 95 2406 890 2442; baseline 0.003 -11"><span class='ocrx_word' id='word_1_594' title='bbox 95 2406 262 2442; x_wconf 70' lang='lat' dir='ltr'><strong>ritatesmon</strong></span> <span class='ocrx_word' id='word_1_595' title='bbox 278 2408 386 2434; x_wconf 84' lang='lat' dir='ltr'><strong>vocavit</strong></span> <span class='ocrx_word' id='word_1_596' title='bbox 402 2408 434 2434; x_wconf 76' lang='lat'><strong>‘7.</strong></span> <span class='ocrx_word' id='word_1_597' title='bbox 454 2416 463 2432; x_wconf 76' lang='grc' dir='ltr'><strong><em>ι</em></strong></span> <span class='ocrx_word' id='word_1_598' title='bbox 493 2407 630 2439; x_wconf 85' lang='lat' dir='ltr'><strong>Quantum</strong></span> <span class='ocrx_word' id='word_1_599' title='bbox 646 2412 735 2434; x_wconf 89' lang='lat' dir='ltr'><strong>autem</strong></span> <span class='ocrx_word' id='word_1_600' title='bbox 753 2407 808 2442; x_wconf 64' lang='grc'><strong>48</strong></span> <span class='ocrx_word' id='word_1_601' title='bbox 826 2408 854 2434; x_wconf 93' lang='grc'><strong>111</strong></span> <span class='ocrx_word' id='word_1_602' title='bbox 874 2414 890 2433; x_wconf 91' lang='lat' dir='ltr'><strong>a</strong></span> 
     </span>
    </p>
   </div>
   <div class='ocr_carea' id='block_1_86' title="bbox 96 2441 889 2474">
    <p class='ocr_par' dir='ltr' id='par_1_86' title="bbox 96 2441 889 2474">
     <span class='ocr_line' id='line_1_86' title="bbox 96 2441 889 2474; baseline 0.004 -8"><span class='ocrx_word' id='word_1_603' title='bbox 96 2441 215 2474; x_wconf 85' lang='lat' dir='ltr'><strong>pristino</strong></span> <span class='ocrx_word' id='word_1_604' title='bbox 229 2441 449 2469; x_wconf 80' lang='lat' dir='ltr'><strong>Christianorum</strong></span> <span class='ocrx_word' id='word_1_605' title='bbox 465 2442 591 2469; x_wconf 76' lang='lat' dir='ltr'><strong>instituto</strong></span> <span class='ocrx_word' id='word_1_606' title='bbox 606 2441 775 2470; x_wconf 73' lang='lat' dir='ltr'><strong>desciverint</strong></span> <span class='ocrx_word' id='word_1_607' title='bbox 784 2444 806 2469; x_wconf 89' lang='lat' dir='ltr'><strong>si</strong></span> <span class='ocrx_word' id='word_1_608' title='bbox 818 2442 889 2470; x_wconf 91' lang='lat' dir='ltr'><strong>scire</strong></span> 
     </span>
    </p>
   </div>
   <div class='ocr_carea' id='block_1_87' title="bbox 95 2476 888 2507">
    <p class='ocr_par' dir='ltr' id='par_1_87' title="bbox 95 2476 888 2507">
     <span class='ocr_line' id='line_1_87' title="bbox 95 2476 888 2507; baseline 0.004 -6"><span class='ocrx_word' id='word_1_609' title='bbox 95 2476 175 2507; x_wconf 73' lang='lat' dir='ltr'><strong>velis,</strong></span> <span class='ocrx_word' id='word_1_610' title='bbox 193 2477 256 2503; x_wconf 86' lang='lat' dir='ltr'><strong>audi</strong></span> <span class='ocrx_word' id='word_1_611' title='bbox 270 2476 466 2504; x_wconf 84' lang='lat' dir='ltr'><strong>Tertullianum</strong></span> <span class='ocrx_word' id='word_1_612' title='bbox 481 2486 487 2504; x_wconf 74' lang='grc' dir='ltr'><strong><em>τ</em></strong></span> <span class='ocrx_word' id='word_1_613' title='bbox 504 2487 513 2502; x_wconf 73' lang='grc' dir='ltr'><strong>ι</strong></span> <span class='ocrx_word' id='word_1_614' title='bbox 527 2477 611 2504; x_wconf 83' lang='lat' dir='ltr'><strong>Cccua</strong></span> <span class='ocrx_word' id='word_1_615' title='bbox 628 2482 720 2504; x_wconf 89' lang='lat' dir='ltr'><strong>nostra</strong></span> <span class='ocrx_word' id='word_1_616' title='bbox 733 2478 766 2505; x_wconf 90' lang='lat' dir='ltr'><strong>de</strong></span> <span class='ocrx_word' id='word_1_617' title='bbox 779 2478 888 2504; x_wconf 90' lang='lat' dir='ltr'><strong>nomine</strong></span> 
     </span>
    </p>
   </div>
   <div class='ocr_carea' id='block_1_88' title="bbox 94 2512 885 2548">
    <p class='ocr_par' dir='ltr' id='par_1_88' title="bbox 94 2512 885 2548">
     <span class='ocr_line' id='line_1_88' title="bbox 94 2512 885 2548; baseline 0.003 -11"><span class='ocrx_word' id='word_1_618' title='bbox 94 2512 231 2539; x_wconf 84' lang='lat' dir='ltr'><strong>rationein</strong></span> <span class='ocrx_word' id='word_1_619' title='bbox 246 2513 289 2539; x_wconf 90' lang='lat' dir='ltr'><strong>sui</strong></span> <span class='ocrx_word' id='word_1_620' title='bbox 304 2513 558 2546; x_wconf 82' lang='lat' dir='ltr'><strong>ostendit;vocatur</strong></span> <span class='ocrx_word' id='word_1_621' title='bbox 570 2514 642 2540; x_wconf 91' lang='lat' dir='ltr'><strong>enim</strong></span> <span class='ocrx_word' id='word_1_622' title='bbox 653 2513 759 2548; x_wconf 76' lang='grc' dir='ltr'><strong>ἀγάπη,</strong></span> <span class='ocrx_word' id='word_1_623' title='bbox 773 2512 799 2539; x_wconf 84' lang='lat' dir='ltr'><strong>id</strong></span> <span class='ocrx_word' id='word_1_624' title='bbox 813 2513 885 2548; x_wconf 90' lang='lat' dir='ltr'><strong>quod</strong></span> 
     </span>
    </p>
   </div>
   <div class='ocr_carea' id='block_1_89' title="bbox 132 2589 760 2626">
    <p class='ocr_par' dir='ltr' id='par_1_89' title="bbox 132 2589 760 2626">
     <span class='ocr_line' id='line_1_89' title="bbox 132 2589 760 2626; baseline 0.002 -10"><span class='ocrx_word' id='word_1_625' title='bbox 132 2590 155 2605; x_wconf 84' lang='grc'>¹¹</span> <span class='ocrx_word' id='word_1_626' title='bbox 172 2589 309 2625; x_wconf 77' lang='lat' dir='ltr'><strong>Athenag.</strong></span> <span class='ocrx_word' id='word_1_627' title='bbox 335 2590 430 2626; x_wconf 86' lang='lat' dir='ltr'><strong>Legat.</strong></span> <span class='ocrx_word' id='word_1_628' title='bbox 444 2599 494 2626; x_wconf 90' lang='lat' dir='ltr'><strong>pro</strong></span> <span class='ocrx_word' id='word_1_629' title='bbox 509 2590 624 2626; x_wconf 80' lang='lat' dir='ltr'><strong>Christ.,</strong></span> <span class='ocrx_word' id='word_1_630' title='bbox 639 2597 701 2625; x_wconf 84' lang='lat' dir='ltr'><strong>pag.</strong></span> <span class='ocrx_word' id='word_1_631' title='bbox 716 2590 760 2617; x_wconf 79' lang='lat'><strong>36.</strong></span> 
     </span>
    </p>
   </div>
   <div class='ocr_carea' id='block_1_90' title="bbox 93 2625 752 2661">
    <p class='ocr_par' dir='ltr' id='par_1_90' title="bbox 93 2625 752 2661">
     <span class='ocr_line' id='line_1_90' title="bbox 93 2625 752 2661; baseline 0 -9"><span class='ocrx_word' id='word_1_632' title='bbox 93 2625 158 2652; x_wconf 75' lang='grc'><strong>257.</strong></span> <span class='ocrx_word' id='word_1_633' title='bbox 208 2626 229 2642; x_wconf 79' lang='grc'><strong><em>³³</em></strong></span> <span class='ocrx_word' id='word_1_634' title='bbox 247 2626 314 2653; x_wconf 89' lang='lat' dir='ltr'><strong>ibid.</strong></span> <span class='ocrx_word' id='word_1_635' title='bbox 362 2625 385 2641; x_wconf 76' lang='lat'>”</span> <span class='ocrx_word' id='word_1_636' title='bbox 400 2625 453 2653; x_wconf 27' lang='lat' dir='ltr'><strong>lib.’</strong></span> <span class='ocrx_word' id='word_1_637' title='bbox 467 2635 485 2653; x_wconf 89' lang='lat' dir='ltr'><strong>ii</strong></span> <span class='ocrx_word' id='word_1_638' title='bbox 509 2625 627 2661; x_wconf 66' lang='lat' dir='ltr'><strong>Paedag.,</strong></span> <span class='ocrx_word' id='word_1_639' title='bbox 646 2633 707 2661; x_wconf 89' lang='lat' dir='ltr'><strong>cap.</strong></span> <span class='ocrx_word' id='word_1_640' title='bbox 726 2626 752 2657; x_wconf 80' lang='grc'><strong>1,</strong></span> 
     </span>
    </p>
   </div>
   <div class='ocr_carea' id='block_1_91' title="bbox 96 2661 652 2696">
    <p class='ocr_par' dir='ltr' id='par_1_91' title="bbox 96 2661 652 2696">
     <span class='ocr_line' id='line_1_91' title="bbox 96 2661 652 2696; baseline 0.002 -9"><span class='ocrx_word' id='word_1_641' title='bbox 96 2661 212 2692; x_wconf 78' lang='lat' dir='ltr'><strong>Strom.,</strong></span> <span class='ocrx_word' id='word_1_642' title='bbox 231 2668 293 2696; x_wconf 89' lang='lat' dir='ltr'><strong>pag.</strong></span> <span class='ocrx_word' id='word_1_643' title='bbox 310 2661 374 2688; x_wconf 75' lang='grc'><strong>450.</strong></span> <span class='ocrx_word' id='word_1_644' title='bbox 410 2662 432 2677; x_wconf 80' lang='grc'><strong>’⁰</strong></span> <span class='ocrx_word' id='word_1_645' title='bbox 448 2662 458 2688; x_wconf 93' lang='grc'><strong>1</strong></span> <span class='ocrx_word' id='word_1_646' title='bbox 473 2662 537 2688; x_wconf 92' lang='lat' dir='ltr'><strong>Cor.</strong></span> <span class='ocrx_word' id='word_1_647' title='bbox 553 2669 589 2691; x_wconf 86' lang='lat' dir='ltr'><strong>iv.</strong></span> <span class='ocrx_word' id='word_1_648' title='bbox 608 2661 652 2688; x_wconf 83' lang='grc'><strong>11.</strong></span> 
     </span>
    </p>
   </div>
   <div class='ocr_carea' id='block_1_92' title="bbox 94 2696 960 2730">
    <p class='ocr_par' dir='ltr' id='par_1_92' title="bbox 94 2696 960 2730">
     <span class='ocr_line' id='line_1_92' title="bbox 94 2696 960 2730; baseline 0.001 -7"><span class='ocrx_word' id='word_1_649' title='bbox 94 2696 118 2712; x_wconf 80' lang='grc'><strong>⁸³</strong></span> <span class='ocrx_word' id='word_1_650' title='bbox 135 2696 265 2723; x_wconf 83' lang='lat' dir='ltr'><strong>Ambros.</strong></span> <span class='ocrx_word' id='word_1_651' title='bbox 280 2697 308 2723; x_wconf 92' lang='lat' dir='ltr'><strong>in</strong></span> <span class='ocrx_word' id='word_1_652' title='bbox 326 2696 372 2723; x_wconf 88' lang='lat' dir='ltr'><strong>lib.</strong></span> <span class='ocrx_word' id='word_1_653' title='bbox 390 2704 397 2722; x_wconf 94' lang='lat' dir='ltr'><strong>i</strong></span> <span class='ocrx_word' id='word_1_654' title='bbox 416 2696 452 2724; x_wconf 89' lang='lat' dir='ltr'><strong>De</strong></span> <span class='ocrx_word' id='word_1_655' title='bbox 488 2697 558 2723; x_wconf 84' lang='lat' dir='ltr'><strong>oliic.</strong></span> <span class='ocrx_word' id='word_1_656' title='bbox 583 2697 693 2724; x_wconf 87' lang='lat' dir='ltr'><strong>ministr</strong></span> <span class='ocrx_word' id='word_1_657' title='bbox 708 2717 715 2730; x_wconf 87' lang='lat'><strong>,</strong></span> <span class='ocrx_word' id='word_1_658' title='bbox 733 2703 758 2723; x_wconf 91' lang='lat' dir='ltr'><strong>c.</strong></span> <span class='ocrx_word' id='word_1_659' title='bbox 779 2696 896 2730; x_wconf 72' lang='lat' dir='ltr'><strong>18.pag.</strong></span> <span class='ocrx_word' id='word_1_660' title='bbox 914 2696 960 2724; x_wconf 74' lang='lat'><strong>‘22.</strong></span> 
     </span>
    </p>
   </div>
   <div class='ocr_carea' id='block_1_93' title="bbox 808 2590 1006 2624">
    <p class='ocr_par' dir='ltr' id='par_1_93' title="bbox 808 2590 1006 2624">
     <span class='ocr_line' id='line_1_93' title="bbox 808 2590 1006 2624; baseline -0.005 -8"><span class='ocrx_word' id='word_1_661' title='bbox 808 2590 829 2606; x_wconf 75' lang='lat'><em>“</em></span> <span class='ocrx_word' id='word_1_662' title='bbox 847 2590 894 2617; x_wconf 83' lang='lat' dir='ltr'><strong>lib.</strong></span> <span class='ocrx_word' id='word_1_663' title='bbox 911 2598 930 2618; x_wconf 91' lang='lat' dir='ltr'><strong>ll</strong></span> <span class='ocrx_word' id='word_1_664' title='bbox 948 2591 1006 2624; x_wconf 83' lang='lat' dir='ltr'><strong>App</strong></span> 
     </span>
    </p>
   </div>
   <div class='ocr_carea' id='block_1_94' title="bbox 771 2625 909 2660">
    <p class='ocr_par' dir='ltr' id='par_1_94' title="bbox 771 2625 909 2660">
     <span class='ocr_line' id='line_1_94' title="bbox 771 2625 909 2660; baseline -0.007 -8"><span class='ocrx_word' id='word_1_665' title='bbox 771 2632 832 2660; x_wconf 82' lang='lat' dir='ltr'><strong>pag.</strong></span> <span class='ocrx_word' id='word_1_666' title='bbox 847 2625 909 2660; x_wconf 72' lang='lat' dir='ltr'><strong>1M.</strong></span> 
     </span>
    </p>
   </div>
   <div class='ocr_carea' id='block_1_95' title="bbox 710 2659 1103 2695">
    <p class='ocr_par' dir='ltr' id='par_1_95' title="bbox 710 2659 1103 2695">
     <span class='ocr_line' id='line_1_95' title="bbox 710 2659 1103 2695; baseline 0.003 -8"><span class='ocrx_word' id='word_1_667' title='bbox 710 2661 730 2676; x_wconf 80' lang='grc' dir='ltr'>’ί</span> <span class='ocrx_word' id='word_1_668' title='bbox 750 2661 796 2687; x_wconf 86' lang='lat' dir='ltr'><strong>lib.</strong></span> <span class='ocrx_word' id='word_1_669' title='bbox 810 2659 846 2687; x_wconf 67' lang='lat' dir='ltr'><strong>iii</strong></span> <span class='ocrx_word' id='word_1_670' title='bbox 864 2659 984 2695; x_wconf 47' lang='lat' dir='ltr'><strong>Paidagq</strong></span> <span class='ocrx_word' id='word_1_671' title='bbox 1000 2668 1061 2695; x_wconf 87' lang='lat' dir='ltr'><strong>cap.</strong></span> <span class='ocrx_word' id='word_1_672' title='bbox 1075 2661 1103 2692; x_wconf 88' lang='lat'><strong>9,</strong></span> 
     </span>
    </p>
   </div>
   <div class='ocr_carea' id='block_1_96' title="bbox 943 931 1731 966">
    <p class='ocr_par' dir='ltr' id='par_1_96' title="bbox 943 931 1731 966">
     <span class='ocr_line' id='line_1_96' title="bbox 943 931 1731 966; baseline -0.001 -7"><span class='ocrx_word' id='word_1_673' title='bbox 943 932 1095 959; x_wconf 82' lang='lat' dir='ltr'><strong>stianorum</strong></span> <span class='ocrx_word' id='word_1_674' title='bbox 1112 932 1205 966; x_wconf 69' lang='lat' dir='ltr'><strong>agapis</strong></span> <span class='ocrx_word' id='word_1_675' title='bbox 1221 935 1296 958; x_wconf 80' lang='lat' dir='ltr'><strong>notet</strong></span> <span class='ocrx_word' id='word_1_676' title='bbox 1311 931 1382 958; x_wconf 89' lang='lat' dir='ltr'><strong>aliud</strong></span> <span class='ocrx_word' id='word_1_677' title='bbox 1395 939 1476 966; x_wconf 87' lang='lat' dir='ltr'><strong>quam</strong></span> <span class='ocrx_word' id='word_1_678' title='bbox 1491 932 1583 959; x_wconf 80' lang='lat' dir='ltr'><strong>iuxtim</strong></span> <span class='ocrx_word' id='word_1_679' title='bbox 1597 936 1624 959; x_wconf 89' lang='lat' dir='ltr'><strong>et</strong></span> <span class='ocrx_word' id='word_1_680' title='bbox 1636 932 1731 958; x_wconf 87' lang='lat' dir='ltr'><strong>intem-</strong></span> 
     </span>
    </p>
   </div>
   <div class='ocr_carea' id='block_1_97' title="bbox 944 966 1731 1002">
    <p class='ocr_par' dir='ltr' id='par_1_97' title="bbox 944 966 1731 1002">
     <span class='ocr_line' id='line_1_97' title="bbox 944 966 1731 1002; baseline 0.001 -10"><span class='ocrx_word' id='word_1_681' title='bbox 944 967 1104 1002; x_wconf 81' lang='lat' dir='ltr'><strong>perantiam,</strong></span> <span class='ocrx_word' id='word_1_682' title='bbox 1123 967 1148 992; x_wconf 93' lang='lat' dir='ltr'><strong>id</strong></span> <span class='ocrx_word' id='word_1_683' title='bbox 1163 974 1216 993; x_wconf 90' lang='lat' dir='ltr'><strong>non</strong></span> <span class='ocrx_word' id='word_1_684' title='bbox 1233 970 1289 1002; x_wconf 79' lang='lat' dir='ltr'><strong>tam</strong></span> <span class='ocrx_word' id='word_1_685' title='bbox 1302 966 1335 993; x_wconf 91' lang='lat' dir='ltr'><strong>ad</strong></span> <span class='ocrx_word' id='word_1_686' title='bbox 1351 966 1493 994; x_wconf 64' lang='lat' dir='ltr'><strong>haereticos</strong></span> <span class='ocrx_word' id='word_1_687' title='bbox 1516 975 1596 1001; x_wconf 85' lang='lat' dir='ltr'><strong>quam</strong></span> <span class='ocrx_word' id='word_1_688' title='bbox 1618 967 1731 994; x_wconf 89' lang='lat' dir='ltr'><strong>catholi-</strong></span> 
     </span>
    </p>
   </div>
   <div class='ocr_carea' id='block_1_98' title="bbox 943 1001 1732 1037">
    <p class='ocr_par' dir='ltr' id='par_1_98' title="bbox 943 1001 1732 1037">
     <span class='ocr_line' id='line_1_98' title="bbox 943 1001 1732 1037; baseline -0.001 -8"><span class='ocrx_word' id='word_1_689' title='bbox 943 1009 991 1029; x_wconf 87' lang='lat' dir='ltr'><strong>cos</strong></span> <span class='ocrx_word' id='word_1_690' title='bbox 1006 1001 1111 1029; x_wconf 87' lang='lat' dir='ltr'><strong>videtur</strong></span> <span class='ocrx_word' id='word_1_691' title='bbox 1123 1005 1257 1036; x_wconf 87' lang='lat' dir='ltr'><strong>spectare.</strong></span> <span class='ocrx_word' id='word_1_692' title='bbox 1270 1001 1353 1029; x_wconf 86' lang='lat' dir='ltr'><strong>Nemo</strong></span> <span class='ocrx_word' id='word_1_693' title='bbox 1367 1003 1466 1037; x_wconf 82' lang='lat' dir='ltr'><strong>quippe</strong></span> <span class='ocrx_word' id='word_1_694' title='bbox 1483 1002 1568 1029; x_wconf 85' lang='lat' dir='ltr'><strong>nescit</strong></span> <span class='ocrx_word' id='word_1_695' title='bbox 1580 1002 1635 1035; x_wconf 81' lang='lat' dir='ltr'><strong>jam</strong></span> <span class='ocrx_word' id='word_1_696' title='bbox 1652 1010 1666 1028; x_wconf 89' lang='lat' dir='ltr'><strong>a</strong></span> <span class='ocrx_word' id='word_1_697' title='bbox 1679 1003 1732 1036; x_wconf 87' lang='lat' dir='ltr'><strong>pri-</strong></span> 
     </span>
    </p>
   </div>
   <div class='ocr_carea' id='block_1_99' title="bbox 944 1036 1730 1071">
    <p class='ocr_par' dir='ltr' id='par_1_99' title="bbox 944 1036 1730 1071">
     <span class='ocr_line' id='line_1_99' title="bbox 944 1036 1730 1071; baseline 0.001 -8"><span class='ocrx_word' id='word_1_698' title='bbox 944 1037 996 1064; x_wconf 89' lang='lat' dir='ltr'><strong>mis</strong></span> <span class='ocrx_word' id='word_1_699' title='bbox 1021 1036 1149 1063; x_wconf 70' lang='lat' dir='ltr'><strong>Ecci&#39;csia:</strong></span> <span class='ocrx_word' id='word_1_700' title='bbox 1168 1036 1336 1071; x_wconf 85' lang='lat' dir='ltr'><strong>temporibus</strong></span> <span class='ocrx_word' id='word_1_701' title='bbox 1352 1036 1511 1065; x_wconf 78' lang='lat' dir='ltr'><strong>Cbrinthios</strong></span> <span class='ocrx_word' id='word_1_702' title='bbox 1535 1045 1549 1064; x_wconf 88' lang='lat' dir='ltr'><strong>a</strong></span> <span class='ocrx_word' id='word_1_703' title='bbox 1566 1037 1650 1064; x_wconf 77' lang='lat' dir='ltr'><strong>l’aiilo</strong></span> <span class='ocrx_word' id='word_1_704' title='bbox 1670 1038 1730 1064; x_wconf 85' lang='lat' dir='ltr'><strong>ideo</strong></span> 
     </span>
    </p>
   </div>
   <div class='ocr_carea' id='block_1_100' title="bbox 943 1071 1731 1106">
    <p class='ocr_par' dir='ltr' id='par_1_100' title="bbox 943 1071 1731 1106">
     <span class='ocr_line' id='line_1_100' title="bbox 943 1071 1731 1106; baseline 0.001 -8"><span class='ocrx_word' id='word_1_705' title='bbox 943 1072 1055 1106; x_wconf 85' lang='lat' dir='ltr'><strong>corripi,</strong></span> <span class='ocrx_word' id='word_1_706' title='bbox 1087 1071 1157 1106; x_wconf 88' lang='lat' dir='ltr'><strong>quod</strong></span> <span class='ocrx_word' id='word_1_707' title='bbox 1181 1072 1208 1098; x_wconf 94' lang='lat' dir='ltr'><strong>in</strong></span> <span class='ocrx_word' id='word_1_708' title='bbox 1237 1079 1315 1098; x_wconf 72' lang='lat' dir='ltr'><strong>Cinna</strong></span> <span class='ocrx_word' id='word_1_709' title='bbox 1342 1079 1411 1102; x_wconf 89' lang='lat' dir='ltr'><strong>sua.</strong></span> <span class='ocrx_word' id='word_1_710' title='bbox 1438 1080 1519 1106; x_wconf 89' lang='lat' dir='ltr'><strong>quam</strong></span> <span class='ocrx_word' id='word_1_711' title='bbox 1548 1073 1593 1099; x_wconf 91' lang='lat' dir='ltr'><strong>ille</strong></span> <span class='ocrx_word' id='word_1_712' title='bbox 1624 1072 1731 1099; x_wconf 75' lang='grc' dir='ltr'><strong>δεῖπνον</strong></span> 
     </span>
    </p>
   </div>
   <div class='ocr_carea' id='block_1_101' title="bbox 943 1107 1731 1158">
    <p class='ocr_par' dir='ltr' id='par_1_101' title="bbox 943 1107 1731 1158">
     <span class='ocr_line' id='line_1_101' title="bbox 943 1107 1731 1158; baseline 0.001 -25"><span class='ocrx_word' id='word_1_713' title='bbox 943 1109 1070 1158; x_wconf 50' lang='grc' dir='ltr'><strong>εμρὶξξξιι,</strong></span> <span class='ocrx_word' id='word_1_714' title='bbox 1084 1107 1206 1142; x_wconf 65' lang='grc' dir='ltr'><strong>(μιθέάηιη</strong></span> <span class='ocrx_word' id='word_1_715' title='bbox 1219 1107 1260 1134; x_wconf 87' lang='lat' dir='ltr'><strong>his</strong></span> <span class='ocrx_word' id='word_1_716' title='bbox 1276 1115 1330 1134; x_wconf 91' lang='lat' dir='ltr'><strong>non</strong></span> <span class='ocrx_word' id='word_1_717' title='bbox 1347 1110 1426 1142; x_wconf 79' lang='lat' dir='ltr'><strong>longe</strong></span> <span class='ocrx_word' id='word_1_718' title='bbox 1441 1107 1577 1134; x_wconf 85' lang='lat' dir='ltr'><strong>absimilia</strong></span> <span class='ocrx_word' id='word_1_719' title='bbox 1592 1112 1731 1143; x_wconf 81' lang='lat' dir='ltr'><strong>perpetra-</strong></span> 
     </span>
    </p>
   </div>
   <div class='ocr_carea' id='block_1_102' title="bbox 944 1146 1047 1169">
    <p class='ocr_par' dir='ltr' id='par_1_102' title="bbox 944 1146 1047 1169">
     <span class='ocr_line' id='line_1_102' title="bbox 944 1146 1047 1169; baseline -0.01 0"><span class='ocrx_word' id='word_1_720' title='bbox 944 1146 1004 1169; x_wconf 87' lang='lat' dir='ltr'><strong>rent</strong></span> <span class='ocrx_word' id='word_1_721' title='bbox 1015 1146 1047 1169; x_wconf 78' lang='grc'><strong>¹⁰.</strong></span> 
     </span>
    </p>
   </div>
   <div class='ocr_carea' id='block_1_103' title="bbox 979 1176 1730 1212">
    <p class='ocr_par' dir='ltr' id='par_1_103' title="bbox 979 1176 1730 1212">
     <span class='ocr_line' id='line_1_103' title="bbox 979 1176 1730 1212; baseline 0 -9"><span class='ocrx_word' id='word_1_722' title='bbox 979 1177 1141 1204; x_wconf 73' lang='lat' dir='ltr'><strong>Balnearum</strong></span> <span class='ocrx_word' id='word_1_723' title='bbox 1168 1184 1248 1204; x_wconf 91' lang='lat' dir='ltr'><strong>usum</strong></span> <span class='ocrx_word' id='word_1_724' title='bbox 1273 1176 1438 1204; x_wconf 85' lang='lat' dir='ltr'><strong>Christianis</strong></span> <span class='ocrx_word' id='word_1_725' title='bbox 1468 1177 1578 1212; x_wconf 89' lang='lat' dir='ltr'><strong>quidem</strong></span> <span class='ocrx_word' id='word_1_726' title='bbox 1603 1177 1730 1205; x_wconf 90' lang='lat' dir='ltr'><strong>Clemens</strong></span> 
     </span>
    </p>
   </div>
   <div class='ocr_carea' id='block_1_104' title="bbox 944 1212 1729 1247">
    <p class='ocr_par' dir='ltr' id='par_1_104' title="bbox 944 1212 1729 1247">
     <span class='ocr_line' id='line_1_104' title="bbox 944 1212 1729 1247; baseline -0.003 -7"><span class='ocrx_word' id='word_1_727' title='bbox 944 1213 1091 1247; x_wconf 78' lang='lat' dir='ltr'><strong>permittit,</strong></span> <span class='ocrx_word' id='word_1_728' title='bbox 1114 1213 1162 1240; x_wconf 84' lang='lat' dir='ltr'><strong>sed</strong></span> <span class='ocrx_word' id='word_1_729' title='bbox 1187 1212 1349 1239; x_wconf 84' lang='lat' dir='ltr'><strong>mulieribus</strong></span> <span class='ocrx_word' id='word_1_730' title='bbox 1375 1212 1518 1240; x_wconf 87' lang='lat' dir='ltr'><strong>inimrlitiei</strong></span> <span class='ocrx_word' id='word_1_731' title='bbox 1540 1218 1567 1239; x_wconf 79' lang='lat' dir='ltr'><strong>et</strong></span> <span class='ocrx_word' id='word_1_732' title='bbox 1590 1214 1729 1244; x_wconf 82' lang='lat' dir='ltr'><strong>sanitatis,</strong></span> 
     </span>
    </p>
   </div>
   <div class='ocr_carea' id='block_1_105' title="bbox 944 1247 1732 1282">
    <p class='ocr_par' dir='ltr' id='par_1_105' title="bbox 944 1247 1732 1282">
     <span class='ocr_line' id='line_1_105' title="bbox 944 1247 1732 1282; baseline 0 -8"><span class='ocrx_word' id='word_1_733' title='bbox 944 1248 1012 1275; x_wconf 91' lang='lat' dir='ltr'><strong>viris</strong></span> <span class='ocrx_word' id='word_1_734' title='bbox 1027 1251 1117 1275; x_wconf 90' lang='lat' dir='ltr'><strong>autem</strong></span> <span class='ocrx_word' id='word_1_735' title='bbox 1140 1247 1265 1274; x_wconf 88' lang='lat' dir='ltr'><strong>sanitatis</strong></span> <span class='ocrx_word' id='word_1_736' title='bbox 1281 1251 1388 1274; x_wconf 90' lang='lat' dir='ltr'><strong>tantum</strong></span> <span class='ocrx_word' id='word_1_737' title='bbox 1412 1248 1516 1282; x_wconf 84' lang='lat' dir='ltr'><strong>gratia;</strong></span> <span class='ocrx_word' id='word_1_738' title='bbox 1533 1247 1570 1275; x_wconf 93' lang='lat' dir='ltr'><strong>ita</strong></span> <span class='ocrx_word' id='word_1_739' title='bbox 1591 1252 1681 1275; x_wconf 87' lang='lat' dir='ltr'><strong>tamen</strong></span> <span class='ocrx_word' id='word_1_740' title='bbox 1703 1253 1732 1275; x_wconf 90' lang='lat' dir='ltr'><strong>ut</strong></span> 
     </span>
    </p>
   </div>
   <div class='ocr_carea' id='block_1_106' title="bbox 945 1282 1732 1323">
    <p class='ocr_par' dir='ltr' id='par_1_106' title="bbox 945 1282 1732 1323">
     <span class='ocr_line' id='line_1_106' title="bbox 945 1282 1732 1323; baseline 0 -14"><span class='ocrx_word' id='word_1_741' title='bbox 945 1283 979 1323; x_wconf 72' lang='lat' dir='ltr'><strong>ab</strong></span> <span class='ocrx_word' id='word_1_742' title='bbox 995 1283 1122 1323; x_wconf 79' lang='lat' dir='ltr'><strong>omnibus</strong></span> <span class='ocrx_word' id='word_1_743' title='bbox 1139 1282 1231 1323; x_wconf 70' lang='lat' dir='ltr'><strong>habita</strong></span> <span class='ocrx_word' id='word_1_744' title='bbox 1242 1282 1346 1323; x_wconf 56' lang='lat' dir='ltr'><strong>aetatis,</strong></span> <span class='ocrx_word' id='word_1_745' title='bbox 1357 1283 1480 1323; x_wconf 71' lang='lat' dir='ltr'><strong>corporis</strong></span> <span class='ocrx_word' id='word_1_746' title='bbox 1495 1287 1523 1323; x_wconf 81' lang='lat' dir='ltr'><strong>et</strong></span> <span class='ocrx_word' id='word_1_747' title='bbox 1538 1283 1669 1323; x_wconf 70' lang='lat' dir='ltr'><strong>temporis</strong></span> <span class='ocrx_word' id='word_1_748' title='bbox 1685 1290 1732 1323; x_wconf 86' lang='lat' dir='ltr'><strong>ra-</strong></span> 
     </span>
    </p>
   </div>
   <div class='ocr_carea' id='block_1_107' title="bbox 945 1318 1731 1353">
    <p class='ocr_par' dir='ltr' id='par_1_107' title="bbox 945 1318 1731 1353">
     <span class='ocr_line' id='line_1_107' title="bbox 945 1318 1731 1353; baseline 0 -8"><span class='ocrx_word' id='word_1_749' title='bbox 945 1319 1028 1350; x_wconf 85' lang='lat' dir='ltr'><strong>tione,</strong></span> <span class='ocrx_word' id='word_1_750' title='bbox 1047 1318 1207 1349; x_wconf 86' lang='lat' dir='ltr'><strong>moderatio,</strong></span> <span class='ocrx_word' id='word_1_751' title='bbox 1228 1318 1453 1353; x_wconf 69' lang='lat' dir='ltr'><strong>quzevaletudini</strong></span> <span class='ocrx_word' id='word_1_752' title='bbox 1476 1322 1503 1345; x_wconf 89' lang='lat' dir='ltr'><strong>et</strong></span> <span class='ocrx_word' id='word_1_753' title='bbox 1525 1318 1604 1345; x_wconf 80' lang='lat' dir='ltr'><strong>saluti</strong></span> <span class='ocrx_word' id='word_1_754' title='bbox 1629 1322 1731 1345; x_wconf 62' lang='lat' dir='ltr'><strong>nostra:</strong></span> 
     </span>
    </p>
   </div>
   <div class='ocr_carea' id='block_1_108' title="bbox 944 1352 1731 1388">
    <p class='ocr_par' dir='ltr' id='par_1_108' title="bbox 944 1352 1731 1388">
     <span class='ocr_line' id='line_1_108' title="bbox 944 1352 1731 1388; baseline 0 -9"><span class='ocrx_word' id='word_1_755' title='bbox 944 1360 1022 1387; x_wconf 88' lang='lat' dir='ltr'><strong>opem</strong></span> <span class='ocrx_word' id='word_1_756' title='bbox 1039 1353 1120 1386; x_wconf 87' lang='lat' dir='ltr'><strong>ferat,</strong></span> <span class='ocrx_word' id='word_1_757' title='bbox 1140 1352 1248 1388; x_wconf 80' lang='lat' dir='ltr'><strong>semper</strong></span> <span class='ocrx_word' id='word_1_758' title='bbox 1266 1352 1438 1380; x_wconf 85' lang='lat' dir='ltr'><strong>adhibeatur.</strong></span> <span class='ocrx_word' id='word_1_759' title='bbox 1457 1363 1466 1377; x_wconf 85' lang='lat'><strong>(</strong></span> <span class='ocrx_word' id='word_1_760' title='bbox 1482 1353 1648 1388; x_wconf 84' lang='lat' dir='ltr'><strong>Sumendum</strong></span> <span class='ocrx_word' id='word_1_761' title='bbox 1669 1359 1731 1384; x_wconf 83' lang='lat' dir='ltr'><strong>est,</strong></span> 
     </span>
    </p>
   </div>
   <div class='ocr_carea' id='block_1_109' title="bbox 945 1387 1730 1423">
    <p class='ocr_par' dir='ltr' id='par_1_109' title="bbox 945 1387 1730 1423">
     <span class='ocr_line' id='line_1_109' title="bbox 945 1387 1730 1423; baseline 0 -9"><span class='ocrx_word' id='word_1_762' title='bbox 945 1388 1046 1423; x_wconf 89' lang='lat' dir='ltr'><strong>inquit,</strong></span> <span class='ocrx_word' id='word_1_763' title='bbox 1064 1387 1208 1415; x_wconf 76' lang='lat' dir='ltr'><strong>lavacrum</strong></span> <span class='ocrx_word' id='word_1_764' title='bbox 1232 1388 1393 1415; x_wconf 82' lang='lat' dir='ltr'><strong>mulieribus</strong></span> <span class='ocrx_word' id='word_1_765' title='bbox 1408 1388 1516 1423; x_wconf 89' lang='lat' dir='ltr'><strong>quidem</strong></span> <span class='ocrx_word' id='word_1_766' title='bbox 1545 1387 1730 1415; x_wconf 86' lang='lat' dir='ltr'><strong>mundationis</strong></span> 
     </span>
    </p>
   </div>
   <div class='ocr_carea' id='block_1_110' title="bbox 945 1423 1728 1456">
    <p class='ocr_par' dir='ltr' id='par_1_110' title="bbox 945 1423 1728 1456">
     <span class='ocr_line' id='line_1_110' title="bbox 945 1423 1728 1456; baseline 0.001 -7"><span class='ocrx_word' id='word_1_767' title='bbox 945 1431 1027 1450; x_wconf 90' lang='lat' dir='ltr'><strong>causa</strong></span> <span class='ocrx_word' id='word_1_768' title='bbox 1040 1428 1068 1451; x_wconf 91' lang='lat' dir='ltr'><strong>et</strong></span> <span class='ocrx_word' id='word_1_769' title='bbox 1082 1424 1218 1456; x_wconf 89' lang='lat' dir='ltr'><strong>sanitatis,</strong></span> <span class='ocrx_word' id='word_1_770' title='bbox 1236 1423 1325 1451; x_wconf 84' lang='lat' dir='ltr'><strong>solius</strong></span> <span class='ocrx_word' id='word_1_771' title='bbox 1337 1427 1427 1451; x_wconf 88' lang='lat' dir='ltr'><strong>autem</strong></span> <span class='ocrx_word' id='word_1_772' title='bbox 1446 1423 1572 1450; x_wconf 83' lang='lat' dir='ltr'><strong>sanitatis</strong></span> <span class='ocrx_word' id='word_1_773' title='bbox 1588 1430 1671 1450; x_wconf 83' lang='lat' dir='ltr'><strong>causa</strong></span> <span class='ocrx_word' id='word_1_774' title='bbox 1686 1424 1728 1450; x_wconf 86' lang='lat' dir='ltr'><strong>vi-</strong></span> 
     </span>
    </p>
   </div>
   <div class='ocr_carea' id='block_1_111' title="bbox 945 1459 1052 1486">
    <p class='ocr_par' dir='ltr' id='par_1_111' title="bbox 945 1459 1052 1486">
     <span class='ocr_line' id='line_1_111' title="bbox 945 1459 1052 1486; baseline -0.019 0"><span class='ocrx_word' id='word_1_775' title='bbox 945 1459 984 1486; x_wconf 87' lang='lat' dir='ltr'><strong>ris</strong></span> <span class='ocrx_word' id='word_1_776' title='bbox 997 1459 1029 1485; x_wconf 83' lang='lat'><strong>&quot;.</strong></span> <span class='ocrx_word' id='word_1_777' title='bbox 1043 1468 1052 1484; x_wconf 78' lang='grc'><strong>1</strong></span> 
     </span>
    </p>
   </div>
   <div class='ocr_carea' id='block_1_112' title="bbox 981 1493 1730 1529">
    <p class='ocr_par' dir='ltr' id='par_1_112' title="bbox 981 1493 1730 1529">
     <span class='ocr_line' id='line_1_112' title="bbox 981 1493 1730 1529; baseline -0.003 -8"><span class='ocrx_word' id='word_1_778' title='bbox 981 1493 1176 1521; x_wconf 75' lang='lat' dir='ltr'><strong>Adulescentes</strong></span> <span class='ocrx_word' id='word_1_779' title='bbox 1188 1497 1277 1521; x_wconf 86' lang='lat' dir='ltr'><strong>autem</strong></span> <span class='ocrx_word' id='word_1_780' title='bbox 1297 1497 1372 1520; x_wconf 87' lang='lat' dir='ltr'><strong>arcet</strong></span> <span class='ocrx_word' id='word_1_781' title='bbox 1385 1501 1399 1520; x_wconf 91' lang='lat' dir='ltr'><strong>a</strong></span> <span class='ocrx_word' id='word_1_782' title='bbox 1415 1493 1529 1525; x_wconf 84' lang='lat' dir='ltr'><strong>balneis,</strong></span> <span class='ocrx_word' id='word_1_783' title='bbox 1542 1493 1641 1529; x_wconf 84' lang='lat' dir='ltr'><strong>quibus</strong></span> <span class='ocrx_word' id='word_1_784' title='bbox 1656 1501 1730 1529; x_wconf 77' lang='lat' dir='ltr'><strong>gym-</strong></span> 
     </span>
    </p>
   </div>
   <div class='ocr_carea' id='block_1_113' title="bbox 945 1528 1732 1564">
    <p class='ocr_par' dir='ltr' id='par_1_113' title="bbox 945 1528 1732 1564">
     <span class='ocr_line' id='line_1_113' title="bbox 945 1528 1732 1564; baseline -0.003 -8"><span class='ocrx_word' id='word_1_785' title='bbox 945 1530 1064 1560; x_wconf 88' lang='lat' dir='ltr'><strong>nasium,</strong></span> <span class='ocrx_word' id='word_1_786' title='bbox 1077 1537 1125 1557; x_wconf 90' lang='lat' dir='ltr'><strong>seu</strong></span> <span class='ocrx_word' id='word_1_787' title='bbox 1141 1529 1264 1564; x_wconf 87' lang='lat' dir='ltr'><strong>corporis</strong></span> <span class='ocrx_word' id='word_1_788' title='bbox 1278 1528 1500 1556; x_wconf 81' lang='lat' dir='ltr'><strong>exercitationem</strong></span> <span class='ocrx_word' id='word_1_789' title='bbox 1514 1533 1541 1556; x_wconf 89' lang='lat' dir='ltr'><strong>et</strong></span> <span class='ocrx_word' id='word_1_790' title='bbox 1551 1528 1664 1556; x_wconf 47' lang='lat' dir='ltr'><strong>&#39;inotum&#39;</strong></span> <span class='ocrx_word' id='word_1_791' title='bbox 1675 1528 1732 1555; x_wconf 70' lang='lat' dir='ltr'><strong>suf-</strong></span> 
     </span>
    </p>
   </div>
   <div class='ocr_carea' id='block_1_114' title="bbox 947 1563 1732 1592">
    <p class='ocr_par' dir='ltr' id='par_1_114' title="bbox 947 1563 1732 1592">
     <span class='ocr_line' id='line_1_114' title="bbox 947 1563 1732 1592; baseline -0.001 -1"><span class='ocrx_word' id='word_1_792' title='bbox 947 1564 1091 1591; x_wconf 83' lang='lat' dir='ltr'><strong>ficiendum</strong></span> <span class='ocrx_word' id='word_1_793' title='bbox 1112 1572 1174 1592; x_wconf 89' lang='lat' dir='ltr'><strong>esse</strong></span> <span class='ocrx_word' id='word_1_794' title='bbox 1189 1563 1339 1591; x_wconf 33' lang='lat' dir='ltr'><strong>’deceriiil:</strong></span> <span class='ocrx_word' id='word_1_795' title='bbox 1358 1573 1367 1589; x_wconf 75' lang='grc' dir='ltr'><strong>ε</strong></span> <span class='ocrx_word' id='word_1_796' title='bbox 1382 1564 1606 1591; x_wconf 81' lang='lat' dir='ltr'><strong>Adulescentibus</strong></span> <span class='ocrx_word' id='word_1_797' title='bbox 1632 1563 1732 1590; x_wconf 85' lang='lat' dir='ltr'><strong>sull‘icit</strong></span> 
     </span>
    </p>
   </div>
   <div class='ocr_carea' id='block_1_115' title="bbox 945 1598 1730 1635">
    <p class='ocr_par' dir='ltr' id='par_1_115' title="bbox 945 1598 1730 1635">
     <span class='ocr_line' id='line_1_115' title="bbox 945 1598 1730 1635; baseline -0.001 -9"><span class='ocrx_word' id='word_1_798' title='bbox 945 1600 1115 1635; x_wconf 81' lang='lat' dir='ltr'><strong>gymnasium</strong></span> <span class='ocrx_word' id='word_1_799' title='bbox 1126 1619 1133 1632; x_wconf 91' lang='lat'><strong>,</strong></span> <span class='ocrx_word' id='word_1_800' title='bbox 1152 1599 1260 1627; x_wconf 88' lang='lat' dir='ltr'><strong>etiamsi</strong></span> <span class='ocrx_word' id='word_1_801' title='bbox 1276 1598 1348 1626; x_wconf 87' lang='lat' dir='ltr'><strong>adsit</strong></span> <span class='ocrx_word' id='word_1_802' title='bbox 1362 1599 1534 1627; x_wconf 77' lang='lat' dir='ltr'><strong>balneum”.</strong></span> <span class='ocrx_word' id='word_1_803' title='bbox 1547 1609 1556 1625; x_wconf 75' lang='grc'><strong>1</strong></span> <span class='ocrx_word' id='word_1_804' title='bbox 1574 1598 1647 1626; x_wconf 86' lang='lat' dir='ltr'><strong>Viris</strong></span> <span class='ocrx_word' id='word_1_805' title='bbox 1663 1607 1730 1634; x_wconf 87' lang='lat' dir='ltr'><strong>quo-</strong></span> 
     </span>
    </p>
   </div>
   <div class='ocr_carea' id='block_1_116' title="bbox 946 1635 1732 1670">
    <p class='ocr_par' dir='ltr' id='par_1_116' title="bbox 946 1635 1732 1670">
     <span class='ocr_line' id='line_1_116' title="bbox 946 1635 1732 1670; baseline -0.003 -8"><span class='ocrx_word' id='word_1_806' title='bbox 946 1642 1000 1670; x_wconf 88' lang='lat' dir='ltr'><strong>que</strong></span> <span class='ocrx_word' id='word_1_807' title='bbox 1015 1635 1074 1670; x_wconf 90' lang='lat' dir='ltr'><strong>ipse</strong></span> <span class='ocrx_word' id='word_1_808' title='bbox 1089 1638 1184 1662; x_wconf 90' lang='lat' dir='ltr'><strong>auctor</strong></span> <span class='ocrx_word' id='word_1_809' title='bbox 1194 1638 1236 1662; x_wconf 87' lang='lat' dir='ltr'><strong>est</strong></span> <span class='ocrx_word' id='word_1_810' title='bbox 1248 1639 1275 1662; x_wconf 87' lang='lat' dir='ltr'><strong>et</strong></span> <span class='ocrx_word' id='word_1_811' title='bbox 1289 1642 1395 1665; x_wconf 88' lang='lat' dir='ltr'><strong>suasor,</strong></span> <span class='ocrx_word' id='word_1_812' title='bbox 1409 1639 1439 1662; x_wconf 91' lang='lat' dir='ltr'><strong>ut</strong></span> <span class='ocrx_word' id='word_1_813' title='bbox 1454 1635 1524 1661; x_wconf 89' lang='lat' dir='ltr'><strong>hanc</strong></span> <span class='ocrx_word' id='word_1_814' title='bbox 1537 1642 1645 1669; x_wconf 88' lang='lat' dir='ltr'><strong>quoque</strong></span> <span class='ocrx_word' id='word_1_815' title='bbox 1656 1642 1732 1661; x_wconf 73' lang='lat' dir='ltr'><strong>eser-</strong></span> 
     </span>
    </p>
   </div>
   <div class='ocr_carea' id='block_1_117' title="bbox 946 1670 1731 1704">
    <p class='ocr_par' dir='ltr' id='par_1_117' title="bbox 946 1670 1731 1704">
     <span class='ocr_line' id='line_1_117' title="bbox 946 1670 1731 1704; baseline 0 -8"><span class='ocrx_word' id='word_1_816' title='bbox 946 1670 1104 1696; x_wconf 87' lang='lat' dir='ltr'><strong>citationein</strong></span> <span class='ocrx_word' id='word_1_817' title='bbox 1136 1670 1242 1697; x_wconf 81' lang='lat' dir='ltr'><strong>balneis</strong></span> <span class='ocrx_word' id='word_1_818' title='bbox 1266 1673 1443 1704; x_wconf 89' lang='lat' dir='ltr'><strong>anteponant.</strong></span> <span class='ocrx_word' id='word_1_819' title='bbox 1468 1670 1503 1696; x_wconf 91' lang='lat' dir='ltr'><strong>At</strong></span> <span class='ocrx_word' id='word_1_820' title='bbox 1528 1670 1602 1696; x_wconf 90' lang='lat' dir='ltr'><strong>omni</strong></span> <span class='ocrx_word' id='word_1_821' title='bbox 1622 1670 1731 1704; x_wconf 83' lang='lat' dir='ltr'><strong>penitus</strong></span> 
     </span>
    </p>
   </div>
   <div class='ocr_carea' id='block_1_118' title="bbox 945 1704 1730 1740">
    <p class='ocr_par' dir='ltr' id='par_1_118' title="bbox 945 1704 1730 1740">
     <span class='ocr_line' id='line_1_118' title="bbox 945 1704 1730 1740; baseline -0.003 -8"><span class='ocrx_word' id='word_1_822' title='bbox 945 1712 1039 1732; x_wconf 90' lang='lat' dir='ltr'><strong>earum</strong></span> <span class='ocrx_word' id='word_1_823' title='bbox 1063 1712 1156 1732; x_wconf 87' lang='lat' dir='ltr'><strong>rerum</strong></span> <span class='ocrx_word' id='word_1_824' title='bbox 1182 1713 1235 1732; x_wconf 82' lang='lat' dir='ltr'><strong>usu</strong></span> <span class='ocrx_word' id='word_1_825' title='bbox 1261 1709 1335 1731; x_wconf 82' lang='lat' dir='ltr'><strong>recte</strong></span> <span class='ocrx_word' id='word_1_826' title='bbox 1355 1705 1465 1740; x_wconf 89' lang='lat' dir='ltr'><strong>quidem</strong></span> <span class='ocrx_word' id='word_1_827' title='bbox 1487 1704 1651 1733; x_wconf 83' lang='lat' dir='ltr'><strong>Christianis</strong></span> <span class='ocrx_word' id='word_1_828' title='bbox 1676 1713 1730 1731; x_wconf 86' lang='lat' dir='ltr'><strong>non</strong></span> 
     </span>
    </p>
   </div>
   <div class='ocr_carea' id='block_1_119' title="bbox 944 1740 1730 1775">
    <p class='ocr_par' dir='ltr' id='par_1_119' title="bbox 944 1740 1730 1775">
     <span class='ocr_line' id='line_1_119' title="bbox 944 1740 1730 1775; baseline 0 -9"><span class='ocrx_word' id='word_1_829' title='bbox 944 1740 1092 1773; x_wconf 84' lang='lat' dir='ltr'><strong>interdicit,</strong></span> <span class='ocrx_word' id='word_1_830' title='bbox 1109 1748 1177 1775; x_wconf 87' lang='lat' dir='ltr'><strong>quas</strong></span> <span class='ocrx_word' id='word_1_831' title='bbox 1194 1740 1247 1767; x_wconf 90' lang='lat' dir='ltr'><strong>illis</strong></span> <span class='ocrx_word' id='word_1_832' title='bbox 1270 1747 1324 1766; x_wconf 91' lang='lat' dir='ltr'><strong>non</strong></span> <span class='ocrx_word' id='word_1_833' title='bbox 1346 1740 1497 1774; x_wconf 75' lang='lat' dir='ltr'><strong>prohibitus</strong></span> <span class='ocrx_word' id='word_1_834' title='bbox 1521 1740 1605 1767; x_wconf 86' lang='lat' dir='ltr'><strong>fuisse</strong></span> <span class='ocrx_word' id='word_1_835' title='bbox 1628 1740 1656 1766; x_wconf 92' lang='lat' dir='ltr'><strong>in</strong></span> <span class='ocrx_word' id='word_1_836' title='bbox 1677 1747 1730 1766; x_wconf 52' lang='lat' dir='ltr'><strong>no.</strong></span> 
     </span>
    </p>
   </div>
   <div class='ocr_carea' id='block_1_120' title="bbox 945 1775 1732 1825">
    <p class='ocr_par' dir='ltr' id='par_1_120' title="bbox 945 1775 1732 1825">
     <span class='ocr_line' id='line_1_120' title="bbox 945 1775 1732 1825; baseline -0.001 -23"><span class='ocrx_word' id='word_1_837' title='bbox 945 1775 1058 1825; x_wconf 43' lang='lat' dir='ltr'><strong>strisﬂad</strong></span> <span class='ocrx_word' id='word_1_838' title='bbox 1078 1775 1252 1803; x_wconf 82' lang='lat' dir='ltr'><strong>Ambrosium</strong></span> <span class='ocrx_word' id='word_1_839' title='bbox 1267 1775 1506 1803; x_wconf 83' lang='lat' dir='ltr'><strong>observationibus</strong></span> <span class='ocrx_word' id='word_1_840' title='bbox 1525 1775 1590 1802; x_wconf 89' lang='lat' dir='ltr'><strong>olim</strong></span> <span class='ocrx_word' id='word_1_841' title='bbox 1609 1775 1732 1803; x_wconf 88' lang='lat' dir='ltr'><strong>ostendi-</strong></span> 
     </span>
    </p>
   </div>
   <div class='ocr_carea' id='block_1_121' title="bbox 944 1811 1050 1838">
    <p class='ocr_par' dir='ltr' id='par_1_121' title="bbox 944 1811 1050 1838">
     <span class='ocr_line' id='line_1_121' title="bbox 944 1811 1050 1838; baseline 0.019 -2"><span class='ocrx_word' id='word_1_842' title='bbox 944 1818 1005 1837; x_wconf 89' lang='lat' dir='ltr'><strong>mus</strong></span> <span class='ocrx_word' id='word_1_843' title='bbox 1018 1811 1050 1838; x_wconf 81' lang='lat'><strong>”.</strong></span> 
     </span>
    </p>
   </div>
   <div class='ocr_carea' id='block_1_122' title="bbox 979 1844 1735 1881">
    <p class='ocr_par' dir='ltr' id='par_1_122' title="bbox 979 1844 1735 1881">
     <span class='ocr_line' id='line_1_122' title="bbox 979 1844 1735 1881; baseline 0.001 -9"><span class='ocrx_word' id='word_1_844' title='bbox 979 1845 1115 1880; x_wconf 86' lang='lat' dir='ltr'><strong>Quidquid</strong></span> <span class='ocrx_word' id='word_1_845' title='bbox 1131 1853 1213 1881; x_wconf 91' lang='lat' dir='ltr'><strong>porro</strong></span> <span class='ocrx_word' id='word_1_846' title='bbox 1226 1845 1260 1872; x_wconf 84' lang='lat' dir='ltr'><strong>ad</strong></span> <span class='ocrx_word' id='word_1_847' title='bbox 1277 1850 1391 1874; x_wconf 64' lang='lat' dir='ltr'><strong>caeteros</strong></span> <span class='ocrx_word' id='word_1_848' title='bbox 1401 1844 1626 1881; x_wconf 80' lang='lat' dir='ltr'><strong>Christianorum</strong></span> <span class='ocrx_word' id='word_1_849' title='bbox 1641 1853 1735 1873; x_wconf 82' lang='lat' dir='ltr'><strong>mores</strong></span> 
     </span>
    </p>
   </div>
   <div class='ocr_carea' id='block_1_123' title="bbox 963 1880 1729 1915">
    <p class='ocr_par' dir='ltr' id='par_1_123' title="bbox 963 1880 1729 1915">
     <span class='ocr_line' id='line_1_123' title="bbox 963 1880 1729 1915; baseline -0.001 -7"><span class='ocrx_word' id='word_1_850' title='bbox 963 1881 1072 1910; x_wconf 83' lang='lat' dir='ltr'><strong>crtinet.</strong></span> <span class='ocrx_word' id='word_1_851' title='bbox 1089 1881 1115 1907; x_wconf 90' lang='lat' dir='ltr'><strong>id</strong></span> <span class='ocrx_word' id='word_1_852' title='bbox 1132 1880 1164 1907; x_wconf 86' lang='lat' dir='ltr'><strong>ex</strong></span> <span class='ocrx_word' id='word_1_853' title='bbox 1181 1881 1307 1915; x_wconf 87' lang='lat' dir='ltr'><strong>superius</strong></span> <span class='ocrx_word' id='word_1_854' title='bbox 1323 1881 1384 1908; x_wconf 85' lang='lat' dir='ltr'><strong>data</strong></span> <span class='ocrx_word' id='word_1_855' title='bbox 1401 1880 1496 1907; x_wconf 91' lang='lat' dir='ltr'><strong>horum</strong></span> <span class='ocrx_word' id='word_1_856' title='bbox 1512 1881 1644 1908; x_wconf 90' lang='lat' dir='ltr'><strong>libroruin</strong></span> <span class='ocrx_word' id='word_1_857' title='bbox 1662 1888 1729 1907; x_wconf 90' lang='lat' dir='ltr'><strong>ana-</strong></span> 
     </span>
    </p>
   </div>
   <div class='ocr_carea' id='block_1_124' title="bbox 944 1889 1730 1951">
    <p class='ocr_par' dir='ltr' id='par_1_124' title="bbox 944 1889 1730 1951">
     <span class='ocr_line' id='line_1_124' title="bbox 963 1889 1729 1915; baseline -0.001 -7"><span class='ocrx_word' id='word_1_858' title='bbox 963 1889 1072 1910; x_wconf 82' lang='lat' dir='ltr'><strong>crtinei.</strong></span> <span class='ocrx_word' id='word_1_859' title='bbox 1089 1889 1115 1907; x_wconf 83' lang='lat' dir='ltr'><strong>iu</strong></span> <span class='ocrx_word' id='word_1_860' title='bbox 1132 1889 1164 1907; x_wconf 87' lang='lat' dir='ltr'><strong>ex</strong></span> <span class='ocrx_word' id='word_1_861' title='bbox 1181 1889 1307 1915; x_wconf 89' lang='lat' dir='ltr'><strong>superius</strong></span> <span class='ocrx_word' id='word_1_862' title='bbox 1323 1889 1384 1908; x_wconf 85' lang='lat' dir='ltr'><strong>aata</strong></span> <span class='ocrx_word' id='word_1_863' title='bbox 1401 1889 1496 1907; x_wconf 91' lang='lat' dir='ltr'><strong>noruin</strong></span> <span class='ocrx_word' id='word_1_864' title='bbox 1512 1889 1644 1908; x_wconf 86' lang='lat' dir='ltr'><strong>iiuroruiu</strong></span> <span class='ocrx_word' id='word_1_865' title='bbox 1662 1889 1729 1907; x_wconf 88' lang='lat' dir='ltr'><strong>ana-</strong></span> 
     </span>
     <span class='ocr_line' id='line_1_125' title="bbox 944 1889 1730 1951; baseline -0.001 -8"><span class='ocrx_word' id='word_1_866' title='bbox 944 1889 994 1950; x_wconf 44' lang='lat' dir='ltr'><strong>iivsi</strong></span> <span class='ocrx_word' id='word_1_867' title='bbox 1012 1916 1091 1942; x_wconf 73' lang='lat' dir='ltr'><strong>facile</strong></span> <span class='ocrx_word' id='word_1_868' title='bbox 1107 1916 1278 1951; x_wconf 83' lang='lat' dir='ltr'><strong>intelligitur.</strong></span> <span class='ocrx_word' id='word_1_869' title='bbox 1298 1915 1327 1943; x_wconf 90' lang='lat' dir='ltr'><strong>Si</strong></span> <span class='ocrx_word' id='word_1_870' title='bbox 1342 1915 1406 1950; x_wconf 87' lang='lat' dir='ltr'><strong>quid</strong></span> <span class='ocrx_word' id='word_1_871' title='bbox 1424 1923 1489 1942; x_wconf 90' lang='lat' dir='ltr'><strong>vero</strong></span> <span class='ocrx_word' id='word_1_872' title='bbox 1505 1916 1595 1951; x_wconf 75' lang='lat' dir='ltr'><strong>adhuc</strong></span> <span class='ocrx_word' id='word_1_873' title='bbox 1610 1915 1730 1947; x_wconf 77' lang='lat' dir='ltr'><strong>difﬁcile,</strong></span> 
     </span>
    </p>
   </div>
   <div class='ocr_carea' id='block_1_125' title="bbox 944 1950 1731 1985">
    <p class='ocr_par' dir='ltr' id='par_1_125' title="bbox 944 1950 1731 1985">
     <span class='ocr_line' id='line_1_126' title="bbox 944 1950 1731 1985; baseline -0.001 -8"><span class='ocrx_word' id='word_1_874' title='bbox 944 1955 991 1977; x_wconf 89' lang='lat' dir='ltr'><strong>aut</strong></span> <span class='ocrx_word' id='word_1_875' title='bbox 1012 1955 1107 1978; x_wconf 87' lang='lat' dir='ltr'><strong>notatu</strong></span> <span class='ocrx_word' id='word_1_876' title='bbox 1129 1950 1252 1985; x_wconf 75' lang='lat' dir='ltr'><strong>dignum,</strong></span> <span class='ocrx_word' id='word_1_877' title='bbox 1270 1954 1408 1983; x_wconf 82' lang='lat' dir='ltr'><strong>occurrat,</strong></span> <span class='ocrx_word' id='word_1_878' title='bbox 1421 1950 1532 1977; x_wconf 87' lang='lat' dir='ltr'><strong>dabitur</strong></span> <span class='ocrx_word' id='word_1_879' title='bbox 1556 1950 1628 1978; x_wconf 88' lang='lat' dir='ltr'><strong>infra</strong></span> <span class='ocrx_word' id='word_1_880' title='bbox 1654 1959 1731 1978; x_wconf 78' lang='lat' dir='ltr'><strong>com-</strong></span> 
     </span>
    </p>
   </div>
   <div class='ocr_carea' id='block_1_126' title="bbox 943 1985 1732 2021">
    <p class='ocr_par' dir='ltr' id='par_1_126' title="bbox 943 1985 1732 2021">
     <span class='ocr_line' id='line_1_127' title="bbox 943 1985 1732 2021; baseline 0.001 -10"><span class='ocrx_word' id='word_1_881' title='bbox 943 1986 1058 2018; x_wconf 88' lang='lat' dir='ltr'><strong>modior,</strong></span> <span class='ocrx_word' id='word_1_882' title='bbox 1077 1993 1111 2013; x_wconf 89' lang='lat' dir='ltr'><strong>ne</strong></span> <span class='ocrx_word' id='word_1_883' title='bbox 1133 1986 1227 2014; x_wconf 86' lang='lat' dir='ltr'><strong>eadem</strong></span> <span class='ocrx_word' id='word_1_884' title='bbox 1243 1990 1409 2021; x_wconf 88' lang='lat' dir='ltr'><strong>repetamus,</strong></span> <span class='ocrx_word' id='word_1_885' title='bbox 1426 1986 1500 2013; x_wconf 80' lang='lat' dir='ltr'><strong>illius</strong></span> <span class='ocrx_word' id='word_1_886' title='bbox 1516 1985 1671 2021; x_wconf 71' lang='lat' dir='ltr'><strong>explicandi</strong></span> <span class='ocrx_word' id='word_1_887' title='bbox 1685 1994 1732 2013; x_wconf 86' lang='lat' dir='ltr'><strong>oc.-</strong></span> 
     </span>
    </p>
   </div>
   <div class='ocr_carea' id='block_1_127' title="bbox 944 2028 1028 2047">
    <p class='ocr_par' dir='ltr' id='par_1_127' title="bbox 944 2028 1028 2047">
     <span class='ocr_line' id='line_1_128' title="bbox 944 2028 1028 2047; baseline 0 0"><span class='ocrx_word' id='word_1_888' title='bbox 944 2028 1028 2047; x_wconf 75' lang='lat' dir='ltr'><strong>CilSlO.</strong></span> 
     </span>
    </p>
   </div>
   <div class='ocr_carea' id='block_1_128' title="bbox 979 2055 1733 2090">
    <p class='ocr_par' dir='ltr' id='par_1_128' title="bbox 979 2055 1733 2090">
     <span class='ocr_line' id='line_1_129' title="bbox 979 2055 1733 2090; baseline -0.001 -8"><span class='ocrx_word' id='word_1_889' title='bbox 979 2055 1152 2083; x_wconf 61' lang='lat' dir='ltr'><strong>Prattermitti</strong></span> <span class='ocrx_word' id='word_1_890' title='bbox 1168 2059 1257 2082; x_wconf 88' lang='lat' dir='ltr'><strong>tamen</strong></span> <span class='ocrx_word' id='word_1_891' title='bbox 1275 2063 1291 2082; x_wconf 87' lang='lat' dir='ltr'><strong>a</strong></span> <span class='ocrx_word' id='word_1_892' title='bbox 1314 2055 1393 2083; x_wconf 89' lang='lat' dir='ltr'><strong>nobis</strong></span> <span class='ocrx_word' id='word_1_893' title='bbox 1412 2063 1468 2083; x_wconf 86' lang='lat' dir='ltr'><strong>non</strong></span> <span class='ocrx_word' id='word_1_894' title='bbox 1485 2058 1575 2090; x_wconf 84' lang='lat' dir='ltr'><strong>potest</strong></span> <span class='ocrx_word' id='word_1_895' title='bbox 1591 2062 1622 2082; x_wconf 89' lang='lat' dir='ltr'><strong>ea</strong></span> <span class='ocrx_word' id='word_1_896' title='bbox 1639 2055 1733 2082; x_wconf 87' lang='lat' dir='ltr'><strong>omnia</strong></span> 
     </span>
    </p>
   </div>
   <div class='ocr_carea' id='block_1_129' title="bbox 943 2090 1732 2126">
    <p class='ocr_par' dir='ltr' id='par_1_129' title="bbox 943 2090 1732 2126">
     <span class='ocr_line' id='line_1_130' title="bbox 943 2090 1732 2126; baseline -0.001 -8"><span class='ocrx_word' id='word_1_897' title='bbox 943 2099 1003 2126; x_wconf 63' lang='lat' dir='ltr'><strong>qua:</strong></span> <span class='ocrx_word' id='word_1_898' title='bbox 1022 2098 1036 2118; x_wconf 87' lang='lat' dir='ltr'><strong>a</strong></span> <span class='ocrx_word' id='word_1_899' title='bbox 1050 2091 1188 2118; x_wconf 84' lang='lat' dir='ltr'><strong>Clemente</strong></span> <span class='ocrx_word' id='word_1_900' title='bbox 1203 2090 1236 2118; x_wconf 86' lang='lat' dir='ltr'><strong>de</strong></span> <span class='ocrx_word' id='word_1_901' title='bbox 1255 2091 1473 2118; x_wconf 87' lang='lat' dir='ltr'><strong>Christianorum</strong></span> <span class='ocrx_word' id='word_1_902' title='bbox 1491 2091 1631 2117; x_wconf 84' lang='lat' dir='ltr'><strong>hominum</strong></span> <span class='ocrx_word' id='word_1_903' title='bbox 1647 2091 1732 2126; x_wconf 42' lang='lat' dir='ltr'><strong>vesti:</strong></span> 
     </span>
    </p>
   </div>
   <div class='ocr_carea' id='block_1_130' title="bbox 943 2125 1730 2160">
    <p class='ocr_par' dir='ltr' id='par_1_130' title="bbox 943 2125 1730 2160">
     <span class='ocr_line' id='line_1_131' title="bbox 943 2125 1730 2160; baseline -0.001 -8"><span class='ocrx_word' id='word_1_904' title='bbox 943 2125 1041 2153; x_wconf 86' lang='lat' dir='ltr'><strong>mentis</strong></span> <span class='ocrx_word' id='word_1_905' title='bbox 1057 2127 1272 2157; x_wconf 84' lang='lat' dir='ltr'><strong>constituuntur,</strong></span> <span class='ocrx_word' id='word_1_906' title='bbox 1289 2133 1321 2153; x_wconf 84' lang='lat' dir='ltr'><strong>ex</strong></span> <span class='ocrx_word' id='word_1_907' title='bbox 1342 2126 1383 2152; x_wconf 86' lang='lat' dir='ltr'><strong>his</strong></span> <span class='ocrx_word' id='word_1_908' title='bbox 1399 2126 1491 2160; x_wconf 84' lang='lat' dir='ltr'><strong>Cyrilli</strong></span> <span class='ocrx_word' id='word_1_909' title='bbox 1506 2125 1730 2160; x_wconf 76' lang='lat' dir='ltr'><strong>Jerosolymitani</strong></span> 
     </span>
    </p>
   </div>
   <div class='ocr_carea' id='block_1_131' title="bbox 943 2160 1732 2188">
    <p class='ocr_par' dir='ltr' id='par_1_131' title="bbox 943 2160 1732 2188">
     <span class='ocr_line' id='line_1_132' title="bbox 943 2160 1732 2188; baseline 0 -1"><span class='ocrx_word' id='word_1_910' title='bbox 943 2161 1035 2188; x_wconf 80' lang='lat' dir='ltr'><strong>verbis</strong></span> <span class='ocrx_word' id='word_1_911' title='bbox 1057 2161 1156 2188; x_wconf 92' lang='lat' dir='ltr'><strong>mirum</strong></span> <span class='ocrx_word' id='word_1_912' title='bbox 1180 2162 1206 2187; x_wconf 93' lang='lat' dir='ltr'><strong>in</strong></span> <span class='ocrx_word' id='word_1_913' title='bbox 1224 2161 1335 2188; x_wconf 85' lang='lat' dir='ltr'><strong>modum</strong></span> <span class='ocrx_word' id='word_1_914' title='bbox 1352 2161 1507 2188; x_wconf 88' lang='lat' dir='ltr'><strong>confirmari</strong></span> <span class='ocrx_word' id='word_1_915' title='bbox 1523 2170 1528 2188; x_wconf 92' lang='lat'><strong>:</strong></span> <span class='ocrx_word' id='word_1_916' title='bbox 1551 2170 1560 2186; x_wconf 87' lang='grc'><strong><em>‹</em></strong></span> <span class='ocrx_word' id='word_1_917' title='bbox 1576 2160 1613 2188; x_wconf 90' lang='lat' dir='ltr'><strong>De</strong></span> <span class='ocrx_word' id='word_1_918' title='bbox 1631 2161 1732 2187; x_wconf 82' lang='lat' dir='ltr'><strong>vestitu</strong></span> 
     </span>
    </p>
   </div>
   <div class='ocr_carea' id='block_1_132' title="bbox 943 2195 1732 2230">
    <p class='ocr_par' dir='ltr' id='par_1_132' title="bbox 943 2195 1732 2230">
     <span class='ocr_line' id='line_1_133' title="bbox 943 2195 1732 2230; baseline -0.001 -8"><span class='ocrx_word' id='word_1_919' title='bbox 943 2200 1034 2223; x_wconf 90' lang='lat' dir='ltr'><strong>autem</strong></span> <span class='ocrx_word' id='word_1_920' title='bbox 1054 2196 1077 2224; x_wconf 90' lang='lat' dir='ltr'><strong>is</strong></span> <span class='ocrx_word' id='word_1_921' title='bbox 1097 2196 1145 2223; x_wconf 81' lang='lat' dir='ltr'><strong>tibi</strong></span> <span class='ocrx_word' id='word_1_922' title='bbox 1165 2196 1280 2230; x_wconf 80' lang='lat' dir='ltr'><strong>simplex</strong></span> <span class='ocrx_word' id='word_1_923' title='bbox 1295 2201 1322 2224; x_wconf 92' lang='lat' dir='ltr'><strong>et</strong></span> <span class='ocrx_word' id='word_1_924' title='bbox 1339 2198 1430 2223; x_wconf 88' lang='lat' dir='ltr'><strong>tenuis</strong></span> <span class='ocrx_word' id='word_1_925' title='bbox 1445 2200 1515 2229; x_wconf 87' lang='lat' dir='ltr'><strong>esto,</strong></span> <span class='ocrx_word' id='word_1_926' title='bbox 1531 2203 1582 2223; x_wconf 85' lang='lat' dir='ltr'><strong>nec</strong></span> <span class='ocrx_word' id='word_1_927' title='bbox 1599 2195 1633 2222; x_wconf 87' lang='lat' dir='ltr'><strong>ad</strong></span> <span class='ocrx_word' id='word_1_928' title='bbox 1649 2203 1732 2222; x_wconf 68' lang='lat' dir='ltr'><strong>orna-</strong></span> 
     </span>
    </p>
   </div>
   <div class='ocr_carea' id='block_1_133' title="bbox 943 2230 1732 2268">
    <p class='ocr_par' dir='ltr' id='par_1_133' title="bbox 943 2230 1732 2268">
     <span class='ocr_line' id='line_1_134' title="bbox 943 2230 1732 2268; baseline -0.001 -10"><span class='ocrx_word' id='word_1_929' title='bbox 943 2236 1016 2268; x_wconf 75' lang='lat' dir='ltr'><strong>tum,</strong></span> <span class='ocrx_word' id='word_1_930' title='bbox 1032 2231 1078 2258; x_wconf 87' lang='lat' dir='ltr'><strong>sed</strong></span> <span class='ocrx_word' id='word_1_931' title='bbox 1094 2231 1127 2258; x_wconf 91' lang='lat' dir='ltr'><strong>ad</strong></span> <span class='ocrx_word' id='word_1_932' title='bbox 1143 2232 1326 2268; x_wconf 82' lang='lat' dir='ltr'><strong>necessariam</strong></span> <span class='ocrx_word' id='word_1_933' title='bbox 1341 2231 1453 2268; x_wconf 81' lang='lat' dir='ltr'><strong>tutelam</strong></span> <span class='ocrx_word' id='word_1_934' title='bbox 1469 2235 1591 2268; x_wconf 86' lang='lat' dir='ltr'><strong>paratus,</strong></span> <span class='ocrx_word' id='word_1_935' title='bbox 1610 2238 1645 2257; x_wconf 86' lang='lat' dir='ltr'><strong>ne</strong></span> <span class='ocrx_word' id='word_1_936' title='bbox 1667 2230 1732 2257; x_wconf 84' lang='lat' dir='ltr'><strong>iuxe</strong></span> 
     </span>
    </p>
   </div>
   <div class='ocr_carea' id='block_1_134' title="bbox 944 2267 1731 2301">
    <p class='ocr_par' dir='ltr' id='par_1_134' title="bbox 944 2267 1731 2301">
     <span class='ocr_line' id='line_1_135' title="bbox 944 2267 1731 2301; baseline -0.001 -9"><span class='ocrx_word' id='word_1_937' title='bbox 944 2267 1116 2301; x_wconf 82' lang='lat' dir='ltr'><strong>molliterque</strong></span> <span class='ocrx_word' id='word_1_938' title='bbox 1139 2267 1279 2300; x_wconf 88' lang='lat' dir='ltr'><strong>vestiaris;</strong></span> <span class='ocrx_word' id='word_1_939' title='bbox 1303 2267 1350 2294; x_wconf 90' lang='lat' dir='ltr'><strong>sed</strong></span> <span class='ocrx_word' id='word_1_940' title='bbox 1365 2267 1455 2294; x_wconf 82' lang='lat' dir='ltr'><strong>hicine</strong></span> <span class='ocrx_word' id='word_1_941' title='bbox 1479 2267 1610 2297; x_wconf 88' lang='lat' dir='ltr'><strong>calescas,</strong></span> <span class='ocrx_word' id='word_1_942' title='bbox 1626 2268 1652 2292; x_wconf 90' lang='lat' dir='ltr'><strong>et</strong></span> <span class='ocrx_word' id='word_1_943' title='bbox 1669 2273 1731 2292; x_wconf 89' lang='lat' dir='ltr'><strong>cor-</strong></span> 
     </span>
    </p>
   </div>
   <div class='ocr_carea' id='block_1_135' title="bbox 945 2301 1730 2337">
    <p class='ocr_par' dir='ltr' id='par_1_135' title="bbox 945 2301 1730 2337">
     <span class='ocr_line' id='line_1_136' title="bbox 945 2301 1730 2337; baseline 0 -9"><span class='ocrx_word' id='word_1_944' title='bbox 945 2302 1019 2336; x_wconf 86' lang='lat' dir='ltr'><strong>poris</strong></span> <span class='ocrx_word' id='word_1_945' title='bbox 1038 2302 1163 2336; x_wconf 87' lang='lat' dir='ltr'><strong>pudenda</strong></span> <span class='ocrx_word' id='word_1_946' title='bbox 1192 2305 1277 2337; x_wconf 78' lang='lat' dir='ltr'><strong>tegas.</strong></span> <span class='ocrx_word' id='word_1_947' title='bbox 1301 2302 1340 2329; x_wconf 86' lang='lat' dir='ltr'><strong>Ne</strong></span> <span class='ocrx_word' id='word_1_948' title='bbox 1362 2309 1426 2329; x_wconf 89' lang='lat' dir='ltr'><strong>vero</strong></span> <span class='ocrx_word' id='word_1_949' title='bbox 1449 2305 1580 2335; x_wconf 67' lang='lat' dir='ltr'><strong>praetextu</strong></span> <span class='ocrx_word' id='word_1_950' title='bbox 1607 2301 1730 2335; x_wconf 79' lang='lat' dir='ltr'><strong>tegenda:</strong></span> 
     </span>
    </p>
   </div>
   <div class='ocr_carea' id='block_1_136' title="bbox 945 2336 1730 2372">
    <p class='ocr_par' dir='ltr' id='par_1_136' title="bbox 945 2336 1730 2372">
     <span class='ocr_line' id='line_1_137' title="bbox 945 2336 1730 2372; baseline -0.001 -9"><span class='ocrx_word' id='word_1_951' title='bbox 945 2337 1124 2372; x_wconf 85' lang='lat' dir='ltr'><strong>turpitudinis</strong></span> <span class='ocrx_word' id='word_1_952' title='bbox 1149 2336 1271 2364; x_wconf 81' lang='lat' dir='ltr'><strong>vestibus</strong></span> <span class='ocrx_word' id='word_1_953' title='bbox 1296 2337 1419 2371; x_wconf 87' lang='lat' dir='ltr'><strong>operosis</strong></span> <span class='ocrx_word' id='word_1_954' title='bbox 1441 2341 1469 2363; x_wconf 86' lang='lat' dir='ltr'><strong>et</strong></span> <span class='ocrx_word' id='word_1_955' title='bbox 1489 2336 1626 2363; x_wconf 84' lang='lat' dir='ltr'><strong>accuratis</strong></span> <span class='ocrx_word' id='word_1_956' title='bbox 1640 2337 1668 2362; x_wconf 92' lang='lat' dir='ltr'><strong>in</strong></span> <span class='ocrx_word' id='word_1_957' title='bbox 1689 2337 1730 2362; x_wconf 91' lang='lat' dir='ltr'><strong>al-</strong></span> 
     </span>
    </p>
   </div>
   <div class='ocr_carea' id='block_1_137' title="bbox 944 2371 1731 2406">
    <p class='ocr_par' dir='ltr' id='par_1_137' title="bbox 944 2371 1731 2406">
     <span class='ocr_line' id='line_1_138' title="bbox 944 2371 1731 2406; baseline -0.001 -8"><span class='ocrx_word' id='word_1_958' title='bbox 944 2371 1029 2398; x_wconf 84' lang='lat' dir='ltr'><strong>teram</strong></span> <span class='ocrx_word' id='word_1_959' title='bbox 1060 2372 1255 2406; x_wconf 87' lang='lat' dir='ltr'><strong>turpitudinem</strong></span> <span class='ocrx_word' id='word_1_960' title='bbox 1283 2371 1453 2399; x_wconf 74' lang='lat' dir='ltr'><strong>iiiciiri&#39;as“.</strong></span> <span class='ocrx_word' id='word_1_961' title='bbox 1470 2382 1479 2397; x_wconf 80' lang='grc'><strong>1</strong></span> <span class='ocrx_word' id='word_1_962' title='bbox 1507 2372 1650 2398; x_wconf 84' lang='lat' dir='ltr'><strong>Postremo</strong></span> <span class='ocrx_word' id='word_1_963' title='bbox 1670 2379 1731 2405; x_wconf 63' lang='lat' dir='ltr'><strong>qua!</strong></span> 
     </span>
    </p>
   </div>
   <div class='ocr_carea' id='block_1_138' title="bbox 943 2407 1731 2434">
    <p class='ocr_par' dir='ltr' id='par_1_138' title="bbox 943 2407 1731 2434">
     <span class='ocr_line' id='line_1_139' title="bbox 943 2407 1731 2434; baseline -0.001 -1"><span class='ocrx_word' id='word_1_964' title='bbox 943 2407 977 2434; x_wconf 85' lang='lat' dir='ltr'><strong>de</strong></span> <span class='ocrx_word' id='word_1_965' title='bbox 1001 2407 1219 2434; x_wconf 87' lang='lat' dir='ltr'><strong>Christianarum</strong></span> <span class='ocrx_word' id='word_1_966' title='bbox 1255 2408 1399 2434; x_wconf 88' lang='lat' dir='ltr'><strong>mulierum</strong></span> <span class='ocrx_word' id='word_1_967' title='bbox 1427 2407 1551 2434; x_wconf 85' lang='lat' dir='ltr'><strong>vestibus</strong></span> <span class='ocrx_word' id='word_1_968' title='bbox 1574 2411 1602 2434; x_wconf 90' lang='lat' dir='ltr'><strong>et</strong></span> <span class='ocrx_word' id='word_1_969' title='bbox 1630 2411 1731 2433; x_wconf 85' lang='lat' dir='ltr'><strong>ornatu</strong></span> 
     </span>
    </p>
   </div>
   <div class='ocr_carea' id='block_1_139' title="bbox 942 2441 1728 2477">
    <p class='ocr_par' dir='ltr' id='par_1_139' title="bbox 942 2441 1728 2477">
     <span class='ocr_line' id='line_1_140' title="bbox 942 2441 1728 2477; baseline -0.003 -9"><span class='ocrx_word' id='word_1_970' title='bbox 942 2441 1069 2476; x_wconf 79' lang='lat' dir='ltr'><strong>Clemens</strong></span> <span class='ocrx_word' id='word_1_971' title='bbox 1090 2442 1258 2477; x_wconf 48' lang='lat' dir='ltr'><strong>praesa-ibit,</strong></span> <span class='ocrx_word' id='word_1_972' title='bbox 1279 2451 1341 2470; x_wconf 93' lang='lat' dir='ltr'><strong>cuin</strong></span> <span class='ocrx_word' id='word_1_973' title='bbox 1366 2443 1409 2470; x_wconf 90' lang='lat' dir='ltr'><strong>his</strong></span> <span class='ocrx_word' id='word_1_974' title='bbox 1433 2441 1622 2477; x_wconf 86' lang='lat' dir='ltr'><strong>componenda</strong></span> <span class='ocrx_word' id='word_1_975' title='bbox 1649 2445 1728 2473; x_wconf 84' lang='lat' dir='ltr'><strong>sunt,</strong></span> 
     </span>
    </p>
   </div>
   <div class='ocr_carea' id='block_1_140' title="bbox 939 2477 1728 2538">
    <p class='ocr_par' dir='ltr' id='par_1_140' title="bbox 939 2477 1728 2538">
     <span class='ocr_line' id='line_1_141' title="bbox 939 2477 1728 2538; baseline -0.001 -34"><span class='ocrx_word' id='word_1_976' title='bbox 939 2477 1060 2538; x_wconf 52' lang='lat' dir='ltr'><strong>:‘juaaude</strong></span> <span class='ocrx_word' id='word_1_977' title='bbox 1081 2478 1177 2505; x_wconf 88' lang='lat' dir='ltr'><strong>iisdem</strong></span> <span class='ocrx_word' id='word_1_978' title='bbox 1205 2477 1390 2505; x_wconf 83' lang='lat' dir='ltr'><strong>Tertullianus</strong></span> <span class='ocrx_word' id='word_1_979' title='bbox 1415 2481 1442 2505; x_wconf 92' lang='lat' dir='ltr'><strong>et</strong></span> <span class='ocrx_word' id='word_1_980' title='bbox 1462 2478 1615 2513; x_wconf 79' lang='lat' dir='ltr'><strong>Cyprianus</strong></span> <span class='ocrx_word' id='word_1_981' title='bbox 1641 2477 1728 2503; x_wconf 80' lang='lat' dir='ltr'><strong>tradi-</strong></span> 
     </span>
     <span class='ocr_line' id='line_1_142' title="bbox 958 2520 1047 2538; baseline 0 0"><span class='ocrx_word' id='word_1_982' title='bbox 958 2520 1003 2538; x_wconf 89' lang='lat' dir='ltr'><strong>ere</strong></span> <span class='ocrx_word' id='word_1_983' title='bbox 1041 2533 1047 2538; x_wconf 92' lang='lat'><strong>.</strong></span> 
     </span>
    </p>
   </div>
   <div class='ocr_carea' id='block_1_141' title="bbox 958 2513 1047 2541">
    <p class='ocr_par' dir='ltr' id='par_1_141' title="bbox 958 2513 1047 2541">
     <span class='ocr_line' id='line_1_143' title="bbox 958 2513 1047 2541; baseline 0.011 -1"><span class='ocrx_word' id='word_1_984' title='bbox 958 2520 1003 2540; x_wconf 87' lang='lat' dir='ltr'><strong>ere</strong></span> <span class='ocrx_word' id='word_1_985' title='bbox 1014 2513 1047 2541; x_wconf 76' lang='grc'><strong>’³.</strong></span> 
     </span>
    </p>
   </div>
   <div class='ocr_carea' id='block_1_142' title="bbox 1010 2590 1729 2625">
    <p class='ocr_par' dir='ltr' id='par_1_142' title="bbox 1010 2590 1729 2625">
     <span class='ocr_line' id='line_1_144' title="bbox 1010 2590 1729 2625; baseline -0.001 -9"><span class='ocrx_word' id='word_1_986' title='bbox 1010 2610 1028 2621; x_wconf 95' lang='grc'><strong>.,</strong></span> <span class='ocrx_word' id='word_1_987' title='bbox 1041 2590 1109 2617; x_wconf 86' lang='lat' dir='ltr'><strong>diss.</strong></span> <span class='ocrx_word' id='word_1_988' title='bbox 1128 2590 1231 2625; x_wconf 17' lang='lat' dir='ltr'><strong>3,77cap.</strong></span> <span class='ocrx_word' id='word_1_989' title='bbox 1248 2591 1273 2621; x_wconf 80' lang='grc'><strong>5,</strong></span> <span class='ocrx_word' id='word_1_990' title='bbox 1295 2590 1343 2624; x_wconf 86' lang='lat' dir='ltr'><strong>§t.</strong></span> <span class='ocrx_word' id='word_1_991' title='bbox 1385 2591 1405 2606; x_wconf 73' lang='lat'><em>“</em></span> <span class='ocrx_word' id='word_1_992' title='bbox 1421 2590 1526 2625; x_wconf 64' lang='lat' dir='ltr'><strong>Paedag.</strong></span> <span class='ocrx_word' id='word_1_993' title='bbox 1545 2590 1591 2617; x_wconf 81' lang='lat' dir='ltr'><strong>lib.</strong></span> <span class='ocrx_word' id='word_1_994' title='bbox 1608 2597 1650 2620; x_wconf 89' lang='lat' dir='ltr'><strong>iii,</strong></span> <span class='ocrx_word' id='word_1_995' title='bbox 1666 2597 1729 2624; x_wconf 80' lang='lat' dir='ltr'><strong>pag.</strong></span> 
     </span>
    </p>
   </div>
   <div class='ocr_carea' id='block_1_143' title="bbox 959 2624 1730 2661">
    <p class='ocr_par' dir='ltr' id='par_1_143' title="bbox 959 2624 1730 2661">
     <span class='ocr_line' id='line_1_145' title="bbox 959 2624 1730 2661; baseline 0 -10"><span class='ocrx_word' id='word_1_996' title='bbox 959 2626 978 2640; x_wconf 76' lang='grc'>¹⁷</span> <span class='ocrx_word' id='word_1_997' title='bbox 994 2625 1060 2652; x_wconf 88' lang='lat' dir='ltr'><strong>ibiil.</strong></span> <span class='ocrx_word' id='word_1_998' title='bbox 1113 2626 1133 2641; x_wconf 77' lang='lat'><strong>“‘</strong></span> <span class='ocrx_word' id='word_1_999' title='bbox 1150 2624 1253 2661; x_wconf 77' lang='lat' dir='ltr'><strong>Tertui.</strong></span> <span class='ocrx_word' id='word_1_1000' title='bbox 1283 2626 1409 2660; x_wconf 78' lang='lat' dir='ltr'><strong>Apolog.,</strong></span> <span class='ocrx_word' id='word_1_1001' title='bbox 1433 2624 1561 2661; x_wconf 35' lang='lat' dir='ltr'><strong>capfﬁi).</strong></span> <span class='ocrx_word' id='word_1_1002' title='bbox 1600 2625 1621 2641; x_wconf 84' lang='lat'>&quot;</span> <span class='ocrx_word' id='word_1_1003' title='bbox 1638 2625 1730 2661; x_wconf 23' lang='lat' dir='ltr'><strong>libis}!</strong></span> 
     </span>
    </p>
   </div>
   <div class='ocr_carea' id='block_1_144' title="bbox 1140 2660 1729 2696">
    <p class='ocr_par' dir='ltr' id='par_1_144' title="bbox 1140 2660 1729 2696">
     <span class='ocr_line' id='line_1_146' title="bbox 1140 2660 1729 2696; baseline 0 -10"><span class='ocrx_word' id='word_1_1004' title='bbox 1140 2668 1181 2694; x_wconf 77' lang='lat' dir='ltr'><strong>ag.</strong></span> <span class='ocrx_word' id='word_1_1005' title='bbox 1198 2660 1261 2688; x_wconf 65' lang='grc'><strong>240.</strong></span> <span class='ocrx_word' id='word_1_1006' title='bbox 1320 2661 1341 2675; x_wconf 72' lang='grc'><strong>⁸³</strong></span> <span class='ocrx_word' id='word_1_1007' title='bbox 1356 2661 1435 2693; x_wconf 78' lang='lat' dir='ltr'><strong>ibid.,</strong></span> <span class='ocrx_word' id='word_1_1008' title='bbox 1450 2669 1511 2696; x_wconf 91' lang='lat' dir='ltr'><strong>cap.</strong></span> <span class='ocrx_word' id='word_1_1009' title='bbox 1528 2661 1571 2692; x_wconf 82' lang='grc'><strong>10,</strong></span> <span class='ocrx_word' id='word_1_1010' title='bbox 1587 2668 1649 2696; x_wconf 75' lang='lat' dir='ltr'><strong>pag:</strong></span> <span class='ocrx_word' id='word_1_1011' title='bbox 1664 2660 1729 2696; x_wconf 54' lang='grc' dir='ltr'>ἓιιι.</span> 
     </span>
    </p>
   </div>
   <div class='ocr_carea' id='block_1_145' title="bbox 1017 2694 1730 2732">
    <p class='ocr_par' dir='ltr' id='par_1_145' title="bbox 1017 2694 1730 2732">
     <span class='ocr_line' id='line_1_147' title="bbox 1017 2694 1730 2732; baseline -0.001 -9"><span class='ocrx_word' id='word_1_1012' title='bbox 1017 2694 1042 2711; x_wconf 60' lang='grc'><strong>’³⁷</strong></span> <span class='ocrx_word' id='word_1_1013' title='bbox 1055 2694 1138 2731; x_wconf 86' lang='lat' dir='ltr'><strong>Cyril.</strong></span> <span class='ocrx_word' id='word_1_1014' title='bbox 1156 2695 1245 2732; x_wconf 74' lang='lat' dir='ltr'><strong>Jeros.</strong></span> <span class='ocrx_word' id='word_1_1015' title='bbox 1273 2697 1379 2723; x_wconf 88' lang='lat' dir='ltr'><strong>catecli.</strong></span> <span class='ocrx_word' id='word_1_1016' title='bbox 1397 2696 1424 2729; x_wconf 78' lang='grc'><strong>4,</strong></span> <span class='ocrx_word' id='word_1_1017' title='bbox 1441 2694 1502 2732; x_wconf 65' lang='lat' dir='ltr'><strong>pag&#39;.</strong></span> <span class='ocrx_word' id='word_1_1018' title='bbox 1521 2696 1564 2724; x_wconf 69' lang='grc'><strong>54.</strong></span> <span class='ocrx_word' id='word_1_1019' title='bbox 1588 2694 1596 2696; x_wconf 69' lang='grc'>⁷</span> <span class='ocrx_word' id='word_1_1020' title='bbox 1624 2695 1647 2710; x_wconf 78' lang='grc'><strong>’⁸</strong></span> <span class='ocrx_word' id='word_1_1021' title='bbox 1663 2694 1730 2722; x_wconf 82' lang='lat' dir='ltr'><strong>Ter-</strong></span> 
     </span>
    </p>
   </div>
   <div class='ocr_carea' id='block_1_146' title="bbox 93 2731 1413 2767">
    <p class='ocr_par' dir='ltr' id='par_1_146' title="bbox 93 2731 1413 2767">
     <span class='ocr_line' id='line_1_148' title="bbox 93 2731 1413 2767; baseline -0.001 -7"><span class='ocrx_word' id='word_1_1022' title='bbox 93 2731 144 2760; x_wconf 85' lang='lat' dir='ltr'><strong>tul.</strong></span> <span class='ocrx_word' id='word_1_1023' title='bbox 161 2732 210 2759; x_wconf 91' lang='lat' dir='ltr'><strong>lib.</strong></span> <span class='ocrx_word' id='word_1_1024' title='bbox 227 2731 265 2759; x_wconf 86' lang='lat' dir='ltr'><strong>De</strong></span> <span class='ocrx_word' id='word_1_1025' title='bbox 276 2739 372 2759; x_wconf 89' lang='lat' dir='ltr'><strong>coron.</strong></span> <span class='ocrx_word' id='word_1_1026' title='bbox 386 2732 456 2765; x_wconf 91' lang='lat' dir='ltr'><strong>mil.,</strong></span> <span class='ocrx_word' id='word_1_1027' title='bbox 475 2740 499 2760; x_wconf 89' lang='lat' dir='ltr'><strong>c.</strong></span> <span class='ocrx_word' id='word_1_1028' title='bbox 515 2732 531 2759; x_wconf 90' lang='lat'><strong>8</strong></span> <span class='ocrx_word' id='word_1_1029' title='bbox 549 2741 556 2766; x_wconf 85' lang='grc'><strong>;</strong></span> <span class='ocrx_word' id='word_1_1030' title='bbox 572 2732 620 2759; x_wconf 87' lang='lat' dir='ltr'><strong>lib.</strong></span> <span class='ocrx_word' id='word_1_1031' title='bbox 636 2739 655 2759; x_wconf 91' lang='lat' dir='ltr'><strong>ii</strong></span> <span class='ocrx_word' id='word_1_1032' title='bbox 671 2731 709 2760; x_wconf 87' lang='lat' dir='ltr'><strong>De</strong></span> <span class='ocrx_word' id='word_1_1033' title='bbox 723 2731 788 2759; x_wconf 87' lang='lat' dir='ltr'><strong>cult.</strong></span> <span class='ocrx_word' id='word_1_1034' title='bbox 805 2731 881 2765; x_wconf 86' lang='lat' dir='ltr'><strong>fein.,</strong></span> <span class='ocrx_word' id='word_1_1035' title='bbox 894 2739 919 2759; x_wconf 92' lang='lat' dir='ltr'><strong>c.</strong></span> <span class='ocrx_word' id='word_1_1036' title='bbox 934 2731 1128 2767; x_wconf 68' lang='lat' dir='ltr'><strong>lii-,Cyprian.</strong></span> <span class='ocrx_word' id='word_1_1037' title='bbox 1143 2731 1188 2759; x_wconf 88' lang='lat' dir='ltr'><strong>lib.</strong></span> <span class='ocrx_word' id='word_1_1038' title='bbox 1208 2731 1246 2760; x_wconf 91' lang='lat' dir='ltr'><strong>De</strong></span> <span class='ocrx_word' id='word_1_1039' title='bbox 1259 2733 1326 2759; x_wconf 85' lang='lat' dir='ltr'><strong>cult.</strong></span> <span class='ocrx_word' id='word_1_1040' title='bbox 1343 2731 1413 2767; x_wconf 73' lang='lat' dir='ltr'><strong>virg.</strong></span> 
     </span>
    </p>
   </div>
  </div>
