1927 3073
54 176 100 205 889

320 174 410 202 ALle
431 174 465 202 ΙΝ
484 152 780 203 (ΞΟΠΟΒΤΑΤΙΟΝΕΜ

878 175 1087 204 ’ίΕΒΛϐ-ΟΟΗΜ
1106 175 1403 205 OBSERVATIONES.

1611 178 1663 206 890

53 238 134 262 autem
148 240 196 273 nec
207 232 273 273 quis
288 237 365 273 esset.
370 232 483 273 quidem
503 232 560 273 P_a_n
578 238 720 273 noverant,
733 233 825 273 prius-
839 237 863 265 Α
913 233 967 269 50
982 233 1036 273 Sed
1052 237 1197 273 antequam
1211 234 1517 273 Cecropsdovinomen
1528 235 1661 267 dedisset,

53 277 124 305 quam
141 269 181 296 eis
197 268 297 295 di'ceret
318 267 496 305 Philippides.
520 268 616 305 Merito
635 276 701 303 ergo
724 267 826 305 dmino-

52 303 110 333 num
126 305 213 331 cultus
228 311 288 330 cum
306 303 416 330 aliunde
432 304 551 338 cepisset
568 304 745 338 principium,
765 304 826 332 fons

53 341 98 368 fuit
112 339 198 367 stolidi
216 338 284 365 vitii.
300 338 401 366 Deinde
415 346 477 366 cum
494 346 548 366 non
564 339 662 367 fuiSSet
677 339 825 372 rescissus,

52 376 94 404 sed
114 374 260 410 accepisset
277 379 452 408 augmentum
474 377 501 401 et
520 382 619 410 magno
644 374 766 402 ﬂuxisset
786 375 827 402 al-

52 419 104 442 veo,
124 410 220 437 multos
237 409 373 436 daemones
395 410 539 437 constituit
560 409 720 438 Sacrificans
744 410 826 437 heca-

52 446 158 476 tombas,
176 448 202 472 et
220 449 370 472 conventus
388 445 542 477 celebrans,
557 449 584 472 et
608 445 756 473 simulacra
772 446 827 473 eri-

52 489 124 516 gens,
146 485 171 507 et
187 480 295 516 templa
318 479 458 516 :edilicans
475 481 507 507 ".
520 489 532 516 γι
551 479 615 508 Tria
636 481 672 508 ibi
698 480 826 509 Clemens

52 520 136 544 noster
151 515 276 543 edisserit
290 525 296 542 :
316 515 408 550 primo.
422 515 501 543 initia
519 515 595 550 impii
612 516 765 543 daemonum
777 525 826 544 seu

52 551 171 579 falsorum
196 551 308 578 deorum
322 550 433 586 cultus,
457 551 578 578 secundo
599 551 763 586 templorum
786 552 826 580 eis

51 587 200 626 dicaturum,
216 585 295 613 tertio
312 585 431 620 denique
448 585 662 614 simulacrorum
674 590 702 614 et
721 591 826 614 statua<

51 629 103 648 rum
119 629 258 655 originem.

80 657 115 684 Ac
132 656 216 691 primo
232 655 352 691 quidem,
369 656 441 684 unde
455 659 482 683 et
497 664 513 683 a
529 664 583 691 quo
598 655 752 684 daemonum
777 665 825 685 seu

51 692 152 719 deorum
169 691 259 719 cultus
275 695 365 718 ortum
381 691 500 723 duxerit,
517 700 572 719 non
593 692 674 718 audet
689 696 764 720 certo
778 693 827 721 der-

52 727 129 760 linire,
143 734 192 754 nec
206 726 233 754 id
250 727 359 761 quidem
376 727 423 753 ulli
440 727 538 754 mirum
554 727 640 754 videri
654 727 744 756 debet.
757 728 825 755 Nam

49 767 153 797 septem,
168 766 197 789 ut
215 762 296 797 paulo
312 765 375 789 ante
396 762 525 795 diximus,
545 762 590 789 ille
607 762 703 790 modos
723 763 824 795 refert,

49 798 137 832 quibus
151 798 208 824 haec
220 798 318 825 insana
329 798 480 824 errantium
494 798 646 830 hominum,
661 797 746 825 falsos
759 799 826 827 deos

49 833 194 868 colentium,
208 833 334 868 impietas
348 833 375 859 in
388 833 511 868 diversas
526 832 728 868 mundeartes
741 835 825 862 variis

48 868 132 902 procul
149 867 231 895 dubio
254 868 424 903 temporibus
455 867 588 903 irrupisse
616 867 785 903 perhibetur.
802 869 824 896 Α

876 268 1037 306 εθιίθλειρυς]
1050 268 1194 306 Egyptios
1206 273 1232 297 et
1246 268 1389 306 Dhénices
1401 271 1458 304 jam
1470 278 1486 297 a
1503 271 1584 306 longo
1596 276 1664 299 tem—

876 312 944 339 pore
960 304 1062 339 impius
1080 305 1114 332 de
1129 305 1304 333 multitudine
1318 306 1431 332 deorum
1446 313 1525 333 error
1540 304 1665 333 iiwalue-

877 343 930 367 rat.
959 339 1056 373 ‘Neque
1075 340 1101 367 id
1121 347 1154 366 ex
1169 340 1258 374 primo
1274 341 1408 368 duntaxat
1418 341 1528 368 Eusebii
1542 342 1668 369 testimo-

876 375 922 411 nio
936 375 1100 411 colligimus,
1117 375 1165 411 sed
1182 383 1216 402 ex
1233 375 1337 403 ultimis
1352 376 1444 408 etiam,
1460 384 1522 411 quae
1537 377 1666 410 citamus,

876 410 936 445 ejus
953 409 1054 437 verbis.
1071 409 1143 442 Quid
1159 411 1243 442 enim,
1257 411 1355 438 amabo
1369 415 1406 443 te,
1424 409 1498 438 aliud
1510 412 1544 439 iis
1560 412 1612 439 sibi
1622 409 1668 438 vo-

878 445 938 476 luit,
952 445 1004 481 nisi
1018 445 1074 472 huic
1086 453 1101 472 a
1114 445 1233 481 Cecrope
1247 446 1275 472 in
1292 446 1424 474 Graeciam
1443 447 1528 474 fuisse
1545 447 1665 481 primum

877 480 1054 507 introducta?
1082 480 1164 515 Atqui
1193 480 1280 508 Graeci
1309 485 1336 508 et
1375 481 1422 508 alii
1454 482 1522 509 falsa
1545 480 1666 509 deorum

877 515 999 547 nomina,
1013 519 1043 542 ut
1058 515 1128 542 idem
1135 515 1270 543 Eusebius
1281 521 1377 544 auctor
1392 521 1435 544 est
1444 517 1477 549 ⁵ο,
1490 516 1666 544 Plimnicibus

877 555 904 577 et
920 549 1058 586 [Egyptiis
1086 555 1197 586 accepta
1225 552 1389 579 referebant.
1410 552 1442 578 Et
1460 560 1525 579 vero
1553 553 1598 580 ubi
1621 552 1668 579 ille

877 586 980 613 clarius
996 590 1023 613 et
1039 586 1184 613 enodatius
1199 594 1232 614 ex
1247 586 1572 615 Sauchoniathoneinina
1588 587 1667 615 theo-

877 620 1128 658 logitefhmnicum
1146 622 1284 658 explicat,
1301 622 1413 656 planum
1430 623 1523 658 utique
1538 623 1603 650 facit
1619 622 1667 650 diu

877 660 941 684 ante
957 656 1114 684 Graecorum
1133 660 1253 691 tempora
1272 657 1344 684 hanc
1355 657 1451 685 falsam
1466 656 1580 687 deorum
1595 658 1668 685 mul-

877 691 1023 719 titudinem
1039 699 1055 718 a
1070 691 1246 720 Phoenicibus
1264 691 1350 720 luisse
1364 694 1560 721 introductam.

914 726 1016 764 Eodem
1026 727 1112 764 plane
1126 735 1209 764 sensu
1233 727 1389 764 Herodotus
1404 729 1500 756 scribit
1526 734 1557 756 se
1579 736 1667 764 nuper

877 762 1033 799 atqueﬂhcri
1049 762 1180 799 didicisse
1192 770 1235 799 an
1250 763 1287 790 dii
1304 771 1430 799 semper,
1457 765 1499 792 vel
1519 764 1602 795 unde,
1618 762 1666 791 aut

897 805 930 824 ua
945 797 1116 833 olimﬂspecie
1129 798 1198 833 apud
1216 797 1326 833 Graecos
1337 797 1438 826 fuerint
1448 800 1482 827 δι.
1500 799 1579 827 Prius
1601 808 1667 827 vero

897 805 930 824 ua
945 805 1008 824 onm
1025 805 1116 832 speete
1129 805 1198 833 apuu
1216 805 1326 826 ιιι-προς
1337 805 1482 827 iuerint".
1500 805 1579 827 Prius
1601 808 1666 827 vero

877 805 983 860 dixerat
997 832 1140 869 Egyptios
1159 832 1313 869 venditasse
1328 842 1357 861 se
1374 844 1383 860 ‹
1400 836 1502 869 primos
1522 834 1666 862 duodecim

877 869 990 896 deorum
1005 868 1167 903 cognomina
1177 868 1205 896 in
1213 877 1263 897 usu
1280 868 1418 901 habuisse,
1432 873 1459 896 et
1473 870 1507 897 ab
1524 870 1579 898 illis
1593 870 1667 897 Grai-

48 911 95 941 qno
110 907 195 941 autem
210 907 236 931 et
251 903 381 941 quando,
390 903 433 941 vel
450 903 498 941 ubi
514 904 588 939 prior
603 911 637 941 ex
661 904 715 931 illis
738 904 825 941 intro-
841 913 863 941 Β
876 911 923 941 eos
935 903 1026 941 fuisse
1042 904 1226 941 mutuatos“.
1244 913 1254 930 ι
1275 903 1327 932 Sed
1341 905 1516 939 quandonam
1524 905 1551 932 id
1560 905 1667 932 accide-

48 939 135 966 ductus
150 939 195 969 sit,
211 946 261 966 nec
276 939 321 966 ille
337 938 447 973 quidem
462 939 511 971 ibi,
527 946 578 966 nec
593 939 737 974 quisquam
751 940 822 968 alius

48 974 117 1001 nobis
137 977 211 1001 certo
233 978 259 1001 et
278 975 421 1009 perspicue
461 974 588 1009 patefecit
609 974 824 1002 demonstravit-

48 1017 100 1043 que.
121 1009 227 1036 Scimus
243 1009 354 1044 quidem
371 1010 529 1044 opinionem
546 1009 579 1037 de
596 1009 722 1044 pluribus
736 1011 789 1038 diis
807 1019 822 1038 a

47 1043 143 1072 Justino
158 1043 278 1080 martyre
289 1049 316 1072 et
332 1043 584 1080 aliis’quibusdam,
596 1043 630 1072 ut
646 1045 711 1072 alibi
727 1046 823 1073 obser-

48 1084 126 1106 vatum
143 1084 184 1107 est
195 1079 236 1111 ",7
253 1081 281 1107 in
306 1081 362 1107 inec
379 1079 518 1108 Geneseos
539 1080 623 1107 verba
642 1090 649 1108 ε
669 1090 678 1106 ι
691 1080 724 1107 Et
746 1082 823 1108 eritis

48 1115 108 1142 sicut
123 1115 157 1142 dii
171 1115 204 1147 ",
216 1124 226 1139 ι
245 1116 359 1142 omnino
381 1116 500 1142 refundi.
524 1114 577 1143 Sed
594 1115 704 1150 quando
726 1121 753 1143 et
776 1117 822 1144 ubi

48 1150 84 1177 hic
109 1157 182 1177 error
213 1150 411 1178 disseminatus
439 1151 558 1185 primum
586 1151 686 1182 fuerit,
711 1159 761 1179 nec
788 1152 822 1180 ab

47 1184 95 1224 illo,
111 1193 157 1213 nec
173 1186 208 1213 ab
224 1186 283 1213 ullo
300 1186 354 1214 alio
371 1184 513 1214 definitum
538 1190 585 1213 aut
611 1186 762 1214 indiCatum
781 1187 822 1215 le-

51 1228 131 1248 Inuus.

53 1230 131 1248 'mms.

46 1230 58 1255 ὃ
76 1255 104 1282 Et
119 1264 179 1283 vero
199 1255 347 1288 Eusebius,
368 1257 483 1292 primam
505 1256 618 1284 deorum
640 1256 774 1290 originem
789 1265 822 1284 ex

47 1291 147 1325 paganis
168 1292 352 1327 scriptoribus
370 1291 587 1326 diligentissime
618 1296 820 1327 perscrutatus,

46 1332 126 1354 narrat
141 1327 250 1362 quidem
269 1326 425 1357 thnices,
438 1335 471 1354 ac
487 1327 568 1363 paulo
587 1326 649 1362 post
665 1326 821 1363 Egyptios,

46 1362 154 1388 monium
179 1363 284 1398 primos
309 1363 394 1390 fuisse
410 1362 456 1397 qui
478 1362 651 1389 divinitatem
668 1362 734 1394 soli,
751 1364 823 1390 lunae

45 1401 68 1422 et
83 1398 162 1425 stellis
182 1397 387 1432 adjudicavere,
409 1406 440 1424 ac
458 1398 564 1425 caeteris
582 1398 740 1425 hominibus
763 1399 822 1425 fne-

45 1438 99 1458 runt
114 1433 224 1466 hujusre
241 1433 389 1467 impietatis
400 1437 427 1460 et
443 1433 566 1463 sceleris,
581 1433 651 1467 ipso,
665 1438 694 1460 ut
711 1434 748 1460 ait
766 1434 820 1466 ille,

44 1467 163 1504 atheismo
188 1469 324 1504 gravioris
352 1473 479 1496 auctores
497 1468 530 1496 Μ.
557 1467 611 1495 Sed
623 1476 677 1503 quo
700 1473 822 1503 tempore

44 1501 174 1531 thnices
191 1501 232 1531 illi
255 1509 338 1538 atque
354 1503 474 1538 Egyptii
496 1501 723 1538 cmperinfillam
739 1501 822 1532 astris

43 1539 199 1574 divinitatem
227 1539 379 1570 ascribere,
396 1539 491 1566 nullibi
510 1539 569 1574 ipse
583 1539 671 1574 ‘nobis
694 1540 800 1574 aperuit
814 1549 820 1567 ε

46 1582 53 1597 ι
71 1573 218 1606 Phoenices,
231 1584 239 1600 ι
260 1575 343 1602 verba
369 1580 433 1601 sunt
459 1574 585 1605 Eusebii,
606 1583 615 1600 ‹
631 1579 657 1601 et
677 1573 822 1610 Egyptios

43 1610 152 1636 omnium
169 1610 309 1645 principes
333 1610 395 1640 soli,
419 1613 446 1637 et
464 1610 544 1641 lunze,
565 1617 597 1636 ac
615 1610 702 1638 stellis
719 1610 820 1638 divini-

43 1648 114 1671 tatem
138 1645 268 1673 tribuisse
285 1645 422 1680 vulgatum
442 1649 498 1677 est,
523 1645 612 1680 iisque
637 1645 705 1673 solis
729 1653 820 1672 rerum

43 1683 111 1706 ortus
127 1679 311 1715 interitusque
327 1679 438 1708 causam
454 1679 621 1715 assignaSse.
640 1680 743 1708 Deinde
757 1688 822 1708 vero

42 1720 94 1748 qua;
113 1715 210 1750 passim
226 1720 254 1743 et
270 1715 372 1750 ubique
384 1716 525 1749 iactantur
537 1716 651 1743 deorum
668 1720 723 1742 tam
742 1716 822 1742 moli-

43 1751 119 1778 lioues
129 1758 208 1786 quam
222 1751 428 1786 procreationes
444 1751 471 1777 in
487 1751 628 1778 hominum
643 1758 729 1786 genus
747 1751 823 1778 inve-

42 1785 160 1814 xisse.....
178 1786 359 1821 Nequaquam
377 1786 421 1813 hic
440 1786 516 1813 stetit
534 1785 710 1821 eoruiu,’qni
728 1790 821 1821 postea

42 1822 118 1848 secuti
136 1825 210 1853 sunt,
232 1823 376 1849 hominum
394 1822 428 1848 de
445 1821 621 1849 multitudine
642 1821 756 1849 deorum
779 1830 823 1849 er-

42 1862 95 1892 ror:
117 1857 161 1884 sed
181 1857 209 1884 in
233 1858 320 1884 altam
342 1856 527 1891 improbitatis
551 1856 709 1892 voraginem
732 1861 821 1890 actus,

42 1890 196 1926 iuipictalcm
221 1892 353 1928 peperit,
369 1890 428 1926 ipso
454 1899 564 1928 quoque
590 1890 695 1928 negatae
720 1892 821 1919 divini-

42 1928 97 1962 talis
133 1928 237 1956 scelere
258 1927 445 1962 ’graviorem.
475 1927 564 1962 ﬁtque
598 1927 681 1961 hujus
717 1929 821 1955 erroris

42 1959 183 2013 Eligenices,
206 1970 240 1991 ac
266 1959 350 1998 paulo
374 1966 437 1997 post
461 1959 582 1998 {Egj'ptii
607 1959 734 1990 auctores
760 1965 820 1991 lue-

40 2004 66 2023 ιϊ
75 2004 92 2013 ⁴¹
99 2020 105 2026 ,
119 2008 127 2024 ι

72 2031 169 2060 Rursus
187 2038 284 2061 autem
302 2033 358 2064 ille,
381 2033 427 2069 sed
444 2033 554 2061 brevius
567 2041 579 2069 εγ
593 2042 603 2058 ‹
619 2032 726 2061 Maneat
741 2033 823 2069 igitur

40 2066 103 2095 hunc
117 2069 239 2096 omnium
265 2069 387 2103 gentium
405 2068 438 2095 de
454 2068 629 2095 multitudine
644 2066 764 2095 deorum'
779 2077 824 2096 er-

40 2110 118 2130 rorem
135 2112 188 2131 non
207 2105 262 2132 niSi
280 2108 342 2138 post
363 2104 469 2138 longam
489 2108 600 2130 attalum
619 2104 717 2131 seriem
735 2105 824 2131 exsti-

39 2138 107 2174 tisse,
128 2141 173 2174 qui
197 2147 262 2166 cum
282 2147 296 2166 a
315 2138 492 2167 Plimnicihus
513 2143 541 2166 et
558 2138 694 2174 Egyptiis
715 2139 823 2167 initium

40 2172 181 2209 habuisset.
196 2175 232 2202 ab
253 2174 289 2202 iis
309 2174 337 2201 in
362 2175 481 2209 reliquas
498 2172 672 2209 postmodum
698 2175 823 2202 nationes

38 2208 68 2234 ad
87 2209 157 2245 ipsos
178 2218 269 2245 usque
287 2209 397 2237 Gnecos
413 2208 484 2245 sese,
498 2208 658 2244 propagavit
668 2210 700 2237 ³⁸.
718 2219 726 2235 ι
744 2210 823 2242 Quod

39 2244 138 2285 quidem
161 2244 229 2285 ille
255 2246 339 2285 paulo
365 2250 439 2285 post
471 2244 619 2280 descriptis
647 2253 680 2285 ex
712 2245 824 2273 Philone
841 2258 862 2285 ο

39 2278 285 2339 ῗῖΙΠΓῘΙΟΙιῘίΙΙῘΙΟΠῙὸ
315 2278 407 2308 verbis
438 2288 549 2308 rursum
566 2278 677 2307 'astruit
703 2285 730 2307 et
755 2289 823 2308 con-

48 2319 127 2339 Irmat.

48 2315 127 2342 irmat.

68 2349 99 2376 At
114 2351 240 2386 quamvis
256 2350 404 2384 Eusebius,
418 2352 538 2385 inquies.
554 2350 623 2377 nihil
636 2351 672 2377 ibi
686 2350 725 2386 de,
736 2352 823 2385 prima

36 2385 140 2413 deorum
157 2387 267 2422 origine
292 2386 402 2422 dixerit,
417 2394 509 2414 nonae
523 2386 552 2422 in
575 2386 687 2422 secundi
710 2385 824 2422 Chroni-

37 2428 116 2447 rurum
134 2421 360 2457 libri’prommio
374 2422 432 2448 haec
448 2421 595 2456 scripsisse
611 2421 727 2457 legitur?
743 2431 751 2446 ι
769 2422 822 2448 Ita-

36 2463 83 2489 que
96 2457 153 2485 sine
176 2456 232 2485 ulla
258 2456 436 2492 ambiguitate
461 2456 568 2492 Moyses
584 2460 611 2492 et
626 2456 757 2491 Cecrops.
773 2457 820 2491 qui

36 2491 131 2524 primus
151 2491 364 2520 Atheniensium
384 2500 431 2519 rex
450 2491 516 2525 fuit,
538 2491 636 2518 iisdem
658 2491 734 2519 fuere
751 2495 821 2519 tem-

36 2526 154 2559 poribus.
170 2549 176 2554 .
190 2548 198 2555 .
212 2549 219 2555 .
234 2547 241 2555 .
261 2526 310 2553 llic
337 2527 443 2561 primus
469 2527 592 2554 omnium
613 2526 706 2554 Jovem
724 2527 819 2561 appel-

37 2562 107 2592 lavit,
128 2563 280 2590 simulacra
308 2564 428 2596 reperit.
452 2570 528 2589 aram
558 2562 670 2594 statuit,
692 2562 819 2590 victimas

36 2596 194 2630 immolavit,
211 2604 389 2632 nequaquam
413 2598 568 2625 istiusmodi
593 2598 675 2624 rebus
697 2598 725 2624 in
745 2597 821 2624 Grie-

36 2631 72 2656 cia
101 2641 220 2669 unquam
257 2631 365 2669 visis}
390 2633 541 2669 Addamus,
569 2632 591 2659 si
615 2633 701 2669 lubet,
723 2632 819 2660 eadem

36 2667 174 2728 puroqne‘a
202 2668 309 2704 Cyrillo
335 2667 521 2696 Alexandrino
540 2669 562 2684 "
587 2672 614 2696 et
639 2668 701 2695 aliis
727 2673 822 2702 postea

49 2711 133 2728 cerri.

37 2704 133 2731 referri.

68 2784 210 2822 f’i'ldmon.
224 2787 270 2815 ad.
284 2787 384 2820 Gram,
403 2795 464 2822 pag.
476 2787 522 2815 28.

39 2817 172 2858 [Pr-epam
189 2830 302 2857 evang.,
322 2817 383 2857 cap.
399 2817 416 2849 6
430 2817 459 2858 et
471 2831 528 2858 seq.

38 2851 140 2893 Julian"
155 2865 219 2893 pag.
238 2851 281 2885 illi
296 2851 301 2855 ’
330 2851 414 2884 ιδἸἰὶ).
429 2867 436 2885 I
453 2851 540 2893 Praep.
554 2867 662 2892 evang.,
680 2866 705 2885 c.
721 2851 766 2886 Ill).

40 2896 64 2929 ξίι
76 2891 160 2929 relisis,
177 2891 241 2928 pag.
259 2893 309 2921 130
325 2898 351 2921 et
366 2893 427 2920 151.
467 2894 489 2912 ⁸⁵
505 2891 677 2929 Cyril.Cont.
695 2893 808 2924 Iuliam,

39 2923 62 2951 c-’--
95 2923 257 2956 “Lac-laid.
275 2929 320 2956 lib.
339 2937 357 2956 ιι
374 2929 411 2957 De
428 2929 496 2957 falsa
514 2923 603 2965 rclig.,
622 2938 647 2965 p.
664 2929 726 2956 ΞΜ.

568 2823 590 2839 ³⁷
604 2823 669 2851 ibid.
685 2831 745 2857 cap.
763 2824 788 2854 6,
807 2831 824 2858 p

562 2787 590 2831 ’.ἱ
599 2788 682 2831 tite."
693 2787 806 2831 Ανυεῑτοε
827 2787 939 2831 diss??-
953 2786 986 2831 ἓι,
998 2793 1058 2831 £3.2-
1072 2786 1129 2831 (ἱὲ
1143 2785 1188 2831 9.7-

817 2823 986 2885 ὶῗῆῑέτξιιοῖῗ
999 2823 1180 2891 ἶέἓῗλξᾚὲὲ

823 2901 848 2928 p.
870 2894 912 2924 lli,
925 2897 952 2919 et
970 2893 1016 2920 lib.
1032 2901 1071 2923 Ill.
1091 2892 1191 2926 p.110.

767 2929 786 2944 ⁸⁷
800 2929 867 2956 ch.
887 2937 922 2962 tv,
934 2928 978 2955 26.

875 939 921 974 [Ἦ.Ξ
934 939 993 974 ipse
1006 946 1115 973 quoque
1128 939 1238 974 penitus
1254 944 1334 966 tacet.

910 973 1071 1001 Lactantius
1085 982 1150 1001 vero
1165 974 1290 1009 perhibet
1310 983 1357 1002 seu
1375 982 1391 1001 a
1408 974 1534 1002 Melisseo
1550 975 1667 1002 Creten-

875 1010 945 1045 sium
960 1017 1023 1045 rege
1034 1029 1041 1040 ,
1066 1013 1095 1036 ut
1110 1009 1242 1045 Didymus
1270 1010 1409 1037 memoria:
1435 1011 1556 1045 prodidit
1570 1011 1603 1041 ⁸³,
1619 1018 1666 1039 seu

874 1043 1077 1079 abipso’Jove,
1108 1048 1138 1071 ut
1164 1043 1282 1072 tradidit
1314 1043 1509 1078 Evehemerus,
1539 1053 1668 1073 manasse

874 1079 988 1107 deorum
1012 1079 1189 1116 colendorum
1207 1081 1439 1116 superstitionem.
1457 1081 1492 1108 At
1513 1080 1559 1109 ille
1586 1081 1668 1116 paulo

874 1123 957 1149 supra
973 1115 1099 1142 eumdem
1118 1115 1222 1142 idcirco
1233 1117 1346 1142 damnat
1361 1115 1528 1148 Melisseum,
1541 1115 1614 1151 quod
1629 1117 1668 1142 ri-

874 1154 919 1186 tus
934 1157 1020 1178 novos
1037 1157 1236 1186 sacrorumque
1247 1158 1361 1186 pompas
1376 1151 1584 1186 excogitaverit.
1597 1151 1668 1178 Ante

875 1185 921 1212 illa
940 1185 1025 1220 igitur
1047 1190 1169 1220 tempora
1187 1185 1234 1212 alii
1261 1185 1374 1213 deorum
1390 1185 1569 1213 colendorum
1585 1187 1666 1217 ritus,

874 1221 968 1248 eodem
984 1220 1129 1248 Lactantio
1144 1225 1223 1251 teste,
1238 1221 1293 1255 jam
1312 1221 1376 1248 alibi
1396 1222 1583 1248 obtinuerant.
1600 1221 1668 1248 Nul-

876 1256 918 1292 lus
930 1256 1023 1290 itaque
1037 1264 1068 1283 ex
1093 1256 1146 1292 his,
1163 1264 1251 1292 neque
1267 1256 1380 1292 forsitan
1398 1264 1431 1283 ex
1446 1257 1508 1283 aliis
1521 1257 1668 1292 scriptori-

875 1291 926 1318 bus
942 1293 1026 1327 nobis
1051 1291 1161 1327 deﬁnite
1176 1291 1319 1327 edisserit,
1336 1292 1382 1325 qui
1405 1295 1452 1318 aut
1475 1299 1530 1327 quo
1543 1296 1668 1326 tempore

875 1326 1010 1358 homines,
1028 1334 1043 1353 a
1060 1327 1118 1353 veri
1136 1326 1182 1353 Dei
1197 1327 1271 1353 cultu
1287 1326 1485 1357 desciscentes,
1510 1327 1580 1361 ipsis
1590 1335 1668 1354 crea-

874 1361 944 1389 turis
959 1369 1059 1389 nomen
1069 1361 1125 1395 Dei,
1144 1362 1258 1397 ejusque
1275 1366 1435 1389 naturamet
1444 1362 1563 1389 honores
1581 1363 1668 1390 ascri-

874 1396 962 1424 henda
979 1401 1155 1425 censuerunt.

910 1431 1038 1466 Ejusdem
1058 1437 1148 1459 tamen
1173 1431 1308 1459 Lactantii
1338 1432 1510 1468 aliorumque
1536 1432 1668 1467 plurimo-

873 1475 934 1494 rum
950 1475 1012 1494 cum
1028 1468 1203 1502 antiquarunt
1217 1471 1275 1494 tum
1287 1469 1470 1495 recentiorimi
1489 1469 1666 1502 scriptorum,

875 1507 956 1537 atque
971 1504 999 1530 in
1017 1503 1113 1537 primis
1129 1503 1223 1538 Cyl-illi
1246 1503 1425 1530 Alexandrini
1440 1504 1474 1536 “,
1487 1503 1667 1537 atqueetiani

876 1542 970 1574 postea
987 1539 1075 1574 sancti
1088 1537 1199 1574 Thomas
1212 1537 1234 1553 “’
1251 1538 1366 1573 ejusque
1388 1543 1553 1566 sectatorum
1570 1546 1602 1565 ea
1617 1538 1668 1564 fuit

874 1573 978 1607 opinio,
1000 1573 1104 1600 nullam
1127 1573 1214 1608 prima
1229 1574 1323 1600 mundi
1339 1577 1418 1601 aetate
1431 1594 1438 1605 ,
1466 1575 1517 1601 hoc
1535 1578 1587 1604 est,
1605 1578 1668 1600 ante

874 1608 969 1635 diluvii
986 1612 1119 1643 tempora,
1138 1609 1222 1636 fuisse
1247 1608 1440 1636 idololatriam.
1452 1608 1521 1642 Quid
1534 1608 1606 1636 enim
1621 1616 1668 1635 ex-

874 1644 998 1677 pressius
1025 1648 1052 1670 et
1083 1644 1186 1671 clarius
1215 1644 1257 1670 his
1278 1643 1411 1670 Lactantii
1436 1645 1547 1674 Verbis.
1567 1644 1668 1678 quibus

873 1679 972 1718 (Iliam,
1004 1686 1019 1718 a
1044 1678 1100 1718 Npe
1122 1683 1199 1713 patre
1227 1680 1493 1718 suo_repi1)b_at_um,
1528 1679 1591 1707 filiis
1606 1679 1668 1718 _s_uis

895 1715 990 1740 rimnm
1006 1714 1186 1749 ignorantiam
1199 1714 1343 1748 reliquisse
1355 1714 1400 1742 Dei
1415 1715 1455 1741 sic
1468 1718 1569 1741 narrat:
1583 1725 1591 1739 ι
1605 1714 1668 1741 Haec

895 1722 990 1740 rimum
1006 1722 1186 1749 ignorantiam
1199 1722 1343 1748 renqutsse
1355 1722 1400 1742 uel
1415 1723 1455 1741 s:c
1468 1722 1569 1741 narrat:
1583 1725 1591 1739 ι
1605 1722 1667 1741 ιιωυ

874 1722 925 1776 Fuit
944 1750 1032 1784 prima
1056 1758 1141 1785 gens,
1165 1757 1226 1784 qum
1250 1749 1334 1777 Deum
1362 1750 1516 1784 ignoravit;
1538 1751 1667 1784 quoniam

874 1785 1003 1820 princeps
1023 1785 1084 1820 ejus
1101 1790 1127 1812 et
1149 1785 1276 1812 conditor
1301 1785 1406 1812 cultum
1430 1785 1476 1813 Dei
1494 1793 1508 1812 a
1525 1790 1600 1819 patre
1613 1793 1667 1811 non

874 1820 990 1855 accepit,
1008 1820 1171 1847 maledictus
1187 1821 1221 1847 ab
1233 1829 1275 1848 eo.
1290 1820 1382 1855 Itaque
1398 1820 1579 1853 ignorantiam
1595 1821 1668 1847 divi-

875 1855 970 1883 nitatis
986 1856 1139 1882 minoribus
1162 1856 1220 1882 suis
1230 1856 1397 1890 reliquit.....
1412 1855 1512 1882 Errant
1523 1856 1606 1890 igitur
1622 1856 1668 1890 qui

875 1891 989 1917 deorum
1002 1891 1093 1918 cultus
1107 1891 1140 1917 ab
1155 1891 1267 1917 exordio
1282 1898 1374 1918 rerum
1386 1891 1471 1918 fuisse
1486 1890 1667 1922 contendunt,

874 1930 902 1953 et
932 1933 1049 1960 priorem
1079 1934 1141 1953 csse
1166 1926 1345 1960 gentilitatem
1377 1933 1458 1961 quam
1486 1925 1532 1952 Dei
1559 1926 1668 1960 religio-

872 1969 937 1988 nem
954 1961 989 1987 “6?
1008 1970 1017 1986 ι
1042 1960 1201 1988 Lactantius
1216 1969 1281 1995 ergo
1297 1960 1398 1996 aliique
1419 1965 1545 1988 auctores
1557 1969 1572 1987 a
1586 1961 1668 1988 nobis

875 1996 951 2023 citati
968 2000 1066 2030 putant
1081 2003 1172 2023 veram
1192 1997 1273 2032 unius
1288 1996 1334 2023 Dei
1348 1997 1543 2032 cognitionem,
1556 1999 1668 2030 propter

875 2035 1011 2060 recentem
1025 2031 1174 2058 creationis
1190 2031 1283 2058 mundi
1314 2032 1484 2062 memoriam,
1505 2032 1605 2058 animis
1618 2031 1668 2057 hb-

876 2067 980 2093 minum
993 2066 1030 2093 ita
1044 2066 1130 2093 fuisse
1142 2067 1268 2099 infixam;
1286 2071 1315 2093 ut
1329 2072 1385 2093 tum
1403 2067 1495 2093 nullus
1509 2066 1666 2093 mortalium

876 2109 891 2128 a
907 2102 1016 2129 sincero
1031 2101 1077 2128 Dei
1093 2102 1166 2128 cultu
1182 2105 1209 2128 et
1222 2102 1397 2129 veneratione
1407 2101 1548 2129 defecerit.

915 2137 1013 2165 Verum
1033 2137 1097 2164 huic
1115 2137 1257 2164 sententiae
1273 2137 1316 2164 alii
1331 2144 1430 2171 magno
1444 2136 1552 2171 quidem
1569 2143 1665 2163 nume-

876 2180 917 2204 ro,
931 2172 977 2199 sed
994 2180 1048 2199 non
1059 2172 1154 2199 iisdem
1171 2180 1267 2200 omnes
1277 2173 1412 2198 rationum
1426 2172 1571 2198 momentis
1580 2171 1668 2198 omni-

877 2215 912 2235 no
939 2207 1122 2242 refragantur.
1151 2206 1280 2234 Nonnulli
1302 2207 1436 2242 siquidem
1455 2207 1585 2234 falsorum
1600 2206 1667 2233 deo-

878 2251 938 2270 rum
959 2241 1063 2271 cultum
1088 2247 1211 2277 tempore
1225 2242 1308 2269 Enosi
1322 2241 1398 2277 ,uni
1426 2241 1502 2270 Setlii
1520 2242 1591 2269 filius
1604 2242 1664 2273 fuit,

877 2279 980 2313 primas
1004 2278 1112 2305 radices
1129 2278 1220 2313 egisse
1237 2283 1389 2305 autumant.
1406 2278 1475 2305 Illud
1491 2281 1580 2313 autem
1604 2278 1667 2305 inde

877 2312 993 2348 probare
1014 2312 1248 2348 nituntuiﬂﬂquia
1273 2313 1345 2348 quod
1366 2313 1394 2339 in
1409 2313 1517 2348 vulgata
1528 2312 1666 2340 Geneseos

876 2347 1001 2376 versione
1015 2348 1149 2376 deeodem
1160 2347 1252 2375 Eiioso
1271 2347 1369 2383 legitur
1383 2358 1389 2375 :
1407 2357 1416 2374 ε
1431 2347 1485 2376 Iste
1495 2349 1667 2383 cmpitinvo—

877 2392 941 2411 care
957 2391 1056 2411 nomen
1066 2383 1216 2414 Domini",
1235 2393 1265 2417 ιη,
1277 2384 1342 2411 illud
1352 2384 1666 2419 paraphrasitjhaldaiea

874 2427 927 2446 non
944 2419 1016 2446 male
1032 2419 1168 2446 redditum
1184 2419 1369 2446 arbitrantur:
1390 2428 1397 2444 ι
1416 2419 1493 2446 Tunc
1514 2419 1542 2445 in
1569 2419 1667 2446 diebus

873 2456 933 2489 ejus
949 2453 1164 2489 supersederunt
1179 2454 1225 2480 ﬁlii
1238 2455 1378 2481 hominum
1396 2455 1430 2481 ab
1447 2454 1599 2481 invocando
1618 2462 1669 2481 lio-

874 2498 934 2517 men
951 2489 1069 2516 Domini.
1088 2499 1097 2515 ›
1110 2489 1188 2522 Quod
1200 2490 1309 2524 quidem
1326 2493 1423 2524 putant
1435 2490 1551 2516 stabiliri
1563 2497 1596 2516 ex
1607 2490 1667 2524 ipso

871 2526 953 2552 etiam
967 2524 1102 2551 llebraico
1119 2528 1207 2556 textu,
1223 2533 1303 2559 quem
1322 2526 1362 2552 sic
1382 2525 1459 2552 aiunt
1475 2533 1536 2552 esse
1557 2531 1666 2552 verten—

871 2561 937 2622 dulm
950 2570 955 2586 :
975 2570 984 2585 ι
999 2559 1077 2587 Tunc
1098 2560 1272 2594 profanatum
1292 2566 1335 2587 est
1350 2561 1378 2588 in
1391 2560 1547 2587 invocando
1564 2567 1665 2588 nomen

889 2603 991 2622 enovm.
1010 2606 1018 2621 ι

889 2597 991 2623 chovm.
1010 2606 1018 2621 ι

909 2631 960 2658 Sed
981 2631 1023 2658 his
1039 2630 1085 2657 alii
1109 2634 1203 2666 aperte
1216 2634 1243 2658 et
1258 2631 1346 2666 palam
1370 2631 1536 2663 reclamant,
1552 2635 1668 2658 conten-

857 2680 860 2683 -
874 2666 996 2700 duutqne
1011 2667 1093 2692 alium
1105 2666 1218 2692 omnino
1229 2665 1290 2693 csSe
1301 2665 1428 2694 chraici
1437 2671 1528 2694 textus
1542 2675 1664 2697 sensum,

875 2710 956 2736 quem
972 2702 1095 2736 profecto
1116 2702 1306 2736 unusquisque
1325 2710 1365 2734 ,ex
1380 2703 1465 2729 variis
1485 2702 1601 2738 hujusce
1615 2702 1665 2728 loci

1227 2786 1249 2802 ³⁸
1262 2785 1328 2815 Gen.
1343 2794 1387 2818 iit,
1403 2787 1430 2814 5.
1465 2786 1488 2803 ⁸⁸
1505 2786 1605 2814 Euseb.
1617 2785 1664 2812 lib.

1199 2823 1318 2871 Ρξξειῖξίξ-
1334 2857 1346 2871 2
1359 2822 1381 2871 1’
1401 2821 1549 2871 ij'rill,‘l‘ib.
1560 2820 1666 2871 Aanlt.

1219 2859 1241 2873 ³³
1255 2857 1319 2884 ibid.
1333 2857 1383 2890 §4.
1423 2855 1446 2872 "
1461 2857 1520 2884 Lib.
1536 2865 1543 2884 |
1560 2856 1596 2883 De
1612 2855 1662 2882 fal-

1244 2893 1265 2908 ”
1284 2892 1313 2919 Ι).
1328 2892 1493 2925 Themi-2,
1509 2901 1536 2928 q.
1554 2891 1598 2925 9i,
1612 2895 1664 2918 art.

965 2822 986 2838 ³⁸
998 2821 1064 2848 ibid.
1081 2828 1142 2853 cap.
1159 2821 1185 2853 9,
