1927 3073
215 184 265 212 891

567 183 600 210 IN
620 183 832 212 CLEMENTEM
852 185 954 213 ALEX.
977 185 1008 213 D.
1027 185 1071 213 LE
1090 186 1235 214 NOURRY
1255 185 1485 214 DISSERTATIO
1503 187 1524 215 Ι.

1796 187 1846 215 892

216 243 412 278 interpretibus
437 242 525 280 facile
539 243 638 280 poterit
650 244 785 280 assequi,
798 243 969 279 Quapropter
984 226 1002 271 ii
1017 247 1041 275 Α
1054 245 1188 273 Hervetus
1205 250 1294 273 tamen
1312 245 1337 273 id
1358 245 1430 280 quod
1451 246 1486 273 de
1499 245 1586 280 primo
1609 252 1642 272 ex
1667 248 1772 280 septem
1788 246 1847 272 ldo-

216 286 378 313 persuasum
390 279 500 305 omnino
519 278 620 305 habent
633 278 694 306 aliis
709 278 844 305 rationum
857 278 1002 307 momentis

216 321 297 348 posse
309 314 488 340 demonstrari
505 318 566 349 ante
581 313 676 340 diluvii
697 318 816 348 tempora
831 314 901 349 apud
915 314 1003 342 homi-

217 356 282 380 nes.
307 349 401 376 multis
423 348 596 382 infandisque
622 349 772 384 sceleribus
785 349 945 384 jamdudum
960 350 1003 376 in-

217 384 346 418 quinatos
358 404 364 415 ,
380 384 510 410 falsorum
527 383 675 410 invaluisse
691 383 792 411 cultum
806 384 930 411 deorum.

253 418 374 445 Primum
390 420 481 450 enitn,
510 419 574 452 quia
599 426 659 445 mos
693 419 813 446 nominis
846 419 892 446 Dei
926 420 1003 447 invo-

215 453 296 489 candi
318 454 352 480 ab
377 454 466 480 Enoso
492 453 599 480 initium
631 456 784 489 sumpsisse
813 454 925 487 dicitur,
941 456 1004 483 hinc

217 488 350 523 colligunt
373 492 430 515 tum
454 489 537 516 fuisse
567 489 665 523 impios
693 490 827 522 homines,
858 491 905 524 qui
926 490 1003 518 illius

215 527 297 560 aetate
308 531 339 550 ac
353 523 470 560 proinde
482 524 561 558 longe
573 529 637 551 ante
652 523 783 551 diluvium
799 523 941 553 creaturas
954 533 1003 560 pro

217 559 270 586 diis
288 559 442 586 habuerint.
464 559 567 586 Deinde
595 567 659 586 vero
677 564 740 587 ante
760 560 882 593 ejusdem
908 559 1003 588 diluvii

216 598 324 628 tempus
340 603 346 620 :
366 604 375 619 ‹
390 593 485 622 Omnis
501 602 576 626 caro,
591 599 621 621 ut
641 595 761 629 loquitur
778 595 929 630 Scriptura,
946 603 1006 622 cor-

216 634 327 663 ruperat
346 630 418 656 viant
433 638 521 665 suam
545 637 628 665 super
645 634 746 656 terram
759 630 792 657 ⁸⁸.
815 640 824 656 ι
849 630 930 665 Atqui
950 631 1003 662 his,

218 665 366 699 inquiunt,
382 664 474 692 verbis
491 664 563 691 haud
590 665 706 692 obscure
723 665 881 692 insinuatur
894 664 1004 693 inullum

216 699 406 736 esserpeccatri,
423 700 601 736 quantumvis
613 700 766 734 gravissimi
781 708 877 735 genus.
890 701 916 727 in
932 701 1004 736 quod

217 735 329 769 pessimi
345 739 371 762 et
386 735 580 769 improbissimi
597 735 721 762 homines
738 743 792 761 non
805 735 1003 764 volutarentur.

216 770 286 796 Cum
306 769 461 797 idololatria
482 771 573 804 itaque
594 771 741 796 maximum
760 771 794 798 sit
812 776 964 805 peccatum,
978 775 1006 798 et

217 806 245 866 illi
259 812 318 866 tiam
331 813 439 840 quoque
453 805 595 840 prolapsos
616 804 700 833 fuisse
715 804 841 833 homines
862 806 924 834 inde
939 814 1005 833 con-

217 848 232 866 c
245 849 260 866 u
284 844 341 866 unt.

216 844 341 867 cludunt.

251 874 349 915 Neque
372 875 562 915 porro__allata
591 879 724 915 a_sanct_o
752 875 856 915 Thema
888 877 1005 915 recentis

217 911 366 938 creationis
392 911 486 937 mundi
505 911 642 938 memoria:
658 911 728 937 ratio
744 918 791 938 eos
807 912 848 938 vel
862 911 1004 938 minimum
1021 917 1042 945 Β

217 949 352 973 moratur.
370 946 453 972 Aiunt
467 946 539 972 enitn
556 954 590 973 ex
602 954 645 978 ea,
660 946 755 980 siquid
773 946 885 978 valeret,
904 947 1006 981 pariter

219 981 401 1008 demonstrari
418 981 542 1008 homines
562 981 597 1008 ob
623 981 791 1009 acerbissimi
806 1001 813 1011 .
838 982 910 1016 quod
934 981 1006 1009 Deus

220 1016 369 1043 universali
392 1016 494 1043 diluvio
513 1020 683 1051 sumpserat,
698 1016 825 1051 supplicii
846 1018 1005 1044 memoriam

221 1055 284 1085 post
300 1051 378 1085 plura
408 1056 512 1078 tantum
539 1052 573 1078 ab
588 1059 620 1078 eo
638 1056 758 1086 tempore
775 1052 872 1078 saecula
898 1051 931 1078 ad
947 1052 1005 1079 falsi

220 1086 334 1112 deorum
350 1087 471 1114 numinis
489 1087 590 1113 cultum
612 1087 747 1113 inductos.
765 1086 903 1119 Quantum
916 1092 1006 1114 autctn

219 1121 247 1148 id
258 1128 280 1156 Var
292 1122 405 1148 veritate
424 1122 578 1152 abhorreat.
596 1122 657 1156 quis
673 1129 726 1148 non
739 1121 832 1148 videt?

257 1155 367 1189 Majoris
388 1161 478 1183 auth
501 1157 572 1191 apud
595 1155 656 1184 illos
684 1156 814 1191 ponderis
831 1156 902 1183 foret.
923 1157 1008 1184 citata

219 1190 313 1225 Cyrilli
325 1192 489 1224 auctoritas;
506 1190 557 1218 nisi
577 1192 634 1227 ipsa
662 1190 839 1227 argumento,
857 1192 895 1218 uti
912 1193 1006 1225 aiunt,

220 1227 300 1262 plane
314 1227 438 1261 negativo
452 1226 595 1254 niteretur.
621 1226 667 1253 Sic
678 1227 751 1262 enim
764 1227 809 1254 ille
825 1227 985 1262 disputabat
1000 1237 1006 1254 :

223 1271 232 1297 ε
251 1261 352 1288 Omnes
376 1262 409 1288 ab
424 1262 528 1289 Adamo
546 1270 632 1297 usque
660 1263 693 1289 ad
711 1261 767 1290 Noe
796 1263 853 1288 nati
874 1261 1009 1289 mortales

221 1295 306 1323 Deum
325 1301 422 1324 natura
438 1305 522 1324 unum
537 1301 564 1325 et
588 1295 650 1325 vere
674 1305 764 1324 rerum
783 1298 904 1324 omnium
921 1298 1011 1324 archi—

220 1337 320 1358 tectum
344 1339 376 1358 ac
402 1332 541 1359 dominum
561 1333 714 1360 coluerunt.
744 1332 910 1359 Tradncitur
936 1333 1008 1359 enim

221 1367 312 1394 nullus
330 1370 457 1402 tanquam
476 1368 544 1394 alios
559 1368 625 1395 deos
643 1372 669 1394 et
684 1368 952 1401 daemonesimpuros
965 1375 1010 1394 ve-

219 1406 333 1429 neratus
346 1404 378 1430 ‘9.
399 1413 408 1428 ›
428 1402 505 1435 Quod
522 1403 631 1437 quidem
645 1403 696 1436 ipsi
713 1403 748 1429 ita
767 1410 929 1438 persuasum
942 1403 1008 1434 fuit,

220 1441 250 1464 ut
267 1437 331 1463 illttd
351 1438 414 1465 alibi
428 1443 550 1472 repetere
567 1446 620 1464 non
641 1437 820 1465 dubitaverit.
838 1448 846 1464 ι
865 1437 893 1464 1η
909 1438 1008 1470 sacris,

221 1473 320 1507 inquit,
338 1473 437 1500 litteris
452 1474 587 1500 neminem
603 1474 711 1507 penitus
725 1473 893 1507 reperiemus
904 1481 1009 1504 eorum.

220 1505 267 1542 qui
290 1505 315 1535 id
344 1509 474 1543 temporis
500 1505 664 1535 exstiterunt
688 1505 801 1535 deorum
825 1509 1010 1535 multitudinis

221 1543 382 1578 criminibus
402 1542 622 1578 implicatum".
648 1552 657 1569 ι
684 1542 783 1570 Verum
812 1543 875 1570 huic
893 1551 925 1570 ex
950 1546 1009 1570 solo

222 1577 372 1612 Scriptura;
396 1577 482 1605 sacrre
506 1578 615 1606 siletttio
638 1578 759 1606 deducta:
774 1579 938 1613 probationi,
962 1579 1008 1605 alii

221 1614 405 1648 respondent.
419 1614 469 1640 etsi
491 1622 569 1640 netno
591 1614 619 1640 in
635 1614 680 1639 illa
700 1614 781 1648 hujus
798 1614 921 1640 criminis
946 1621 1009 1642 reus

221 1655 351 1683 expresse
374 1652 401 1675 et
428 1649 568 1683 signanter
589 1652 709 1682 notetur,
727 1649 857 1683 implicito
876 1653 966 1675 tamen
983 1654 1010 1676 ct

222 1684 371 1718 generatim
387 1684 480 1718 plures
493 1691 526 1710 eo
541 1684 661 1716 nomine,
679 1688 709 1711 ut
728 1691 811 1718 supra
835 1684 1010 1718 observatum

222 1715 274 1751 est,
291 1719 365 1753 argui
377 1715 403 1745 et
419 1719 605 1746 condemnari.
762 1715 772 1718 “
836 1715 845 1725 ¹

258 1752 361 1780 Contra
380 1757 470 1780 tamen
496 1753 630 1781 Eusebius
647 1761 696 1788 pro
711 1758 803 1785 certo,
820 1753 859 1780 uti
878 1752 1008 1785 vidimus.

223 1795 254 1824 ac
272 1789 350 1823 plane
374 1788 528 1824 indubitate
549 1790 625 1824 ponit
641 1789 713 1815 hunc
740 1789 862 1815 omnium
888 1789 1010 1823 gentium

223 1823 257 1850 de
270 1823 445 1851 multitudine
469 1823 583 1851 deorum
607 1831 729 1851 errorem
749 1824 858 1851 nonnisi
876 1828 937 1857 post
950 1824 1009 1851 lon-

223 1865 283 1891 gam
310 1863 420 1886 aetatum
451 1860 550 1887 seriem
577 1867 591 1886 a
621 1858 797 1886 Phu'nicibus
818 1864 845 1886 et
875 1858 1010 1894 [Egyptiis

223 1893 331 1920 initium
353 1894 484 1926 duxisse,
506 1900 586 1927 atque
609 1895 644 1921 ab
662 1895 715 1921 illis
738 1893 770 1920 ad
790 1895 858 1921 alias
872 1893 1009 1927 natioiies,

223 1934 305 1964 atque
319 1929 346 1955 in
372 1929 469 1964 primis
488 1930 521 1956 ad
537 1929 645 1957 Graecos
661 1929 825 1956 derivatum.
839 1929 1011 1964 Quapropter

222 1964 296 1998 quod
322 1972 354 1991 ex
378 1965 518 1992 Clemente
532 1970 626 1992 nostro
647 1972 729 1999 supra
746 1965 904 1995 retulimus.
923 1965 1011 1995 homi-

223 2007 273 2026 nes
297 1999 330 2026 ab
357 1999 482 2034 Orpheo,
496 2000 649 2034 Amphione
673 2004 700 2027 et
721 1999 823 2027 Arione
843 2000 960 2034 primum
976 1999 1010 2027 ad

224 2034 305 2066 idola,
325 2039 456 2070 praetextu
474 2036 585 2062 musica:
599 2035 741 2065 adductos,
760 2035 787 2061 id
804 2036 839 2061 ita
856 2035 1009 2069 intelligen-

223 2070 287 2096 dum
305 2071 422 2101 videtur,
437 2073 466 2097 ut
486 2070 518 2096 de
530 2070 632 2097 Graecis
645 2070 812 2101 hominibus,
826 2070 868 2097 vel
884 2069 1011 2098 fortassis

223 2104 258 2132 de
274 2105 365 2139 aliquo
392 2113 425 2132 ex
448 2110 551 2139 septem
579 2105 678 2137 modis,
694 2105 794 2140 quibus
823 2105 964 2136 homines,
983 2109 1011 2132 ut

223 2140 282 2174 ipse
297 2145 405 2171 narrat,
418 2141 451 2167 ad
469 2141 651 2167 idololatriam
671 2141 790 2175 prolapsi
815 2143 896 2172 sunt,
915 2141 1011 2167 debeat

223 2175 361 2210 explicari.
382 2176 449 2202 Illud
465 2176 565 2210 quippe
589 2183 643 2202 non
668 2176 755 2202 solum
786 2183 819 2202 ex
849 2175 890 2202 his
913 2183 974 2210 qua:
995 2183 1011 2202 a

223 2211 304 2238 nobis
313 2211 444 2238 hactenus
452 2211 589 2244 disputata
602 2215 677 2242 sttnt,
692 2210 836 2245 perspicue
844 2211 1010 2242 ostenditur,

223 2253 319 2272 verum
336 2247 417 2272 etiatn
433 2253 465 2273 ex
486 2246 603 2280 ipsumet
616 2245 745 2276 Eusebio,
758 2246 804 2280 qui
818 2246 851 2273 de
864 2245 972 2280 Orpheo
985 2251 1011 2272 ct

223 2280 326 2307 Cadmo
344 2281 400 2307 haec
416 2281 493 2315 plane
515 2286 542 2308 et
556 2281 665 2307 delinite
679 2281 771 2308 scribit
792 2290 797 2307 :
814 2290 823 2306 ι
841 2280 962 2307 Primum
976 2289 1010 2307 ex

225 2315 267 2342 his
286 2315 423 2350 Orpheum
449 2320 608 2345 memorant,
637 2315 729 2351 lliagri
747 2316 850 2351 lilium,
875 2316 1009 2343 translata

225 2358 317 2378 secum
334 2350 523 2386 Aigyptiornm
539 2351 668 2386 mysteria
693 2350 756 2378 eum
777 2350 878 2378 Graecis
892 2351 1009 2377 homini—

224 2386 277 2413 bus
300 2386 530 2418 communicasse,
557 2386 717 2413 Phoenicum
745 2390 835 2413 autem
866 2387 1011 2420 religiones

224 2421 294 2456 apud
306 2421 416 2448 eosdem
430 2430 482 2448 una
494 2429 554 2447 cum
569 2421 689 2456 ipsarum
703 2422 854 2448 litterarum
868 2421 1011 2455 disciplina

223 2455 357 2483 Cadmum
376 2456 501 2483 intulisse
517 2456 549 2484 ".
568 2455 586 2482 ι⁷
602 2456 728 2483 Eatndem
760 2464 842 2491 porro
863 2464 924 2483 esse
948 2456 1012 2483 Cle—

224 2491 323 2518 mentis
341 2496 458 2518 mentem
475 2491 537 2518 inde
563 2492 666 2526 liquido
684 2491 846 2522 conficitur,
864 2491 936 2526 quod
955 2491 1010 2522 illc,

224 2529 254 2552 ut
268 2527 324 2559 jam
335 2526 550 2558 ohservavitnus,
579 2527 612 2554 de
640 2526 728 2561 pritno
749 2526 880 2554 falsorum
898 2527 1011 2553 deorum

224 2561 298 2587 cultu
317 2561 384 2588 nihil
398 2562 496 2588 audeat
509 2563 697 2596 pronuntiare.
719 2561 772 2588 Sed
797 2569 852 2596 quo
869 2561 1012 2588 obscurior

224 2600 267 2623 est
281 2596 395 2631 hujusce
417 2596 467 2631 51
486 2598 590 2624 erroris
607 2598 667 2624 fons
692 2601 719 2623 et
744 2597 836 2632 origo,
854 2604 887 2623 eo
909 2596 1011 2632 clarius

224 2635 299 2666 patet
324 2631 424 2666 quibus
448 2633 563 2666 pritnutn
581 2632 668 2659 tnodis
692 2632 833 2663 homines,
850 2632 945 2659 relicto
956 2631 1013 2658 veri

225 2666 361 2701 uniusque
376 2666 421 2694 Dei
435 2667 520 2699 cultu,
533 2671 675 2694 creaturas
698 2667 723 2694 ei
747 2667 829 2694 stulte
848 2667 960 2694 omnino
986 2669 1014 2693 et

225 2701 307 2736 itnpie
324 2702 519 2737 subrogarunt.

260 2735 423 2764 Atetiamsi‘
432 2738 491 2764 hzec
516 2737 644 2765 omnibus
659 2736 750 2764 facilia
777 2744 839 2764 esse
855 2735 1012 2768 videantur,

262 2814 284 2831 ⁸⁸
300 2815 368 2842 Gen.
383 2823 422 2848 vt,
441 2816 483 2843 15.
521 2816 543 2831 ⁸³
561 2816 607 2844 lib.
623 2823 631 2843 ι
647 2815 728 2843 Cont.
745 2815 857 2849 Julian.,

225 2852 418 2914 ἳῖὲῗξείίιῗίίξῖ
430 2851 634 2921 Ξίι¹ἕε⁴ἓεὲ.²ῗ’ρ.
651 2852 712 2914 iis-‘7‘}

230 2907 466 2957 διῖἁίιῖζῖρῗὲἕιῗ
484 2907 634 2951 Ἥἓίιέὠῖ
652 2907 985 2950 ilichronfii'itiIEIiSI

874 2807 962 2851 p.16.

751 2887 774 2902 "
787 2887 871 2914 Clem.
891 2887 1005 2915 Adnton.
1021 2887 1053 2914 ad
1069 2887 1168 2918 Gram,

1024 2923 1045 2938 '9
1060 2922 1106 2949 lib.
1122 2921 1258 2957 IPraspar.
1276 2930 1382 2958 evang"
1395 2930 1419 2948 c.
1435 2921 1462 2954 9,
1474 2929 1499 2956 p.
1515 2921 1558 2948 29.

1054 281 1170 308 lolatriae
1191 282 1279 308 modis
1298 289 1312 308 a
1334 279 1473 308 Clemente
1498 279 1594 308 nostro
1608 281 1742 311 traditur,
1758 279 1845 316 Phry-

1055 324 1102 351 ges
1131 317 1260 344 adorasse
1289 316 1393 347 lunam,
1417 324 1447 344 se
1471 316 1578 346 nullibi.
1596 320 1732 350 quantum
1750 317 1846 343 memi-

1054 350 1130 378 nisse
1146 356 1266 386 poterat,
1286 351 1387 386 legisse
1404 352 1492 386 palam
1510 355 1657 386 aperteque
1674 350 1799 386 declarat
1811 352 1842 377 ⁵¹.

1054 386 1124 419 Quid
1140 385 1221 419 ergo?
1234 386 1276 413 An
1302 385 1363 414 eum
1382 385 1476 413 fefellit
1501 387 1648 416 memoria.
1674 386 1717 412 vel
1734 385 1844 413 Dio-lori

1055 422 1140 449 Siculi
1172 421 1321 448 Historiam
1342 429 1481 456 nunquam
1508 422 1606 456 legisse
1630 421 1767 448 dicendus
1784 423 1845 448 est?

1054 457 1124 490 Quid
1137 457 1210 484 enim
1226 457 1267 484 his
1281 457 1355 484 illius
1369 457 1470 487 verbis,
1486 457 1585 491 quibus
1604 456 1637 483 de
1652 457 1725 482 lunm
1739 460 1765 483 et
1781 457 1845 482 solis

1055 493 1129 519 cultu
1146 493 1277 526 disputat,
1300 492 1400 519 clarius
1414 497 1441 519 et
1459 492 1633 526 expressius?
1658 491 1846 526 ﬂapaaéaotat

1055 527 1147 563 5:513;
1163 527 1224 554 θεοῦ
1240 527 1341 563 ταύτης
1356 527 1426 554 κατὰ
1440 526 1488 562 τὴν
1503 527 1621 563 Φρργίαν
1636 527 1745 560 γένεςις
1760 527 1794 552 ⁵³.
1814 526 1845 553 At

1055 563 1078 590 si
1094 562 1225 598 Phryges,
1251 566 1280 589 ιιι
1295 563 1340 590 ille
1356 564 1404 594 ait,
1427 562 1519 589 lunam
1542 562 1568 588 in
1585 569 1633 598 sua
1647 563 1737 598 patria
1753 566 1845 598 natam

1055 597 1208 630 credidere,
1224 598 1286 632 quis
1302 598 1404 624 cultum
1421 598 1538 632 aliquem
1549 597 1588 632 Aab
1603 597 1658 624 illis
1671 597 1760 624 eidem
1777 597 1846 624 luna

1055 633 1205 660 cxhibitnm
1227 630 1312 660 fuisse
1337 630 1520 659 inticiahit'ur?
1545 630 1598 659 Sed
1622 632 1797 666 argumentis
1821 632 1845 659 id

1056 669 1174 702 probare
1195 668 1260 695 nihil
1277 675 1343 695 sane
1359 675 1428 702 opus
1451 672 1506 699 est;
1525 668 1595 702 quod
1612 668 1725 701 quidem
1741 675 1756 693 a
1771 667 1847 694 Stra—

1058 703 1128 730 bone
1155 703 1256 730 diserle
1281 707 1415 730 assertum
1427 703 1551 729 videmus
1567 711 1572 728 :
1591 712 1600 727 ‹
1616 703 1663 729 Est
1684 708 1790 731 autem.
1807 703 1847 728 ius

1056 739 1125 773 quit,
1143 738 1194 765 hoc
1209 746 1318 773 quoque
1340 738 1469 772 templum
1486 738 1566 769 lunze,
1583 741 1613 765 ut
1629 738 1704 773 quod
1719 738 1748 765 in
1765 738 1847 765 Alba-

1055 774 1099 802 nis
1115 778 1167 805 est,
1183 777 1209 800 et
1224 774 1296 809 quod
1315 773 1342 800 in
1358 773 1476 808 Phrygia
1487 773 1520 801 “.
1537 782 1546 798 ι

1318 840 1517 868 ABTICULUS
1544 840 1577 869 ll.

1110 887 1150 914 De
1163 887 1256 922 primis
1267 886 1375 914 deorum
1388 887 1500 922 templis,
1517 892 1541 914 et
1557 895 1647 914 eorum
1663 888 1777 922 origine.

1093 944 1224 971 Clementi
1237 947 1331 971 nostro
1343 944 1461 970 certiora
1476 951 1530 970 non
1545 943 1847 979 videnturtemplorum

1059 979 1112 1006 diis
1123 979 1288 1011 dicatorum,
1303 986 1384 1014 quam
1396 980 1486 1006 cultus
1504 987 1597 1006 eorum
1611 980 1777 1013 primordia.
1793 979 1850 1006 Fal-

1058 1015 1148 1042 sitatis
1165 1014 1298 1049 siquidem
1314 1014 1404 1048 arguit
1417 1015 1526 1049 illorum
1541 1015 1718 1045 sententiam.
1734 1015 1780 1049 qui
1798 1015 1849 1049 pri-

1058 1057 1130 1076 tnatn
1144 1048 1305 1084 templorum
1319 1050 1450 1082 originem
1463 1049 1489 1076 in
1504 1048 1679 1084 Phoroneunt
1694 1048 1751 1077 seu,
1762 1048 1848 1078 Mero-

1058 1092 1111 1119 pen
1141 1083 1337 1112 refundendam
1360 1092 1420 1112 esse
1436 1088 1619 1118 putaverunt:
1639 1096 1647 1108 ι
1668 1083 1724 1111 Seu
1744 1085 1848 1111 Phoro-

1058 1127 1137 1152 neus,
1156 1129 1165 1145 ι
1194 1120 1274 1147 verba
1300 1123 1364 1146 sunt
1391 1119 1554 1150 Clementis,
1573 1128 1582 1144 ι
1599 1119 1645 1147 ille
1669 1119 1769 1152 fuerit,
1801 1129 1847 1147 seu

1059 1155 1177 1189 Merops,
1194 1163 1241 1182 seu
1258 1155 1356 1189 aliquis
1368 1154 1448 1185 alius,
1466 1154 1512 1188 qui
1527 1155 1567 1181 eis
1584 1159 1737 1188 posuerunt
1750 1157 1847 1190 templ:

1059 1195 1086 1217 et
1097 1191 1204 1220 altaria,
1220 1190 1301 1217 etiam
1318 1189 1453 1216 sacrificia
1467 1189 1508 1216 eis
1525 1190 1603 1224 primi
1618 1190 1755 1218 obtulisse
1771 1189 1848 1217 labu-

1059 1225 1117 1253 lose
1141 1226 1206 1252 dicti
1233 1229 1307 1252 sunt.
1323 1225 1390 1251 Nam
1420 1225 1619 1259 posterioribus
1646 1225 1760 1258 quidem
1775 1232 1848 1253 certe

1060 1262 1229 1294 temporibus
1245 1262 1382 1287 tinxerunt
1397 1260 1474 1290 deos.
1490 1267 1558 1294 quos
1574 1261 1722 1287 adorarent
1736 1261 1769 1287 ".
1789 1271 1797 1286 ι
1815 1262 1847 1288 At

1060 1295 1197 1323 Arnobius
1215 1301 1305 1322 tamen
1318 1295 1425 1322 initium
1443 1296 1604 1329 templorum
1629 1294 1788 1326 Phoroneo,
1803 1302 1848 1322 aut

1061 1330 1162 1365 Meropi
1178 1351 1184 1362 ,
1201 1331 1243 1358 vel
1272 1334 1300 1357 ut
1323 1329 1408 1357 Varro
1424 1333 1557 1362 testatur,
1572 1329 1673 1359 Aiace.
1688 1330 1767 1357 Jovis
1783 1331 1845 1361 lilio.

1060 1366 1234 1393 tribuendtttn
1262 1373 1324 1393 esse
1344 1366 1386 1392 his
1402 1365 1496 1392 definit
1509 1366 1622 1392 verbis:
1643 1375 1651 1390 ι
1670 1365 1847 1400 ΤειιιρΙοι-υιιι

1061 1401 1083 1428 si
1099 1402 1199 1436 qttzeris
1213 1401 1284 1428 scire
1298 1401 1358 1436 quis
1372 1401 1444 1436 prior
1455 1401 1534 1427 fuerit
1547 1400 1705 1436 fabricator,
1722 1406 1769 1427 ant
1780 1401 1848 1428 Pho-

1060 1435 1161 1463 roneus
1173 1436 1328 1471 Egyptius,
1343 1441 1390 1462 aut
1406 1435 1512 1470 Merops
1531 1436 1578 1471 tibi
1607 1435 1693 1463 fuisse
1711 1442 1848 1464 monstra-

1060 1471 1193 1507 biturtat
1212 1469 1308 1498 'irailit
1325 1472 1352 1498 in
1363 1469 1536 1497 Admiraudis
1546 1469 1643 1503 Varro,
1659 1471 1738 1499 Jovis
1753 1480 1849 1507 proge-

1061 1508 1120 1534 nies
1132 1506 1235 1534 [Earus
1246 1507 1279 1532 ⁵⁸.
1304 1516 1313 1532 ›

1097 1542 1156 1574 Quo
1169 1548 1257 1569 autem
1273 1546 1393 1576 tempore
1408 1541 1505 1568 vixerit
1518 1540 1679 1568 Phoroneus
1691 1562 1697 1572 ,
1716 1543 1740 1569 si
1760 1546 1848 1576 petas,

1061 1584 1093 1604 ex
1109 1578 1225 1612 ipsemet
1248 1576 1386 1604 Clemente
1404 1577 1608 1612 noslt'oAaudies
1626 1587 1631 1603 :
1651 1587 1660 1602 ι
1679 1577 1741 1603 Fuit
1760 1582 1849 1603 autem

1062 1613 1088 1638 in
1103 1610 1206 1639 Grzccia
1230 1616 1352 1646 tetnpore
1368 1612 1476 1647 quidem
1501 1610 1636 1639 Phoronei
1660 1614 1708 1646 qui
1726 1613 1777 1638 fuit
1792 1619 1851 1646 post

1062 1647 1202 1680 Inachum,
1218 1648 1360 1674 inundatio
1376 1647 1500 1683 qtnierfuit
1514 1651 1636 1683 tempore
1644 1647 1759 1683 Ogygis.
1773 1652 1849 1674 etc...

1060 1683 1206 1710 Acusilaus
1225 1683 1297 1709 enini
1324 1683 1390 1709 dicit
1414 1682 1586 1709 Phoroneutn
1618 1682 1713 1710 fuisse
1733 1683 1851 1717 primum

1062 1718 1214 1745 hominum.
1230 1717 1308 1744 Unde
1324 1719 1405 1744 etiatn
1420 1723 1498 1752 poeta
1519 1717 1681 1744 Phoronidis
1708 1718 1851 1745 dixitcum

1062 1754 1147 1781 fuisse
1171 1758 1274 1788 patrem
1291 1754 1444 1779 mortalium
1462 1753 1612 1780 hominum.
1637 1752 1708 1779 Iiinc
1726 1752 1807 1779 Plato
1826 1752 1851 1778 in

1064 1787 1180 1822 Tima'o,
1199 1793 1309 1815 secutus
1324 1788 1480 1814 Acusilaum
1493 1810 1500 1822 ,
1529 1788 1626 1814 scribit
1643 1797 1648 1814 ε
1667 1787 1700 1814 lit
1716 1796 1780 1815 cum
1796 1787 1852 1814 vel-

1061 1824 1097 1850 let
1116 1832 1163 1851 eos
1180 1823 1325 1858 aliquando
1349 1822 1477 1849 inducere
1489 1842 1496 1852 .
1515 1827 1543 1858 ut
1562 1823 1687 1850 dicerent
1711 1824 1746 1850 de
1773 1824 1852 1850 rebus

1061 1859 1181 1894 antiquis
1196 1857 1278 1892 hujus
1293 1858 1422 1894 civitatis,
1435 1857 1590 1894 aggreditur
1607 1859 1701 1885 dicere
1715 1866 1778 1892 qua:
1790 1863 1853 1885 sunt

1061 1893 1253 1928 antiquissima
1270 1894 1302 1920 de
1316 1893 1469 1923 Phoroneu,
1486 1893 1531 1927 qui
1557 1893 1649 1920 dicttts
1674 1898 1718 1920 est
1734 1894 1852 1928 primus.

1061 1933 1087 1956 et
1113 1928 1270 1963 dcrNiobe,
1301 1933 1328 1955 et
1349 1936 1409 1963 qua:
1430 1928 1540 1954 filerunt
1563 1934 1624 1962 post
1651 1929 1789 1955 diluvium
1803 1929 1851 1954 ενδ

1061 1963 1134 1991 Idem
1159 1962 1282 1991 Platonis
1307 1963 1493 1990 testimonium
1522 1963 1605 1990 refert
1624 1963 1780 1994 ‘Eusebins,
1808 1963 1852 1997 qui

1061 1998 1231 2026 Phoronenm
1251 1998 1342 2025 lnachi
1359 2004 1385 2025 et
1399 1998 1484 2025 Niobe
1503 1997 1597 2031 filium,
1621 2002 1679 2029 aut,
1697 2002 1726 2025 ut
1746 1999 1791 2025 alii
1809 2006 1855 2025 vo-

1062 2035 1132 2066 lunt,
1153 2033 1238 2060 Niobe
1252 2039 1355 2068 patrem
1371 2041 1442 2060 anno
1456 2037 1517 2068 post
1539 2033 1728 2060 Abrahatnum
1743 2034 1798 2060 210
1816 2034 1854 2059 vi-

1062 2070 1135 2097 xisse
1159 2067 1283 2104 perhibet
1296 2069 1329 2096 ⁵⁸.
1356 2067 1463 2095 Verum,
1481 2068 1558 2104 quod,
1575 2068 1733 2104 VAcusilaus
1759 2069 1854 2095 scribit

1062 2105 1137 2131 illmn
1154 2105 1270 2139 primum
1283 2104 1367 2131 fuisse
1382 2103 1537 2139 hominem,
1547 2103 1638 2130 fabula
1654 2110 1698 2131 est
1714 2105 1797 2138 plane
1819 2104 1855 2130 ri-

1062 2138 1191 2166 dicula'et
1206 2139 1240 2165 ab
1254 2139 1382 2165 omnibus
1392 2139 1514 2173 explosa.
1527 2138 1652 2173 Scaliger
1663 2147 1730 2166 vero
1745 2140 1773 2166 in
1785 2140 1854 2165 hunc

1063 2174 1175 2201 Eusebii
1189 2174 1279 2201 locum
1298 2175 1365 2201 scite
1379 2174 1506 2201 observat
1519 2173 1613 2200 Graeca
1629 2173 1758 2202 Platonis
1773 2175 1854 2201 verba

1062 2218 1174 2244 pravum
1193 2209 1220 2236 in
1237 2217 1347 2236 scnsutn
1367 2212 1394 2236 et
1410 2216 1425 2235 a
1442 2213 1532 2236 mente
1548 2210 1609 2243 ejus
1631 2210 1715 2244 plane
1734 2210 1853 2236 alienum

1062 2244 1228 2279 detorqueri.

1027 2273 1048 2300 D
1098 2273 1163 2313 Qui:
1178 2284 1267 2306 autem
1292 2279 1374 2306 fuerit
1390 2279 1534 2313 ipsiusmet
1557 2278 1668 2306 Eusebii
1685 2279 1721 2306 de
1736 2280 1849 2313 templo-

1060 2324 1120 2342 rum
1133 2315 1236 2349 originc
1252 2315 1396 2344 sententia,
1413 2315 1436 2341 si
1452 2315 1522 2340 scire
1533 2315 1639 2348 cupias,
1654 2315 1701 2341 ille
1713 2315 1765 2340 tibi
1781 2322 1855 2349 aper-

1061 2351 1167 2378 tissime
1190 2349 1341 2376 dcclarabit
1358 2350 1432 2376 nttlla
1451 2349 1521 2383 apud
1543 2350 1751 2376 vetustissimos
1768 2350 1854 2376 homi-

1063 2394 1111 2413 nes
1128 2386 1213 2412 fuisse
1227 2385 1341 2419 templa:
1358 2394 1366 2410 ι
1385 2385 1424 2410 Ac
1439 2386 1542 2419 primos
1554 2384 1664 2419 quidem
1679 2389 1707 2410 ct
1723 2387 1853 2412 vetustis-

1064 2422 1150 2448 simus
1167 2440 1174 2451 ,
1201 2420 1313 2454 inquit.
1341 2420 1486 2450 homines,
1518 2420 1585 2446 nihil
1611 2419 1654 2445 vel
1685 2419 1714 2445 in
1745 2420 1852 2454 templis

1062 2454 1249 2485 cxslrucndis,
1262 2455 1303 2481 vel
1316 2455 1343 2480 in
1358 2455 1495 2489 erigendis
1521 2455 1678 2481 simulacris
1693 2474 1701 2485 ,
1722 2462 1814 2488 opera:
1827 2461 1855 2480 ac

1064 2491 1148 2518 studii
1164 2490 1306 2524 posuisse,
1329 2497 1390 2516 cum
1417 2490 1532 2516 necdum
1552 2490 1609 2516 istze
1631 2490 1785 2524 pingendi,
1808 2490 1853 2515 tin-

1060 2525 1151 2560 gelidi,
1164 2523 1292 2556 czelandi,
1311 2528 1419 2560 statuas
1429 2524 1573 2555 clliciendi,
1590 2532 1622 2551 ac
1632 2523 1670 2551 ne
1685 2526 1787 2552 domos
1798 2523 1852 2560 qui-

1061 2558 1122 2588 dem
1134 2564 1262 2594 tectaque
1279 2559 1431 2586 mdilicandi
1444 2579 1452 2591 ,
1476 2564 1548 2586 artes
1565 2560 1683 2586 inventae
1700 2567 1732 2586 ac
1753 2558 1853 2594 constif

1061 2599 1126 2622 tuta:
1138 2593 1241 2626 essent,
1258 2595 1347 2621 cuivis
1357 2615 1364 2626 ,
1379 2595 1487 2628 opinor,
1503 2602 1560 2621 rem
1586 2595 1659 2629 apud
1674 2603 1704 2622 se
1717 2593 1852 2629 reputanti

1061 2630 1141 2658 facile
1163 2631 1299 2657 constabit
1311 2630 1343 2656 θ’.
1365 2639 1374 2655 ›
1396 2629 1553 2656 Lactantius
1580 2637 1646 2657 vero
1671 2638 1735 2664 qua:
1755 2631 1790 2657 ab
1807 2629 1854 2655 Eu-

1061 2666 1138 2693 sebio
1153 2666 1186 2692 de
1200 2665 1395 2692 vetustissimis
1411 2665 1569 2692 hominibus
1590 2665 1760 2698 traduntur,
1774 2673 1806 2692 ea
1822 2664 1852 2690 de

1061 2701 1130 2736 ipsis
1152 2700 1312 2726 nominatim
1341 2700 1477 2735 [Egyptiis
1499 2704 1526 2736 ct
1549 2699 1671 2727 Hebraeis
1690 2708 1741 2734 per
1768 2704 1850 2736 totum

1062 2734 1118 2763 fere
1133 2740 1268 2763 terrarum
1287 2734 1387 2762 orbein
1399 2734 1531 2770 dispersis
1553 2735 1594 2762 sic
1614 2736 1751 2763 ascribit:
1775 2745 1784 2760 ι
1804 2734 1850 2761 Sed

1001 2817 1022 2832 "
1036 2816 1083 2844 lib.
1099 2824 1127 2843 ιιι
1135 2816 1219 2848 ,Cont.
1231 2815 1344 2846 Iuliam.
1355 2823 1382 2850 p.
1396 2815 1457 2843 110.
1494 2816 1516 2831 ⁵¹
1532 2815 1631 2843 Euseb.
1648 2816 1698 2843 lib.
1712 2824 1720 2843 ι
1736 2815 1849 2850 Pnepar.

651 2852 672 2867 ⁵¹
685 2852 770 2878 Clcnt.
787 2850 903 2878 Admoti.
923 2853 955 2879 ad
973 2850 1071 2883 Gr:ec..

1229 2851 1252 2867 ⁵³
1269 2851 1377 2878 Diodor.
1407 2851 1454 2878 lib.
1478 2858 1506 2877 ιιι
1529 2850 1610 2879 Hist..

1090 2860 1116 2886 p.
1136 2852 1178 2878 16.

1187 2895 1213 2921 p.
1227 2886 1271 2913 28.

1633 2859 1661 2886 p.
1683 2852 1736 2879 155
1750 2849 1848 2878 61131-

1293 2893 1296 2896 '
1314 2886 1338 2902 ⁸⁸
1355 2886 1401 2913 lib.
1418 2894 1443 2912 vt
1460 2885 1527 2912 Adv.
1543 2892 1616 2919 gent.
1629 2887 1690 2913 init.
1731 2888 1753 2902 "
1771 2886 1805 2912 lib
1831 2893 1846 2911 ιι
