  <div class='ocr_page' id='page_1' title='image "/cluster/home/n/w/nwhite01/storage/ocr_20150623/9/njp.32101077772398/534.png"; bbox 0 0 1927 3073; ppageno 0'>
   <div class='ocr_carea' id='block_1_1' title="bbox 46 209 104 239">
    <p class='ocr_par' dir='ltr' id='par_1_1' title="bbox 46 209 104 239">
     <span class='ocr_line' id='line_1_1' title="bbox 46 209 104 239; baseline -0.017 0"><span class='ocrx_word' id='word_1_1' title='bbox 46 209 104 239; x_wconf 65' lang='grc' dir='ltr'>8ὒῦ</span> 
     </span>
    </p>
   </div>
   <div class='ocr_carea' id='block_1_2' title="bbox 342 207 1420 238">
    <p class='ocr_par' dir='ltr' id='par_1_2' title="bbox 342 207 1420 238">
     <span class='ocr_line' id='line_1_2' title="bbox 342 207 1420 238; baseline 0 0"><span class='ocrx_word' id='word_1_2' title='bbox 342 210 432 238; x_wconf 65' lang='lat' dir='ltr'><strong>AL]!!!</strong></span> <span class='ocrx_word' id='word_1_3' title='bbox 454 209 487 237; x_wconf 82' lang='lat' dir='ltr'><strong>IN</strong></span> <span class='ocrx_word' id='word_1_4' title='bbox 505 209 802 238; x_wconf 72' lang='lat' dir='ltr'><strong>COIIORTATlO’NEM</strong></span> <span class='ocrx_word' id='word_1_5' title='bbox 821 209 864 237; x_wconf 87' lang='lat' dir='ltr'><strong>ET</strong></span> <span class='ocrx_word' id='word_1_6' title='bbox 881 208 1108 237; x_wconf 73' lang='lat' dir='ltr'><strong>P/EDAGOGUM</strong></span> <span class='ocrx_word' id='word_1_7' title='bbox 1126 207 1420 238; x_wconf 78' lang='lat' dir='ltr'><strong>OBSERVATIONES.</strong></span> 
     </span>
    </p>
   </div>
   <div class='ocr_carea' id='block_1_3' title="bbox 1632 209 1685 238">
    <p class='ocr_par' dir='ltr' id='par_1_3' title="bbox 1632 209 1685 238">
     <span class='ocr_line' id='line_1_3' title="bbox 1632 209 1685 238; baseline 0 0"><span class='ocrx_word' id='word_1_8' title='bbox 1632 209 1685 238; x_wconf 65' lang='lat'><strong>895</strong></span> 
     </span>
    </p>
   </div>
   <div class='ocr_carea' id='block_1_4' title="bbox 50 269 1686 305">
    <p class='ocr_par' dir='ltr' id='par_1_4' title="bbox 50 269 1686 305">
     <span class='ocr_line' id='line_1_4' title="bbox 50 269 1686 305; baseline 0.001 -8"><span class='ocrx_word' id='word_1_9' title='bbox 50 270 179 297; x_wconf 88' lang='lat' dir='ltr'><strong>omnium</strong></span> <span class='ocrx_word' id='word_1_10' title='bbox 205 270 300 304; x_wconf 89' lang='lat' dir='ltr'><strong>primi,</strong></span> <span class='ocrx_word' id='word_1_11' title='bbox 320 279 329 296; x_wconf 96' lang='grc'><strong>1</strong></span> <span class='ocrx_word' id='word_1_12' title='bbox 348 271 384 297; x_wconf 88' lang='lat' dir='ltr'><strong>ita</strong></span> <span class='ocrx_word' id='word_1_13' title='bbox 399 270 444 297; x_wconf 88' lang='lat' dir='ltr'><strong>ille</strong></span> <span class='ocrx_word' id='word_1_14' title='bbox 459 270 592 304; x_wconf 89' lang='lat' dir='ltr'><strong>loqttitur,</strong></span> <span class='ocrx_word' id='word_1_15' title='bbox 611 280 619 296; x_wconf 93' lang='grc'><strong>(</strong></span> <span class='ocrx_word' id='word_1_16' title='bbox 635 270 680 305; x_wconf 92' lang='lat' dir='ltr'><strong>qui</strong></span> <span class='ocrx_word' id='word_1_17' title='bbox 703 269 850 305; x_wconf 70' lang='lat' dir='ltr'><strong>[Egyptum</strong></span> <span class='ocrx_word' id='word_1_18' title='bbox 865 275 887 302; x_wconf 78' lang='grc' dir='ltr'><strong>Λ</strong></span> <span class='ocrx_word' id='word_1_19' title='bbox 903 269 1020 300; x_wconf 82' lang='lat' dir='ltr'><strong>dicatur.</strong></span> <span class='ocrx_word' id='word_1_20' title='bbox 1038 270 1060 297; x_wconf 90' lang='lat' dir='ltr'><strong>is</strong></span> <span class='ocrx_word' id='word_1_21' title='bbox 1081 277 1146 297; x_wconf 84' lang='lat' dir='ltr'><strong>sane</strong></span> <span class='ocrx_word' id='word_1_22' title='bbox 1164 277 1257 296; x_wconf 91' lang='lat' dir='ltr'><strong>rumor</strong></span> <span class='ocrx_word' id='word_1_23' title='bbox 1274 270 1307 297; x_wconf 89' lang='lat' dir='ltr'><strong>de</strong></span> <span class='ocrx_word' id='word_1_24' title='bbox 1324 270 1456 302; x_wconf 82' lang='lat' dir='ltr'><strong>delubris,</strong></span> <span class='ocrx_word' id='word_1_25' title='bbox 1471 269 1506 297; x_wconf 77' lang='lat' dir='ltr'><strong>ab</strong></span> <span class='ocrx_word' id='word_1_26' title='bbox 1520 277 1552 298; x_wconf 90' lang='lat' dir='ltr'><strong>eo</strong></span> <span class='ocrx_word' id='word_1_27' title='bbox 1568 270 1686 305; x_wconf 69' lang='grc'><strong>111-11110111</strong></span> 
     </span>
    </p>
   </div>
   <div class='ocr_carea' id='block_1_5' title="bbox 49 305 850 340">
    <p class='ocr_par' dir='ltr' id='par_1_5' title="bbox 49 305 850 340">
     <span class='ocr_line' id='line_1_5' title="bbox 49 305 850 340; baseline -0.002 -8"><span class='ocrx_word' id='word_1_28' title='bbox 49 311 229 340; x_wconf 71' lang='lat' dir='ltr'><strong>orcuparunt</strong></span> <span class='ocrx_word' id='word_1_29' title='bbox 244 305 367 333; x_wconf 80' lang='lat' dir='ltr'><strong>C(elestia</strong></span> <span class='ocrx_word' id='word_1_30' title='bbox 385 305 525 339; x_wconf 81' lang='lat' dir='ltr'><strong>suscipere</strong></span> <span class='ocrx_word' id='word_1_31' title='bbox 540 309 620 340; x_wconf 90' lang='lat' dir='ltr'><strong>atque</strong></span> <span class='ocrx_word' id='word_1_32' title='bbox 634 306 748 331; x_wconf 89' lang='lat' dir='ltr'><strong>adorare</strong></span> <span class='ocrx_word' id='word_1_33' title='bbox 763 313 850 339; x_wconf 37' lang='lat' dir='ltr'><strong>corpe—</strong></span> 
     </span>
    </p>
   </div>
   <div class='ocr_carea' id='block_1_6' title="bbox 51 340 847 375">
    <p class='ocr_par' dir='ltr' id='par_1_6' title="bbox 51 340 847 375">
     <span class='ocr_line' id='line_1_6' title="bbox 51 340 847 375; baseline -0.004 -7"><span class='ocrx_word' id='word_1_34' title='bbox 51 347 132 368; x_wconf 85' lang='lat' dir='ltr'><strong>runt.</strong></span> <span class='ocrx_word' id='word_1_35' title='bbox 145 340 246 367; x_wconf 62' lang='lat' dir='ltr'><strong>Cmteri</strong></span> <span class='ocrx_word' id='word_1_36' title='bbox 271 345 360 366; x_wconf 88' lang='lat' dir='ltr'><strong>antetn</strong></span> <span class='ocrx_word' id='word_1_37' title='bbox 379 341 425 375; x_wconf 85' lang='lat' dir='ltr'><strong>qui</strong></span> <span class='ocrx_word' id='word_1_38' title='bbox 449 348 496 374; x_wconf 87' lang='lat' dir='ltr'><strong>per</strong></span> <span class='ocrx_word' id='word_1_39' title='bbox 518 344 618 367; x_wconf 89' lang='lat' dir='ltr'><strong>terratn</strong></span> <span class='ocrx_word' id='word_1_40' title='bbox 636 341 752 374; x_wconf 79' lang='lat' dir='ltr'><strong>dispersi</strong></span> <span class='ocrx_word' id='word_1_41' title='bbox 773 343 847 370; x_wconf 89' lang='lat' dir='ltr'><strong>sunt,</strong></span> 
     </span>
    </p>
   </div>
   <div class='ocr_carea' id='block_1_7' title="bbox 52 375 848 407">
    <p class='ocr_par' dir='ltr' id='par_1_7' title="bbox 52 375 848 407">
     <span class='ocr_line' id='line_1_7' title="bbox 52 375 848 407; baseline -0.003 -5"><span class='ocrx_word' id='word_1_42' title='bbox 52 376 227 403; x_wconf 75' lang='lat' dir='ltr'><strong>admirantes</strong></span> <span class='ocrx_word' id='word_1_43' title='bbox 242 376 375 402; x_wconf 87' lang='lat' dir='ltr'><strong>elementa</strong></span> <span class='ocrx_word' id='word_1_44' title='bbox 391 375 495 407; x_wconf 89' lang='lat' dir='ltr'><strong>nntndi,</strong></span> <span class='ocrx_word' id='word_1_45' title='bbox 506 376 616 405; x_wconf 72' lang='lat' dir='ltr'><strong>cmlunt.</strong></span> <span class='ocrx_word' id='word_1_46' title='bbox 628 376 723 406; x_wconf 75' lang='lat' dir='ltr'><strong>solem,</strong></span> <span class='ocrx_word' id='word_1_47' title='bbox 738 380 848 406; x_wconf 81' lang='lat' dir='ltr'><strong>terram,</strong></span> 
     </span>
    </p>
   </div>
   <div class='ocr_carea' id='block_1_8' title="bbox 53 410 850 445">
    <p class='ocr_par' dir='ltr' id='par_1_8' title="bbox 53 410 850 445">
     <span class='ocr_line' id='line_1_8' title="bbox 53 410 850 445; baseline -0.001 -8"><span class='ocrx_word' id='word_1_48' title='bbox 53 419 146 442; x_wconf 86' lang='lat' dir='ltr'><strong>mare,</strong></span> <span class='ocrx_word' id='word_1_49' title='bbox 165 411 225 437; x_wconf 81' lang='lat' dir='ltr'><strong>sine</strong></span> <span class='ocrx_word' id='word_1_50' title='bbox 242 411 305 437; x_wconf 87' lang='lat' dir='ltr'><strong>ullis</strong></span> <span class='ocrx_word' id='word_1_51' title='bbox 323 410 489 445; x_wconf 77' lang='lat' dir='ltr'><strong>imaginibus</strong></span> <span class='ocrx_word' id='word_1_52' title='bbox 504 419 535 437; x_wconf 85' lang='lat' dir='ltr'><strong>ac</strong></span> <span class='ocrx_word' id='word_1_53' title='bbox 557 412 666 445; x_wconf 89' lang='lat' dir='ltr'><strong>tetnplis</strong></span> <span class='ocrx_word' id='word_1_54' title='bbox 681 411 850 437; x_wconf 82' lang='lat' dir='ltr'><strong>veneraban-</strong></span> 
     </span>
    </p>
   </div>
   <div class='ocr_carea' id='block_1_9' title="bbox 51 445 849 479">
    <p class='ocr_par' dir='ltr' id='par_1_9' title="bbox 51 445 849 479">
     <span class='ocr_line' id='line_1_9' title="bbox 51 445 849 479; baseline -0.003 -7"><span class='ocrx_word' id='word_1_55' title='bbox 51 449 114 477; x_wconf 76' lang='lat' dir='ltr'><strong>tur.</strong></span> <span class='ocrx_word' id='word_1_56' title='bbox 145 449 171 472; x_wconf 84' lang='lat' dir='ltr'><strong>et</strong></span> <span class='ocrx_word' id='word_1_57' title='bbox 191 446 234 472; x_wconf 82' lang='lat' dir='ltr'><strong>Itis</strong></span> <span class='ocrx_word' id='word_1_58' title='bbox 253 446 387 472; x_wconf 75' lang='lat' dir='ltr'><strong>sacriﬁcia</strong></span> <span class='ocrx_word' id='word_1_59' title='bbox 405 446 432 472; x_wconf 92' lang='grc'><strong>111</strong></span> <span class='ocrx_word' id='word_1_60' title='bbox 446 450 539 479; x_wconf 85' lang='lat' dir='ltr'><strong>aperto</strong></span> <span class='ocrx_word' id='word_1_61' title='bbox 557 446 745 477; x_wconf 68' lang='lat' dir='ltr'><strong>celebrabant;</strong></span> <span class='ocrx_word' id='word_1_62' title='bbox 763 445 849 471; x_wconf 87' lang='lat' dir='ltr'><strong>donec</strong></span> 
     </span>
    </p>
   </div>
   <div class='ocr_carea' id='block_1_10' title="bbox 54 481 849 516">
    <p class='ocr_par' dir='ltr' id='par_1_10' title="bbox 54 481 849 516">
     <span class='ocr_line' id='line_1_10' title="bbox 54 481 849 516; baseline 0 -10"><span class='ocrx_word' id='word_1_63' title='bbox 54 489 190 515; x_wconf 81' lang='lat' dir='ltr'><strong>processu</strong></span> <span class='ocrx_word' id='word_1_64' title='bbox 205 485 357 514; x_wconf 84' lang='lat' dir='ltr'><strong>temporum</strong></span> <span class='ocrx_word' id='word_1_65' title='bbox 376 481 572 516; x_wconf 83' lang='lat' dir='ltr'><strong>potentissimis</strong></span> <span class='ocrx_word' id='word_1_66' title='bbox 586 481 802 516; x_wconf 80' lang='lat' dir='ltr'><strong>regibuslempla</strong></span> <span class='ocrx_word' id='word_1_67' title='bbox 818 487 849 506; x_wconf 88' lang='lat' dir='ltr'><strong>ac</strong></span> 
     </span>
    </p>
   </div>
   <div class='ocr_carea' id='block_1_11' title="bbox 54 515 850 549">
    <p class='ocr_par' dir='ltr' id='par_1_11' title="bbox 54 515 850 549">
     <span class='ocr_line' id='line_1_11' title="bbox 54 515 850 549; baseline -0.004 -7"><span class='ocrx_word' id='word_1_68' title='bbox 54 516 210 543; x_wconf 85' lang='lat' dir='ltr'><strong>simulacra</strong></span> <span class='ocrx_word' id='word_1_69' title='bbox 227 516 361 547; x_wconf 80' lang='lat' dir='ltr'><strong>fecerunt,</strong></span> <span class='ocrx_word' id='word_1_70' title='bbox 374 515 460 549; x_wconf 70' lang='lat' dir='ltr'><strong>eaque</strong></span> <span class='ocrx_word' id='word_1_71' title='bbox 477 516 596 542; x_wconf 90' lang='lat' dir='ltr'><strong>victimis</strong></span> <span class='ocrx_word' id='word_1_72' title='bbox 611 520 637 542; x_wconf 90' lang='lat' dir='ltr'><strong>ct</strong></span> <span class='ocrx_word' id='word_1_73' title='bbox 654 515 786 542; x_wconf 75' lang='lat' dir='ltr'><strong>odoribus</strong></span> <span class='ocrx_word' id='word_1_74' title='bbox 804 523 850 541; x_wconf 90' lang='lat' dir='ltr'><strong>co-</strong></span> 
     </span>
    </p>
   </div>
   <div class='ocr_carea' id='block_1_12' title="bbox 54 550 850 586">
    <p class='ocr_par' dir='ltr' id='par_1_12' title="bbox 54 550 850 586">
     <span class='ocr_line' id='line_1_12' title="bbox 54 550 850 586; baseline -0.003 -9"><span class='ocrx_word' id='word_1_75' title='bbox 54 551 115 578; x_wconf 64' lang='lat' dir='ltr'><strong>lere</strong></span> <span class='ocrx_word' id='word_1_76' title='bbox 134 551 312 577; x_wconf 86' lang='lat' dir='ltr'><strong>instituerunt</strong></span> <span class='ocrx_word' id='word_1_77' title='bbox 323 551 355 575; x_wconf 57' lang='lat'><strong>5°.</strong></span> <span class='ocrx_word' id='word_1_78' title='bbox 377 560 386 576; x_wconf 87' lang='grc'><strong>1</strong></span> <span class='ocrx_word' id='word_1_79' title='bbox 414 551 494 577; x_wconf 77' lang='lat' dir='ltr'><strong>Nulla</strong></span> <span class='ocrx_word' id='word_1_80' title='bbox 519 551 601 586; x_wconf 85' lang='lat' dir='ltr'><strong>igitur</strong></span> <span class='ocrx_word' id='word_1_81' title='bbox 625 551 669 577; x_wconf 88' lang='lat' dir='ltr'><strong>ille</strong></span> <span class='ocrx_word' id='word_1_82' title='bbox 689 558 742 577; x_wconf 90' lang='grc'><strong>11011</strong></span> <span class='ocrx_word' id='word_1_83' title='bbox 769 550 850 576; x_wconf 84' lang='lat' dir='ltr'><strong>modo</strong></span> 
     </span>
    </p>
   </div>
   <div class='ocr_carea' id='block_1_13' title="bbox 55 585 850 620">
    <p class='ocr_par' dir='ltr' id='par_1_13' title="bbox 55 585 850 620">
     <span class='ocr_line' id='line_1_13' title="bbox 55 585 850 620; baseline -0.001 -8"><span class='ocrx_word' id='word_1_84' title='bbox 55 591 124 613; x_wconf 78' lang='lat' dir='ltr'><strong>ante</strong></span> <span class='ocrx_word' id='word_1_85' title='bbox 142 586 288 616; x_wconf 82' lang='lat' dir='ltr'><strong>diluvium.</strong></span> <span class='ocrx_word' id='word_1_86' title='bbox 301 586 348 613; x_wconf 84' lang='lat' dir='ltr'><strong>sed</strong></span> <span class='ocrx_word' id='word_1_87' title='bbox 370 587 450 620; x_wconf 76' lang='lat' dir='ltr'><strong>longe</strong></span> <span class='ocrx_word' id='word_1_88' title='bbox 466 587 547 612; x_wconf 88' lang='lat' dir='ltr'><strong>etiam</strong></span> <span class='ocrx_word' id='word_1_89' title='bbox 564 590 625 620; x_wconf 90' lang='lat' dir='ltr'><strong>post</strong></span> <span class='ocrx_word' id='word_1_90' title='bbox 639 585 704 612; x_wconf 91' lang='lat' dir='ltr'><strong>illud</strong></span> <span class='ocrx_word' id='word_1_91' title='bbox 718 585 850 620; x_wconf 85' lang='lat' dir='ltr'><strong>temporis</strong></span> 
     </span>
    </p>
   </div>
   <div class='ocr_carea' id='block_1_14' title="bbox 55 620 849 655">
    <p class='ocr_par' dir='ltr' id='par_1_14' title="bbox 55 620 849 655">
     <span class='ocr_line' id='line_1_14' title="bbox 55 620 849 655; baseline -0.001 -8"><span class='ocrx_word' id='word_1_92' title='bbox 55 622 206 648; x_wconf 81' lang='lat' dir='ltr'><strong>intervallo</strong></span> <span class='ocrx_word' id='word_1_93' title='bbox 224 625 339 648; x_wconf 72' lang='lat' dir='ltr'><strong>testatur</strong></span> <span class='ocrx_word' id='word_1_94' title='bbox 355 620 438 648; x_wconf 82' lang='lat' dir='ltr'><strong>fuisse</strong></span> <span class='ocrx_word' id='word_1_95' title='bbox 455 621 564 655; x_wconf 85' lang='lat' dir='ltr'><strong>templa,</strong></span> <span class='ocrx_word' id='word_1_96' title='bbox 583 622 725 655; x_wconf 83' lang='lat' dir='ltr'><strong>nullasque</strong></span> <span class='ocrx_word' id='word_1_97' title='bbox 737 620 849 646; x_wconf 89' lang='lat' dir='ltr'><strong>deortttn</strong></span> 
     </span>
    </p>
   </div>
   <div class='ocr_carea' id='block_1_15' title="bbox 56 655 851 690">
    <p class='ocr_par' dir='ltr' id='par_1_15' title="bbox 56 655 851 690">
     <span class='ocr_line' id='line_1_15' title="bbox 56 655 851 690; baseline 0 -9"><span class='ocrx_word' id='word_1_98' title='bbox 56 655 205 690; x_wconf 74' lang='lat' dir='ltr'><strong>imagines.</strong></span> <span class='ocrx_word' id='word_1_99' title='bbox 218 656 288 683; x_wconf 84' lang='lat' dir='ltr'><strong>Aule</strong></span> <span class='ocrx_word' id='word_1_100' title='bbox 301 657 374 689; x_wconf 79' lang='lat' dir='ltr'><strong>jacta</strong></span> <span class='ocrx_word' id='word_1_101' title='bbox 388 657 526 682; x_wconf 82' lang='lat' dir='ltr'><strong>enimvero</strong></span> <span class='ocrx_word' id='word_1_102' title='bbox 535 664 679 690; x_wconf 77' lang='lat' dir='ltr'><strong>regnorum</strong></span> <span class='ocrx_word' id='word_1_103' title='bbox 693 655 851 681; x_wconf 86' lang='lat' dir='ltr'><strong>fundamen-</strong></span> 
     </span>
    </p>
   </div>
   <div class='ocr_carea' id='block_1_16' title="bbox 55 691 850 724">
    <p class='ocr_par' dir='ltr' id='par_1_16' title="bbox 55 691 850 724">
     <span class='ocr_line' id='line_1_16' title="bbox 55 691 850 724; baseline 0 -8"><span class='ocrx_word' id='word_1_104' title='bbox 55 695 97 721; x_wconf 84' lang='lat' dir='ltr'><strong>ta.</strong></span> <span class='ocrx_word' id='word_1_105' title='bbox 111 692 204 722; x_wconf 64' lang='lat' dir='ltr'><strong>nullae,</strong></span> <span class='ocrx_word' id='word_1_106' title='bbox 225 691 269 717; x_wconf 90' lang='lat' dir='ltr'><strong>illo</strong></span> <span class='ocrx_word' id='word_1_107' title='bbox 282 696 359 723; x_wconf 84' lang='lat' dir='ltr'><strong>teste,</strong></span> <span class='ocrx_word' id='word_1_108' title='bbox 374 691 481 717; x_wconf 88' lang='lat' dir='ltr'><strong>fuerant</strong></span> <span class='ocrx_word' id='word_1_109' title='bbox 493 691 564 718; x_wconf 80' lang='lat' dir='ltr'><strong>:edcs</strong></span> <span class='ocrx_word' id='word_1_110' title='bbox 575 691 627 717; x_wconf 89' lang='lat' dir='ltr'><strong>diis</strong></span> <span class='ocrx_word' id='word_1_111' title='bbox 639 698 734 722; x_wconf 68' lang='lat' dir='ltr'><strong>sacrm,</strong></span> <span class='ocrx_word' id='word_1_112' title='bbox 750 694 776 717; x_wconf 91' lang='lat' dir='ltr'><strong>et</strong></span> <span class='ocrx_word' id='word_1_113' title='bbox 791 698 850 724; x_wconf 71' lang='lat' dir='ltr'><strong>qua:</strong></span> 
     </span>
    </p>
   </div>
   <div class='ocr_carea' id='block_1_17' title="bbox 56 725 849 760">
    <p class='ocr_par' dir='ltr' id='par_1_17' title="bbox 56 725 849 760">
     <span class='ocr_line' id='line_1_17' title="bbox 56 725 849 760; baseline 0 -9"><span class='ocrx_word' id='word_1_114' title='bbox 56 728 182 760; x_wconf 80' lang='lat' dir='ltr'><strong>primunt</strong></span> <span class='ocrx_word' id='word_1_115' title='bbox 201 727 277 757; x_wconf 77' lang='lat' dir='ltr'><strong>viste,</strong></span> <span class='ocrx_word' id='word_1_116' title='bbox 294 734 331 753; x_wconf 74' lang='lat' dir='ltr'><strong>eae</strong></span> <span class='ocrx_word' id='word_1_117' title='bbox 347 735 399 753; x_wconf 90' lang='lat' dir='ltr'><strong>non</strong></span> <span class='ocrx_word' id='word_1_118' title='bbox 416 726 466 753; x_wconf 89' lang='lat' dir='ltr'><strong>soli</strong></span> <span class='ocrx_word' id='word_1_119' title='bbox 481 729 508 753; x_wconf 86' lang='lat' dir='ltr'><strong>et</strong></span> <span class='ocrx_word' id='word_1_120' title='bbox 534 727 614 756; x_wconf 71' lang='lat' dir='ltr'><strong>illum.</strong></span> <span class='ocrx_word' id='word_1_121' title='bbox 629 730 675 752; x_wconf 87' lang='lat' dir='ltr'><strong>aut</strong></span> <span class='ocrx_word' id='word_1_122' title='bbox 693 725 786 756; x_wconf 86' lang='lat' dir='ltr'><strong>astris,</strong></span> <span class='ocrx_word' id='word_1_123' title='bbox 802 733 849 752; x_wconf 86' lang='lat' dir='ltr'><strong>seu</strong></span> 
     </span>
    </p>
   </div>
   <div class='ocr_carea' id='block_1_18' title="bbox 55 761 850 795">
    <p class='ocr_par' dir='ltr' id='par_1_18' title="bbox 55 761 850 795">
     <span class='ocr_line' id='line_1_18' title="bbox 55 761 850 795; baseline 0 -9"><span class='ocrx_word' id='word_1_124' title='bbox 55 761 232 794; x_wconf 86' lang='lat' dir='ltr'><strong>quibuslibet</strong></span> <span class='ocrx_word' id='word_1_125' title='bbox 244 761 306 788; x_wconf 88' lang='lat' dir='ltr'><strong>aliis</strong></span> <span class='ocrx_word' id='word_1_126' title='bbox 320 761 468 790; x_wconf 82' lang='lat' dir='ltr'><strong>creaturis.</strong></span> <span class='ocrx_word' id='word_1_127' title='bbox 485 761 584 795; x_wconf 78' lang='lat' dir='ltr'><strong>quibus</strong></span> <span class='ocrx_word' id='word_1_128' title='bbox 601 761 694 787; x_wconf 86' lang='lat' dir='ltr'><strong>divina</strong></span> <span class='ocrx_word' id='word_1_129' title='bbox 707 765 804 786; x_wconf 88' lang='lat' dir='ltr'><strong>natura</strong></span> <span class='ocrx_word' id='word_1_130' title='bbox 816 761 850 786; x_wconf 90' lang='lat' dir='ltr'><strong>ab</strong></span> 
     </span>
    </p>
   </div>
   <div class='ocr_carea' id='block_1_19' title="bbox 56 795 850 830">
    <p class='ocr_par' dir='ltr' id='par_1_19' title="bbox 56 795 850 830">
     <span class='ocr_line' id='line_1_19' title="bbox 56 795 850 830; baseline 0 -8"><span class='ocrx_word' id='word_1_131' title='bbox 56 796 220 822; x_wconf 84' lang='lat' dir='ltr'><strong>hominibus</strong></span> <span class='ocrx_word' id='word_1_132' title='bbox 240 797 356 830; x_wconf 90' lang='lat' dir='ltr'><strong>primum</strong></span> <span class='ocrx_word' id='word_1_133' title='bbox 370 797 487 830; x_wconf 84' lang='lat' dir='ltr'><strong>ascripta</strong></span> <span class='ocrx_word' id='word_1_134' title='bbox 499 800 550 826; x_wconf 86' lang='lat' dir='ltr'><strong>est.</strong></span> <span class='ocrx_word' id='word_1_135' title='bbox 581 796 628 823; x_wconf 88' lang='lat' dir='ltr'><strong>sed</strong></span> <span class='ocrx_word' id='word_1_136' title='bbox 653 795 850 830; x_wconf 89' lang='lat' dir='ltr'><strong>potentissituis</strong></span> 
     </span>
    </p>
   </div>
   <div class='ocr_carea' id='block_1_20' title="bbox 56 831 412 865">
    <p class='ocr_par' dir='ltr' id='par_1_20' title="bbox 56 831 412 865">
     <span class='ocr_line' id='line_1_20' title="bbox 56 831 412 865; baseline 0 -8"><span class='ocrx_word' id='word_1_137' title='bbox 56 831 174 865; x_wconf 81' lang='lat' dir='ltr'><strong>regibus</strong></span> <span class='ocrx_word' id='word_1_138' title='bbox 188 831 326 858; x_wconf 69' lang='lat' dir='ltr'><strong>aedificata:</strong></span> <span class='ocrx_word' id='word_1_139' title='bbox 338 836 412 858; x_wconf 86' lang='lat' dir='ltr'><strong>sunt.</strong></span> 
     </span>
    </p>
   </div>
   <div class='ocr_carea' id='block_1_21' title="bbox 95 863 851 900">
    <p class='ocr_par' dir='ltr' id='par_1_21' title="bbox 95 863 851 900">
     <span class='ocr_line' id='line_1_21' title="bbox 95 863 851 900; baseline -0.001 -8"><span class='ocrx_word' id='word_1_140' title='bbox 95 863 139 892; x_wconf 72' lang='lat' dir='ltr'><strong>Ab</strong></span> <span class='ocrx_word' id='word_1_141' title='bbox 153 865 290 893; x_wconf 87' lang='lat' dir='ltr'><strong>llerodoto</strong></span> <span class='ocrx_word' id='word_1_142' title='bbox 306 870 395 893; x_wconf 89' lang='lat' dir='ltr'><strong>tamen</strong></span> <span class='ocrx_word' id='word_1_143' title='bbox 414 865 545 899; x_wconf 88' lang='lat' dir='ltr'><strong>scriptum</strong></span> <span class='ocrx_word' id='word_1_144' title='bbox 561 865 677 900; x_wconf 82' lang='lat' dir='ltr'><strong>legimus</strong></span> <span class='ocrx_word' id='word_1_145' title='bbox 688 865 758 891; x_wconf 89' lang='lat' dir='ltr'><strong>hanc</strong></span> <span class='ocrx_word' id='word_1_146' title='bbox 767 863 851 892; x_wconf 86' lang='lat' dir='ltr'><strong>fuisse</strong></span> 
     </span>
    </p>
   </div>
   <div class='ocr_carea' id='block_1_22' title="bbox 57 900 848 940">
    <p class='ocr_par' dir='ltr' id='par_1_22' title="bbox 57 900 848 940">
     <span class='ocr_line' id='line_1_22' title="bbox 57 900 848 940; baseline -0.001 -13"><span class='ocrx_word' id='word_1_147' title='bbox 57 900 254 940; x_wconf 63' lang='lat' dir='ltr'><strong>Egyptiorum</strong></span> <span class='ocrx_word' id='word_1_148' title='bbox 270 902 435 940; x_wconf 74' lang='lat' dir='ltr'><strong>opinionem,</strong></span> <span class='ocrx_word' id='word_1_149' title='bbox 456 910 464 925; x_wconf 87' lang='grc'><strong>(</strong></span> <span class='ocrx_word' id='word_1_150' title='bbox 480 909 509 928; x_wconf 88' lang='lat' dir='ltr'><strong>se</strong></span> <span class='ocrx_word' id='word_1_151' title='bbox 525 901 635 940; x_wconf 39' lang='lat' dir='ltr'><strong>.primos</strong></span> <span class='ocrx_word' id='word_1_152' title='bbox 649 901 756 940; x_wconf 21' lang='lat' dir='ltr'><strong>diis.‘et</strong></span> <span class='ocrx_word' id='word_1_153' title='bbox 768 907 848 940; x_wconf 79' lang='lat' dir='ltr'><strong>aras.</strong></span> 
     </span>
    </p>
   </div>
   <div class='ocr_carea' id='block_1_23' title="bbox 56 935 848 970">
    <p class='ocr_par' dir='ltr' id='par_1_23' title="bbox 56 935 848 970">
     <span class='ocr_line' id='line_1_23' title="bbox 56 935 848 970; baseline -0.003 -8"><span class='ocrx_word' id='word_1_154' title='bbox 56 941 85 962; x_wconf 85' lang='lat' dir='ltr'><strong>et</strong></span> <span class='ocrx_word' id='word_1_155' title='bbox 101 935 263 965; x_wconf 82' lang='lat' dir='ltr'><strong>simulacra.</strong></span> <span class='ocrx_word' id='word_1_156' title='bbox 277 942 302 962; x_wconf 89' lang='lat' dir='ltr'><strong>et</strong></span> <span class='ocrx_word' id='word_1_157' title='bbox 319 936 431 962; x_wconf 82' lang='lat' dir='ltr'><strong>delubra</strong></span> <span class='ocrx_word' id='word_1_158' title='bbox 448 936 595 967; x_wconf 76' lang='lat' dir='ltr'><strong>statuisse;</strong></span> <span class='ocrx_word' id='word_1_159' title='bbox 612 935 676 970; x_wconf 89' lang='lat' dir='ltr'><strong>quin</strong></span> <span class='ocrx_word' id='word_1_160' title='bbox 688 935 770 962; x_wconf 87' lang='lat' dir='ltr'><strong>etiam</strong></span> <span class='ocrx_word' id='word_1_161' title='bbox 789 935 848 960; x_wconf 84' lang='lat' dir='ltr'><strong>atti—</strong></span> 
     </span>
    </p>
   </div>
   <div class='ocr_carea' id='block_1_24' title="bbox 58 970 850 1005">
    <p class='ocr_par' dir='ltr' id='par_1_24' title="bbox 58 970 850 1005">
     <span class='ocr_line' id='line_1_24' title="bbox 58 970 850 1005; baseline 0.001 -10"><span class='ocrx_word' id='word_1_162' title='bbox 58 971 144 996; x_wconf 85' lang='lat' dir='ltr'><strong>tnalia</strong></span> <span class='ocrx_word' id='word_1_163' title='bbox 159 971 186 996; x_wconf 93' lang='lat' dir='ltr'><strong>in</strong></span> <span class='ocrx_word' id='word_1_164' title='bbox 201 971 274 998; x_wconf 76' lang='lat' dir='ltr'><strong>saxis</strong></span> <span class='ocrx_word' id='word_1_165' title='bbox 299 971 462 1005; x_wconf 79' lang='lat' dir='ltr'><strong>sculpsisse;</strong></span> <span class='ocrx_word' id='word_1_166' title='bbox 484 978 599 1005; x_wconf 87' lang='lat' dir='ltr'><strong>quartmt</strong></span> <span class='ocrx_word' id='word_1_167' title='bbox 617 978 707 996; x_wconf 88' lang='lat' dir='ltr'><strong>rertttn</strong></span> <span class='ocrx_word' id='word_1_168' title='bbox 723 970 850 1004; x_wconf 74' lang='lat' dir='ltr'><strong>pleraque</strong></span> 
     </span>
    </p>
   </div>
   <div class='ocr_carea' id='block_1_25' title="bbox 57 1005 850 1040">
    <p class='ocr_par' dir='ltr' id='par_1_25' title="bbox 57 1005 850 1040">
     <span class='ocr_line' id='line_1_25' title="bbox 57 1005 850 1040; baseline -0.001 -9"><span class='ocrx_word' id='word_1_169' title='bbox 57 1005 96 1031; x_wconf 93' lang='lat' dir='ltr'><strong>ita</strong></span> <span class='ocrx_word' id='word_1_170' title='bbox 115 1006 211 1032; x_wconf 83' lang='lat' dir='ltr'><strong>etl&#39;ecta</strong></span> <span class='ocrx_word' id='word_1_171' title='bbox 235 1014 317 1040; x_wconf 59' lang='lat' dir='ltr'><strong>ope-re</strong></span> <span class='ocrx_word' id='word_1_172' title='bbox 340 1005 606 1032; x_wconf 74' lang='lat' dir='ltr'><strong>demonstrabant“.</strong></span> <span class='ocrx_word' id='word_1_173' title='bbox 625 1015 633 1030; x_wconf 91' lang='grc'><strong>1</strong></span> <span class='ocrx_word' id='word_1_174' title='bbox 652 1005 684 1031; x_wconf 86' lang='lat' dir='ltr'><strong>Et</strong></span> <span class='ocrx_word' id='word_1_175' title='bbox 699 1005 725 1031; x_wconf 91' lang='lat' dir='ltr'><strong>id</strong></span> <span class='ocrx_word' id='word_1_176' title='bbox 742 1005 850 1040; x_wconf 69' lang='lat' dir='ltr'><strong>quidem</strong></span> 
     </span>
    </p>
   </div>
   <div class='ocr_carea' id='block_1_26' title="bbox 59 1039 851 1074">
    <p class='ocr_par' dir='ltr' id='par_1_26' title="bbox 59 1039 851 1074">
     <span class='ocr_line' id='line_1_26' title="bbox 59 1039 851 1074; baseline 0 -9"><span class='ocrx_word' id='word_1_177' title='bbox 59 1039 260 1074; x_wconf 77' lang='lat' dir='ltr'><strong>antiquissima</strong></span> <span class='ocrx_word' id='word_1_178' title='bbox 274 1040 533 1070; x_wconf 84' lang='lat' dir='ltr'><strong>Sanchoniathonis.</strong></span> <span class='ocrx_word' id='word_1_179' title='bbox 551 1040 630 1072; x_wconf 84' lang='lat' dir='ltr'><strong>cujus</strong></span> <span class='ocrx_word' id='word_1_180' title='bbox 647 1040 728 1066; x_wconf 83' lang='lat' dir='ltr'><strong>verba</strong></span> <span class='ocrx_word' id='word_1_181' title='bbox 742 1048 775 1066; x_wconf 81' lang='lat' dir='ltr'><strong>ex</strong></span> <span class='ocrx_word' id='word_1_182' title='bbox 786 1039 851 1066; x_wconf 81' lang='lat' dir='ltr'><strong>Phi-</strong></span> 
     </span>
    </p>
   </div>
   <div class='ocr_carea' id='block_1_27' title="bbox 60 1074 850 1110">
    <p class='ocr_par' dir='ltr' id='par_1_27' title="bbox 60 1074 850 1110">
     <span class='ocr_line' id='line_1_27' title="bbox 60 1074 850 1110; baseline 0 -10"><span class='ocrx_word' id='word_1_183' title='bbox 60 1075 125 1102; x_wconf 85' lang='lat' dir='ltr'><strong>lone</strong></span> <span class='ocrx_word' id='word_1_184' title='bbox 143 1075 230 1102; x_wconf 86' lang='lat' dir='ltr'><strong>Biblio</strong></span> <span class='ocrx_word' id='word_1_185' title='bbox 241 1076 332 1102; x_wconf 76' lang='lat' dir='ltr'><strong>retulit</strong></span> <span class='ocrx_word' id='word_1_186' title='bbox 343 1075 485 1104; x_wconf 78' lang='lat' dir='ltr'><strong>Eusebius.</strong></span> <span class='ocrx_word' id='word_1_187' title='bbox 503 1079 592 1110; x_wconf 78' lang='lat' dir='ltr'><strong>potest</strong></span> <span class='ocrx_word' id='word_1_188' title='bbox 603 1075 766 1102; x_wconf 88' lang='lat' dir='ltr'><strong>auctoritate</strong></span> <span class='ocrx_word' id='word_1_189' title='bbox 779 1074 850 1101; x_wconf 90' lang='lat' dir='ltr'><strong>hattd</strong></span> 
     </span>
    </p>
   </div>
   <div class='ocr_carea' id='block_1_28' title="bbox 58 1110 852 1145">
    <p class='ocr_par' dir='ltr' id='par_1_28' title="bbox 58 1110 852 1145">
     <span class='ocr_line' id='line_1_28' title="bbox 58 1110 852 1145; baseline 0 -9"><span class='ocrx_word' id='word_1_190' title='bbox 58 1110 186 1145; x_wconf 68' lang='lat' dir='ltr'><strong>absurde</strong></span> <span class='ocrx_word' id='word_1_191' title='bbox 200 1111 367 1137; x_wconf 80' lang='lat' dir='ltr'><strong>confirmari.</strong></span> <span class='ocrx_word' id='word_1_192' title='bbox 384 1110 421 1136; x_wconf 75' lang='lat' dir='ltr'><strong>Ex</strong></span> <span class='ocrx_word' id='word_1_193' title='bbox 450 1115 564 1145; x_wconf 89' lang='lat' dir='ltr'><strong>utroque</strong></span> <span class='ocrx_word' id='word_1_194' title='bbox 586 1111 658 1136; x_wconf 86' lang='lat' dir='ltr'><strong>cuitu</strong></span> <span class='ocrx_word' id='word_1_195' title='bbox 688 1115 782 1136; x_wconf 88' lang='lat' dir='ltr'><strong>narrat</strong></span> <span class='ocrx_word' id='word_1_196' title='bbox 806 1110 852 1136; x_wconf 88' lang='lat' dir='ltr'><strong>ille</strong></span> 
     </span>
    </p>
   </div>
   <div class='ocr_carea' id='block_1_29' title="bbox 57 1144 850 1180">
    <p class='ocr_par' dir='ltr' id='par_1_29' title="bbox 57 1144 850 1180">
     <span class='ocr_line' id='line_1_29' title="bbox 57 1144 850 1180; baseline 0 -9"><span class='ocrx_word' id='word_1_197' title='bbox 57 1144 208 1172; x_wconf 60' lang='lat' dir='ltr'><strong>Phoenices</strong></span> <span class='ocrx_word' id='word_1_198' title='bbox 223 1150 249 1172; x_wconf 87' lang='lat' dir='ltr'><strong>et</strong></span> <span class='ocrx_word' id='word_1_199' title='bbox 275 1145 419 1180; x_wconf 56' lang='lat' dir='ltr'><strong>{Egyptios</strong></span> <span class='ocrx_word' id='word_1_200' title='bbox 432 1144 531 1172; x_wconf 83' lang='lat' dir='ltr'><strong>divinis</strong></span> <span class='ocrx_word' id='word_1_201' title='bbox 548 1145 698 1172; x_wconf 88' lang='lat' dir='ltr'><strong>honoribus</strong></span> <span class='ocrx_word' id='word_1_202' title='bbox 720 1153 767 1171; x_wconf 85' lang='lat' dir='ltr'><strong>eos</strong></span> <span class='ocrx_word' id='word_1_203' title='bbox 784 1145 850 1171; x_wconf 87' lang='lat' dir='ltr'><strong>affe-</strong></span> 
     </span>
    </p>
   </div>
   <div class='ocr_carea' id='block_1_30' title="bbox 57 1180 851 1215">
    <p class='ocr_par' dir='ltr' id='par_1_30' title="bbox 57 1180 851 1215">
     <span class='ocr_line' id='line_1_30' title="bbox 57 1180 851 1215; baseline 0.001 -9"><span class='ocrx_word' id='word_1_204' title='bbox 57 1180 145 1212; x_wconf 85' lang='lat' dir='ltr'><strong>cisse,</strong></span> <span class='ocrx_word' id='word_1_205' title='bbox 158 1189 228 1215; x_wconf 90' lang='lat' dir='ltr'><strong>quos</strong></span> <span class='ocrx_word' id='word_1_206' title='bbox 243 1181 294 1208; x_wconf 83' lang='lat' dir='ltr'><strong>sibi</strong></span> <span class='ocrx_word' id='word_1_207' title='bbox 312 1181 490 1215; x_wconf 88' lang='lat' dir='ltr'><strong>plurimorum</strong></span> <span class='ocrx_word' id='word_1_208' title='bbox 506 1185 632 1207; x_wconf 88' lang='lat' dir='ltr'><strong>auctores</strong></span> <span class='ocrx_word' id='word_1_209' title='bbox 645 1180 777 1206; x_wconf 89' lang='lat' dir='ltr'><strong>bonorum</strong></span> <span class='ocrx_word' id='word_1_210' title='bbox 790 1187 851 1207; x_wconf 81' lang='lat' dir='ltr'><strong>esse</strong></span> 
     </span>
    </p>
   </div>
   <div class='ocr_carea' id='block_1_31' title="bbox 58 1215 848 1249">
    <p class='ocr_par' dir='ltr' id='par_1_31' title="bbox 58 1215 848 1249">
     <span class='ocr_line' id='line_1_31' title="bbox 58 1215 848 1249; baseline -0.003 -7"><span class='ocrx_word' id='word_1_211' title='bbox 58 1223 225 1249; x_wconf 75' lang='lat' dir='ltr'><strong>persuasum</strong></span> <span class='ocrx_word' id='word_1_212' title='bbox 238 1216 372 1243; x_wconf 81' lang='lat' dir='ltr'><strong>habebant</strong></span> <span class='ocrx_word' id='word_1_213' title='bbox 388 1225 394 1241; x_wconf 86' lang='lat'><strong>:</strong></span> <span class='ocrx_word' id='word_1_214' title='bbox 413 1224 422 1239; x_wconf 89' lang='grc'><strong>(</strong></span> <span class='ocrx_word' id='word_1_215' title='bbox 435 1215 472 1241; x_wconf 84' lang='lat' dir='ltr'><strong>Ac</strong></span> <span class='ocrx_word' id='word_1_216' title='bbox 484 1216 657 1249; x_wconf 76' lang='lat' dir='ltr'><strong>templorum,</strong></span> <span class='ocrx_word' id='word_1_217' title='bbox 671 1215 770 1249; x_wconf 80' lang='lat' dir='ltr'><strong>inquit,</strong></span> <span class='ocrx_word' id='word_1_218' title='bbox 787 1223 848 1246; x_wconf 89' lang='lat' dir='ltr'><strong>usu,</strong></span> 
     </span>
    </p>
   </div>
   <div class='ocr_carea' id='block_1_32' title="bbox 57 1250 850 1284">
    <p class='ocr_par' dir='ltr' id='par_1_32' title="bbox 57 1250 850 1284">
     <span class='ocr_line' id='line_1_32' title="bbox 57 1250 850 1284; baseline 0.001 -9"><span class='ocrx_word' id='word_1_219' title='bbox 57 1259 121 1284; x_wconf 70' lang='lat' dir='ltr'><strong>qua:</strong></span> <span class='ocrx_word' id='word_1_220' title='bbox 141 1251 198 1283; x_wconf 88' lang='lat' dir='ltr'><strong>jattt</strong></span> <span class='ocrx_word' id='word_1_221' title='bbox 226 1256 288 1277; x_wconf 85' lang='lat' dir='ltr'><strong>ante</strong></span> <span class='ocrx_word' id='word_1_222' title='bbox 305 1255 462 1277; x_wconf 78' lang='lat' dir='ltr'><strong>constructa</strong></span> <span class='ocrx_word' id='word_1_223' title='bbox 491 1250 615 1281; x_wconf 78' lang='lat' dir='ltr'><strong>fuerant,</strong></span> <span class='ocrx_word' id='word_1_224' title='bbox 637 1250 687 1276; x_wconf 94' lang='lat' dir='ltr'><strong>hoc</strong></span> <span class='ocrx_word' id='word_1_225' title='bbox 703 1250 736 1276; x_wconf 83' lang='lat' dir='ltr'><strong>ad</strong></span> <span class='ocrx_word' id='word_1_226' title='bbox 752 1257 850 1276; x_wconf 90' lang='lat' dir='ltr'><strong>munus</strong></span> 
     </span>
    </p>
   </div>
   <div class='ocr_carea' id='block_1_33' title="bbox 56 1285 850 1320">
    <p class='ocr_par' dir='ltr' id='par_1_33' title="bbox 56 1285 850 1320">
     <span class='ocr_line' id='line_1_33' title="bbox 56 1285 850 1320; baseline 0 -9"><span class='ocrx_word' id='word_1_227' title='bbox 56 1285 234 1319; x_wconf 79' lang='lat' dir='ltr'><strong>olliciumque</strong></span> <span class='ocrx_word' id='word_1_228' title='bbox 245 1286 381 1316; x_wconf 80' lang='lat' dir='ltr'><strong>traducto.</strong></span> <span class='ocrx_word' id='word_1_229' title='bbox 401 1286 542 1312; x_wconf 90' lang='lat' dir='ltr'><strong>columnas</strong></span> <span class='ocrx_word' id='word_1_230' title='bbox 555 1285 676 1319; x_wconf 83' lang='lat' dir='ltr'><strong>insuper,</strong></span> <span class='ocrx_word' id='word_1_231' title='bbox 690 1288 850 1320; x_wconf 78' lang='lat' dir='ltr'><strong>statuasque</strong></span> 
     </span>
    </p>
   </div>
   <div class='ocr_carea' id='block_1_34' title="bbox 57 1319 850 1354">
    <p class='ocr_par' dir='ltr' id='par_1_34' title="bbox 57 1319 850 1354">
     <span class='ocr_line' id='line_1_34' title="bbox 57 1319 850 1354; baseline -0.001 -8"><span class='ocrx_word' id='word_1_232' title='bbox 57 1320 167 1354; x_wconf 80' lang='lat' dir='ltr'><strong>ligneas</strong></span> <span class='ocrx_word' id='word_1_233' title='bbox 190 1321 310 1354; x_wconf 85' lang='lat' dir='ltr'><strong>ipsorum</strong></span> <span class='ocrx_word' id='word_1_234' title='bbox 334 1320 442 1347; x_wconf 80' lang='lat' dir='ltr'><strong>nomine</strong></span> <span class='ocrx_word' id='word_1_235' title='bbox 459 1324 665 1347; x_wconf 76' lang='lat' dir='ltr'><strong>consecrarunt.</strong></span> <span class='ocrx_word' id='word_1_236' title='bbox 694 1321 748 1346; x_wconf 79' lang='lat' dir='ltr'><strong>Kal.</strong></span> <span class='ocrx_word' id='word_1_237' title='bbox 767 1320 806 1351; x_wconf 79' lang='grc' dir='ltr'><strong>εἰς</strong></span> <span class='ocrx_word' id='word_1_238' title='bbox 821 1319 850 1346; x_wconf 83' lang='grc' dir='ltr'><strong>τὸ</strong></span> 
     </span>
    </p>
   </div>
   <div class='ocr_carea' id='block_1_35' title="bbox 57 1355 850 1390">
    <p class='ocr_par' dir='ltr' id='par_1_35' title="bbox 57 1355 850 1390">
     <span class='ocr_line' id='line_1_35' title="bbox 57 1355 850 1390; baseline -0.001 -8"><span class='ocrx_word' id='word_1_239' title='bbox 57 1355 148 1390; x_wconf 58' lang='grc' dir='ltr'>χρεὼν</span> <span class='ocrx_word' id='word_1_240' title='bbox 164 1356 351 1386; x_wconf 65' lang='grc' dir='ltr'><strong>καταστάντας</strong></span> <span class='ocrx_word' id='word_1_241' title='bbox 366 1356 445 1386; x_wconf 73' lang='grc' dir='ltr'>ναοὺς</span> <span class='ocrx_word' id='word_1_242' title='bbox 463 1355 728 1390; x_wconf 71' lang='grc' dir='ltr'><strong>μετασκευασάμενοι</strong></span> <span class='ocrx_word' id='word_1_243' title='bbox 752 1355 850 1389; x_wconf 79' lang='grc' dir='ltr'><strong>στηλάς</strong></span> 
     </span>
    </p>
   </div>
   <div class='ocr_carea' id='block_1_36' title="bbox 56 1390 851 1426">
    <p class='ocr_par' dir='ltr' id='par_1_36' title="bbox 56 1390 851 1426">
     <span class='ocr_line' id='line_1_36' title="bbox 56 1390 851 1426; baseline 0 -10"><span class='ocrx_word' id='word_1_244' title='bbox 56 1395 89 1426; x_wconf 61' lang='grc' dir='ltr'><strong>ἐἰ</strong></span> <span class='ocrx_word' id='word_1_245' title='bbox 112 1391 160 1417; x_wconf 74' lang='grc' dir='ltr'><strong>καὶ</strong></span> <span class='ocrx_word' id='word_1_246' title='bbox 182 1391 296 1425; x_wconf 69' lang='grc' dir='ltr'><strong>ῥάϐδους</strong></span> <span class='ocrx_word' id='word_1_247' title='bbox 313 1390 442 1426; x_wconf 73' lang='grc' dir='ltr'><strong>ἀφιέροον</strong></span> <span class='ocrx_word' id='word_1_248' title='bbox 464 1390 492 1423; x_wconf 76' lang='grc' dir='ltr'><strong>ἐξ</strong></span> <span class='ocrx_word' id='word_1_249' title='bbox 508 1390 638 1425; x_wconf 76' lang='grc' dir='ltr'><strong>ὀνόματος</strong></span> <span class='ocrx_word' id='word_1_250' title='bbox 660 1391 748 1417; x_wconf 77' lang='grc' dir='ltr'><strong>αὐτῶν</strong></span> <span class='ocrx_word' id='word_1_251' title='bbox 765 1391 796 1416; x_wconf 68' lang='grc' dir='ltr'><strong>ε’.</strong></span> <span class='ocrx_word' id='word_1_252' title='bbox 814 1391 851 1417; x_wconf 83' lang='lat' dir='ltr'><strong>De</strong></span> 
     </span>
    </p>
   </div>
   <div class='ocr_carea' id='block_1_37' title="bbox 56 1424 848 1453">
    <p class='ocr_par' dir='ltr' id='par_1_37' title="bbox 56 1424 848 1453">
     <span class='ocr_line' id='line_1_37' title="bbox 56 1424 848 1453; baseline 0 -2"><span class='ocrx_word' id='word_1_253' title='bbox 56 1424 154 1452; x_wconf 78' lang='lat' dir='ltr'><strong>Persis</strong></span> <span class='ocrx_word' id='word_1_254' title='bbox 170 1424 259 1452; x_wconf 81' lang='lat' dir='ltr'><strong>autem</strong></span> <span class='ocrx_word' id='word_1_255' title='bbox 273 1424 426 1453; x_wconf 79' lang='lat' dir='ltr'><strong>Herodotus</strong></span> <span class='ocrx_word' id='word_1_256' title='bbox 442 1430 503 1452; x_wconf 87' lang='lat' dir='ltr'><strong>ante</strong></span> <span class='ocrx_word' id='word_1_257' title='bbox 513 1424 624 1452; x_wconf 79' lang='lat' dir='ltr'><strong>citatum</strong></span> <span class='ocrx_word' id='word_1_258' title='bbox 637 1433 652 1451; x_wconf 86' lang='lat' dir='ltr'><strong>a</strong></span> <span class='ocrx_word' id='word_1_259' title='bbox 668 1426 748 1452; x_wconf 82' lang='lat' dir='ltr'><strong>nobis</strong></span> <span class='ocrx_word' id='word_1_260' title='bbox 761 1426 848 1452; x_wconf 86' lang='lat' dir='ltr'><strong>locum</strong></span> 
     </span>
    </p>
   </div>
   <div class='ocr_carea' id='block_1_38' title="bbox 56 1460 851 1496">
    <p class='ocr_par' dir='ltr' id='par_1_38' title="bbox 56 1460 851 1496">
     <span class='ocr_line' id='line_1_38' title="bbox 56 1460 851 1496; baseline 0.001 -10"><span class='ocrx_word' id='word_1_261' title='bbox 56 1460 189 1487; x_wconf 81' lang='lat' dir='ltr'><strong>dixerat:</strong></span> <span class='ocrx_word' id='word_1_262' title='bbox 207 1470 215 1486; x_wconf 92' lang='grc'><strong>(</strong></span> <span class='ocrx_word' id='word_1_263' title='bbox 237 1460 329 1496; x_wconf 81' lang='lat' dir='ltr'><strong>Neque</strong></span> <span class='ocrx_word' id='word_1_264' title='bbox 355 1465 483 1496; x_wconf 80' lang='lat' dir='ltr'><strong>statuas,</strong></span> <span class='ocrx_word' id='word_1_265' title='bbox 509 1469 595 1495; x_wconf 86' lang='lat' dir='ltr'><strong>neque</strong></span> <span class='ocrx_word' id='word_1_266' title='bbox 615 1461 715 1495; x_wconf 84' lang='lat' dir='ltr'><strong>templa</strong></span> <span class='ocrx_word' id='word_1_267' title='bbox 728 1480 737 1496; x_wconf 76' lang='lat'><strong>,</strong></span> <span class='ocrx_word' id='word_1_268' title='bbox 762 1468 851 1496; x_wconf 88' lang='lat' dir='ltr'><strong>neque</strong></span> 
     </span>
    </p>
   </div>
   <div class='ocr_carea' id='block_1_39' title="bbox 57 1495 850 1530">
    <p class='ocr_par' dir='ltr' id='par_1_39' title="bbox 57 1495 850 1530">
     <span class='ocr_line' id='line_1_39' title="bbox 57 1495 850 1530; baseline 0.003 -10"><span class='ocrx_word' id='word_1_269' title='bbox 57 1503 124 1522; x_wconf 87' lang='lat' dir='ltr'><strong>aras</strong></span> <span class='ocrx_word' id='word_1_270' title='bbox 149 1495 291 1523; x_wconf 78' lang='lat' dir='ltr'><strong>exstruere</strong></span> <span class='ocrx_word' id='word_1_271' title='bbox 321 1495 490 1523; x_wconf 76' lang='lat' dir='ltr'><strong>consuetudo</strong></span> <span class='ocrx_word' id='word_1_272' title='bbox 509 1500 551 1523; x_wconf 86' lang='lat' dir='ltr'><strong>est</strong></span> <span class='ocrx_word' id='word_1_273' title='bbox 568 1504 574 1522; x_wconf 95' lang='lat'><strong>:</strong></span> <span class='ocrx_word' id='word_1_274' title='bbox 590 1496 713 1530; x_wconf 88' lang='lat' dir='ltr'><strong>qnittitno</strong></span> <span class='ocrx_word' id='word_1_275' title='bbox 733 1495 784 1522; x_wconf 86' lang='lat' dir='ltr'><strong>hoc</strong></span> <span class='ocrx_word' id='word_1_276' title='bbox 811 1497 850 1522; x_wconf 87' lang='lat' dir='ltr'><strong>fa—</strong></span> 
     </span>
    </p>
   </div>
   <div class='ocr_carea' id='block_1_40' title="bbox 57 1530 850 1565">
    <p class='ocr_par' dir='ltr' id='par_1_40' title="bbox 57 1530 850 1565">
     <span class='ocr_line' id='line_1_40' title="bbox 57 1530 850 1565; baseline 0.001 -9"><span class='ocrx_word' id='word_1_277' title='bbox 57 1530 200 1558; x_wconf 85' lang='lat' dir='ltr'><strong>cientibus</strong></span> <span class='ocrx_word' id='word_1_278' title='bbox 217 1531 330 1558; x_wconf 82' lang='lat' dir='ltr'><strong>insania:</strong></span> <span class='ocrx_word' id='word_1_279' title='bbox 345 1532 475 1562; x_wconf 84' lang='lat' dir='ltr'><strong>tribuere,</strong></span> <span class='ocrx_word' id='word_1_280' title='bbox 492 1531 527 1557; x_wconf 91' lang='lat' dir='ltr'><strong>ob</strong></span> <span class='ocrx_word' id='word_1_281' title='bbox 543 1531 580 1561; x_wconf 82' lang='lat' dir='ltr'><strong>id,</strong></span> <span class='ocrx_word' id='word_1_282' title='bbox 597 1535 626 1557; x_wconf 93' lang='lat' dir='ltr'><strong>ut</strong></span> <span class='ocrx_word' id='word_1_283' title='bbox 643 1538 700 1557; x_wconf 87' lang='lat' dir='ltr'><strong>mea</strong></span> <span class='ocrx_word' id='word_1_284' title='bbox 722 1530 774 1557; x_wconf 90' lang='lat' dir='ltr'><strong>fert</strong></span> <span class='ocrx_word' id='word_1_285' title='bbox 791 1531 850 1565; x_wconf 88' lang='lat' dir='ltr'><strong>opi-</strong></span> 
     </span>
    </p>
   </div>
   <div class='ocr_carea' id='block_1_41' title="bbox 56 1565 850 1600">
    <p class='ocr_par' dir='ltr' id='par_1_41' title="bbox 56 1565 850 1600">
     <span class='ocr_line' id='line_1_41' title="bbox 56 1565 850 1600; baseline 0.004 -9"><span class='ocrx_word' id='word_1_286' title='bbox 56 1565 117 1597; x_wconf 87' lang='lat' dir='ltr'><strong>nio,</strong></span> <span class='ocrx_word' id='word_1_287' title='bbox 135 1566 207 1600; x_wconf 90' lang='lat' dir='ltr'><strong>quod</strong></span> <span class='ocrx_word' id='word_1_288' title='bbox 224 1574 288 1596; x_wconf 86' lang='lat' dir='ltr'><strong>non.</strong></span> <span class='ocrx_word' id='word_1_289' title='bbox 299 1566 527 1600; x_wconf 84' lang='lat' dir='ltr'><strong>quemadmodum</strong></span> <span class='ocrx_word' id='word_1_290' title='bbox 543 1565 640 1596; x_wconf 69' lang='lat' dir='ltr'><strong>Grmci,</strong></span> <span class='ocrx_word' id='word_1_291' title='bbox 650 1566 772 1592; x_wconf 85' lang='lat' dir='ltr'><strong>sentiunt</strong></span> <span class='ocrx_word' id='word_1_292' title='bbox 783 1567 850 1594; x_wconf 87' lang='lat' dir='ltr'><strong>deos</strong></span> 
     </span>
    </p>
   </div>
   <div class='ocr_carea' id='block_1_42' title="bbox 56 1601 850 1628">
    <p class='ocr_par' dir='ltr' id='par_1_42' title="bbox 56 1601 850 1628">
     <span class='ocr_line' id='line_1_42' title="bbox 56 1601 850 1628; baseline 0.001 -1"><span class='ocrx_word' id='word_1_293' title='bbox 56 1608 91 1627; x_wconf 81' lang='lat' dir='ltr'><strong>ex</strong></span> <span class='ocrx_word' id='word_1_294' title='bbox 119 1601 276 1628; x_wconf 89' lang='lat' dir='ltr'><strong>hominibus</strong></span> <span class='ocrx_word' id='word_1_295' title='bbox 298 1609 359 1628; x_wconf 87' lang='lat' dir='ltr'><strong>esse</strong></span> <span class='ocrx_word' id='word_1_296' title='bbox 388 1605 464 1627; x_wconf 88' lang='lat' dir='ltr'><strong>ortos</strong></span> <span class='ocrx_word' id='word_1_297' title='bbox 475 1601 507 1627; x_wconf 74' lang='grc'><strong>⁸³.</strong></span> <span class='ocrx_word' id='word_1_298' title='bbox 529 1610 538 1626; x_wconf 96' lang='grc'><strong>1</strong></span> <span class='ocrx_word' id='word_1_299' title='bbox 569 1601 650 1627; x_wconf 82' lang='lat' dir='ltr'><strong>Addit</strong></span> <span class='ocrx_word' id='word_1_300' title='bbox 674 1605 764 1627; x_wconf 88' lang='lat' dir='ltr'><strong>tamen</strong></span> <span class='ocrx_word' id='word_1_301' title='bbox 789 1601 850 1628; x_wconf 89' lang='lat' dir='ltr'><strong>illos</strong></span> 
     </span>
    </p>
   </div>
   <div class='ocr_carea' id='block_1_43' title="bbox 55 1635 850 1672">
    <p class='ocr_par' dir='ltr' id='par_1_43' title="bbox 55 1635 850 1672">
     <span class='ocr_line' id='line_1_43' title="bbox 55 1635 850 1672; baseline 0.001 -10"><span class='ocrx_word' id='word_1_302' title='bbox 55 1635 138 1668; x_wconf 80' lang='lat' dir='ltr'><strong>Jovi,</strong></span> <span class='ocrx_word' id='word_1_303' title='bbox 161 1637 228 1668; x_wconf 82' lang='lat' dir='ltr'><strong>soli,</strong></span> <span class='ocrx_word' id='word_1_304' title='bbox 250 1636 340 1667; x_wconf 62' lang='lat' dir='ltr'><strong>lunae,</strong></span> <span class='ocrx_word' id='word_1_305' title='bbox 359 1636 473 1672; x_wconf 85' lang='lat' dir='ltr'><strong>aliisque</strong></span> <span class='ocrx_word' id='word_1_306' title='bbox 490 1636 530 1672; x_wconf 18' lang='lat' dir='ltr'><strong>inr</strong></span> <span class='ocrx_word' id='word_1_307' title='bbox 542 1636 726 1672; x_wconf 18' lang='lat' dir='ltr'><strong>locormuudo</strong></span> <span class='ocrx_word' id='word_1_308' title='bbox 744 1637 850 1663; x_wconf 85' lang='lat' dir='ltr'><strong>sacriti-</strong></span> 
     </span>
    </p>
   </div>
   <div class='ocr_carea' id='block_1_44' title="bbox 56 1671 724 1706">
    <p class='ocr_par' dir='ltr' id='par_1_44' title="bbox 56 1671 724 1706">
     <span class='ocr_line' id='line_1_44' title="bbox 56 1671 724 1706; baseline 0.001 -9"><span class='ocrx_word' id='word_1_309' title='bbox 56 1678 158 1703; x_wconf 80' lang='lat' dir='ltr'><strong>casse.</strong></span> <span class='ocrx_word' id='word_1_310' title='bbox 175 1671 311 1706; x_wconf 89' lang='lat' dir='ltr'><strong>certisque</strong></span> <span class='ocrx_word' id='word_1_311' title='bbox 327 1671 424 1698; x_wconf 90' lang='lat' dir='ltr'><strong>ritibus</strong></span> <span class='ocrx_word' id='word_1_312' title='bbox 441 1671 596 1698; x_wconf 89' lang='lat' dir='ltr'><strong>immolasse</strong></span> <span class='ocrx_word' id='word_1_313' title='bbox 611 1671 724 1698; x_wconf 81' lang='lat' dir='ltr'><strong>hostias.</strong></span> 
     </span>
    </p>
   </div>
   <div class='ocr_carea' id='block_1_45' title="bbox 95 1705 850 1740">
    <p class='ocr_par' dir='ltr' id='par_1_45' title="bbox 95 1705 850 1740">
     <span class='ocr_line' id='line_1_45' title="bbox 95 1705 850 1740; baseline 0 -8"><span class='ocrx_word' id='word_1_314' title='bbox 95 1706 189 1732; x_wconf 81' lang='lat' dir='ltr'><strong>Prima</strong></span> <span class='ocrx_word' id='word_1_315' title='bbox 201 1705 281 1740; x_wconf 79' lang='lat' dir='ltr'><strong>porro</strong></span> <span class='ocrx_word' id='word_1_316' title='bbox 299 1706 412 1733; x_wconf 89' lang='lat' dir='ltr'><strong>deorum</strong></span> <span class='ocrx_word' id='word_1_317' title='bbox 427 1707 526 1740; x_wconf 84' lang='lat' dir='ltr'><strong>templa</strong></span> <span class='ocrx_word' id='word_1_318' title='bbox 539 1726 546 1736; x_wconf 83' lang='lat'><strong>,</strong></span> <span class='ocrx_word' id='word_1_319' title='bbox 571 1710 653 1740; x_wconf 86' lang='lat' dir='ltr'><strong>atque</strong></span> <span class='ocrx_word' id='word_1_320' title='bbox 666 1706 747 1732; x_wconf 90' lang='lat' dir='ltr'><strong>etiam</strong></span> <span class='ocrx_word' id='word_1_321' title='bbox 764 1705 850 1733; x_wconf 89' lang='lat' dir='ltr'><strong>simu-</strong></span> 
     </span>
    </p>
   </div>
   <div class='ocr_carea' id='block_1_46' title="bbox 56 1740 851 1776">
    <p class='ocr_par' dir='ltr' id='par_1_46' title="bbox 56 1740 851 1776">
     <span class='ocr_line' id='line_1_46' title="bbox 56 1740 851 1776; baseline 0 -9"><span class='ocrx_word' id='word_1_322' title='bbox 56 1741 134 1767; x_wconf 90' lang='lat' dir='ltr'><strong>lacra</strong></span> <span class='ocrx_word' id='word_1_323' title='bbox 160 1742 195 1768; x_wconf 88' lang='lat' dir='ltr'><strong>ab</strong></span> <span class='ocrx_word' id='word_1_324' title='bbox 223 1741 330 1776; x_wconf 83' lang='lat' dir='ltr'><strong>Osiride</strong></span> <span class='ocrx_word' id='word_1_325' title='bbox 347 1761 354 1770; x_wconf 84' lang='lat'><strong>.</strong></span> <span class='ocrx_word' id='word_1_326' title='bbox 373 1741 449 1769; x_wconf 82' lang='lat' dir='ltr'><strong>Jovis</strong></span> <span class='ocrx_word' id='word_1_327' title='bbox 461 1741 527 1773; x_wconf 86' lang='lat' dir='ltr'><strong>lilio,</strong></span> <span class='ocrx_word' id='word_1_328' title='bbox 551 1742 621 1776; x_wconf 85' lang='lat' dir='ltr'><strong>apud</strong></span> <span class='ocrx_word' id='word_1_329' title='bbox 633 1740 777 1776; x_wconf 68' lang='lat' dir='ltr'><strong>Aigyptios</strong></span> <span class='ocrx_word' id='word_1_330' title='bbox 794 1742 851 1775; x_wconf 90' lang='lat' dir='ltr'><strong>pri-</strong></span> 
     </span>
    </p>
   </div>
   <div class='ocr_carea' id='block_1_47' title="bbox 55 1775 850 1807">
    <p class='ocr_par' dir='ltr' id='par_1_47' title="bbox 55 1775 850 1807">
     <span class='ocr_line' id='line_1_47' title="bbox 55 1775 850 1807; baseline 0.003 -5"><span class='ocrx_word' id='word_1_331' title='bbox 55 1784 133 1802; x_wconf 88' lang='lat' dir='ltr'><strong>tnum</strong></span> <span class='ocrx_word' id='word_1_332' title='bbox 161 1776 271 1803; x_wconf 90' lang='lat' dir='ltr'><strong>condita</strong></span> <span class='ocrx_word' id='word_1_333' title='bbox 304 1775 411 1807; x_wconf 83' lang='lat' dir='ltr'><strong>fuisse.</strong></span> <span class='ocrx_word' id='word_1_334' title='bbox 441 1776 484 1803; x_wconf 81' lang='lat' dir='ltr'><strong>his</strong></span> <span class='ocrx_word' id='word_1_335' title='bbox 513 1775 603 1804; x_wconf 81' lang='lat' dir='ltr'><strong>verbis</strong></span> <span class='ocrx_word' id='word_1_336' title='bbox 640 1775 694 1802; x_wconf 87' lang='lat' dir='ltr'><strong>non</strong></span> <span class='ocrx_word' id='word_1_337' title='bbox 734 1777 850 1804; x_wconf 90' lang='lat' dir='ltr'><strong>obscure</strong></span> 
     </span>
    </p>
   </div>
   <div class='ocr_carea' id='block_1_48' title="bbox 56 1810 847 1845">
    <p class='ocr_par' dir='ltr' id='par_1_48' title="bbox 56 1810 847 1845">
     <span class='ocr_line' id='line_1_48' title="bbox 56 1810 847 1845; baseline 0.003 -10"><span class='ocrx_word' id='word_1_338' title='bbox 56 1810 197 1838; x_wconf 85' lang='lat' dir='ltr'><strong>Diodorus</strong></span> <span class='ocrx_word' id='word_1_339' title='bbox 219 1812 330 1839; x_wconf 81' lang='lat' dir='ltr'><strong>Siculus</strong></span> <span class='ocrx_word' id='word_1_340' title='bbox 347 1811 502 1845; x_wconf 74' lang='lat' dir='ltr'><strong>significat:</strong></span> <span class='ocrx_word' id='word_1_341' title='bbox 521 1820 529 1835; x_wconf 88' lang='grc'><strong>(</strong></span> <span class='ocrx_word' id='word_1_342' title='bbox 548 1811 623 1838; x_wconf 82' lang='lat' dir='ltr'><strong>Multi</strong></span> <span class='ocrx_word' id='word_1_343' title='bbox 647 1811 757 1838; x_wconf 88' lang='lat' dir='ltr'><strong>tradttnt</strong></span> <span class='ocrx_word' id='word_1_344' title='bbox 779 1819 847 1838; x_wconf 90' lang='grc'><strong>0011-</strong></span> 
     </span>
    </p>
   </div>
   <div class='ocr_carea' id='block_1_49' title="bbox 56 1845 849 1881">
    <p class='ocr_par' dir='ltr' id='par_1_49' title="bbox 56 1845 849 1881">
     <span class='ocr_line' id='line_1_49' title="bbox 56 1845 849 1881; baseline 0 -9"><span class='ocrx_word' id='word_1_345' title='bbox 56 1846 147 1872; x_wconf 85' lang='grc'><strong>(11111111</strong></span> <span class='ocrx_word' id='word_1_346' title='bbox 163 1845 200 1873; x_wconf 81' lang='lat' dir='ltr'><strong>ab</strong></span> <span class='ocrx_word' id='word_1_347' title='bbox 210 1845 317 1873; x_wconf 83' lang='lat' dir='ltr'><strong>Osiridc</strong></span> <span class='ocrx_word' id='word_1_348' title='bbox 332 1847 490 1881; x_wconf 87' lang='lat' dir='ltr'><strong>parentilms</strong></span> <span class='ocrx_word' id='word_1_349' title='bbox 511 1845 570 1873; x_wconf 90' lang='lat' dir='ltr'><strong>Jovi</strong></span> <span class='ocrx_word' id='word_1_350' title='bbox 600 1850 627 1873; x_wconf 89' lang='lat' dir='ltr'><strong>et</strong></span> <span class='ocrx_word' id='word_1_351' title='bbox 653 1845 753 1873; x_wconf 90' lang='lat' dir='ltr'><strong>Juttoui</strong></span> <span class='ocrx_word' id='word_1_352' title='bbox 779 1850 849 1874; x_wconf 89' lang='lat' dir='ltr'><strong>tetu-</strong></span> 
     </span>
    </p>
   </div>
   <div class='ocr_carea' id='block_1_50' title="bbox 56 1881 849 1916">
    <p class='ocr_par' dir='ltr' id='par_1_50' title="bbox 56 1881 849 1916">
     <span class='ocr_line' id='line_1_50' title="bbox 56 1881 849 1916; baseline 0 -9"><span class='ocrx_word' id='word_1_353' title='bbox 56 1889 146 1916; x_wconf 80' lang='lat' dir='ltr'><strong>ptum.</strong></span> <span class='ocrx_word' id='word_1_354' title='bbox 163 1881 351 1916; x_wconf 79' lang='lat' dir='ltr'><strong>magnitudine</strong></span> <span class='ocrx_word' id='word_1_355' title='bbox 376 1887 403 1908; x_wconf 88' lang='lat' dir='ltr'><strong>et</strong></span> <span class='ocrx_word' id='word_1_356' title='bbox 428 1885 567 1908; x_wconf 88' lang='lat' dir='ltr'><strong>structura</strong></span> <span class='ocrx_word' id='word_1_357' title='bbox 594 1881 700 1913; x_wconf 80' lang='lat' dir='ltr'><strong>nobile,</strong></span> <span class='ocrx_word' id='word_1_358' title='bbox 733 1881 849 1916; x_wconf 79' lang='lat' dir='ltr'><strong>fanaque</strong></span> 
     </span>
    </p>
   </div>
   <div class='ocr_carea' id='block_1_51' title="bbox 57 1916 849 1951">
    <p class='ocr_par' dir='ltr' id='par_1_51' title="bbox 57 1916 849 1951">
     <span class='ocr_line' id='line_1_51' title="bbox 57 1916 849 1951; baseline 0.001 -9"><span class='ocrx_word' id='word_1_359' title='bbox 57 1917 176 1951; x_wconf 82' lang='lat' dir='ltr'><strong>insuper</strong></span> <span class='ocrx_word' id='word_1_360' title='bbox 198 1917 253 1943; x_wconf 90' lang='lat' dir='ltr'><strong>duo</strong></span> <span class='ocrx_word' id='word_1_361' title='bbox 271 1916 330 1943; x_wconf 82' lang='lat' dir='ltr'><strong>Jovi</strong></span> <span class='ocrx_word' id='word_1_362' title='bbox 347 1924 439 1947; x_wconf 79' lang='lat' dir='ltr'><strong>aurea,</strong></span> <span class='ocrx_word' id='word_1_363' title='bbox 456 1917 546 1950; x_wconf 88' lang='lat' dir='ltr'><strong>majus</strong></span> <span class='ocrx_word' id='word_1_364' title='bbox 562 1917 678 1948; x_wconf 72' lang='lat' dir='ltr'><strong>cmlesti,</strong></span> <span class='ocrx_word' id='word_1_365' title='bbox 697 1916 789 1943; x_wconf 90' lang='lat' dir='ltr'><strong>minus</strong></span> <span class='ocrx_word' id='word_1_366' title='bbox 801 1916 849 1951; x_wconf 88' lang='lat' dir='ltr'><strong>qui</strong></span> 
     </span>
    </p>
   </div>
   <div class='ocr_carea' id='block_1_52' title="bbox 56 1951 848 1986">
    <p class='ocr_par' dir='ltr' id='par_1_52' title="bbox 56 1951 848 1986">
     <span class='ocr_line' id='line_1_52' title="bbox 56 1951 848 1986; baseline 0.001 -9"><span class='ocrx_word' id='word_1_367' title='bbox 56 1951 184 1986; x_wconf 79' lang='lat' dir='ltr'><strong>regnavit</strong></span> <span class='ocrx_word' id='word_1_368' title='bbox 200 1951 267 1982; x_wconf 88' lang='lat' dir='ltr'><strong>illic,</strong></span> <span class='ocrx_word' id='word_1_369' title='bbox 285 1952 354 1986; x_wconf 88' lang='lat' dir='ltr'><strong>patri</strong></span> <span class='ocrx_word' id='word_1_370' title='bbox 372 1959 422 1978; x_wconf 91' lang='lat' dir='ltr'><strong>suo</strong></span> <span class='ocrx_word' id='word_1_371' title='bbox 433 1971 440 1983; x_wconf 82' lang='grc'><strong>,</strong></span> <span class='ocrx_word' id='word_1_372' title='bbox 457 1959 536 1985; x_wconf 84' lang='lat' dir='ltr'><strong>quem</strong></span> <span class='ocrx_word' id='word_1_373' title='bbox 553 1951 714 1978; x_wconf 84' lang='lat' dir='ltr'><strong>Ammonem</strong></span> <span class='ocrx_word' id='word_1_374' title='bbox 732 1956 848 1984; x_wconf 80' lang='lat' dir='ltr'><strong>vocant,</strong></span> 
     </span>
    </p>
   </div>
   <div class='ocr_carea' id='block_1_53' title="bbox 56 1986 849 2021">
    <p class='ocr_par' dir='ltr' id='par_1_53' title="bbox 56 1986 849 2021">
     <span class='ocr_line' id='line_1_53' title="bbox 56 1986 849 2021; baseline 0.001 -8"><span class='ocrx_word' id='word_1_375' title='bbox 56 1986 203 2014; x_wconf 82' lang='lat' dir='ltr'><strong>dedicasse</strong></span> <span class='ocrx_word' id='word_1_376' title='bbox 225 1987 313 2021; x_wconf 90' lang='lat' dir='ltr'><strong>ipsum</strong></span> <span class='ocrx_word' id='word_1_377' title='bbox 332 1986 433 2014; x_wconf 88' lang='lat' dir='ltr'><strong>ferunt.</strong></span> <span class='ocrx_word' id='word_1_378' title='bbox 451 1986 588 2014; x_wconf 85' lang='lat' dir='ltr'><strong>Statuisse</strong></span> <span class='ocrx_word' id='word_1_379' title='bbox 607 1987 690 2013; x_wconf 81' lang='lat' dir='ltr'><strong>etiarn</strong></span> <span class='ocrx_word' id='word_1_380' title='bbox 712 1986 773 2013; x_wconf 87' lang='lat' dir='ltr'><strong>aliis</strong></span> <span class='ocrx_word' id='word_1_381' title='bbox 795 1987 849 2014; x_wconf 85' lang='lat' dir='ltr'><strong>diis</strong></span> 
     </span>
    </p>
   </div>
   <div class='ocr_carea' id='block_1_54' title="bbox 57 2021 849 2056">
    <p class='ocr_par' dir='ltr' id='par_1_54' title="bbox 57 2021 849 2056">
     <span class='ocr_line' id='line_1_54' title="bbox 57 2021 849 2056; baseline 0 -8"><span class='ocrx_word' id='word_1_382' title='bbox 57 2022 161 2048; x_wconf 74' lang='lat' dir='ltr'><strong>sacella</strong></span> <span class='ocrx_word' id='word_1_383' title='bbox 179 2030 212 2048; x_wconf 83' lang='lat' dir='ltr'><strong>ex</strong></span> <span class='ocrx_word' id='word_1_384' title='bbox 228 2030 306 2052; x_wconf 86' lang='lat' dir='ltr'><strong>auro,</strong></span> <span class='ocrx_word' id='word_1_385' title='bbox 329 2022 387 2049; x_wconf 90' lang='lat' dir='ltr'><strong>suis</strong></span> <span class='ocrx_word' id='word_1_386' title='bbox 403 2022 551 2056; x_wconf 88' lang='lat' dir='ltr'><strong>unicuique</strong></span> <span class='ocrx_word' id='word_1_387' title='bbox 568 2022 718 2049; x_wconf 89' lang='lat' dir='ltr'><strong>honoribus</strong></span> <span class='ocrx_word' id='word_1_388' title='bbox 733 2021 849 2049; x_wconf 87' lang='lat' dir='ltr'><strong>attribu-</strong></span> 
     </span>
    </p>
   </div>
   <div class='ocr_carea' id='block_1_55' title="bbox 57 2056 849 2091">
    <p class='ocr_par' dir='ltr' id='par_1_55' title="bbox 57 2056 849 2091">
     <span class='ocr_line' id='line_1_55' title="bbox 57 2056 849 2091; baseline 0.003 -9"><span class='ocrx_word' id='word_1_389' title='bbox 57 2061 104 2088; x_wconf 88' lang='lat' dir='ltr'><strong>tts,</strong></span> <span class='ocrx_word' id='word_1_390' title='bbox 119 2061 147 2083; x_wconf 90' lang='lat' dir='ltr'><strong>et</strong></span> <span class='ocrx_word' id='word_1_391' title='bbox 172 2057 363 2084; x_wconf 87' lang='lat' dir='ltr'><strong>sacerdotibus</strong></span> <span class='ocrx_word' id='word_1_392' title='bbox 387 2064 460 2084; x_wconf 72' lang='lat' dir='ltr'><strong>cum</strong></span> <span class='ocrx_word' id='word_1_393' title='bbox 484 2065 625 2084; x_wconf 89' lang='lat' dir='ltr'><strong>sacrorum</strong></span> <span class='ocrx_word' id='word_1_394' title='bbox 648 2057 793 2091; x_wconf 76' lang='lat' dir='ltr'><strong>prchectis.</strong></span> <span class='ocrx_word' id='word_1_395' title='bbox 819 2056 849 2084; x_wconf 89' lang='grc'><strong>111</strong></span> 
     </span>
    </p>
   </div>
   <div class='ocr_carea' id='block_1_56' title="bbox 57 2091 849 2126">
    <p class='ocr_par' dir='ltr' id='par_1_56' title="bbox 57 2091 849 2126">
     <span class='ocr_line' id='line_1_56' title="bbox 57 2091 849 2126; baseline 0 -8"><span class='ocrx_word' id='word_1_396' title='bbox 57 2092 148 2126; x_wconf 86' lang='lat' dir='ltr'><strong>pretio</strong></span> <span class='ocrx_word' id='word_1_397' title='bbox 163 2095 253 2119; x_wconf 85' lang='lat' dir='ltr'><strong>autent</strong></span> <span class='ocrx_word' id='word_1_398' title='bbox 270 2092 403 2126; x_wconf 76' lang='lat' dir='ltr'><strong>singulari</strong></span> <span class='ocrx_word' id='word_1_399' title='bbox 416 2091 598 2126; x_wconf 76' lang='lat' dir='ltr'><strong>apud05irim</strong></span> <span class='ocrx_word' id='word_1_400' title='bbox 620 2097 645 2118; x_wconf 86' lang='lat' dir='ltr'><strong>et</strong></span> <span class='ocrx_word' id='word_1_401' title='bbox 659 2091 757 2119; x_wconf 90' lang='lat' dir='ltr'><strong>Isidem</strong></span> <span class='ocrx_word' id='word_1_402' title='bbox 772 2092 849 2118; x_wconf 89' lang='lat' dir='ltr'><strong>habi-</strong></span> 
     </span>
    </p>
   </div>
   <div class='ocr_carea' id='block_1_57' title="bbox 57 2127 849 2162">
    <p class='ocr_par' dir='ltr' id='par_1_57' title="bbox 57 2127 849 2162">
     <span class='ocr_line' id='line_1_57' title="bbox 57 2127 849 2162; baseline 0.001 -10"><span class='ocrx_word' id='word_1_403' title='bbox 57 2132 102 2154; x_wconf 88' lang='lat' dir='ltr'><strong>tos</strong></span> <span class='ocrx_word' id='word_1_404' title='bbox 116 2128 274 2154; x_wconf 78' lang='lat' dir='ltr'><strong>inventores</strong></span> <span class='ocrx_word' id='word_1_405' title='bbox 295 2128 406 2158; x_wconf 81' lang='lat' dir='ltr'><strong>artium,</strong></span> <span class='ocrx_word' id='word_1_406' title='bbox 419 2132 446 2154; x_wconf 86' lang='lat' dir='ltr'><strong>et</strong></span> <span class='ocrx_word' id='word_1_407' title='bbox 460 2128 507 2162; x_wconf 88' lang='lat' dir='ltr'><strong>qui</strong></span> <span class='ocrx_word' id='word_1_408' title='bbox 523 2127 586 2154; x_wconf 90' lang='lat' dir='ltr'><strong>utile</strong></span> <span class='ocrx_word' id='word_1_409' title='bbox 605 2127 744 2162; x_wconf 56' lang='lat' dir='ltr'><strong>quidpiam</strong></span> <span class='ocrx_word' id='word_1_410' title='bbox 758 2127 849 2153; x_wconf 85' lang='lat' dir='ltr'><strong>archi—</strong></span> 
     </span>
    </p>
   </div>
   <div class='ocr_carea' id='block_1_58' title="bbox 57 2161 849 2190">
    <p class='ocr_par' dir='ltr' id='par_1_58' title="bbox 57 2161 849 2190">
     <span class='ocr_line' id='line_1_58' title="bbox 57 2161 849 2190; baseline 0.003 -2"><span class='ocrx_word' id='word_1_411' title='bbox 57 2166 240 2189; x_wconf 84' lang='lat' dir='ltr'><strong>tectarentur.</strong></span> <span class='ocrx_word' id='word_1_412' title='bbox 257 2162 320 2189; x_wconf 90' lang='lat' dir='ltr'><strong>Ideo</strong></span> <span class='ocrx_word' id='word_1_413' title='bbox 331 2162 394 2189; x_wconf 68' lang='lat' dir='ltr'><strong>teris</strong></span> <span class='ocrx_word' id='word_1_414' title='bbox 409 2167 436 2189; x_wconf 91' lang='lat' dir='ltr'><strong>et</strong></span> <span class='ocrx_word' id='word_1_415' title='bbox 451 2161 509 2189; x_wconf 87' lang='lat' dir='ltr'><strong>auri</strong></span> <span class='ocrx_word' id='word_1_416' title='bbox 527 2162 642 2189; x_wconf 85' lang='lat' dir='ltr'><strong>officinis</strong></span> <span class='ocrx_word' id='word_1_417' title='bbox 659 2161 685 2189; x_wconf 82' lang='lat' dir='ltr'><strong>in</strong></span> <span class='ocrx_word' id='word_1_418' title='bbox 710 2161 849 2190; x_wconf 85' lang='lat' dir='ltr'><strong>Thebaide</strong></span> 
     </span>
    </p>
   </div>
   <div class='ocr_carea' id='block_1_59' title="bbox 56 2197 848 2232">
    <p class='ocr_par' dir='ltr' id='par_1_59' title="bbox 56 2197 848 2232">
     <span class='ocr_line' id='line_1_59' title="bbox 56 2197 848 2232; baseline 0 -9"><span class='ocrx_word' id='word_1_419' title='bbox 56 2198 196 2231; x_wconf 83' lang='lat' dir='ltr'><strong>repertis,</strong></span> <span class='ocrx_word' id='word_1_420' title='bbox 214 2197 347 2224; x_wconf 89' lang='lat' dir='ltr'><strong>fabricata</strong></span> <span class='ocrx_word' id='word_1_421' title='bbox 371 2204 491 2225; x_wconf 86' lang='lat' dir='ltr'><strong>arma....</strong></span> <span class='ocrx_word' id='word_1_422' title='bbox 516 2197 663 2224; x_wconf 84' lang='lat' dir='ltr'><strong>simulacra</strong></span> <span class='ocrx_word' id='word_1_423' title='bbox 687 2205 797 2232; x_wconf 89' lang='lat' dir='ltr'><strong>qttoque</strong></span> <span class='ocrx_word' id='word_1_424' title='bbox 822 2201 848 2224; x_wconf 90' lang='lat' dir='ltr'><strong>et</strong></span> 
     </span>
    </p>
   </div>
   <div class='ocr_carea' id='block_1_60' title="bbox 57 2231 848 2260">
    <p class='ocr_par' dir='ltr' id='par_1_60' title="bbox 57 2231 848 2260">
     <span class='ocr_line' id='line_1_60' title="bbox 57 2231 848 2260; baseline 0 -2"><span class='ocrx_word' id='word_1_425' title='bbox 57 2234 121 2259; x_wconf 87' lang='lat' dir='ltr'><strong>lana</strong></span> <span class='ocrx_word' id='word_1_426' title='bbox 138 2232 218 2258; x_wconf 88' lang='lat' dir='ltr'><strong>dentn</strong></span> <span class='ocrx_word' id='word_1_427' title='bbox 230 2240 312 2259; x_wconf 87' lang='lat' dir='ltr'><strong>aurea</strong></span> <span class='ocrx_word' id='word_1_428' title='bbox 327 2233 499 2260; x_wconf 90' lang='lat' dir='ltr'><strong>elaborarent</strong></span> <span class='ocrx_word' id='word_1_429' title='bbox 513 2232 547 2259; x_wconf 74' lang='lat'><strong>“.</strong></span> <span class='ocrx_word' id='word_1_430' title='bbox 558 2241 566 2257; x_wconf 88' lang='grc'><strong>1</strong></span> <span class='ocrx_word' id='word_1_431' title='bbox 592 2231 619 2259; x_wconf 91' lang='lat' dir='ltr'><strong>Si</strong></span> <span class='ocrx_word' id='word_1_432' title='bbox 641 2231 791 2259; x_wconf 81' lang='lat' dir='ltr'><strong>contendas</strong></span> <span class='ocrx_word' id='word_1_433' title='bbox 807 2235 848 2258; x_wconf 87' lang='lat' dir='ltr'><strong>ta-</strong></span> 
     </span>
    </p>
   </div>
   <div class='ocr_carea' id='block_1_61' title="bbox 56 2267 846 2302">
    <p class='ocr_par' dir='ltr' id='par_1_61' title="bbox 56 2267 846 2302">
     <span class='ocr_line' id='line_1_61' title="bbox 56 2267 846 2302; baseline 0 -9"><span class='ocrx_word' id='word_1_434' title='bbox 56 2275 120 2294; x_wconf 89' lang='lat' dir='ltr'><strong>men</strong></span> <span class='ocrx_word' id='word_1_435' title='bbox 134 2267 281 2294; x_wconf 86' lang='lat' dir='ltr'><strong>Diodorum</strong></span> <span class='ocrx_word' id='word_1_436' title='bbox 296 2268 329 2294; x_wconf 90' lang='lat' dir='ltr'><strong>de</strong></span> <span class='ocrx_word' id='word_1_437' title='bbox 340 2268 432 2294; x_wconf 89' lang='lat' dir='ltr'><strong>aureis</strong></span> <span class='ocrx_word' id='word_1_438' title='bbox 445 2267 634 2294; x_wconf 86' lang='lat' dir='ltr'><strong>tantummodo</strong></span> <span class='ocrx_word' id='word_1_439' title='bbox 647 2268 720 2302; x_wconf 88' lang='lat' dir='ltr'><strong>loqui</strong></span> <span class='ocrx_word' id='word_1_440' title='bbox 735 2267 846 2294; x_wconf 88' lang='lat' dir='ltr'><strong>deormn</strong></span> 
     </span>
    </p>
   </div>
   <div class='ocr_carea' id='block_1_62' title="bbox 57 2302 849 2337">
    <p class='ocr_par' dir='ltr' id='par_1_62' title="bbox 57 2302 849 2337">
     <span class='ocr_line' id='line_1_62' title="bbox 57 2302 849 2337; baseline 0.001 -9"><span class='ocrx_word' id='word_1_441' title='bbox 57 2302 179 2335; x_wconf 80' lang='lat' dir='ltr'><strong>templis,</strong></span> <span class='ocrx_word' id='word_1_442' title='bbox 194 2310 248 2329; x_wconf 92' lang='lat' dir='ltr'><strong>non</strong></span> <span class='ocrx_word' id='word_1_443' title='bbox 260 2303 393 2329; x_wconf 87' lang='lat' dir='ltr'><strong>audemus</strong></span> <span class='ocrx_word' id='word_1_444' title='bbox 408 2302 517 2337; x_wconf 88' lang='lat' dir='ltr'><strong>quidem</strong></span> <span class='ocrx_word' id='word_1_445' title='bbox 533 2302 581 2329; x_wconf 88' lang='lat' dir='ltr'><strong>tibi</strong></span> <span class='ocrx_word' id='word_1_446' title='bbox 596 2303 706 2329; x_wconf 87' lang='lat' dir='ltr'><strong>omnino</strong></span> <span class='ocrx_word' id='word_1_447' title='bbox 717 2309 849 2337; x_wconf 84' lang='lat' dir='ltr'><strong>repugna-</strong></span> 
     </span>
    </p>
   </div>
   <div class='ocr_carea' id='block_1_63' title="bbox 56 2337 850 2372">
    <p class='ocr_par' dir='ltr' id='par_1_63' title="bbox 56 2337 850 2372">
     <span class='ocr_line' id='line_1_63' title="bbox 56 2337 850 2372; baseline 0 -9"><span class='ocrx_word' id='word_1_448' title='bbox 56 2345 96 2363; x_wconf 88' lang='lat' dir='ltr'><strong>re.</strong></span> <span class='ocrx_word' id='word_1_449' title='bbox 115 2337 215 2364; x_wconf 85' lang='lat' dir='ltr'><strong>Verum</strong></span> <span class='ocrx_word' id='word_1_450' title='bbox 241 2338 306 2371; x_wconf 86' lang='lat' dir='ltr'><strong>quia</strong></span> <span class='ocrx_word' id='word_1_451' title='bbox 332 2338 377 2365; x_wconf 89' lang='lat' dir='ltr'><strong>ille</strong></span> <span class='ocrx_word' id='word_1_452' title='bbox 400 2337 433 2364; x_wconf 90' lang='lat' dir='ltr'><strong>de</strong></span> <span class='ocrx_word' id='word_1_453' title='bbox 448 2338 482 2364; x_wconf 91' lang='lat' dir='ltr'><strong>iis</strong></span> <span class='ocrx_word' id='word_1_454' title='bbox 496 2357 503 2369; x_wconf 92' lang='lat'><strong>,</strong></span> <span class='ocrx_word' id='word_1_455' title='bbox 531 2345 592 2372; x_wconf 68' lang='lat' dir='ltr'><strong>quat</strong></span> <span class='ocrx_word' id='word_1_456' title='bbox 607 2338 723 2372; x_wconf 86' lang='lat' dir='ltr'><strong>primum</strong></span> <span class='ocrx_word' id='word_1_457' title='bbox 741 2338 850 2364; x_wconf 88' lang='lat' dir='ltr'><strong>condita</strong></span> 
     </span>
    </p>
   </div>
   <div class='ocr_carea' id='block_1_64' title="bbox 56 2372 850 2407">
    <p class='ocr_par' dir='ltr' id='par_1_64' title="bbox 56 2372 850 2407">
     <span class='ocr_line' id='line_1_64' title="bbox 56 2372 850 2407; baseline 0.001 -9"><span class='ocrx_word' id='word_1_458' title='bbox 56 2372 152 2403; x_wconf 82' lang='lat' dir='ltr'><strong>fuere,</strong></span> <span class='ocrx_word' id='word_1_459' title='bbox 184 2373 294 2407; x_wconf 84' lang='lat' dir='ltr'><strong>templis</strong></span> <span class='ocrx_word' id='word_1_460' title='bbox 314 2373 455 2407; x_wconf 89' lang='lat' dir='ltr'><strong>disputare</strong></span> <span class='ocrx_word' id='word_1_461' title='bbox 473 2373 594 2404; x_wconf 87' lang='lat' dir='ltr'><strong>videtur,</strong></span> <span class='ocrx_word' id='word_1_462' title='bbox 613 2373 686 2399; x_wconf 88' lang='lat' dir='ltr'><strong>nttlla</strong></span> <span class='ocrx_word' id='word_1_463' title='bbox 701 2373 803 2399; x_wconf 84' lang='lat' dir='ltr'><strong>idcirco</strong></span> <span class='ocrx_word' id='word_1_464' title='bbox 817 2381 850 2399; x_wconf 79' lang='lat' dir='ltr'><strong>ex</strong></span> 
     </span>
    </p>
   </div>
   <div class='ocr_carea' id='block_1_65' title="bbox 56 2406 852 2442">
    <p class='ocr_par' dir='ltr' id='par_1_65' title="bbox 56 2406 852 2442">
     <span class='ocr_line' id='line_1_65' title="bbox 56 2406 852 2442; baseline 0.003 -10"><span class='ocrx_word' id='word_1_465' title='bbox 56 2407 147 2433; x_wconf 86' lang='lat' dir='ltr'><strong>viliori</strong></span> <span class='ocrx_word' id='word_1_466' title='bbox 166 2406 219 2442; x_wconf 80' lang='grc'><strong>52</strong></span> <span class='ocrx_word' id='word_1_467' title='bbox 243 2406 330 2434; x_wconf 81' lang='lat' dir='ltr'><strong>aliave</strong></span> <span class='ocrx_word' id='word_1_468' title='bbox 341 2406 466 2440; x_wconf 85' lang='lat' dir='ltr'><strong>materia,</strong></span> <span class='ocrx_word' id='word_1_469' title='bbox 490 2408 640 2435; x_wconf 86' lang='lat' dir='ltr'><strong>secundum</strong></span> <span class='ocrx_word' id='word_1_470' title='bbox 658 2415 754 2434; x_wconf 88' lang='lat' dir='ltr'><strong>vanatn</strong></span> <span class='ocrx_word' id='word_1_471' title='bbox 767 2407 852 2442; x_wconf 62' lang='lat' dir='ltr'><strong>dig)&quot;</strong></span> 
     </span>
    </p>
   </div>
   <div class='ocr_carea' id='block_1_66' title="bbox 57 2443 850 2504">
    <p class='ocr_par' dir='ltr' id='par_1_66' title="bbox 57 2443 850 2504">
     <span class='ocr_line' id='line_1_66' title="bbox 57 2443 850 2504; baseline 0.003 -36"><span class='ocrx_word' id='word_1_472' title='bbox 57 2443 180 2504; x_wconf 78' lang='lat' dir='ltr'><strong>ptiornm</strong></span> <span class='ocrx_word' id='word_1_473' title='bbox 199 2443 367 2483; x_wconf 76' lang='lat' dir='ltr'><strong>opinionem,</strong></span> <span class='ocrx_word' id='word_1_474' title='bbox 387 2443 459 2477; x_wconf 88' lang='lat' dir='ltr'><strong>apud</strong></span> <span class='ocrx_word' id='word_1_475' title='bbox 478 2451 527 2470; x_wconf 89' lang='lat' dir='ltr'><strong>eos</strong></span> <span class='ocrx_word' id='word_1_476' title='bbox 540 2444 616 2477; x_wconf 89' lang='lat' dir='ltr'><strong>prius</strong></span> <span class='ocrx_word' id='word_1_477' title='bbox 632 2443 751 2470; x_wconf 83' lang='lat' dir='ltr'><strong>excitata</strong></span> <span class='ocrx_word' id='word_1_478' title='bbox 765 2443 850 2470; x_wconf 85' lang='lat' dir='ltr'><strong>fuisse</strong></span> 
     </span>
     <span class='ocr_line' id='line_1_67' title="bbox 69 2477 644 2504; baseline 0 0"><span class='ocrx_word' id='word_1_479' title='bbox 69 2477 132 2504; x_wconf 75' lang='lat' dir='ltr'><strong>laud</strong></span> <span class='ocrx_word' id='word_1_480' title='bbox 149 2477 231 2504; x_wconf 87' lang='lat' dir='ltr'><strong>dubte</strong></span> <span class='ocrx_word' id='word_1_481' title='bbox 244 2477 390 2504; x_wconf 67' lang='lat' dir='ltr'><strong>srentfieat.</strong></span> <span class='ocrx_word' id='word_1_482' title='bbox 637 2497 644 2503; x_wconf 76' lang='lat'><strong>.</strong></span> 
     </span>
    </p>
   </div>
   <div class='ocr_carea' id='block_1_67' title="bbox 69 2477 644 2512">
    <p class='ocr_par' dir='ltr' id='par_1_67' title="bbox 69 2477 644 2512">
     <span class='ocr_line' id='line_1_68' title="bbox 69 2477 644 2512; baseline 0 -8"><span class='ocrx_word' id='word_1_483' title='bbox 69 2477 132 2504; x_wconf 75' lang='lat' dir='ltr'><strong>laud</strong></span> <span class='ocrx_word' id='word_1_484' title='bbox 149 2477 231 2504; x_wconf 83' lang='lat' dir='ltr'><strong>dubie</strong></span> <span class='ocrx_word' id='word_1_485' title='bbox 244 2477 390 2512; x_wconf 83' lang='lat' dir='ltr'><strong>signiﬁcat.</strong></span> <span class='ocrx_word' id='word_1_486' title='bbox 637 2497 644 2503; x_wconf 76' lang='lat'><strong>.</strong></span> 
     </span>
    </p>
   </div>
   <div class='ocr_carea' id='block_1_68' title="bbox 96 2512 849 2547">
    <p class='ocr_par' dir='ltr' id='par_1_68' title="bbox 96 2512 849 2547">
     <span class='ocr_line' id='line_1_69' title="bbox 96 2512 849 2547; baseline -0.001 -8"><span class='ocrx_word' id='word_1_487' title='bbox 96 2514 223 2547; x_wconf 77' lang='lat' dir='ltr'><strong>Diogenis</strong></span> <span class='ocrx_word' id='word_1_488' title='bbox 247 2517 337 2539; x_wconf 88' lang='lat' dir='ltr'><strong>tamen</strong></span> <span class='ocrx_word' id='word_1_489' title='bbox 355 2512 457 2540; x_wconf 89' lang='lat' dir='ltr'><strong>Laertii</strong></span> <span class='ocrx_word' id='word_1_490' title='bbox 480 2516 560 2539; x_wconf 70' lang='lat' dir='ltr'><strong>:etate</strong></span> <span class='ocrx_word' id='word_1_491' title='bbox 583 2512 654 2539; x_wconf 85' lang='lat' dir='ltr'><strong>fama</strong></span> <span class='ocrx_word' id='word_1_492' title='bbox 668 2512 849 2547; x_wconf 85' lang='lat' dir='ltr'><strong>quorumdam</strong></span> 
     </span>
    </p>
   </div>
   <div class='ocr_carea' id='block_1_69' title="bbox 57 2548 845 2582">
    <p class='ocr_par' dir='ltr' id='par_1_69' title="bbox 57 2548 845 2582">
     <span class='ocr_line' id='line_1_70' title="bbox 57 2548 845 2582; baseline -0.001 -8"><span class='ocrx_word' id='word_1_493' title='bbox 57 2555 186 2574; x_wconf 82' lang='lat' dir='ltr'><strong>sermone</strong></span> <span class='ocrx_word' id='word_1_494' title='bbox 203 2548 404 2582; x_wconf 84' lang='lat' dir='ltr'><strong>percrebuerat.</strong></span> <span class='ocrx_word' id='word_1_495' title='bbox 421 2548 534 2575; x_wconf 89' lang='lat' dir='ltr'><strong>delubra</strong></span> <span class='ocrx_word' id='word_1_496' title='bbox 555 2548 670 2582; x_wconf 90' lang='lat' dir='ltr'><strong>primum</strong></span> <span class='ocrx_word' id='word_1_497' title='bbox 687 2548 721 2574; x_wconf 88' lang='lat' dir='ltr'><strong>ab</strong></span> <span class='ocrx_word' id='word_1_498' title='bbox 737 2548 845 2581; x_wconf 78' lang='lat' dir='ltr'><strong>Epime-</strong></span> 
     </span>
    </p>
   </div>
   <div class='ocr_carea' id='block_1_70' title="bbox 55 2582 844 2617">
    <p class='ocr_par' dir='ltr' id='par_1_70' title="bbox 55 2582 844 2617">
     <span class='ocr_line' id='line_1_71' title="bbox 55 2582 844 2617; baseline -0.003 -7"><span class='ocrx_word' id='word_1_499' title='bbox 55 2583 138 2615; x_wconf 88' lang='lat' dir='ltr'><strong>tude,</strong></span> <span class='ocrx_word' id='word_1_500' title='bbox 154 2587 233 2617; x_wconf 85' lang='lat' dir='ltr'><strong>poeta</strong></span> <span class='ocrx_word' id='word_1_501' title='bbox 249 2587 276 2610; x_wconf 87' lang='lat' dir='ltr'><strong>et</strong></span> <span class='ocrx_word' id='word_1_502' title='bbox 290 2583 467 2617; x_wconf 87' lang='lat' dir='ltr'><strong>philosopho,</strong></span> <span class='ocrx_word' id='word_1_503' title='bbox 483 2583 537 2610; x_wconf 88' lang='lat' dir='ltr'><strong>diis</strong></span> <span class='ocrx_word' id='word_1_504' title='bbox 552 2591 613 2610; x_wconf 86' lang='lat' dir='ltr'><strong>esse</strong></span> <span class='ocrx_word' id='word_1_505' title='bbox 630 2586 798 2610; x_wconf 85' lang='lat' dir='ltr'><strong>constructa.</strong></span> <span class='ocrx_word' id='word_1_506' title='bbox 817 2582 844 2609; x_wconf 96' lang='lat' dir='ltr'><strong>In</strong></span> 
     </span>
    </p>
   </div>
   <div class='ocr_carea' id='block_1_71' title="bbox 55 2618 846 2652">
    <p class='ocr_par' dir='ltr' id='par_1_71' title="bbox 55 2618 846 2652">
     <span class='ocr_line' id='line_1_72' title="bbox 55 2618 846 2652; baseline -0.001 -7"><span class='ocrx_word' id='word_1_507' title='bbox 55 2618 140 2651; x_wconf 88' lang='lat' dir='ltr'><strong>hujus</strong></span> <span class='ocrx_word' id='word_1_508' title='bbox 167 2619 308 2644; x_wconf 78' lang='lat' dir='ltr'><strong>enimvero</strong></span> <span class='ocrx_word' id='word_1_509' title='bbox 336 2618 492 2652; x_wconf 79' lang='lat' dir='ltr'><strong>philosophi</strong></span> <span class='ocrx_word' id='word_1_510' title='bbox 518 2618 571 2644; x_wconf 89' lang='lat' dir='ltr'><strong>vita</strong></span> <span class='ocrx_word' id='word_1_511' title='bbox 598 2618 656 2645; x_wconf 54' lang='lat' dir='ltr'><strong>hac</strong></span> <span class='ocrx_word' id='word_1_512' title='bbox 681 2618 726 2645; x_wconf 90' lang='lat' dir='ltr'><strong>ille</strong></span> <span class='ocrx_word' id='word_1_513' title='bbox 748 2618 846 2644; x_wconf 80' lang='lat' dir='ltr'><strong>litteris</strong></span> 
     </span>
    </p>
   </div>
   <div class='ocr_carea' id='block_1_72' title="bbox 56 2652 847 2687">
    <p class='ocr_par' dir='ltr' id='par_1_72' title="bbox 56 2652 847 2687">
     <span class='ocr_line' id='line_1_73' title="bbox 56 2652 847 2687; baseline -0.001 -7"><span class='ocrx_word' id='word_1_514' title='bbox 56 2653 215 2680; x_wconf 85' lang='lat' dir='ltr'><strong>mandavit:</strong></span> <span class='ocrx_word' id='word_1_515' title='bbox 236 2662 244 2678; x_wconf 85' lang='lat' dir='ltr'><strong>t</strong></span> <span class='ocrx_word' id='word_1_516' title='bbox 262 2652 360 2679; x_wconf 81' lang='lat' dir='ltr'><strong>Fertur</strong></span> <span class='ocrx_word' id='word_1_517' title='bbox 374 2654 479 2687; x_wconf 86' lang='lat' dir='ltr'><strong>primus</strong></span> <span class='ocrx_word' id='word_1_518' title='bbox 501 2661 583 2686; x_wconf 74' lang='lat' dir='ltr'><strong>agros</strong></span> <span class='ocrx_word' id='word_1_519' title='bbox 606 2653 749 2687; x_wconf 77' lang='lat' dir='ltr'><strong>expiasse,</strong></span> <span class='ocrx_word' id='word_1_520' title='bbox 771 2653 847 2679; x_wconf 85' lang='lat' dir='ltr'><strong>delu-</strong></span> 
     </span>
    </p>
   </div>
   <div class='ocr_carea' id='block_1_73' title="bbox 56 2687 847 2722">
    <p class='ocr_par' dir='ltr' id='par_1_73' title="bbox 56 2687 847 2722">
     <span class='ocr_line' id='line_1_74' title="bbox 56 2687 847 2722; baseline -0.001 -8"><span class='ocrx_word' id='word_1_521' title='bbox 56 2689 160 2722; x_wconf 85' lang='lat' dir='ltr'><strong>braque</strong></span> <span class='ocrx_word' id='word_1_522' title='bbox 176 2689 296 2715; x_wconf 76' lang='lat' dir='ltr'><strong>erexisse</strong></span> <span class='ocrx_word' id='word_1_523' title='bbox 312 2689 345 2715; x_wconf 66' lang='grc'><strong>⁸⁸.</strong></span> <span class='ocrx_word' id='word_1_524' title='bbox 365 2699 373 2714; x_wconf 82' lang='grc'><strong>1</strong></span> <span class='ocrx_word' id='word_1_525' title='bbox 392 2690 428 2714; x_wconf 86' lang='lat' dir='ltr'><strong>At</strong></span> <span class='ocrx_word' id='word_1_526' title='bbox 443 2697 504 2715; x_wconf 91' lang='lat' dir='ltr'><strong>cum</strong></span> <span class='ocrx_word' id='word_1_527' title='bbox 522 2688 704 2722; x_wconf 80' lang='lat' dir='ltr'><strong>Epimenides,</strong></span> <span class='ocrx_word' id='word_1_528' title='bbox 723 2687 847 2722; x_wconf 80' lang='lat' dir='ltr'><strong>Lycurgo</strong></span> 
     </span>
    </p>
   </div>
   <div class='ocr_carea' id='block_1_74' title="bbox 55 2723 848 2759">
    <p class='ocr_par' dir='ltr' id='par_1_74' title="bbox 55 2723 848 2759">
     <span class='ocr_line' id='line_1_75' title="bbox 55 2723 848 2759; baseline 0 -9"><span class='ocrx_word' id='word_1_529' title='bbox 55 2723 209 2758; x_wconf 77' lang='lat' dir='ltr'><strong>Icgislatori</strong></span> <span class='ocrx_word' id='word_1_530' title='bbox 231 2731 357 2750; x_wconf 71' lang='lat' dir='ltr'><strong>coaevus.</strong></span> <span class='ocrx_word' id='word_1_531' title='bbox 376 2723 651 2759; x_wconf 80' lang='lat' dir='ltr'><strong>circa_0|_vmpiadem</strong></span> <span class='ocrx_word' id='word_1_532' title='bbox 670 2731 731 2750; x_wconf 66' lang='grc' dir='ltr'><strong>κων</strong></span> <span class='ocrx_word' id='word_1_533' title='bbox 747 2723 848 2750; x_wconf 75' lang='lat' dir='ltr'><strong>vixisse</strong></span> 
     </span>
    </p>
   </div>
   <div class='ocr_carea' id='block_1_75' title="bbox 91 2799 887 2852">
    <p class='ocr_par' dir='ltr' id='par_1_75' title="bbox 91 2799 887 2852">
     <span class='ocr_line' id='line_1_76' title="bbox 91 2799 887 2835; baseline 0 -9"><span class='ocrx_word' id='word_1_534' title='bbox 91 2800 115 2816; x_wconf 80' lang='grc'><strong>⁸⁸</strong></span> <span class='ocrx_word' id='word_1_535' title='bbox 142 2799 267 2828; x_wconf 84' lang='lat' dir='ltr'><strong>Lactant.</strong></span> <span class='ocrx_word' id='word_1_536' title='bbox 297 2800 345 2828; x_wconf 84' lang='lat' dir='ltr'><strong>lib.</strong></span> <span class='ocrx_word' id='word_1_537' title='bbox 378 2808 399 2828; x_wconf 88' lang='grc'><strong>11</strong></span> <span class='ocrx_word' id='word_1_538' title='bbox 428 2801 465 2827; x_wconf 87' lang='lat' dir='ltr'><strong>De</strong></span> <span class='ocrx_word' id='word_1_539' title='bbox 494 2800 564 2835; x_wconf 82' lang='lat' dir='ltr'><strong>orig.</strong></span> <span class='ocrx_word' id='word_1_540' title='bbox 595 2801 708 2831; x_wconf 83' lang='lat' dir='ltr'><strong>erroris,</strong></span> <span class='ocrx_word' id='word_1_541' title='bbox 738 2807 801 2835; x_wconf 78' lang='lat' dir='ltr'><strong>pag.</strong></span> <span class='ocrx_word' id='word_1_542' title='bbox 825 2800 887 2827; x_wconf 72' lang='lat'><strong>215.</strong></span> 
     </span>
     <span class='ocr_line' id='line_1_77' title="bbox 91 2835 877 2852; baseline 0 0"><span class='ocrx_word' id='word_1_543' title='bbox 91 2843 166 2852; x_wconf 54' lang='lat' dir='ltr'><strong>non&quot;.-</strong></span> <span class='ocrx_word' id='word_1_544' title='bbox 188 2843 276 2852; x_wconf 73' lang='lat' dir='ltr'><strong>n‘vnnﬂ</strong></span> <span class='ocrx_word' id='word_1_545' title='bbox 316 2843 330 2852; x_wconf 71' lang='grc' dir='ltr'><strong>ρ</strong></span> <span class='ocrx_word' id='word_1_546' title='bbox 356 2836 372 2852; x_wconf 83' lang='grc' dir='ltr'>ο</span> <span class='ocrx_word' id='word_1_547' title='bbox 401 2835 434 2852; x_wconf 64' lang='grc' dir='ltr'><strong>’ξω</strong></span> <span class='ocrx_word' id='word_1_548' title='bbox 450 2836 521 2852; x_wconf 55' lang='grc' dir='ltr'><strong>111ῗῖ</strong></span> <span class='ocrx_word' id='word_1_549' title='bbox 571 2836 595 2852; x_wconf 76' lang='grc' dir='ltr'><strong>ω</strong></span> <span class='ocrx_word' id='word_1_550' title='bbox 615 2835 730 2852; x_wconf 64' lang='lat' dir='ltr'><strong>&quot;ruunan</strong></span> <span class='ocrx_word' id='word_1_551' title='bbox 761 2835 796 2852; x_wconf 59' lang='grc'><strong>111(</strong></span> <span class='ocrx_word' id='word_1_552' title='bbox 827 2842 834 2852; x_wconf 89' lang='lat' dir='ltr'><strong>l</strong></span> <span class='ocrx_word' id='word_1_553' title='bbox 865 2837 877 2852; x_wconf 86' lang='grc' dir='ltr'>κ</span> 
     </span>
    </p>
   </div>
   <div class='ocr_carea' id='block_1_76' title="bbox 598 2835 1136 2947">
    <p class='ocr_par' dir='ltr' id='par_1_76' title="bbox 598 2835 1128 2940">
     <span class='ocr_line' id='line_1_78' title="bbox 615 2835 1119 2871; baseline -0.002 -9"><span class='ocrx_word' id='word_1_554' title='bbox 615 2835 742 2863; x_wconf 86' lang='lat' dir='ltr'><strong>Hcrodot.</strong></span> <span class='ocrx_word' id='word_1_555' title='bbox 761 2835 806 2862; x_wconf 85' lang='lat' dir='ltr'><strong>lib.</strong></span> <span class='ocrx_word' id='word_1_556' title='bbox 826 2842 845 2865; x_wconf 87' lang='grc'><strong>1,</strong></span> <span class='ocrx_word' id='word_1_557' title='bbox 865 2837 877 2871; x_wconf 77' lang='lat'><strong>§</strong></span> <span class='ocrx_word' id='word_1_558' title='bbox 897 2836 943 2863; x_wconf 80' lang='grc'><strong>151</strong></span> <span class='ocrx_word' id='word_1_559' title='bbox 959 2836 1057 2862; x_wconf 67' lang='grc'><strong>01152.</strong></span> <span class='ocrx_word' id='word_1_560' title='bbox 1097 2836 1119 2851; x_wconf 69' lang='grc'>⁸³</span> 
     </span>
     <span class='ocr_line' id='line_1_79' title="bbox 598 2870 1128 2940; baseline -0.002 -7"><span class='ocrx_word' id='word_1_561' title='bbox 1107 2870 1128 2886; x_wconf 84' lang='grc'><strong>’⁷</strong></span> 
     </span>
    </p>
   </div>
   <div class='ocr_carea' id='block_1_77' title="bbox 746 2940 1329 2977">
    <p class='ocr_par' dir='ltr' id='par_1_77' title="bbox 746 2940 1329 2977">
     <span class='ocr_line' id='line_1_80' title="bbox 746 2940 1329 2977; baseline -0.003 -9"><span class='ocrx_word' id='word_1_562' title='bbox 746 2942 766 2957; x_wconf 90' lang='grc'><strong>⁷¹</strong></span> <span class='ocrx_word' id='word_1_563' title='bbox 782 2941 865 2977; x_wconf 72' lang='lat' dir='ltr'><strong>Cyl-il.</strong></span> <span class='ocrx_word' id='word_1_564' title='bbox 880 2941 973 2969; x_wconf 85' lang='lat' dir='ltr'><strong>Contr.</strong></span> <span class='ocrx_word' id='word_1_565' title='bbox 991 2941 1104 2976; x_wconf 75' lang='lat' dir='ltr'><strong>Julian,</strong></span> <span class='ocrx_word' id='word_1_566' title='bbox 1119 2941 1166 2968; x_wconf 91' lang='lat' dir='ltr'><strong>lib.</strong></span> <span class='ocrx_word' id='word_1_567' title='bbox 1185 2949 1211 2974; x_wconf 85' lang='lat' dir='ltr'><strong>x,</strong></span> <span class='ocrx_word' id='word_1_568' title='bbox 1228 2948 1253 2976; x_wconf 90' lang='lat' dir='ltr'><strong>p.</strong></span> <span class='ocrx_word' id='word_1_569' title='bbox 1269 2940 1329 2968; x_wconf 74' lang='grc'><strong>512.</strong></span> 
     </span>
    </p>
   </div>
   <div class='ocr_carea' id='block_1_78' title="bbox 56 2834 531 2870">
    <p class='ocr_par' dir='ltr' id='par_1_78' title="bbox 56 2834 531 2870">
     <span class='ocr_line' id='line_1_81' title="bbox 56 2834 531 2870; baseline -0.002 -8"><span class='ocrx_word' id='word_1_570' title='bbox 56 2834 175 2870; x_wconf 69' lang='lat' dir='ltr'><strong>I’raapar.</strong></span> <span class='ocrx_word' id='word_1_571' title='bbox 188 2843 299 2870; x_wconf 81' lang='lat' dir='ltr'><strong>evang.,</strong></span> <span class='ocrx_word' id='word_1_572' title='bbox 315 2843 340 2862; x_wconf 88' lang='lat' dir='ltr'><strong>c.</strong></span> <span class='ocrx_word' id='word_1_573' title='bbox 356 2836 382 2867; x_wconf 85' lang='lat'><strong>9,</strong></span> <span class='ocrx_word' id='word_1_574' title='bbox 400 2835 435 2862; x_wconf 72' lang='lat'><strong>52</strong></span> <span class='ocrx_word' id='word_1_575' title='bbox 450 2840 477 2862; x_wconf 88' lang='lat' dir='ltr'><strong>et</strong></span> <span class='ocrx_word' id='word_1_576' title='bbox 488 2836 531 2862; x_wconf 73' lang='lat'><strong>55.</strong></span> 
     </span>
    </p>
   </div>
   <div class='ocr_carea' id='block_1_79' title="bbox 56 2870 558 2904">
    <p class='ocr_par' dir='ltr' id='par_1_79' title="bbox 56 2870 558 2904">
     <span class='ocr_line' id='line_1_82' title="bbox 56 2870 558 2904; baseline 0.002 -7"><span class='ocrx_word' id='word_1_577' title='bbox 56 2870 93 2897; x_wconf 78' lang='lat' dir='ltr'><strong>De</strong></span> <span class='ocrx_word' id='word_1_578' title='bbox 111 2873 165 2897; x_wconf 81' lang='lat' dir='ltr'><strong>vita</strong></span> <span class='ocrx_word' id='word_1_579' title='bbox 184 2875 211 2896; x_wconf 87' lang='lat' dir='ltr'><strong>et</strong></span> <span class='ocrx_word' id='word_1_580' title='bbox 238 2871 328 2904; x_wconf 75' lang='lat' dir='ltr'><strong>dogm.</strong></span> <span class='ocrx_word' id='word_1_581' title='bbox 343 2871 454 2904; x_wconf 82' lang='lat' dir='ltr'><strong>philos..</strong></span> <span class='ocrx_word' id='word_1_582' title='bbox 469 2872 482 2902; x_wconf 67' lang='grc' dir='ltr'><strong>ξ</strong></span> <span class='ocrx_word' id='word_1_583' title='bbox 499 2871 558 2898; x_wconf 78' lang='grc'><strong>112.</strong></span> 
     </span>
    </p>
   </div>
   <div class='ocr_carea' id='block_1_80' title="bbox 57 2904 591 2937">
    <p class='ocr_par' dir='ltr' id='par_1_80' title="bbox 57 2904 591 2937">
     <span class='ocr_line' id='line_1_83' title="bbox 57 2904 591 2937; baseline 0 -5"><span class='ocrx_word' id='word_1_584' title='bbox 57 2909 106 2932; x_wconf 87' lang='lat' dir='ltr'><strong>ttn.</strong></span> <span class='ocrx_word' id='word_1_585' title='bbox 159 2905 184 2922; x_wconf 80' lang='grc'>⁸⁸</span> <span class='ocrx_word' id='word_1_586' title='bbox 198 2905 284 2932; x_wconf 81' lang='lat' dir='ltr'><strong>Aulus</strong></span> <span class='ocrx_word' id='word_1_587' title='bbox 301 2904 368 2933; x_wconf 86' lang='lat' dir='ltr'><strong>Gell.</strong></span> <span class='ocrx_word' id='word_1_588' title='bbox 387 2906 433 2932; x_wconf 90' lang='lat' dir='ltr'><strong>lib.</strong></span> <span class='ocrx_word' id='word_1_589' title='bbox 450 2913 504 2937; x_wconf 79' lang='lat' dir='ltr'><strong>xtv,</strong></span> <span class='ocrx_word' id='word_1_590' title='bbox 520 2914 544 2933; x_wconf 92' lang='lat' dir='ltr'><strong>c.</strong></span> <span class='ocrx_word' id='word_1_591' title='bbox 565 2906 591 2932; x_wconf 89' lang='lat'><strong>7.</strong></span> 
     </span>
    </p>
   </div>
   <div class='ocr_carea' id='block_1_81' title="bbox 56 2940 705 2978">
    <p class='ocr_par' dir='ltr' id='par_1_81' title="bbox 56 2940 705 2978">
     <span class='ocr_line' id='line_1_84' title="bbox 56 2940 705 2978; baseline 0 -10"><span class='ocrx_word' id='word_1_592' title='bbox 56 2941 76 2957; x_wconf 84' lang='grc'><strong>⁷³</strong></span> <span class='ocrx_word' id='word_1_593' title='bbox 90 2940 191 2969; x_wconf 85' lang='lat' dir='ltr'><strong>Euseb.</strong></span> <span class='ocrx_word' id='word_1_594' title='bbox 208 2941 255 2968; x_wconf 89' lang='lat' dir='ltr'><strong>lib.</strong></span> <span class='ocrx_word' id='word_1_595' title='bbox 270 2940 389 2976; x_wconf 60' lang='lat' dir='ltr'><strong>Prmpar.</strong></span> <span class='ocrx_word' id='word_1_596' title='bbox 409 2949 516 2978; x_wconf 63' lang='lat' dir='ltr'><strong>evang.</strong></span> <span class='ocrx_word' id='word_1_597' title='bbox 532 2949 556 2968; x_wconf 69' lang='grc' dir='ltr'><strong>(ι.</strong></span> <span class='ocrx_word' id='word_1_598' title='bbox 574 2941 600 2973; x_wconf 82' lang='grc'><strong>6,</strong></span> <span class='ocrx_word' id='word_1_599' title='bbox 619 2950 643 2976; x_wconf 89' lang='lat' dir='ltr'><strong>p.</strong></span> <span class='ocrx_word' id='word_1_600' title='bbox 664 2941 705 2968; x_wconf 87' lang='lat'><strong>7|.</strong></span> 
     </span>
    </p>
   </div>
   <div class='ocr_carea' id='block_1_82' title="bbox 902 305 1390 336">
    <p class='ocr_par' dir='ltr' id='par_1_82' title="bbox 902 305 1390 336">
     <span class='ocr_line' id='line_1_85' title="bbox 902 305 1390 336; baseline -0.002 -4"><span class='ocrx_word' id='word_1_601' title='bbox 902 306 1012 336; x_wconf 82' lang='lat' dir='ltr'><strong>erectis.</strong></span> <span class='ocrx_word' id='word_1_602' title='bbox 1029 305 1113 331; x_wconf 86' lang='lat' dir='ltr'><strong>falsus</strong></span> <span class='ocrx_word' id='word_1_603' title='bbox 1130 313 1191 332; x_wconf 88' lang='lat' dir='ltr'><strong>esse</strong></span> <span class='ocrx_word' id='word_1_604' title='bbox 1208 305 1390 332; x_wconf 82' lang='lat' dir='ltr'><strong>convincitur.</strong></span> 
     </span>
    </p>
   </div>
   <div class='ocr_carea' id='block_1_83' title="bbox 937 339 1685 375">
    <p class='ocr_par' dir='ltr' id='par_1_83' title="bbox 937 339 1685 375">
     <span class='ocr_line' id='line_1_86' title="bbox 937 339 1685 375; baseline 0 -8"><span class='ocrx_word' id='word_1_605' title='bbox 937 341 959 366; x_wconf 76' lang='grc' dir='ltr'><strong>Α</strong></span> <span class='ocrx_word' id='word_1_606' title='bbox 982 348 1047 367; x_wconf 88' lang='lat' dir='ltr'><strong>vero</strong></span> <span class='ocrx_word' id='word_1_607' title='bbox 1065 340 1155 374; x_wconf 85' lang='lat' dir='ltr'><strong>itaque</strong></span> <span class='ocrx_word' id='word_1_608' title='bbox 1177 340 1195 366; x_wconf 95' lang='lat' dir='ltr'><strong>ii</strong></span> <span class='ocrx_word' id='word_1_609' title='bbox 1221 340 1334 367; x_wconf 77' lang='lat' dir='ltr'><strong>forsitan</strong></span> <span class='ocrx_word' id='word_1_610' title='bbox 1358 340 1447 367; x_wconf 89' lang='lat' dir='ltr'><strong>minus</strong></span> <span class='ocrx_word' id='word_1_611' title='bbox 1472 339 1623 371; x_wconf 81' lang='lat' dir='ltr'><strong>recedunt,</strong></span> <span class='ocrx_word' id='word_1_612' title='bbox 1639 340 1685 375; x_wconf 86' lang='lat' dir='ltr'><strong>qui</strong></span> 
     </span>
    </p>
   </div>
   <div class='ocr_carea' id='block_1_84' title="bbox 901 375 1686 410">
    <p class='ocr_par' dir='ltr' id='par_1_84' title="bbox 901 375 1686 410">
     <span class='ocr_line' id='line_1_87' title="bbox 901 375 1686 410; baseline 0.001 -9"><span class='ocrx_word' id='word_1_613' title='bbox 901 375 980 409; x_wconf 84' lang='lat' dir='ltr'><strong>longe</strong></span> <span class='ocrx_word' id='word_1_614' title='bbox 994 379 1053 410; x_wconf 88' lang='lat' dir='ltr'><strong>post</strong></span> <span class='ocrx_word' id='word_1_615' title='bbox 1069 378 1205 409; x_wconf 80' lang='lat' dir='ltr'><strong>receptam</strong></span> <span class='ocrx_word' id='word_1_616' title='bbox 1221 375 1254 401; x_wconf 80' lang='lat' dir='ltr'><strong>de</strong></span> <span class='ocrx_word' id='word_1_617' title='bbox 1272 375 1395 409; x_wconf 88' lang='lat' dir='ltr'><strong>pluribus</strong></span> <span class='ocrx_word' id='word_1_618' title='bbox 1408 375 1462 402; x_wconf 90' lang='lat' dir='ltr'><strong>diis</strong></span> <span class='ocrx_word' id='word_1_619' title='bbox 1477 376 1646 410; x_wconf 83' lang='lat' dir='ltr'><strong>opinionem,</strong></span> <span class='ocrx_word' id='word_1_620' title='bbox 1659 379 1686 402; x_wconf 84' lang='lat' dir='ltr'><strong>et</strong></span> 
     </span>
    </p>
   </div>
   <div class='ocr_carea' id='block_1_85' title="bbox 901 409 1686 444">
    <p class='ocr_par' dir='ltr' id='par_1_85' title="bbox 901 409 1686 444">
     <span class='ocr_line' id='line_1_88' title="bbox 901 409 1686 444; baseline 0 -8"><span class='ocrx_word' id='word_1_621' title='bbox 901 409 1017 437; x_wconf 73' lang='lat' dir='ltr'><strong>fortasse</strong></span> <span class='ocrx_word' id='word_1_622' title='bbox 1033 415 1092 444; x_wconf 89' lang='lat' dir='ltr'><strong>post</strong></span> <span class='ocrx_word' id='word_1_623' title='bbox 1110 410 1220 436; x_wconf 83' lang='lat' dir='ltr'><strong>fundata</strong></span> <span class='ocrx_word' id='word_1_624' title='bbox 1239 410 1411 444; x_wconf 82' lang='lat' dir='ltr'><strong>stabilitaque</strong></span> <span class='ocrx_word' id='word_1_625' title='bbox 1423 410 1510 444; x_wconf 80' lang='lat' dir='ltr'><strong>prima</strong></span> <span class='ocrx_word' id='word_1_626' title='bbox 1525 418 1618 444; x_wconf 72' lang='lat' dir='ltr'><strong>regum</strong></span> <span class='ocrx_word' id='word_1_627' title='bbox 1634 411 1686 436; x_wconf 83' lang='lat' dir='ltr'><strong>int-</strong></span> 
     </span>
    </p>
   </div>
   <div class='ocr_carea' id='block_1_86' title="bbox 900 446 1686 480">
    <p class='ocr_par' dir='ltr' id='par_1_86' title="bbox 900 446 1686 480">
     <span class='ocr_line' id='line_1_89' title="bbox 900 446 1686 480; baseline 0.001 -9"><span class='ocrx_word' id='word_1_628' title='bbox 900 446 974 479; x_wconf 90' lang='lat' dir='ltr'><strong>peria</strong></span> <span class='ocrx_word' id='word_1_629' title='bbox 991 446 1180 479; x_wconf 78' lang='lat' dir='ltr'><strong>assignandam</strong></span> <span class='ocrx_word' id='word_1_630' title='bbox 1204 449 1299 478; x_wconf 81' lang='lat' dir='ltr'><strong>putant</strong></span> <span class='ocrx_word' id='word_1_631' title='bbox 1322 446 1482 479; x_wconf 86' lang='lat' dir='ltr'><strong>templorum</strong></span> <span class='ocrx_word' id='word_1_632' title='bbox 1501 446 1632 480; x_wconf 80' lang='lat' dir='ltr'><strong>originem</strong></span> <span class='ocrx_word' id='word_1_633' title='bbox 1659 450 1686 471; x_wconf 83' lang='lat' dir='ltr'><strong>et</strong></span> 
     </span>
    </p>
   </div>
   <div class='ocr_carea' id='block_1_87' title="bbox 901 480 1684 515">
    <p class='ocr_par' dir='ltr' id='par_1_87' title="bbox 901 480 1684 515">
     <span class='ocr_line' id='line_1_90' title="bbox 901 480 1684 515; baseline 0.001 -10"><span class='ocrx_word' id='word_1_634' title='bbox 901 480 1075 514; x_wconf 85' lang='lat' dir='ltr'><strong>principium.</strong></span> <span class='ocrx_word' id='word_1_635' title='bbox 1088 480 1123 506; x_wconf 82' lang='lat' dir='ltr'><strong>Ea</strong></span> <span class='ocrx_word' id='word_1_636' title='bbox 1137 488 1202 507; x_wconf 86' lang='lat' dir='ltr'><strong>sane</strong></span> <span class='ocrx_word' id='word_1_637' title='bbox 1213 480 1386 507; x_wconf 82' lang='lat' dir='ltr'><strong>videturesse</strong></span> <span class='ocrx_word' id='word_1_638' title='bbox 1397 480 1524 515; x_wconf 79' lang='lat' dir='ltr'><strong>Cypriani</strong></span> <span class='ocrx_word' id='word_1_639' title='bbox 1538 481 1684 512; x_wconf 83' lang='lat' dir='ltr'><strong>sententia,</strong></span> 
     </span>
    </p>
   </div>
   <div class='ocr_carea' id='block_1_88' title="bbox 901 515 1680 549">
    <p class='ocr_par' dir='ltr' id='par_1_88' title="bbox 901 515 1680 549">
     <span class='ocr_line' id='line_1_91' title="bbox 901 515 1680 549; baseline 0.001 -9"><span class='ocrx_word' id='word_1_640' title='bbox 901 523 981 549; x_wconf 85' lang='lat' dir='ltr'><strong>quam</strong></span> <span class='ocrx_word' id='word_1_641' title='bbox 999 516 1042 542; x_wconf 88' lang='lat' dir='ltr'><strong>ille</strong></span> <span class='ocrx_word' id='word_1_642' title='bbox 1059 516 1135 541; x_wconf 90' lang='lat' dir='ltr'><strong>initio</strong></span> <span class='ocrx_word' id='word_1_643' title='bbox 1152 515 1213 541; x_wconf 85' lang='lat' dir='ltr'><strong>libri</strong></span> <span class='ocrx_word' id='word_1_644' title='bbox 1235 515 1273 541; x_wconf 80' lang='lat' dir='ltr'><strong>De</strong></span> <span class='ocrx_word' id='word_1_645' title='bbox 1289 515 1419 541; x_wconf 76' lang='lat' dir='ltr'><strong>idolorum</strong></span> <span class='ocrx_word' id='word_1_646' title='bbox 1437 516 1552 542; x_wconf 73' lang='lat' dir='ltr'><strong>vanitate</strong></span> <span class='ocrx_word' id='word_1_647' title='bbox 1575 517 1614 542; x_wconf 89' lang='lat' dir='ltr'><strong>sic</strong></span> <span class='ocrx_word' id='word_1_648' title='bbox 1631 515 1680 541; x_wconf 82' lang='lat' dir='ltr'><strong>de—</strong></span> 
     </span>
    </p>
   </div>
   <div class='ocr_carea' id='block_1_89' title="bbox 901 549 1684 585">
    <p class='ocr_par' dir='ltr' id='par_1_89' title="bbox 901 549 1684 585">
     <span class='ocr_line' id='line_1_92' title="bbox 901 549 1684 585; baseline 0 -9"><span class='ocrx_word' id='word_1_649' title='bbox 901 551 1002 577; x_wconf 82' lang='lat' dir='ltr'><strong>clarat:</strong></span> <span class='ocrx_word' id='word_1_650' title='bbox 1026 560 1034 575; x_wconf 76' lang='grc' dir='ltr'>ι</span> <span class='ocrx_word' id='word_1_651' title='bbox 1045 549 1132 584; x_wconf 78' lang='lat' dir='ltr'><strong>Reges</strong></span> <span class='ocrx_word' id='word_1_652' title='bbox 1149 550 1213 576; x_wconf 89' lang='lat' dir='ltr'><strong>olitn</strong></span> <span class='ocrx_word' id='word_1_653' title='bbox 1229 551 1356 581; x_wconf 84' lang='lat' dir='ltr'><strong>fuerunt,</strong></span> <span class='ocrx_word' id='word_1_654' title='bbox 1373 551 1419 584; x_wconf 90' lang='lat' dir='ltr'><strong>qui</strong></span> <span class='ocrx_word' id='word_1_655' title='bbox 1435 551 1470 576; x_wconf 91' lang='lat' dir='ltr'><strong>ob</strong></span> <span class='ocrx_word' id='word_1_656' title='bbox 1491 551 1607 585; x_wconf 77' lang='lat' dir='ltr'><strong>regalem</strong></span> <span class='ocrx_word' id='word_1_657' title='bbox 1625 557 1684 576; x_wconf 85' lang='lat' dir='ltr'><strong>tlte-</strong></span> 
     </span>
    </p>
   </div>
   <div class='ocr_carea' id='block_1_90' title="bbox 901 585 1684 619">
    <p class='ocr_par' dir='ltr' id='par_1_90' title="bbox 901 585 1684 619">
     <span class='ocr_line' id='line_1_93' title="bbox 901 585 1684 619; baseline 0 -7"><span class='ocrx_word' id='word_1_658' title='bbox 901 586 1014 612; x_wconf 85' lang='lat' dir='ltr'><strong>ntoriaut</strong></span> <span class='ocrx_word' id='word_1_659' title='bbox 1031 585 1083 611; x_wconf 88' lang='lat' dir='ltr'><strong>coli</strong></span> <span class='ocrx_word' id='word_1_660' title='bbox 1101 585 1170 619; x_wconf 89' lang='lat' dir='ltr'><strong>apttd</strong></span> <span class='ocrx_word' id='word_1_661' title='bbox 1191 593 1255 611; x_wconf 91' lang='lat' dir='ltr'><strong>suos</strong></span> <span class='ocrx_word' id='word_1_662' title='bbox 1270 586 1440 619; x_wconf 88' lang='lat' dir='ltr'><strong>postmodum</strong></span> <span class='ocrx_word' id='word_1_663' title='bbox 1454 585 1535 612; x_wconf 88' lang='lat' dir='ltr'><strong>etiatu</strong></span> <span class='ocrx_word' id='word_1_664' title='bbox 1555 586 1580 612; x_wconf 94' lang='lat' dir='ltr'><strong>in</strong></span> <span class='ocrx_word' id='word_1_665' title='bbox 1596 589 1684 612; x_wconf 86' lang='lat' dir='ltr'><strong>morte</strong></span> 
     </span>
    </p>
   </div>
   <div class='ocr_carea' id='block_1_91' title="bbox 901 619 1685 654">
    <p class='ocr_par' dir='ltr' id='par_1_91' title="bbox 901 619 1685 654">
     <span class='ocr_line' id='line_1_94' title="bbox 901 619 1685 654; baseline 0 -8"><span class='ocrx_word' id='word_1_666' title='bbox 901 624 1052 654; x_wconf 77' lang='lat' dir='ltr'><strong>cmperuut.</strong></span> <span class='ocrx_word' id='word_1_667' title='bbox 1064 619 1127 647; x_wconf 86' lang='lat' dir='ltr'><strong>lude</strong></span> <span class='ocrx_word' id='word_1_668' title='bbox 1138 620 1191 647; x_wconf 91' lang='lat' dir='ltr'><strong>illis</strong></span> <span class='ocrx_word' id='word_1_669' title='bbox 1202 620 1325 647; x_wconf 88' lang='lat' dir='ltr'><strong>instituta</strong></span> <span class='ocrx_word' id='word_1_670' title='bbox 1338 621 1453 654; x_wconf 84' lang='lat' dir='ltr'><strong>templa;</strong></span> <span class='ocrx_word' id='word_1_671' title='bbox 1468 620 1529 647; x_wconf 87' lang='lat' dir='ltr'><strong>inde</strong></span> <span class='ocrx_word' id='word_1_672' title='bbox 1544 621 1576 647; x_wconf 90' lang='lat' dir='ltr'><strong>ad</strong></span> <span class='ocrx_word' id='word_1_673' title='bbox 1591 620 1685 647; x_wconf 85' lang='lat' dir='ltr'><strong>defun-</strong></span> 
     </span>
    </p>
   </div>
   <div class='ocr_carea' id='block_1_92' title="bbox 901 655 1684 689">
    <p class='ocr_par' dir='ltr' id='par_1_92' title="bbox 901 655 1684 689">
     <span class='ocr_line' id='line_1_95' title="bbox 901 655 1684 689; baseline 0.003 -9"><span class='ocrx_word' id='word_1_674' title='bbox 901 659 1007 681; x_wconf 88' lang='lat' dir='ltr'><strong>ctorum</strong></span> <span class='ocrx_word' id='word_1_675' title='bbox 1024 657 1124 684; x_wconf 85' lang='lat' dir='ltr'><strong>vultus.</strong></span> <span class='ocrx_word' id='word_1_676' title='bbox 1143 663 1189 689; x_wconf 84' lang='lat' dir='ltr'><strong>per</strong></span> <span class='ocrx_word' id='word_1_677' title='bbox 1203 655 1346 689; x_wconf 78' lang='lat' dir='ltr'><strong>imaginem</strong></span> <span class='ocrx_word' id='word_1_678' title='bbox 1363 655 1533 687; x_wconf 79' lang='lat' dir='ltr'><strong>dctincndos,</strong></span> <span class='ocrx_word' id='word_1_679' title='bbox 1552 663 1684 689; x_wconf 81' lang='lat' dir='ltr'><strong>expressa</strong></span> 
     </span>
    </p>
   </div>
   <div class='ocr_carea' id='block_1_93' title="bbox 901 690 1684 724">
    <p class='ocr_par' dir='ltr' id='par_1_93' title="bbox 901 690 1684 724">
     <span class='ocr_line' id='line_1_96' title="bbox 901 690 1684 724; baseline 0.003 -9"><span class='ocrx_word' id='word_1_680' title='bbox 901 690 1059 721; x_wconf 82' lang='lat' dir='ltr'><strong>simulacra,</strong></span> <span class='ocrx_word' id='word_1_681' title='bbox 1082 690 1181 724; x_wconf 88' lang='lat' dir='ltr'><strong>quibus</strong></span> <span class='ocrx_word' id='word_1_682' title='bbox 1197 694 1224 716; x_wconf 79' lang='lat' dir='ltr'><strong>ct</strong></span> <span class='ocrx_word' id='word_1_683' title='bbox 1248 690 1423 716; x_wconf 88' lang='lat' dir='ltr'><strong>immolabant</strong></span> <span class='ocrx_word' id='word_1_684' title='bbox 1445 690 1560 720; x_wconf 79' lang='lat' dir='ltr'><strong>hostias.</strong></span> <span class='ocrx_word' id='word_1_685' title='bbox 1578 694 1605 717; x_wconf 86' lang='lat' dir='ltr'><strong>et</strong></span> <span class='ocrx_word' id='word_1_686' title='bbox 1625 690 1684 717; x_wconf 89' lang='lat' dir='ltr'><strong>dies</strong></span> 
     </span>
    </p>
   </div>
   <div class='ocr_carea' id='block_1_94' title="bbox 902 724 1684 760">
    <p class='ocr_par' dir='ltr' id='par_1_94' title="bbox 902 724 1684 760">
     <span class='ocr_line' id='line_1_97' title="bbox 902 724 1684 760; baseline 0.001 -9"><span class='ocrx_word' id='word_1_687' title='bbox 902 724 985 751; x_wconf 77' lang='lat' dir='ltr'><strong>festos</strong></span> <span class='ocrx_word' id='word_1_688' title='bbox 997 725 1085 752; x_wconf 86' lang='lat' dir='ltr'><strong>dando</strong></span> <span class='ocrx_word' id='word_1_689' title='bbox 1097 726 1214 752; x_wconf 88' lang='lat' dir='ltr'><strong>honores</strong></span> <span class='ocrx_word' id='word_1_690' title='bbox 1223 725 1395 752; x_wconf 86' lang='lat' dir='ltr'><strong>celebrabant</strong></span> <span class='ocrx_word' id='word_1_691' title='bbox 1405 725 1482 758; x_wconf 49' lang='lat' dir='ltr'><strong>finde</strong></span> <span class='ocrx_word' id='word_1_692' title='bbox 1492 725 1684 760; x_wconf 71' lang='lat' dir='ltr'><strong>posterisfacta</strong></span> 
     </span>
    </p>
   </div>
   <div class='ocr_carea' id='block_1_95' title="bbox 902 760 1681 794">
    <p class='ocr_par' dir='ltr' id='par_1_95' title="bbox 902 760 1681 794">
     <span class='ocr_line' id='line_1_98' title="bbox 902 760 1681 794; baseline 0 -8"><span class='ocrx_word' id='word_1_693' title='bbox 902 764 965 786; x_wconf 90' lang='lat' dir='ltr'><strong>sunt</strong></span> <span class='ocrx_word' id='word_1_694' title='bbox 979 767 1067 790; x_wconf 74' lang='lat' dir='ltr'><strong>sacra,</strong></span> <span class='ocrx_word' id='word_1_695' title='bbox 1077 768 1138 794; x_wconf 73' lang='lat' dir='ltr'><strong>qua:</strong></span> <span class='ocrx_word' id='word_1_696' title='bbox 1148 760 1243 792; x_wconf 89' lang='lat' dir='ltr'><strong>primis</strong></span> <span class='ocrx_word' id='word_1_697' title='bbox 1252 760 1361 787; x_wconf 89' lang='lat' dir='ltr'><strong>fuerunt</strong></span> <span class='ocrx_word' id='word_1_698' title='bbox 1371 765 1510 794; x_wconf 83' lang='lat' dir='ltr'><strong>assumpta</strong></span> <span class='ocrx_word' id='word_1_699' title='bbox 1520 761 1615 788; x_wconf 86' lang='lat' dir='ltr'><strong>solatia</strong></span> <span class='ocrx_word' id='word_1_700' title='bbox 1627 761 1664 787; x_wconf 77' lang='grc'><strong>⁸⁸.</strong></span> <span class='ocrx_word' id='word_1_701' title='bbox 1672 769 1681 786; x_wconf 87' lang='grc'><strong>1</strong></span> 
     </span>
    </p>
   </div>
   <div class='ocr_carea' id='block_1_96' title="bbox 903 793 1683 829">
    <p class='ocr_par' dir='ltr' id='par_1_96' title="bbox 903 793 1683 829">
     <span class='ocr_line' id='line_1_99' title="bbox 903 793 1683 829; baseline 0.001 -9"><span class='ocrx_word' id='word_1_702' title='bbox 903 793 930 821; x_wconf 91' lang='lat' dir='ltr'><strong>Si</strong></span> <span class='ocrx_word' id='word_1_703' title='bbox 942 795 1004 829; x_wconf 86' lang='lat' dir='ltr'><strong>quis</strong></span> <span class='ocrx_word' id='word_1_704' title='bbox 1015 793 1104 822; x_wconf 83' lang='lat' dir='ltr'><strong>tamen</strong></span> <span class='ocrx_word' id='word_1_705' title='bbox 1122 795 1186 821; x_wconf 88' lang='lat' dir='ltr'><strong>velit</strong></span> <span class='ocrx_word' id='word_1_706' title='bbox 1200 799 1344 829; x_wconf 87' lang='lat' dir='ltr'><strong>antequam</strong></span> <span class='ocrx_word' id='word_1_707' title='bbox 1358 795 1384 821; x_wconf 91' lang='lat' dir='ltr'><strong>in</strong></span> <span class='ocrx_word' id='word_1_708' title='bbox 1396 793 1500 829; x_wconf 83' lang='lat' dir='ltr'><strong>regum,</strong></span> <span class='ocrx_word' id='word_1_709' title='bbox 1514 800 1543 822; x_wconf 90' lang='lat' dir='ltr'><strong>ut</strong></span> <span class='ocrx_word' id='word_1_710' title='bbox 1555 795 1683 826; x_wconf 84' lang='lat' dir='ltr'><strong>vidimus,</strong></span> 
     </span>
    </p>
   </div>
   <div class='ocr_carea' id='block_1_97' title="bbox 901 830 1684 865">
    <p class='ocr_par' dir='ltr' id='par_1_97' title="bbox 901 830 1684 865">
     <span class='ocr_line' id='line_1_100' title="bbox 901 830 1684 865; baseline 0.003 -10"><span class='ocrx_word' id='word_1_711' title='bbox 901 830 1031 856; x_wconf 87' lang='lat' dir='ltr'><strong>honorem</strong></span> <span class='ocrx_word' id='word_1_712' title='bbox 1057 830 1101 856; x_wconf 92' lang='lat' dir='ltr'><strong>illa</strong></span> <span class='ocrx_word' id='word_1_713' title='bbox 1128 830 1233 864; x_wconf 78' lang='lat' dir='ltr'><strong>magnis</strong></span> <span class='ocrx_word' id='word_1_714' title='bbox 1257 830 1410 864; x_wconf 83' lang='lat' dir='ltr'><strong>sumptibus</strong></span> <span class='ocrx_word' id='word_1_715' title='bbox 1433 834 1459 857; x_wconf 91' lang='lat' dir='ltr'><strong>et</strong></span> <span class='ocrx_word' id='word_1_716' title='bbox 1484 831 1684 865; x_wconf 78' lang='lat' dir='ltr'><strong>magnificentia</strong></span> 
     </span>
    </p>
   </div>
   <div class='ocr_carea' id='block_1_98' title="bbox 901 865 1685 899">
    <p class='ocr_par' dir='ltr' id='par_1_98' title="bbox 901 865 1685 899">
     <span class='ocr_line' id='line_1_101' title="bbox 901 865 1685 899; baseline 0.003 -9"><span class='ocrx_word' id='word_1_717' title='bbox 901 865 984 899; x_wconf 85' lang='lat' dir='ltr'><strong>regali</strong></span> <span class='ocrx_word' id='word_1_718' title='bbox 1000 865 1200 892; x_wconf 76' lang='lat' dir='ltr'><strong>:edilicarentur</strong></span> <span class='ocrx_word' id='word_1_719' title='bbox 1212 886 1220 896; x_wconf 85' lang='lat'><strong>,</strong></span> <span class='ocrx_word' id='word_1_720' title='bbox 1236 865 1397 899; x_wconf 87' lang='lat' dir='ltr'><strong>quibusdatn</strong></span> <span class='ocrx_word' id='word_1_721' title='bbox 1419 866 1445 891; x_wconf 94' lang='lat' dir='ltr'><strong>in</strong></span> <span class='ocrx_word' id='word_1_722' title='bbox 1463 865 1529 892; x_wconf 85' lang='lat' dir='ltr'><strong>locis</strong></span> <span class='ocrx_word' id='word_1_723' title='bbox 1541 886 1548 897; x_wconf 88' lang='lat'><strong>,</strong></span> <span class='ocrx_word' id='word_1_724' title='bbox 1567 874 1598 892; x_wconf 85' lang='lat' dir='ltr'><strong>ac</strong></span> <span class='ocrx_word' id='word_1_725' title='bbox 1615 874 1685 892; x_wconf 88' lang='lat' dir='ltr'><strong>non-</strong></span> 
     </span>
    </p>
   </div>
   <div class='ocr_carea' id='block_1_99' title="bbox 901 900 1684 935">
    <p class='ocr_par' dir='ltr' id='par_1_99' title="bbox 901 900 1684 935">
     <span class='ocr_line' id='line_1_102' title="bbox 901 900 1684 935; baseline -0.001 -9"><span class='ocrx_word' id='word_1_726' title='bbox 901 901 983 927; x_wconf 90' lang='lat' dir='ltr'><strong>nullis</strong></span> <span class='ocrx_word' id='word_1_727' title='bbox 998 900 1095 926; x_wconf 79' lang='lat' dir='ltr'><strong>deinde</strong></span> <span class='ocrx_word' id='word_1_728' title='bbox 1112 900 1226 934; x_wconf 82' lang='lat' dir='ltr'><strong>privatis</strong></span> <span class='ocrx_word' id='word_1_729' title='bbox 1243 902 1268 926; x_wconf 92' lang='lat' dir='ltr'><strong>in</strong></span> <span class='ocrx_word' id='word_1_730' title='bbox 1290 901 1409 931; x_wconf 67' lang='lat' dir='ltr'><strong>(edibus,</strong></span> <span class='ocrx_word' id='word_1_731' title='bbox 1426 908 1485 934; x_wconf 74' lang='lat' dir='ltr'><strong>qua:</strong></span> <span class='ocrx_word' id='word_1_732' title='bbox 1502 901 1599 935; x_wconf 83' lang='lat' dir='ltr'><strong>templa</strong></span> <span class='ocrx_word' id='word_1_733' title='bbox 1616 909 1684 935; x_wconf 87' lang='lat' dir='ltr'><strong>quo-</strong></span> 
     </span>
    </p>
   </div>
   <div class='ocr_carea' id='block_1_100' title="bbox 901 935 1683 969">
    <p class='ocr_par' dir='ltr' id='par_1_100' title="bbox 901 935 1683 969">
     <span class='ocr_line' id='line_1_103' title="bbox 901 935 1683 969; baseline 0.003 -9"><span class='ocrx_word' id='word_1_734' title='bbox 901 943 952 968; x_wconf 84' lang='lat' dir='ltr'><strong>que</strong></span> <span class='ocrx_word' id='word_1_735' title='bbox 966 935 1098 969; x_wconf 84' lang='lat' dir='ltr'><strong>appellata</strong></span> <span class='ocrx_word' id='word_1_736' title='bbox 1116 936 1234 964; x_wconf 81' lang='lat' dir='ltr'><strong>fuerunt.</strong></span> <span class='ocrx_word' id='word_1_737' title='bbox 1251 936 1332 962; x_wconf 88' lang='lat' dir='ltr'><strong>astris</strong></span> <span class='ocrx_word' id='word_1_738' title='bbox 1357 940 1382 961; x_wconf 91' lang='lat' dir='ltr'><strong>et</strong></span> <span class='ocrx_word' id='word_1_739' title='bbox 1395 936 1500 969; x_wconf 78' lang='lat' dir='ltr'><strong>primis.</strong></span> <span class='ocrx_word' id='word_1_740' title='bbox 1514 939 1541 962; x_wconf 88' lang='lat' dir='ltr'><strong>ut</strong></span> <span class='ocrx_word' id='word_1_741' title='bbox 1553 936 1683 966; x_wconf 80' lang='lat' dir='ltr'><strong>diximus,</strong></span> 
     </span>
    </p>
   </div>
   <div class='ocr_carea' id='block_1_101' title="bbox 902 970 1684 1004">
    <p class='ocr_par' dir='ltr' id='par_1_101' title="bbox 902 970 1684 1004">
     <span class='ocr_line' id='line_1_104' title="bbox 902 970 1684 1004; baseline 0 -8"><span class='ocrx_word' id='word_1_742' title='bbox 902 970 954 997; x_wconf 85' lang='lat' dir='ltr'><strong>diis</strong></span> <span class='ocrx_word' id='word_1_743' title='bbox 966 970 1056 996; x_wconf 88' lang='lat' dir='ltr'><strong>oblata</strong></span> <span class='ocrx_word' id='word_1_744' title='bbox 1075 970 1161 998; x_wconf 86' lang='lat' dir='ltr'><strong>fuisse</strong></span> <span class='ocrx_word' id='word_1_745' title='bbox 1175 970 1318 1001; x_wconf 80' lang='lat' dir='ltr'><strong>sacrificia.</strong></span> <span class='ocrx_word' id='word_1_746' title='bbox 1338 970 1419 1004; x_wconf 88' lang='lat' dir='ltr'><strong>idque</strong></span> <span class='ocrx_word' id='word_1_747' title='bbox 1435 971 1518 997; x_wconf 82' lang='lat' dir='ltr'><strong>certis</strong></span> <span class='ocrx_word' id='word_1_748' title='bbox 1534 971 1684 1004; x_wconf 78' lang='lat' dir='ltr'><strong>validisque</strong></span> 
     </span>
    </p>
   </div>
   <div class='ocr_carea' id='block_1_102' title="bbox 901 1005 1684 1039">
    <p class='ocr_par' dir='ltr' id='par_1_102' title="bbox 901 1005 1684 1039">
     <span class='ocr_line' id='line_1_105' title="bbox 901 1005 1684 1039; baseline 0.001 -9"><span class='ocrx_word' id='word_1_749' title='bbox 901 1005 1059 1039; x_wconf 84' lang='lat' dir='ltr'><strong>probaverit</strong></span> <span class='ocrx_word' id='word_1_750' title='bbox 1071 1005 1234 1035; x_wconf 83' lang='lat' dir='ltr'><strong>rationibus.</strong></span> <span class='ocrx_word' id='word_1_751' title='bbox 1246 1013 1296 1031; x_wconf 88' lang='lat' dir='ltr'><strong>nos</strong></span> <span class='ocrx_word' id='word_1_752' title='bbox 1309 1013 1385 1032; x_wconf 87' lang='lat' dir='ltr'><strong>suam</strong></span> <span class='ocrx_word' id='word_1_753' title='bbox 1399 1006 1426 1032; x_wconf 89' lang='lat' dir='ltr'><strong>in</strong></span> <span class='ocrx_word' id='word_1_754' title='bbox 1439 1007 1600 1032; x_wconf 76' lang='lat' dir='ltr'><strong>sententiam</strong></span> <span class='ocrx_word' id='word_1_755' title='bbox 1613 1005 1684 1032; x_wconf 84' lang='lat' dir='ltr'><strong>haud</strong></span> 
     </span>
    </p>
   </div>
   <div class='ocr_carea' id='block_1_103' title="bbox 901 1040 1685 1074">
    <p class='ocr_par' dir='ltr' id='par_1_103' title="bbox 901 1040 1685 1074">
     <span class='ocr_line' id='line_1_106' title="bbox 901 1040 1685 1074; baseline 0.001 -8"><span class='ocrx_word' id='word_1_756' title='bbox 901 1048 971 1074; x_wconf 74' lang='lat' dir='ltr'><strong>agre</strong></span> <span class='ocrx_word' id='word_1_757' title='bbox 987 1041 1134 1074; x_wconf 79' lang='lat' dir='ltr'><strong>pertrahet.</strong></span> <span class='ocrx_word' id='word_1_758' title='bbox 1153 1040 1294 1066; x_wconf 87' lang='lat' dir='ltr'><strong>Testattttn</strong></span> <span class='ocrx_word' id='word_1_759' title='bbox 1309 1041 1407 1074; x_wconf 71' lang='lat' dir='ltr'><strong>etenim</strong></span> <span class='ocrx_word' id='word_1_760' title='bbox 1427 1041 1510 1067; x_wconf 76' lang='lat' dir='ltr'><strong>\‘arm</strong></span> <span class='ocrx_word' id='word_1_761' title='bbox 1526 1040 1589 1067; x_wconf 79' lang='lat' dir='ltr'><strong>facit</strong></span> <span class='ocrx_word' id='word_1_762' title='bbox 1604 1041 1685 1067; x_wconf 86' lang='lat' dir='ltr'><strong>editis</strong></span> 
     </span>
    </p>
   </div>
   <div class='ocr_carea' id='block_1_104' title="bbox 901 1073 1685 1109">
    <p class='ocr_par' dir='ltr' id='par_1_104' title="bbox 901 1073 1685 1109">
     <span class='ocr_line' id='line_1_107' title="bbox 901 1073 1685 1109; baseline 0.001 -8"><span class='ocrx_word' id='word_1_763' title='bbox 901 1073 1062 1109; x_wconf 75' lang='lat' dir='ltr'><strong>quibusdam</strong></span> <span class='ocrx_word' id='word_1_764' title='bbox 1087 1075 1152 1103; x_wconf 79' lang='lat' dir='ltr'><strong>locis</strong></span> <span class='ocrx_word' id='word_1_765' title='bbox 1167 1095 1173 1105; x_wconf 87' lang='lat'><strong>,</strong></span> <span class='ocrx_word' id='word_1_766' title='bbox 1190 1079 1215 1101; x_wconf 88' lang='lat' dir='ltr'><strong>ct</strong></span> <span class='ocrx_word' id='word_1_767' title='bbox 1234 1075 1285 1101; x_wconf 88' lang='lat' dir='ltr'><strong>sub</strong></span> <span class='ocrx_word' id='word_1_768' title='bbox 1301 1073 1348 1101; x_wconf 90' lang='lat' dir='ltr'><strong>dio</strong></span> <span class='ocrx_word' id='word_1_769' title='bbox 1372 1076 1484 1109; x_wconf 78' lang='lat' dir='ltr'><strong>positis,</strong></span> <span class='ocrx_word' id='word_1_770' title='bbox 1506 1076 1551 1102; x_wconf 92' lang='lat' dir='ltr'><strong>ubi</strong></span> <span class='ocrx_word' id='word_1_771' title='bbox 1568 1083 1685 1109; x_wconf 76' lang='lat' dir='ltr'><strong>augures</strong></span> 
     </span>
    </p>
   </div>
   <div class='ocr_carea' id='block_1_105' title="bbox 901 1110 1685 1144">
    <p class='ocr_par' dir='ltr' id='par_1_105' title="bbox 901 1110 1685 1144">
     <span class='ocr_line' id='line_1_108' title="bbox 901 1110 1685 1144; baseline -0.001 -8"><span class='ocrx_word' id='word_1_772' title='bbox 901 1111 992 1136; x_wconf 88' lang='lat' dir='ltr'><strong>aviunt</strong></span> <span class='ocrx_word' id='word_1_773' title='bbox 1005 1110 1111 1136; x_wconf 86' lang='lat' dir='ltr'><strong>volatus</strong></span> <span class='ocrx_word' id='word_1_774' title='bbox 1123 1110 1315 1139; x_wconf 73' lang='lat' dir='ltr'><strong>olservalmut.</strong></span> <span class='ocrx_word' id='word_1_775' title='bbox 1327 1110 1483 1144; x_wconf 86' lang='lat' dir='ltr'><strong>impositum</strong></span> <span class='ocrx_word' id='word_1_776' title='bbox 1497 1111 1581 1137; x_wconf 84' lang='lat' dir='ltr'><strong>fuisse</strong></span> <span class='ocrx_word' id='word_1_777' title='bbox 1593 1110 1685 1144; x_wconf 88' lang='lat' dir='ltr'><strong>templi</strong></span> 
     </span>
    </p>
   </div>
   <div class='ocr_carea' id='block_1_106' title="bbox 901 1144 1686 1179">
    <p class='ocr_par' dir='ltr' id='par_1_106' title="bbox 901 1144 1686 1179">
     <span class='ocr_line' id='line_1_109' title="bbox 901 1144 1686 1179; baseline -0.001 -7"><span class='ocrx_word' id='word_1_778' title='bbox 901 1153 1014 1172; x_wconf 84' lang='lat' dir='ltr'><strong>nomen:</strong></span> <span class='ocrx_word' id='word_1_779' title='bbox 1028 1155 1036 1170; x_wconf 88' lang='grc'><strong>(</strong></span> <span class='ocrx_word' id='word_1_780' title='bbox 1048 1144 1201 1179; x_wconf 77' lang='lat' dir='ltr'><strong>Templum,</strong></span> <span class='ocrx_word' id='word_1_781' title='bbox 1215 1155 1224 1171; x_wconf 98' lang='grc'><strong>1</strong></span> <span class='ocrx_word' id='word_1_782' title='bbox 1236 1144 1367 1179; x_wconf 88' lang='lat' dir='ltr'><strong>siquideut</strong></span> <span class='ocrx_word' id='word_1_783' title='bbox 1376 1146 1474 1176; x_wconf 80' lang='lat' dir='ltr'><strong>aitillc,</strong></span> <span class='ocrx_word' id='word_1_784' title='bbox 1487 1146 1588 1172; x_wconf 74' lang='lat' dir='ltr'><strong>«tribus</strong></span> <span class='ocrx_word' id='word_1_785' title='bbox 1598 1146 1686 1172; x_wconf 88' lang='lat' dir='ltr'><strong>modis</strong></span> 
     </span>
    </p>
   </div>
   <div class='ocr_carea' id='block_1_107' title="bbox 902 1180 1684 1214">
    <p class='ocr_par' dir='ltr' id='par_1_107' title="bbox 902 1180 1684 1214">
     <span class='ocr_line' id='line_1_110' title="bbox 902 1180 1684 1214; baseline 0.001 -8"><span class='ocrx_word' id='word_1_786' title='bbox 902 1180 1019 1212; x_wconf 85' lang='lat' dir='ltr'><strong>dicitur,</strong></span> <span class='ocrx_word' id='word_1_787' title='bbox 1043 1188 1058 1206; x_wconf 90' lang='lat' dir='ltr'><strong>a</strong></span> <span class='ocrx_word' id='word_1_788' title='bbox 1083 1185 1202 1211; x_wconf 86' lang='lat' dir='ltr'><strong>natura,</strong></span> <span class='ocrx_word' id='word_1_789' title='bbox 1231 1180 1265 1206; x_wconf 86' lang='lat' dir='ltr'><strong>ab</strong></span> <span class='ocrx_word' id='word_1_790' title='bbox 1286 1180 1428 1214; x_wconf 83' lang='lat' dir='ltr'><strong>auspicio,</strong></span> <span class='ocrx_word' id='word_1_791' title='bbox 1457 1188 1471 1207; x_wconf 96' lang='lat' dir='ltr'><strong>a</strong></span> <span class='ocrx_word' id='word_1_792' title='bbox 1496 1180 1684 1208; x_wconf 81' lang='lat' dir='ltr'><strong>similitudine.</strong></span> 
     </span>
    </p>
   </div>
   <div class='ocr_carea' id='block_1_108' title="bbox 901 1214 1687 1249">
    <p class='ocr_par' dir='ltr' id='par_1_108' title="bbox 901 1214 1687 1249">
     <span class='ocr_line' id='line_1_111' title="bbox 901 1214 1687 1249; baseline -0.001 -7"><span class='ocrx_word' id='word_1_793' title='bbox 901 1214 1014 1246; x_wconf 87' lang='lat' dir='ltr'><strong>Natura,</strong></span> <span class='ocrx_word' id='word_1_794' title='bbox 1035 1215 1062 1241; x_wconf 92' lang='lat' dir='ltr'><strong>in</strong></span> <span class='ocrx_word' id='word_1_795' title='bbox 1077 1215 1165 1247; x_wconf 71' lang='lat' dir='ltr'><strong>cwlo;</strong></span> <span class='ocrx_word' id='word_1_796' title='bbox 1181 1215 1214 1241; x_wconf 92' lang='lat' dir='ltr'><strong>ab</strong></span> <span class='ocrx_word' id='word_1_797' title='bbox 1230 1215 1358 1249; x_wconf 76' lang='lat' dir='ltr'><strong>auspiciis</strong></span> <span class='ocrx_word' id='word_1_798' title='bbox 1376 1216 1402 1242; x_wconf 95' lang='lat' dir='ltr'><strong>in</strong></span> <span class='ocrx_word' id='word_1_799' title='bbox 1419 1220 1505 1248; x_wconf 85' lang='lat' dir='ltr'><strong>terra;</strong></span> <span class='ocrx_word' id='word_1_800' title='bbox 1521 1223 1535 1241; x_wconf 91' lang='lat' dir='ltr'><strong>a</strong></span> <span class='ocrx_word' id='word_1_801' title='bbox 1557 1216 1687 1242; x_wconf 83' lang='lat' dir='ltr'><strong>similitu-</strong></span> 
     </span>
    </p>
   </div>
   <div class='ocr_carea' id='block_1_109' title="bbox 902 1249 1688 1285">
    <p class='ocr_par' dir='ltr' id='par_1_109' title="bbox 902 1249 1688 1285">
     <span class='ocr_line' id='line_1_112' title="bbox 902 1249 1688 1285; baseline -0.001 -8"><span class='ocrx_word' id='word_1_802' title='bbox 902 1250 974 1281; x_wconf 85' lang='lat' dir='ltr'><strong>dine,</strong></span> <span class='ocrx_word' id='word_1_803' title='bbox 990 1250 1041 1277; x_wconf 87' lang='lat' dir='ltr'><strong>sub</strong></span> <span class='ocrx_word' id='word_1_804' title='bbox 1053 1254 1125 1276; x_wconf 88' lang='lat' dir='ltr'><strong>terra</strong></span> <span class='ocrx_word' id='word_1_805' title='bbox 1138 1251 1170 1276; x_wconf 70' lang='grc'><strong>⁸⁷.</strong></span> <span class='ocrx_word' id='word_1_806' title='bbox 1186 1260 1195 1275; x_wconf 79' lang='grc'><strong>1</strong></span> <span class='ocrx_word' id='word_1_807' title='bbox 1213 1250 1247 1275; x_wconf 86' lang='lat' dir='ltr'><strong>At</strong></span> <span class='ocrx_word' id='word_1_808' title='bbox 1260 1258 1321 1276; x_wconf 80' lang='lat' dir='ltr'><strong>cum</strong></span> <span class='ocrx_word' id='word_1_809' title='bbox 1333 1249 1366 1276; x_wconf 89' lang='lat' dir='ltr'><strong>de</strong></span> <span class='ocrx_word' id='word_1_810' title='bbox 1381 1250 1488 1285; x_wconf 80' lang='lat' dir='ltr'><strong>templis</strong></span> <span class='ocrx_word' id='word_1_811' title='bbox 1506 1250 1617 1277; x_wconf 80' lang='lat' dir='ltr'><strong>secundi</strong></span> <span class='ocrx_word' id='word_1_812' title='bbox 1629 1253 1688 1276; x_wconf 87' lang='lat' dir='ltr'><strong>tan-</strong></span> 
     </span>
    </p>
   </div>
   <div class='ocr_carea' id='block_1_110' title="bbox 903 1285 1687 1319">
    <p class='ocr_par' dir='ltr' id='par_1_110' title="bbox 903 1285 1687 1319">
     <span class='ocr_line' id='line_1_113' title="bbox 903 1285 1687 1319; baseline 0.001 -8"><span class='ocrx_word' id='word_1_813' title='bbox 903 1285 1043 1311; x_wconf 89' lang='lat' dir='ltr'><strong>tummodo</strong></span> <span class='ocrx_word' id='word_1_814' title='bbox 1059 1286 1165 1318; x_wconf 77' lang='lat' dir='ltr'><strong>generis</strong></span> <span class='ocrx_word' id='word_1_815' title='bbox 1182 1285 1296 1319; x_wconf 68' lang='lat' dir='ltr'><strong>quarstio</strong></span> <span class='ocrx_word' id='word_1_816' title='bbox 1316 1292 1376 1312; x_wconf 85' lang='lat' dir='ltr'><strong>esse</strong></span> <span class='ocrx_word' id='word_1_817' title='bbox 1393 1286 1498 1319; x_wconf 86' lang='lat' dir='ltr'><strong>possit,</strong></span> <span class='ocrx_word' id='word_1_818' title='bbox 1516 1285 1581 1319; x_wconf 88' lang='lat' dir='ltr'><strong>quid</strong></span> <span class='ocrx_word' id='word_1_819' title='bbox 1599 1285 1632 1312; x_wconf 88' lang='lat' dir='ltr'><strong>de</strong></span> <span class='ocrx_word' id='word_1_820' title='bbox 1651 1285 1687 1312; x_wconf 84' lang='lat' dir='ltr'><strong>iis</strong></span> 
     </span>
    </p>
   </div>
   <div class='ocr_carea' id='block_1_111' title="bbox 902 1319 1685 1351">
    <p class='ocr_par' dir='ltr' id='par_1_111' title="bbox 902 1319 1685 1351">
     <span class='ocr_line' id='line_1_114' title="bbox 902 1319 1685 1351; baseline 0 -5"><span class='ocrx_word' id='word_1_821' title='bbox 902 1320 971 1347; x_wconf 89' lang='lat' dir='ltr'><strong>idetn</strong></span> <span class='ocrx_word' id='word_1_822' title='bbox 990 1319 1077 1346; x_wconf 88' lang='lat' dir='ltr'><strong>Varro</strong></span> <span class='ocrx_word' id='word_1_823' title='bbox 1094 1320 1167 1347; x_wconf 88' lang='lat' dir='ltr'><strong>dicat</strong></span> <span class='ocrx_word' id='word_1_824' title='bbox 1180 1339 1187 1351; x_wconf 82' lang='grc'><strong>,</strong></span> <span class='ocrx_word' id='word_1_825' title='bbox 1212 1321 1374 1346; x_wconf 84' lang='lat' dir='ltr'><strong>audiamus:</strong></span> <span class='ocrx_word' id='word_1_826' title='bbox 1400 1330 1408 1346; x_wconf 93' lang='grc'><strong>(</strong></span> <span class='ocrx_word' id='word_1_827' title='bbox 1427 1319 1454 1346; x_wconf 92' lang='grc'><strong>111</strong></span> <span class='ocrx_word' id='word_1_828' title='bbox 1478 1321 1558 1347; x_wconf 90' lang='lat' dir='ltr'><strong>terris</strong></span> <span class='ocrx_word' id='word_1_829' title='bbox 1582 1320 1685 1346; x_wconf 88' lang='lat' dir='ltr'><strong>dictum</strong></span> 
     </span>
    </p>
   </div>
   <div class='ocr_carea' id='block_1_112' title="bbox 902 1355 1686 1390">
    <p class='ocr_par' dir='ltr' id='par_1_112' title="bbox 902 1355 1686 1390">
     <span class='ocr_line' id='line_1_115' title="bbox 902 1355 1686 1390; baseline 0 -8"><span class='ocrx_word' id='word_1_830' title='bbox 902 1355 1029 1389; x_wconf 90' lang='lat' dir='ltr'><strong>templum</strong></span> <span class='ocrx_word' id='word_1_831' title='bbox 1049 1355 1123 1382; x_wconf 87' lang='lat' dir='ltr'><strong>locus</strong></span> <span class='ocrx_word' id='word_1_832' title='bbox 1141 1355 1306 1389; x_wconf 84' lang='lat' dir='ltr'><strong>auguriiaut</strong></span> <span class='ocrx_word' id='word_1_833' title='bbox 1324 1355 1437 1390; x_wconf 89' lang='lat' dir='ltr'><strong>auspicii</strong></span> <span class='ocrx_word' id='word_1_834' title='bbox 1457 1363 1551 1390; x_wconf 75' lang='lat' dir='ltr'><strong>causa.</strong></span> <span class='ocrx_word' id='word_1_835' title='bbox 1570 1356 1686 1389; x_wconf 90' lang='lat' dir='ltr'><strong>quibus-</strong></span> 
     </span>
    </p>
   </div>
   <div class='ocr_carea' id='block_1_113' title="bbox 905 1389 1686 1423">
    <p class='ocr_par' dir='ltr' id='par_1_113' title="bbox 905 1389 1686 1423">
     <span class='ocr_line' id='line_1_116' title="bbox 905 1389 1686 1423; baseline 0.001 -7"><span class='ocrx_word' id='word_1_836' title='bbox 905 1391 967 1416; x_wconf 88' lang='lat' dir='ltr'><strong>dam</strong></span> <span class='ocrx_word' id='word_1_837' title='bbox 994 1391 1132 1423; x_wconf 86' lang='lat' dir='ltr'><strong>conceptis</strong></span> <span class='ocrx_word' id='word_1_838' title='bbox 1156 1391 1242 1417; x_wconf 78' lang='lat' dir='ltr'><strong>verbis</strong></span> <span class='ocrx_word' id='word_1_839' title='bbox 1267 1390 1427 1417; x_wconf 87' lang='lat' dir='ltr'><strong>tinitus......</strong></span> <span class='ocrx_word' id='word_1_840' title='bbox 1459 1389 1488 1416; x_wconf 93' lang='grc'><strong>111</strong></span> <span class='ocrx_word' id='word_1_841' title='bbox 1512 1391 1564 1417; x_wconf 90' lang='grc'><strong>1100</strong></span> <span class='ocrx_word' id='word_1_842' title='bbox 1587 1391 1686 1423; x_wconf 87' lang='lat' dir='ltr'><strong>templo</strong></span> 
     </span>
    </p>
   </div>
   <div class='ocr_carea' id='block_1_114' title="bbox 902 1424 1685 1460">
    <p class='ocr_par' dir='ltr' id='par_1_114' title="bbox 902 1424 1685 1460">
     <span class='ocr_line' id='line_1_117' title="bbox 902 1424 1685 1460; baseline 0 -9"><span class='ocrx_word' id='word_1_843' title='bbox 902 1424 1027 1452; x_wconf 82' lang='lat' dir='ltr'><strong>faciendo</strong></span> <span class='ocrx_word' id='word_1_844' title='bbox 1050 1425 1161 1452; x_wconf 87' lang='lat' dir='ltr'><strong>arbores</strong></span> <span class='ocrx_word' id='word_1_845' title='bbox 1178 1425 1307 1452; x_wconf 85' lang='lat' dir='ltr'><strong>constitui</strong></span> <span class='ocrx_word' id='word_1_846' title='bbox 1329 1426 1395 1452; x_wconf 88' lang='lat' dir='ltr'><strong>lines</strong></span> <span class='ocrx_word' id='word_1_847' title='bbox 1413 1432 1524 1460; x_wconf 84' lang='lat' dir='ltr'><strong>apparet</strong></span> <span class='ocrx_word' id='word_1_848' title='bbox 1537 1445 1544 1456; x_wconf 84' lang='lat'><strong>,</strong></span> <span class='ocrx_word' id='word_1_849' title='bbox 1562 1431 1588 1452; x_wconf 86' lang='lat' dir='ltr'><strong>et</strong></span> <span class='ocrx_word' id='word_1_850' title='bbox 1613 1426 1685 1451; x_wconf 86' lang='lat' dir='ltr'><strong>intra</strong></span> 
     </span>
    </p>
   </div>
   <div class='ocr_carea' id='block_1_115' title="bbox 902 1460 1685 1495">
    <p class='ocr_par' dir='ltr' id='par_1_115' title="bbox 902 1460 1685 1495">
     <span class='ocr_line' id='line_1_118' title="bbox 902 1460 1685 1495; baseline -0.003 -8"><span class='ocrx_word' id='word_1_851' title='bbox 902 1468 947 1487; x_wconf 82' lang='lat' dir='ltr'><strong>eas</strong></span> <span class='ocrx_word' id='word_1_852' title='bbox 962 1460 1097 1495; x_wconf 76' lang='lat' dir='ltr'><strong>regiones,</strong></span> <span class='ocrx_word' id='word_1_853' title='bbox 1110 1467 1162 1494; x_wconf 91' lang='lat' dir='ltr'><strong>qua</strong></span> <span class='ocrx_word' id='word_1_854' title='bbox 1181 1460 1253 1487; x_wconf 85' lang='lat' dir='ltr'><strong>oeuli</strong></span> <span class='ocrx_word' id='word_1_855' title='bbox 1269 1460 1448 1494; x_wconf 79' lang='lat' dir='ltr'><strong>conspicient.</strong></span> <span class='ocrx_word' id='word_1_856' title='bbox 1466 1460 1490 1486; x_wconf 93' lang='lat' dir='ltr'><strong>id</strong></span> <span class='ocrx_word' id='word_1_857' title='bbox 1504 1466 1546 1488; x_wconf 84' lang='lat' dir='ltr'><strong>est</strong></span> <span class='ocrx_word' id='word_1_858' title='bbox 1573 1461 1685 1493; x_wconf 80' lang='lat' dir='ltr'><strong>tuimur;</strong></span> 
     </span>
    </p>
   </div>
   <div class='ocr_carea' id='block_1_116' title="bbox 902 1495 1684 1530">
    <p class='ocr_par' dir='ltr' id='par_1_116' title="bbox 902 1495 1684 1530">
     <span class='ocr_line' id='line_1_119' title="bbox 902 1495 1684 1530; baseline 0.001 -9"><span class='ocrx_word' id='word_1_859' title='bbox 902 1503 916 1521; x_wconf 90' lang='lat' dir='ltr'><strong>a</strong></span> <span class='ocrx_word' id='word_1_860' title='bbox 940 1503 995 1529; x_wconf 90' lang='lat' dir='ltr'><strong>quo</strong></span> <span class='ocrx_word' id='word_1_861' title='bbox 1012 1496 1141 1530; x_wconf 77' lang='lat' dir='ltr'><strong>templum</strong></span> <span class='ocrx_word' id='word_1_862' title='bbox 1167 1495 1269 1522; x_wconf 89' lang='lat' dir='ltr'><strong>dictum</strong></span> <span class='ocrx_word' id='word_1_863' title='bbox 1292 1498 1319 1522; x_wconf 90' lang='lat' dir='ltr'><strong>et</strong></span> <span class='ocrx_word' id='word_1_864' title='bbox 1341 1496 1524 1530; x_wconf 89' lang='lat' dir='ltr'><strong>contetuplare</strong></span> <span class='ocrx_word' id='word_1_865' title='bbox 1538 1517 1544 1529; x_wconf 94' lang='lat'><strong>,</strong></span> <span class='ocrx_word' id='word_1_866' title='bbox 1564 1500 1592 1522; x_wconf 89' lang='lat' dir='ltr'><strong>ut</strong></span> <span class='ocrx_word' id='word_1_867' title='bbox 1614 1495 1684 1529; x_wconf 60' lang='lat' dir='ltr'><strong>apJJ</strong></span> 
     </span>
    </p>
   </div>
   <div class='ocr_carea' id='block_1_117' title="bbox 902 1529 1192 1557">
    <p class='ocr_par' dir='ltr' id='par_1_117' title="bbox 902 1529 1192 1557">
     <span class='ocr_line' id='line_1_120' title="bbox 902 1529 1192 1557; baseline 0.003 -1"><span class='ocrx_word' id='word_1_868' title='bbox 902 1530 1017 1556; x_wconf 88' lang='lat' dir='ltr'><strong>Ennimn</strong></span> <span class='ocrx_word' id='word_1_869' title='bbox 1036 1530 1061 1556; x_wconf 92' lang='grc'><strong>111</strong></span> <span class='ocrx_word' id='word_1_870' title='bbox 1071 1529 1192 1557; x_wconf 76' lang='lat' dir='ltr'><strong>Medea:</strong></span> 
     </span>
    </p>
   </div>
   <div class='ocr_carea' id='block_1_118' title="bbox 937 1563 1685 1600">
    <p class='ocr_par' dir='ltr' id='par_1_118' title="bbox 937 1563 1685 1600">
     <span class='ocr_line' id='line_1_121' title="bbox 937 1563 1685 1600; baseline 0.003 -9"><span class='ocrx_word' id='word_1_871' title='bbox 937 1564 1090 1599; x_wconf 82' lang='lat' dir='ltr'><strong>Contempla</strong></span> <span class='ocrx_word' id='word_1_872' title='bbox 1103 1585 1110 1596; x_wconf 86' lang='lat'><strong>,</strong></span> <span class='ocrx_word' id='word_1_873' title='bbox 1130 1570 1154 1591; x_wconf 81' lang='lat' dir='ltr'><strong>et</strong></span> <span class='ocrx_word' id='word_1_874' title='bbox 1169 1565 1291 1600; x_wconf 84' lang='lat' dir='ltr'><strong>templum</strong></span> <span class='ocrx_word' id='word_1_875' title='bbox 1308 1563 1410 1592; x_wconf 70' lang='lat' dir='ltr'><strong>Cereris</strong></span> <span class='ocrx_word' id='word_1_876' title='bbox 1428 1565 1462 1591; x_wconf 84' lang='lat' dir='ltr'><strong>ad</strong></span> <span class='ocrx_word' id='word_1_877' title='bbox 1479 1565 1685 1600; x_wconf 21' lang='lat' dir='ltr'><strong>la‘vantraspicc.</strong></span> 
     </span>
    </p>
   </div>
   <div class='ocr_carea' id='block_1_119' title="bbox 937 1599 1687 1627">
    <p class='ocr_par' dir='ltr' id='par_1_119' title="bbox 937 1599 1687 1627">
     <span class='ocr_line' id='line_1_122' title="bbox 937 1599 1687 1627; baseline 0.001 -1"><span class='ocrx_word' id='word_1_878' title='bbox 937 1600 1036 1627; x_wconf 85' lang='lat' dir='ltr'><strong>Narrat</strong></span> <span class='ocrx_word' id='word_1_879' title='bbox 1058 1601 1140 1627; x_wconf 89' lang='lat' dir='ltr'><strong>etiam</strong></span> <span class='ocrx_word' id='word_1_880' title='bbox 1164 1601 1250 1627; x_wconf 87' lang='lat' dir='ltr'><strong>Aulus</strong></span> <span class='ocrx_word' id='word_1_881' title='bbox 1272 1600 1375 1627; x_wconf 78' lang='lat' dir='ltr'><strong>Gellius</strong></span> <span class='ocrx_word' id='word_1_882' title='bbox 1398 1601 1431 1627; x_wconf 91' lang='lat' dir='ltr'><strong>ab</strong></span> <span class='ocrx_word' id='word_1_883' title='bbox 1448 1601 1541 1627; x_wconf 86' lang='lat' dir='ltr'><strong>eodem</strong></span> <span class='ocrx_word' id='word_1_884' title='bbox 1565 1599 1687 1627; x_wconf 86' lang='lat' dir='ltr'><strong>Varrone</strong></span> 
     </span>
    </p>
   </div>
   <div class='ocr_carea' id='block_1_120' title="bbox 902 1635 1687 1670">
    <p class='ocr_par' dir='ltr' id='par_1_120' title="bbox 902 1635 1687 1670">
     <span class='ocr_line' id='line_1_123' title="bbox 902 1635 1687 1670; baseline 0 -8"><span class='ocrx_word' id='word_1_885' title='bbox 902 1636 1032 1662; x_wconf 87' lang='lat' dir='ltr'><strong>traditum</strong></span> <span class='ocrx_word' id='word_1_886' title='bbox 1047 1636 1175 1670; x_wconf 85' lang='lat' dir='ltr'><strong>scriptis:</strong></span> <span class='ocrx_word' id='word_1_887' title='bbox 1196 1646 1205 1660; x_wconf 90' lang='grc'><strong>(</strong></span> <span class='ocrx_word' id='word_1_888' title='bbox 1217 1635 1275 1662; x_wconf 75' lang='lat' dir='ltr'><strong>Non</strong></span> <span class='ocrx_word' id='word_1_889' title='bbox 1289 1643 1383 1670; x_wconf 61' lang='lat' dir='ltr'><strong>omnes</strong></span> <span class='ocrx_word' id='word_1_890' title='bbox 1397 1635 1468 1662; x_wconf 68' lang='lat' dir='ltr'><strong>aedes</strong></span> <span class='ocrx_word' id='word_1_891' title='bbox 1480 1643 1572 1662; x_wconf 84' lang='lat' dir='ltr'><strong>sacras</strong></span> <span class='ocrx_word' id='word_1_892' title='bbox 1588 1637 1687 1670; x_wconf 88' lang='lat' dir='ltr'><strong>templa</strong></span> 
     </span>
    </p>
   </div>
   <div class='ocr_carea' id='block_1_121' title="bbox 900 1669 1684 1705">
    <p class='ocr_par' dir='ltr' id='par_1_121' title="bbox 900 1669 1684 1705">
     <span class='ocr_line' id='line_1_124' title="bbox 900 1669 1684 1705; baseline -0.001 -8"><span class='ocrx_word' id='word_1_893' title='bbox 900 1679 979 1703; x_wconf 88' lang='lat' dir='ltr'><strong>esse,</strong></span> <span class='ocrx_word' id='word_1_894' title='bbox 1004 1679 1034 1697; x_wconf 86' lang='lat' dir='ltr'><strong>ac</strong></span> <span class='ocrx_word' id='word_1_895' title='bbox 1051 1678 1084 1697; x_wconf 87' lang='lat' dir='ltr'><strong>tte</strong></span> <span class='ocrx_word' id='word_1_896' title='bbox 1100 1669 1183 1697; x_wconf 68' lang='lat' dir='ltr'><strong>tndem</strong></span> <span class='ocrx_word' id='word_1_897' title='bbox 1203 1671 1311 1705; x_wconf 84' lang='lat' dir='ltr'><strong>quidem</strong></span> <span class='ocrx_word' id='word_1_898' title='bbox 1330 1669 1417 1697; x_wconf 61' lang='lat' dir='ltr'><strong>Vestae</strong></span> <span class='ocrx_word' id='word_1_899' title='bbox 1439 1671 1566 1705; x_wconf 87' lang='lat' dir='ltr'><strong>templum</strong></span> <span class='ocrx_word' id='word_1_900' title='bbox 1586 1669 1656 1701; x_wconf 63' lang='lat' dir='ltr'><strong>esse,</strong></span> <span class='ocrx_word' id='word_1_901' title='bbox 1674 1680 1684 1696; x_wconf 91' lang='grc'><strong>1</strong></span> 
     </span>
    </p>
   </div>
   <div class='ocr_carea' id='block_1_122' title="bbox 900 1705 1686 1740">
    <p class='ocr_par' dir='ltr' id='par_1_122' title="bbox 900 1705 1686 1740">
     <span class='ocr_line' id='line_1_125' title="bbox 900 1705 1686 1740; baseline 0 -8"><span class='ocrx_word' id='word_1_902' title='bbox 900 1705 947 1732; x_wconf 88' lang='lat' dir='ltr'><strong>sed</strong></span> <span class='ocrx_word' id='word_1_903' title='bbox 958 1713 989 1733; x_wconf 84' lang='lat' dir='ltr'><strong>ea</strong></span> <span class='ocrx_word' id='word_1_904' title='bbox 1001 1706 1070 1735; x_wconf 88' lang='lat' dir='ltr'><strong>loca.</strong></span> <span class='ocrx_word' id='word_1_905' title='bbox 1084 1713 1143 1739; x_wconf 82' lang='lat' dir='ltr'><strong>quae</strong></span> <span class='ocrx_word' id='word_1_906' title='bbox 1156 1713 1273 1740; x_wconf 81' lang='lat' dir='ltr'><strong>augures</strong></span> <span class='ocrx_word' id='word_1_907' title='bbox 1284 1706 1492 1733; x_wconf 87' lang='lat' dir='ltr'><strong>constituerant.</strong></span> <span class='ocrx_word' id='word_1_908' title='bbox 1505 1705 1686 1739; x_wconf 77' lang='lat' dir='ltr'><strong>Quamobrem</strong></span> 
     </span>
    </p>
   </div>
   <div class='ocr_carea' id='block_1_123' title="bbox 901 1740 1685 1776">
    <p class='ocr_par' dir='ltr' id='par_1_123' title="bbox 901 1740 1685 1776">
     <span class='ocr_line' id='line_1_126' title="bbox 901 1740 1685 1776; baseline 0 -10"><span class='ocrx_word' id='word_1_909' title='bbox 901 1745 999 1776; x_wconf 20' lang='lat' dir='ltr'><strong>postea,</strong></span> <span class='ocrx_word' id='word_1_910' title='bbox 1012 1740 1134 1768; x_wconf 88' lang='lat' dir='ltr'><strong>addidit:</strong></span> <span class='ocrx_word' id='word_1_911' title='bbox 1156 1749 1165 1765; x_wconf 73' lang='grc' dir='ltr'><strong><em>ι</em></strong></span> <span class='ocrx_word' id='word_1_912' title='bbox 1181 1741 1342 1776; x_wconf 73' lang='lat' dir='ltr'><strong>Propterea,</strong></span> <span class='ocrx_word' id='word_1_913' title='bbox 1359 1745 1386 1767; x_wconf 91' lang='lat' dir='ltr'><strong>et</strong></span> <span class='ocrx_word' id='word_1_914' title='bbox 1403 1741 1430 1768; x_wconf 90' lang='lat' dir='ltr'><strong>in</strong></span> <span class='ocrx_word' id='word_1_915' title='bbox 1454 1742 1530 1767; x_wconf 89' lang='lat' dir='ltr'><strong>curia</strong></span> <span class='ocrx_word' id='word_1_916' title='bbox 1552 1740 1685 1773; x_wconf 82' lang='lat' dir='ltr'><strong>Hostilia,</strong></span> 
     </span>
    </p>
   </div>
   <div class='ocr_carea' id='block_1_124' title="bbox 899 1775 1687 1810">
    <p class='ocr_par' dir='ltr' id='par_1_124' title="bbox 899 1775 1687 1810">
     <span class='ocr_line' id='line_1_127' title="bbox 899 1775 1687 1810; baseline 0 -8"><span class='ocrx_word' id='word_1_917' title='bbox 899 1780 927 1802; x_wconf 87' lang='lat' dir='ltr'><strong>et</strong></span> <span class='ocrx_word' id='word_1_918' title='bbox 942 1776 969 1802; x_wconf 93' lang='lat' dir='ltr'><strong>in</strong></span> <span class='ocrx_word' id='word_1_919' title='bbox 987 1775 1126 1808; x_wconf 85' lang='lat' dir='ltr'><strong>Pompeia.</strong></span> <span class='ocrx_word' id='word_1_920' title='bbox 1145 1779 1171 1803; x_wconf 90' lang='lat' dir='ltr'><strong>et</strong></span> <span class='ocrx_word' id='word_1_921' title='bbox 1189 1775 1249 1810; x_wconf 83' lang='lat' dir='ltr'><strong>post</strong></span> <span class='ocrx_word' id='word_1_922' title='bbox 1267 1776 1294 1802; x_wconf 93' lang='lat' dir='ltr'><strong>in</strong></span> <span class='ocrx_word' id='word_1_923' title='bbox 1309 1775 1399 1808; x_wconf 85' lang='lat' dir='ltr'><strong>Julia,</strong></span> <span class='ocrx_word' id='word_1_924' title='bbox 1416 1783 1477 1803; x_wconf 94' lang='lat' dir='ltr'><strong>cum</strong></span> <span class='ocrx_word' id='word_1_925' title='bbox 1494 1776 1608 1810; x_wconf 86' lang='lat' dir='ltr'><strong>profana</strong></span> <span class='ocrx_word' id='word_1_926' title='bbox 1627 1776 1687 1802; x_wconf 85' lang='lat' dir='ltr'><strong>loca</strong></span> 
     </span>
    </p>
   </div>
   <div class='ocr_carea' id='block_1_125' title="bbox 901 1811 1684 1846">
    <p class='ocr_par' dir='ltr' id='par_1_125' title="bbox 901 1811 1684 1846">
     <span class='ocr_line' id='line_1_128' title="bbox 901 1811 1684 1846; baseline 0 -9"><span class='ocrx_word' id='word_1_927' title='bbox 901 1811 1017 1846; x_wconf 81' lang='lat' dir='ltr'><strong>fuissent</strong></span> <span class='ocrx_word' id='word_1_928' title='bbox 1030 1830 1038 1846; x_wconf 52' lang='lat'><strong><em>1</em></strong></span> <span class='ocrx_word' id='word_1_929' title='bbox 1057 1811 1156 1845; x_wconf 86' lang='lat' dir='ltr'><strong>templa</strong></span> <span class='ocrx_word' id='word_1_930' title='bbox 1179 1819 1240 1838; x_wconf 89' lang='lat' dir='ltr'><strong>esse</strong></span> <span class='ocrx_word' id='word_1_931' title='bbox 1256 1819 1303 1844; x_wconf 86' lang='lat' dir='ltr'><strong>per</strong></span> <span class='ocrx_word' id='word_1_932' title='bbox 1320 1818 1438 1846; x_wconf 80' lang='lat' dir='ltr'><strong>augures</strong></span> <span class='ocrx_word' id='word_1_933' title='bbox 1458 1811 1607 1838; x_wconf 86' lang='lat' dir='ltr'><strong>constituta</strong></span> <span class='ocrx_word' id='word_1_934' title='bbox 1624 1811 1657 1837; x_wconf 75' lang='grc'><strong>⁸³.</strong></span> <span class='ocrx_word' id='word_1_935' title='bbox 1675 1820 1684 1837; x_wconf 91' lang='grc'><strong>1</strong></span> 
     </span>
    </p>
   </div>
   <div class='ocr_carea' id='block_1_126' title="bbox 900 1845 1686 1881">
    <p class='ocr_par' dir='ltr' id='par_1_126' title="bbox 900 1845 1686 1881">
     <span class='ocr_line' id='line_1_129' title="bbox 900 1845 1686 1881; baseline 0.001 -10"><span class='ocrx_word' id='word_1_936' title='bbox 900 1845 1011 1880; x_wconf 81' lang='lat' dir='ltr'><strong>Legesis</strong></span> <span class='ocrx_word' id='word_1_937' title='bbox 1024 1845 1079 1873; x_wconf 92' lang='lat' dir='ltr'><strong>Jul.</strong></span> <span class='ocrx_word' id='word_1_938' title='bbox 1100 1846 1202 1873; x_wconf 69' lang='lat' dir='ltr'><strong>Caesar.</strong></span> <span class='ocrx_word' id='word_1_939' title='bbox 1225 1845 1369 1881; x_wconf 80' lang='lat' dir='ltr'><strong>Bulengeri</strong></span> <span class='ocrx_word' id='word_1_940' title='bbox 1385 1850 1543 1881; x_wconf 81' lang='lat' dir='ltr'><strong>excerptum</strong></span> <span class='ocrx_word' id='word_1_941' title='bbox 1565 1846 1599 1873; x_wconf 87' lang='lat' dir='ltr'><strong>de</strong></span> <span class='ocrx_word' id='word_1_942' title='bbox 1615 1849 1686 1873; x_wconf 85' lang='lat' dir='ltr'><strong>teut-</strong></span> 
     </span>
    </p>
   </div>
   <div class='ocr_carea' id='block_1_127' title="bbox 900 1881 1145 1916">
    <p class='ocr_par' dir='ltr' id='par_1_127' title="bbox 900 1881 1145 1916">
     <span class='ocr_line' id='line_1_130' title="bbox 900 1881 1145 1916; baseline -0.004 -8"><span class='ocrx_word' id='word_1_943' title='bbox 900 1882 951 1916; x_wconf 82' lang='lat' dir='ltr'><strong>plis</strong></span> <span class='ocrx_word' id='word_1_944' title='bbox 961 1881 1145 1908; x_wconf 85' lang='lat' dir='ltr'><strong>ethnicorum.</strong></span> 
     </span>
    </p>
   </div>
   <div class='ocr_carea' id='block_1_128' title="bbox 1162 1926 1431 1955">
    <p class='ocr_par' dir='ltr' id='par_1_128' title="bbox 1162 1926 1431 1955">
     <span class='ocr_line' id='line_1_131' title="bbox 1162 1926 1431 1955; baseline 0 -1"><span class='ocrx_word' id='word_1_945' title='bbox 1162 1926 1362 1955; x_wconf 79' lang='lat' dir='ltr'><strong>ARTICULUS</strong></span> <span class='ocrx_word' id='word_1_946' title='bbox 1387 1927 1431 1954; x_wconf 90' lang='lat' dir='ltr'><strong>Ill.</strong></span> 
     </span>
    </p>
   </div>
   <div class='ocr_carea' id='block_1_129' title="bbox 902 1973 1686 2008">
    <p class='ocr_par' dir='ltr' id='par_1_129' title="bbox 902 1973 1686 2008">
     <span class='ocr_line' id='line_1_132' title="bbox 902 1973 1686 2008; baseline -0.004 -6"><span class='ocrx_word' id='word_1_947' title='bbox 902 1974 1008 2008; x_wconf 84' lang='lat' dir='ltr'><strong>Templa</strong></span> <span class='ocrx_word' id='word_1_948' title='bbox 1029 1973 1138 2002; x_wconf 83' lang='lat' dir='ltr'><strong>deorum</strong></span> <span class='ocrx_word' id='word_1_949' title='bbox 1152 1982 1208 2001; x_wconf 76' lang='lat' dir='ltr'><strong>esse</strong></span> <span class='ocrx_word' id='word_1_950' title='bbox 1227 1979 1392 2001; x_wconf 83' lang='lat' dir='ltr'><strong>mortuorum</strong></span> <span class='ocrx_word' id='word_1_951' title='bbox 1412 1973 1547 2001; x_wconf 74' lang='lat' dir='ltr'><strong>hominum</strong></span> <span class='ocrx_word' id='word_1_952' title='bbox 1563 1973 1686 2007; x_wconf 74' lang='lat' dir='ltr'><strong>sepulcra</strong></span> 
     </span>
    </p>
   </div>
   <div class='ocr_carea' id='block_1_130' title="bbox 934 2008 1687 2041">
    <p class='ocr_par' dir='ltr' id='par_1_130' title="bbox 934 2008 1687 2041">
     <span class='ocr_line' id='line_1_133' title="bbox 934 2008 1687 2041; baseline -0.004 -5"><span class='ocrx_word' id='word_1_953' title='bbox 934 2010 979 2036; x_wconf 79' lang='lat' dir='ltr'><strong>ubi</strong></span> <span class='ocrx_word' id='word_1_954' title='bbox 993 2009 1025 2036; x_wconf 87' lang='lat' dir='ltr'><strong>de</strong></span> <span class='ocrx_word' id='word_1_955' title='bbox 1044 2009 1156 2036; x_wconf 80' lang='lat' dir='ltr'><strong>lnunart&#39;</strong></span> <span class='ocrx_word' id='word_1_956' title='bbox 1172 2009 1289 2041; x_wconf 85' lang='lat' dir='ltr'><strong>tumulo,</strong></span> <span class='ocrx_word' id='word_1_957' title='bbox 1306 2014 1331 2035; x_wconf 86' lang='lat' dir='ltr'><strong>et</strong></span> <span class='ocrx_word' id='word_1_958' title='bbox 1347 2014 1437 2035; x_wconf 82' lang='lat' dir='ltr'><strong>utrum</strong></span> <span class='ocrx_word' id='word_1_959' title='bbox 1460 2009 1503 2034; x_wconf 80' lang='lat' dir='ltr'><strong>ille</strong></span> <span class='ocrx_word' id='word_1_960' title='bbox 1525 2008 1646 2041; x_wconf 82' lang='lat' dir='ltr'><strong>Eumolpi</strong></span> <span class='ocrx_word' id='word_1_961' title='bbox 1662 2014 1687 2034; x_wconf 82' lang='lat' dir='ltr'><strong>et</strong></span> 
     </span>
    </p>
   </div>
   <div class='ocr_carea' id='block_1_131' title="bbox 934 2043 1686 2079">
    <p class='ocr_par' dir='ltr' id='par_1_131' title="bbox 934 2043 1686 2079">
     <span class='ocr_line' id='line_1_134' title="bbox 934 2043 1686 2079; baseline -0.003 -8"><span class='ocrx_word' id='word_1_962' title='bbox 934 2045 1025 2071; x_wconf 75' lang='lat' dir='ltr'><strong>Dairw</strong></span> <span class='ocrx_word' id='word_1_963' title='bbox 1043 2046 1116 2079; x_wconf 74' lang='lat' dir='ltr'><strong>ﬁlius</strong></span> <span class='ocrx_word' id='word_1_964' title='bbox 1132 2044 1222 2078; x_wconf 74' lang='lat' dir='ltr'><strong>fuerit.</strong></span> <span class='ocrx_word' id='word_1_965' title='bbox 1238 2043 1277 2070; x_wconf 84' lang='lat' dir='ltr'><strong>De</strong></span> <span class='ocrx_word' id='word_1_966' title='bbox 1291 2044 1418 2078; x_wconf 76' lang='lat' dir='ltr'><strong>sepulcris</strong></span> <span class='ocrx_word' id='word_1_967' title='bbox 1438 2044 1557 2079; x_wconf 59' lang='lat' dir='ltr'><strong>ﬁliarum</strong></span> <span class='ocrx_word' id='word_1_968' title='bbox 1571 2043 1642 2070; x_wconf 78' lang='lat' dir='ltr'><strong>Celei</strong></span> <span class='ocrx_word' id='word_1_969' title='bbox 1655 2052 1686 2069; x_wconf 80' lang='lat' dir='ltr'><strong>at:</strong></span> 
     </span>
    </p>
   </div>
   <div class='ocr_carea' id='block_1_132' title="bbox 936 2077 1686 2115">
    <p class='ocr_par' dir='ltr' id='par_1_132' title="bbox 936 2077 1686 2115">
     <span class='ocr_line' id='line_1_135' title="bbox 936 2077 1686 2115; baseline -0.003 -9"><span class='ocrx_word' id='word_1_970' title='bbox 936 2077 1113 2115; x_wconf 60' lang='lat' dir='ltr'><strong>Hyperoiltes,</strong></span> <span class='ocrx_word' id='word_1_971' title='bbox 1129 2077 1154 2106; x_wconf 73' lang='lat' dir='ltr'><strong>et</strong></span> <span class='ocrx_word' id='word_1_972' title='bbox 1168 2078 1306 2115; x_wconf 45' lang='lat' dir='ltr'><strong>Laodicea,</strong></span> <span class='ocrx_word' id='word_1_973' title='bbox 1320 2077 1402 2113; x_wconf 80' lang='lat' dir='ltr'><strong>atque</strong></span> <span class='ocrx_word' id='word_1_974' title='bbox 1417 2079 1496 2105; x_wconf 77' lang='lat' dir='ltr'><strong>etiam</strong></span> <span class='ocrx_word' id='word_1_975' title='bbox 1511 2077 1644 2115; x_wconf 69' lang='lat' dir='ltr'><strong>Clearcht&#39;,</strong></span> <span class='ocrx_word' id='word_1_976' title='bbox 1660 2083 1686 2104; x_wconf 86' lang='lat' dir='ltr'><strong>et</strong></span> 
     </span>
    </p>
   </div>
   <div class='ocr_carea' id='block_1_133' title="bbox 935 2113 1684 2150">
    <p class='ocr_par' dir='ltr' id='par_1_133' title="bbox 935 2113 1684 2150">
     <span class='ocr_line' id='line_1_136' title="bbox 935 2113 1684 2150; baseline -0.001 -10"><span class='ocrx_word' id='word_1_977' title='bbox 935 2113 1145 2150; x_wconf 76' lang='lat' dir='ltr'><strong>Léucap/n-ynes.</strong></span> <span class='ocrx_word' id='word_1_978' title='bbox 1162 2123 1192 2141; x_wconf 83' lang='lat' dir='ltr'><strong>ac</strong></span> <span class='ocrx_word' id='word_1_979' title='bbox 1208 2114 1330 2150; x_wconf 76' lang='lat' dir='ltr'><strong>Telmesii</strong></span> <span class='ocrx_word' id='word_1_980' title='bbox 1348 2114 1414 2140; x_wconf 75' lang='lat' dir='ltr'><strong>vatis</strong></span> <span class='ocrx_word' id='word_1_981' title='bbox 1424 2134 1431 2144; x_wconf 79' lang='lat'><strong>.</strong></span> <span class='ocrx_word' id='word_1_982' title='bbox 1444 2118 1473 2150; x_wconf 65' lang='lat' dir='ltr'><strong>et</strong></span> <span class='ocrx_word' id='word_1_983' title='bbox 1484 2114 1551 2148; x_wconf 71' lang='lat' dir='ltr'><strong>regis</strong></span> <span class='ocrx_word' id='word_1_984' title='bbox 1566 2113 1684 2150; x_wconf 62' lang='grc' dir='ltr'><strong>(ξω-11110,</strong></span> 
     </span>
    </p>
   </div>
   <div class='ocr_carea' id='block_1_134' title="bbox 936 2148 1683 2185">
    <p class='ocr_par' dir='ltr' id='par_1_134' title="bbox 936 2148 1683 2185">
     <span class='ocr_line' id='line_1_137' title="bbox 936 2148 1683 2185; baseline -0.003 -9"><span class='ocrx_word' id='word_1_985' title='bbox 936 2148 1241 2185; x_wconf 43' lang='lat' dir='ltr'><strong>citatisque-auctoribus</strong></span> <span class='ocrx_word' id='word_1_986' title='bbox 1260 2149 1393 2176; x_wconf 83' lang='lat' dir='ltr'><strong>Leandrio</strong></span> <span class='ocrx_word' id='word_1_987' title='bbox 1408 2154 1431 2175; x_wconf 88' lang='lat' dir='ltr'><strong>et</strong></span> <span class='ocrx_word' id='word_1_988' title='bbox 1453 2148 1556 2175; x_wconf 76' lang='lat' dir='ltr'><strong>Zenone</strong></span> <span class='ocrx_word' id='word_1_989' title='bbox 1569 2148 1683 2175; x_wconf 77' lang='lat' dir='ltr'><strong>Mindio.</strong></span> 
     </span>
    </p>
   </div>
   <div class='ocr_carea' id='block_1_135' title="bbox 936 2195 1684 2230">
    <p class='ocr_par' dir='ltr' id='par_1_135' title="bbox 936 2195 1684 2230">
     <span class='ocr_line' id='line_1_138' title="bbox 936 2195 1684 2230; baseline -0.005 -7"><span class='ocrx_word' id='word_1_990' title='bbox 936 2196 1101 2230; x_wconf 87' lang='lat' dir='ltr'><strong>Sumptuosa</strong></span> <span class='ocrx_word' id='word_1_991' title='bbox 1122 2203 1204 2230; x_wconf 87' lang='lat' dir='ltr'><strong>porro</strong></span> <span class='ocrx_word' id='word_1_992' title='bbox 1230 2199 1256 2222; x_wconf 91' lang='lat' dir='ltr'><strong>ct</strong></span> <span class='ocrx_word' id='word_1_993' title='bbox 1280 2195 1424 2229; x_wconf 82' lang='lat' dir='ltr'><strong>magnifica</strong></span> <span class='ocrx_word' id='word_1_994' title='bbox 1446 2195 1558 2222; x_wconf 87' lang='lat' dir='ltr'><strong>deorum</strong></span> <span class='ocrx_word' id='word_1_995' title='bbox 1584 2195 1684 2228; x_wconf 87' lang='lat' dir='ltr'><strong>templa</strong></span> 
     </span>
    </p>
   </div>
   <div class='ocr_carea' id='block_1_136' title="bbox 900 2229 1685 2266">
    <p class='ocr_par' dir='ltr' id='par_1_136' title="bbox 900 2229 1685 2266">
     <span class='ocr_line' id='line_1_139' title="bbox 900 2229 1685 2266; baseline -0.003 -8"><span class='ocrx_word' id='word_1_996' title='bbox 900 2239 961 2258; x_wconf 90' lang='grc'><strong>011111</strong></span> <span class='ocrx_word' id='word_1_997' title='bbox 974 2229 1081 2258; x_wconf 78' lang='lat' dir='ltr'><strong>suian</strong></span> <span class='ocrx_word' id='word_1_998' title='bbox 1095 2229 1165 2266; x_wconf 80' lang='lat' dir='ltr'><strong>apud</strong></span> <span class='ocrx_word' id='word_1_999' title='bbox 1181 2231 1297 2265; x_wconf 88' lang='lat' dir='ltr'><strong>gentiles</strong></span> <span class='ocrx_word' id='word_1_1000' title='bbox 1309 2234 1401 2257; x_wconf 76' lang='lat' dir='ltr'><strong>essent</strong></span> <span class='ocrx_word' id='word_1_1001' title='bbox 1416 2230 1442 2256; x_wconf 94' lang='grc'><strong>111</strong></span> <span class='ocrx_word' id='word_1_1002' title='bbox 1457 2231 1568 2261; x_wconf 87' lang='lat' dir='ltr'><strong>honore,</strong></span> <span class='ocrx_word' id='word_1_1003' title='bbox 1583 2229 1685 2266; x_wconf 75' lang='lat' dir='ltr'><strong>idcirco</strong></span> 
     </span>
    </p>
   </div>
   <div class='ocr_carea' id='block_1_137' title="bbox 901 2265 1686 2297">
    <p class='ocr_par' dir='ltr' id='par_1_137' title="bbox 901 2265 1686 2297">
     <span class='ocr_line' id='line_1_140' title="bbox 901 2265 1686 2297; baseline -0.004 -4"><span class='ocrx_word' id='word_1_1004' title='bbox 901 2266 1026 2294; x_wconf 88' lang='lat' dir='ltr'><strong>Clemens</strong></span> <span class='ocrx_word' id='word_1_1005' title='bbox 1041 2265 1145 2297; x_wconf 82' lang='lat' dir='ltr'><strong>noster,</strong></span> <span class='ocrx_word' id='word_1_1006' title='bbox 1163 2271 1192 2292; x_wconf 90' lang='grc'><strong>111</strong></span> <span class='ocrx_word' id='word_1_1007' title='bbox 1206 2266 1267 2293; x_wconf 86' lang='lat' dir='ltr'><strong>illos</strong></span> <span class='ocrx_word' id='word_1_1008' title='bbox 1283 2265 1316 2292; x_wconf 91' lang='lat' dir='ltr'><strong>ab</strong></span> <span class='ocrx_word' id='word_1_1009' title='bbox 1331 2266 1381 2292; x_wconf 92' lang='lat' dir='ltr'><strong>hoc</strong></span> <span class='ocrx_word' id='word_1_1010' title='bbox 1398 2273 1491 2292; x_wconf 89' lang='lat' dir='ltr'><strong>errore</strong></span> <span class='ocrx_word' id='word_1_1011' title='bbox 1506 2269 1610 2295; x_wconf 80' lang='lat' dir='ltr'><strong>avocet,</strong></span> <span class='ocrx_word' id='word_1_1012' title='bbox 1628 2265 1686 2291; x_wconf 89' lang='lat' dir='ltr'><strong>evi-</strong></span> 
     </span>
    </p>
   </div>
   <div class='ocr_carea' id='block_1_138' title="bbox 901 2300 1685 2328">
    <p class='ocr_par' dir='ltr' id='par_1_138' title="bbox 901 2300 1685 2328">
     <span class='ocr_line' id='line_1_141' title="bbox 901 2300 1685 2328; baseline -0.004 0"><span class='ocrx_word' id='word_1_1013' title='bbox 901 2301 1060 2328; x_wconf 83' lang='lat' dir='ltr'><strong>dcutissiute</strong></span> <span class='ocrx_word' id='word_1_1014' title='bbox 1075 2301 1194 2328; x_wconf 90' lang='lat' dir='ltr'><strong>ostendit</strong></span> <span class='ocrx_word' id='word_1_1015' title='bbox 1215 2301 1259 2327; x_wconf 89' lang='lat' dir='ltr'><strong>illa</strong></span> <span class='ocrx_word' id='word_1_1016' title='bbox 1275 2308 1336 2327; x_wconf 89' lang='lat' dir='ltr'><strong>esse</strong></span> <span class='ocrx_word' id='word_1_1017' title='bbox 1356 2306 1523 2327; x_wconf 89' lang='lat' dir='ltr'><strong>tuortuorttm</strong></span> <span class='ocrx_word' id='word_1_1018' title='bbox 1545 2300 1685 2326; x_wconf 89' lang='lat' dir='ltr'><strong>hominum</strong></span> 
     </span>
    </p>
   </div>
   <div class='ocr_carea' id='block_1_139' title="bbox 902 2335 1687 2371">
    <p class='ocr_par' dir='ltr' id='par_1_139' title="bbox 902 2335 1687 2371">
     <span class='ocr_line' id='line_1_142' title="bbox 902 2335 1687 2371; baseline -0.005 -7"><span class='ocrx_word' id='word_1_1019' title='bbox 902 2337 1026 2370; x_wconf 87' lang='lat' dir='ltr'><strong>septtlcra</strong></span> <span class='ocrx_word' id='word_1_1020' title='bbox 1039 2346 1045 2363; x_wconf 88' lang='lat'><strong><em>:</em></strong></span> <span class='ocrx_word' id='word_1_1021' title='bbox 1068 2345 1077 2361; x_wconf 93' lang='grc'><strong>(</strong></span> <span class='ocrx_word' id='word_1_1022' title='bbox 1092 2336 1157 2369; x_wconf 71' lang='lat' dir='ltr'><strong>Qua:</strong></span> <span class='ocrx_word' id='word_1_1023' title='bbox 1172 2335 1292 2371; x_wconf 86' lang='lat' dir='ltr'><strong>quidem,</strong></span> <span class='ocrx_word' id='word_1_1024' title='bbox 1304 2336 1402 2370; x_wconf 81' lang='lat' dir='ltr'><strong>inquit,</strong></span> <span class='ocrx_word' id='word_1_1025' title='bbox 1415 2344 1477 2362; x_wconf 83' lang='lat' dir='ltr'><strong>naut</strong></span> <span class='ocrx_word' id='word_1_1026' title='bbox 1489 2342 1539 2362; x_wconf 89' lang='lat' dir='ltr'><strong>nec</strong></span> <span class='ocrx_word' id='word_1_1027' title='bbox 1552 2336 1612 2371; x_wconf 79' lang='lat' dir='ltr'><strong>ipsa</strong></span> <span class='ocrx_word' id='word_1_1028' title='bbox 1622 2342 1687 2368; x_wconf 78' lang='lat' dir='ltr'><strong>prte-</strong></span> 
     </span>
    </p>
   </div>
   <div class='ocr_carea' id='block_1_140' title="bbox 902 2370 1686 2406">
    <p class='ocr_par' dir='ltr' id='par_1_140' title="bbox 902 2370 1686 2406">
     <span class='ocr_line' id='line_1_143' title="bbox 902 2370 1686 2406; baseline -0.001 -8"><span class='ocrx_word' id='word_1_1029' title='bbox 902 2373 999 2402; x_wconf 85' lang='lat' dir='ltr'><strong>teribo,</strong></span> <span class='ocrx_word' id='word_1_1030' title='bbox 1015 2371 1139 2405; x_wconf 81' lang='lat' dir='ltr'><strong>specioso</strong></span> <span class='ocrx_word' id='word_1_1031' title='bbox 1155 2370 1262 2406; x_wconf 82' lang='lat' dir='ltr'><strong>quidem</strong></span> <span class='ocrx_word' id='word_1_1032' title='bbox 1279 2372 1389 2397; x_wconf 86' lang='lat' dir='ltr'><strong>nomine</strong></span> <span class='ocrx_word' id='word_1_1033' title='bbox 1405 2371 1502 2405; x_wconf 81' lang='lat' dir='ltr'><strong>templa</strong></span> <span class='ocrx_word' id='word_1_1034' title='bbox 1520 2370 1586 2402; x_wconf 83' lang='lat' dir='ltr'><strong>diei,</strong></span> <span class='ocrx_word' id='word_1_1035' title='bbox 1602 2370 1686 2397; x_wconf 84' lang='lat' dir='ltr'><strong>fuisse</strong></span> 
     </span>
    </p>
   </div>
   <div class='ocr_carea' id='block_1_141' title="bbox 902 2405 1687 2441">
    <p class='ocr_par' dir='ltr' id='par_1_141' title="bbox 902 2405 1687 2441">
     <span class='ocr_line' id='line_1_144' title="bbox 902 2405 1687 2441; baseline -0.001 -8"><span class='ocrx_word' id='word_1_1036' title='bbox 902 2411 991 2433; x_wconf 84' lang='lat' dir='ltr'><strong>autem</strong></span> <span class='ocrx_word' id='word_1_1037' title='bbox 1007 2407 1144 2440; x_wconf 84' lang='lat' dir='ltr'><strong>sepulcra,</strong></span> <span class='ocrx_word' id='word_1_1038' title='bbox 1158 2405 1208 2433; x_wconf 77' lang='lat' dir='ltr'><strong>hoc</strong></span> <span class='ocrx_word' id='word_1_1039' title='bbox 1219 2410 1271 2437; x_wconf 81' lang='lat' dir='ltr'><strong>est,</strong></span> <span class='ocrx_word' id='word_1_1040' title='bbox 1286 2408 1409 2440; x_wconf 74' lang='lat' dir='ltr'><strong>sepulcra</strong></span> <span class='ocrx_word' id='word_1_1041' title='bbox 1422 2407 1479 2441; x_wconf 84' lang='lat' dir='ltr'><strong>ipsa</strong></span> <span class='ocrx_word' id='word_1_1042' title='bbox 1492 2409 1586 2432; x_wconf 87' lang='lat' dir='ltr'><strong>vocata</strong></span> <span class='ocrx_word' id='word_1_1043' title='bbox 1601 2405 1687 2432; x_wconf 82' lang='lat' dir='ltr'><strong>fuisse</strong></span> 
     </span>
    </p>
   </div>
   <div class='ocr_carea' id='block_1_142' title="bbox 902 2441 1685 2476">
    <p class='ocr_par' dir='ltr' id='par_1_142' title="bbox 902 2441 1685 2476">
     <span class='ocr_line' id='line_1_145' title="bbox 902 2441 1685 2476; baseline -0.001 -9"><span class='ocrx_word' id='word_1_1044' title='bbox 902 2442 1011 2476; x_wconf 87' lang='lat' dir='ltr'><strong>tetnpla.</strong></span> <span class='ocrx_word' id='word_1_1045' title='bbox 1030 2441 1084 2468; x_wconf 89' lang='lat' dir='ltr'><strong>Vos</strong></span> <span class='ocrx_word' id='word_1_1046' title='bbox 1099 2446 1188 2468; x_wconf 82' lang='lat' dir='ltr'><strong>autem</strong></span> <span class='ocrx_word' id='word_1_1047' title='bbox 1205 2442 1245 2468; x_wconf 90' lang='lat' dir='ltr'><strong>vel</strong></span> <span class='ocrx_word' id='word_1_1048' title='bbox 1262 2450 1334 2468; x_wconf 90' lang='lat' dir='ltr'><strong>nunc</strong></span> <span class='ocrx_word' id='word_1_1049' title='bbox 1350 2442 1445 2469; x_wconf 86' lang='lat' dir='ltr'><strong>saltem</strong></span> <span class='ocrx_word' id='word_1_1050' title='bbox 1461 2441 1612 2467; x_wconf 63' lang='lat' dir='ltr'><strong>daemonum</strong></span> <span class='ocrx_word' id='word_1_1051' title='bbox 1628 2441 1685 2467; x_wconf 90' lang='lat' dir='ltr'><strong>cul—</strong></span> 
     </span>
    </p>
   </div>
   <div class='ocr_carea' id='block_1_143' title="bbox 901 2476 1686 2512">
    <p class='ocr_par' dir='ltr' id='par_1_143' title="bbox 901 2476 1686 2512">
     <span class='ocr_line' id='line_1_146' title="bbox 901 2476 1686 2512; baseline 0 -9"><span class='ocrx_word' id='word_1_1052' title='bbox 901 2482 945 2503; x_wconf 90' lang='lat' dir='ltr'><strong>tus</strong></span> <span class='ocrx_word' id='word_1_1053' title='bbox 961 2481 988 2503; x_wconf 90' lang='lat' dir='ltr'><strong>et</strong></span> <span class='ocrx_word' id='word_1_1054' title='bbox 1005 2476 1208 2512; x_wconf 86' lang='lat' dir='ltr'><strong>superstitionis</strong></span> <span class='ocrx_word' id='word_1_1055' title='bbox 1221 2476 1420 2503; x_wconf 88' lang='lat' dir='ltr'><strong>obliviscamini</strong></span> <span class='ocrx_word' id='word_1_1056' title='bbox 1431 2496 1438 2508; x_wconf 84' lang='grc'><strong>,</strong></span> <span class='ocrx_word' id='word_1_1057' title='bbox 1457 2476 1580 2510; x_wconf 81' lang='lat' dir='ltr'><strong>sepulcra</strong></span> <span class='ocrx_word' id='word_1_1058' title='bbox 1595 2476 1686 2503; x_wconf 88' lang='lat' dir='ltr'><strong>colere</strong></span> 
     </span>
    </p>
   </div>
   <div class='ocr_carea' id='block_1_144' title="bbox 901 2511 1684 2543">
    <p class='ocr_par' dir='ltr' id='par_1_144' title="bbox 901 2511 1684 2543">
     <span class='ocr_line' id='line_1_147' title="bbox 901 2511 1684 2543; baseline -0.001 -5"><span class='ocrx_word' id='word_1_1059' title='bbox 901 2511 1094 2539; x_wconf 82' lang='lat' dir='ltr'><strong>erubescentes</strong></span> <span class='ocrx_word' id='word_1_1060' title='bbox 1106 2512 1138 2538; x_wconf 79' lang='lat'><strong>°&#39;.</strong></span> <span class='ocrx_word' id='word_1_1061' title='bbox 1154 2521 1163 2536; x_wconf 93' lang='grc'><strong>1</strong></span> <span class='ocrx_word' id='word_1_1062' title='bbox 1187 2511 1253 2538; x_wconf 91' lang='lat' dir='ltr'><strong>Illud</strong></span> <span class='ocrx_word' id='word_1_1063' title='bbox 1269 2515 1358 2538; x_wconf 86' lang='lat' dir='ltr'><strong>autem</strong></span> <span class='ocrx_word' id='word_1_1064' title='bbox 1374 2511 1409 2538; x_wconf 91' lang='lat' dir='ltr'><strong>ibi</strong></span> <span class='ocrx_word' id='word_1_1065' title='bbox 1430 2519 1482 2538; x_wconf 91' lang='lat' dir='ltr'><strong>non</strong></span> <span class='ocrx_word' id='word_1_1066' title='bbox 1496 2511 1585 2538; x_wconf 92' lang='lat' dir='ltr'><strong>minus</strong></span> <span class='ocrx_word' id='word_1_1067' title='bbox 1599 2515 1684 2543; x_wconf 87' lang='lat' dir='ltr'><strong>certa,</strong></span> 
     </span>
    </p>
   </div>
   <div class='ocr_carea' id='block_1_145' title="bbox 917 2546 1684 2581">
    <p class='ocr_par' dir='ltr' id='par_1_145' title="bbox 917 2546 1684 2581">
     <span class='ocr_line' id='line_1_148' title="bbox 917 2546 1684 2581; baseline -0.003 -8"><span class='ocrx_word' id='word_1_1068' title='bbox 917 2555 978 2573; x_wconf 90' lang='lat' dir='ltr'><strong>ttam</strong></span> <span class='ocrx_word' id='word_1_1069' title='bbox 1002 2547 1081 2581; x_wconf 80' lang='lat' dir='ltr'><strong>longa</strong></span> <span class='ocrx_word' id='word_1_1070' title='bbox 1102 2547 1259 2574; x_wconf 87' lang='lat' dir='ltr'><strong>inductione</strong></span> <span class='ocrx_word' id='word_1_1071' title='bbox 1283 2547 1461 2574; x_wconf 89' lang='lat' dir='ltr'><strong>demonstrat.</strong></span> <span class='ocrx_word' id='word_1_1072' title='bbox 1487 2546 1552 2578; x_wconf 78' lang='lat' dir='ltr'><strong>Qua:</strong></span> <span class='ocrx_word' id='word_1_1073' title='bbox 1576 2547 1684 2581; x_wconf 85' lang='lat' dir='ltr'><strong>quidem</strong></span> 
     </span>
    </p>
   </div>
   <div class='ocr_carea' id='block_1_146' title="bbox 897 2555 1684 2618">
    <p class='ocr_par' dir='ltr' id='par_1_146' title="bbox 897 2555 1684 2618">
     <span class='ocr_line' id='line_1_149' title="bbox 917 2555 1684 2581; baseline -0.003 -8"><span class='ocrx_word' id='word_1_1074' title='bbox 917 2555 978 2573; x_wconf 90' lang='lat' dir='ltr'><strong>nam</strong></span> <span class='ocrx_word' id='word_1_1075' title='bbox 1002 2555 1081 2581; x_wconf 80' lang='lat' dir='ltr'><strong>tonga</strong></span> <span class='ocrx_word' id='word_1_1076' title='bbox 1102 2555 1259 2574; x_wconf 86' lang='lat' dir='ltr'><strong>tnuucttone</strong></span> <span class='ocrx_word' id='word_1_1077' title='bbox 1283 2555 1461 2574; x_wconf 79' lang='lat' dir='ltr'><strong>demonstrat.</strong></span> <span class='ocrx_word' id='word_1_1078' title='bbox 1487 2555 1552 2578; x_wconf 71' lang='lat' dir='ltr'><strong>una:</strong></span> <span class='ocrx_word' id='word_1_1079' title='bbox 1576 2555 1684 2581; x_wconf 86' lang='lat' dir='ltr'><strong>qutuem</strong></span> 
     </span>
     <span class='ocr_line' id='line_1_150' title="bbox 897 2555 1684 2618; baseline -0.001 -10"><span class='ocrx_word' id='word_1_1080' title='bbox 897 2555 1047 2610; x_wconf 56' lang='lat' dir='ltr'><strong>Eletncntis</strong></span> <span class='ocrx_word' id='word_1_1081' title='bbox 1060 2583 1185 2616; x_wconf 87' lang='lat' dir='ltr'><strong>probatio</strong></span> <span class='ocrx_word' id='word_1_1082' title='bbox 1205 2582 1272 2609; x_wconf 87' lang='lat' dir='ltr'><strong>tanti</strong></span> <span class='ocrx_word' id='word_1_1083' title='bbox 1289 2582 1418 2618; x_wconf 84' lang='lat' dir='ltr'><strong>ponderis</strong></span> <span class='ocrx_word' id='word_1_1084' title='bbox 1432 2582 1598 2609; x_wconf 77' lang='lat' dir='ltr'><strong>Christianis</strong></span> <span class='ocrx_word' id='word_1_1085' title='bbox 1615 2581 1684 2618; x_wconf 81' lang='lat' dir='ltr'><strong>scri-</strong></span> 
     </span>
    </p>
   </div>
   <div class='ocr_carea' id='block_1_147' title="bbox 899 2617 1682 2652">
    <p class='ocr_par' dir='ltr' id='par_1_147' title="bbox 899 2617 1682 2652">
     <span class='ocr_line' id='line_1_151' title="bbox 899 2617 1682 2652; baseline -0.001 -9"><span class='ocrx_word' id='word_1_1086' title='bbox 899 2617 1023 2652; x_wconf 89' lang='lat' dir='ltr'><strong>ptoribus</strong></span> <span class='ocrx_word' id='word_1_1087' title='bbox 1039 2618 1096 2644; x_wconf 87' lang='lat' dir='ltr'><strong>visa</strong></span> <span class='ocrx_word' id='word_1_1088' title='bbox 1111 2621 1153 2645; x_wconf 87' lang='lat' dir='ltr'><strong>est</strong></span> <span class='ocrx_word' id='word_1_1089' title='bbox 1163 2637 1170 2647; x_wconf 76' lang='grc'><strong>,</strong></span> <span class='ocrx_word' id='word_1_1090' title='bbox 1188 2621 1218 2644; x_wconf 83' lang='grc'><strong>01</strong></span> <span class='ocrx_word' id='word_1_1091' title='bbox 1233 2618 1278 2644; x_wconf 90' lang='lat' dir='ltr'><strong>illa</strong></span> <span class='ocrx_word' id='word_1_1092' title='bbox 1290 2617 1349 2644; x_wconf 57' lang='grc'><strong>⁷11011</strong></span> <span class='ocrx_word' id='word_1_1093' title='bbox 1367 2617 1455 2644; x_wconf 87' lang='lat' dir='ltr'><strong>soluttt</strong></span> <span class='ocrx_word' id='word_1_1094' title='bbox 1471 2617 1504 2643; x_wconf 90' lang='lat' dir='ltr'><strong>ab</strong></span> <span class='ocrx_word' id='word_1_1095' title='bbox 1517 2617 1638 2644; x_wconf 86' lang='lat' dir='ltr'><strong>Arnobio</strong></span> <span class='ocrx_word' id='word_1_1096' title='bbox 1648 2617 1682 2647; x_wconf 82' lang='grc' dir='ltr'><strong>⁷ο,</strong></span> 
     </span>
    </p>
   </div>
   <div class='ocr_carea' id='block_1_148' title="bbox 899 2652 1682 2687">
    <p class='ocr_par' dir='ltr' id='par_1_148' title="bbox 899 2652 1682 2687">
     <span class='ocr_line' id='line_1_152' title="bbox 899 2652 1682 2687; baseline -0.003 -8"><span class='ocrx_word' id='word_1_1097' title='bbox 899 2652 1127 2687; x_wconf 81' lang='lat' dir='ltr'><strong>quemadmodum</strong></span> <span class='ocrx_word' id='word_1_1098' title='bbox 1151 2652 1283 2680; x_wconf 87' lang='lat' dir='ltr'><strong>llervetus</strong></span> <span class='ocrx_word' id='word_1_1099' title='bbox 1297 2656 1370 2679; x_wconf 90' lang='lat' dir='ltr'><strong>recte</strong></span> <span class='ocrx_word' id='word_1_1100' title='bbox 1387 2653 1533 2681; x_wconf 83' lang='lat' dir='ltr'><strong>observat.</strong></span> <span class='ocrx_word' id='word_1_1101' title='bbox 1551 2655 1682 2686; x_wconf 88' lang='lat' dir='ltr'><strong>usurpata</strong></span> 
     </span>
    </p>
   </div>
   <div class='ocr_carea' id='block_1_149' title="bbox 899 2687 1683 2722">
    <p class='ocr_par' dir='ltr' id='par_1_149' title="bbox 899 2687 1683 2722">
     <span class='ocr_line' id='line_1_153' title="bbox 899 2687 1683 2722; baseline -0.003 -8"><span class='ocrx_word' id='word_1_1102' title='bbox 899 2687 996 2720; x_wconf 76' lang='lat' dir='ltr'><strong>fuerit;</strong></span> <span class='ocrx_word' id='word_1_1103' title='bbox 1010 2688 1057 2714; x_wconf 86' lang='lat' dir='ltr'><strong>sed</strong></span> <span class='ocrx_word' id='word_1_1104' title='bbox 1071 2691 1156 2714; x_wconf 89' lang='lat' dir='ltr'><strong>totum</strong></span> <span class='ocrx_word' id='word_1_1105' title='bbox 1169 2688 1251 2714; x_wconf 87' lang='lat' dir='ltr'><strong>etiam</strong></span> <span class='ocrx_word' id='word_1_1106' title='bbox 1263 2687 1329 2714; x_wconf 88' lang='lat' dir='ltr'><strong>illud</strong></span> <span class='ocrx_word' id='word_1_1107' title='bbox 1340 2687 1488 2715; x_wconf 83' lang='lat' dir='ltr'><strong>Clementis</strong></span> <span class='ocrx_word' id='word_1_1108' title='bbox 1502 2688 1683 2722; x_wconf 77' lang='lat' dir='ltr'><strong>fragmentum</strong></span> 
     </span>
    </p>
   </div>
   <div class='ocr_carea' id='block_1_150' title="bbox 900 2721 1684 2758">
    <p class='ocr_par' dir='ltr' id='par_1_150' title="bbox 900 2721 1684 2758">
     <span class='ocr_line' id='line_1_154' title="bbox 900 2721 1684 2758; baseline -0.003 -8"><span class='ocrx_word' id='word_1_1109' title='bbox 900 2724 933 2750; x_wconf 88' lang='lat' dir='ltr'><strong>ab</strong></span> <span class='ocrx_word' id='word_1_1110' title='bbox 949 2722 1067 2750; x_wconf 83' lang='lat' dir='ltr'><strong>Eusebio</strong></span> <span class='ocrx_word' id='word_1_1111' title='bbox 1080 2723 1100 2739; x_wconf 87' lang='lat'>“</span> <span class='ocrx_word' id='word_1_1112' title='bbox 1115 2727 1142 2750; x_wconf 90' lang='lat' dir='ltr'><strong>et</strong></span> <span class='ocrx_word' id='word_1_1113' title='bbox 1159 2722 1261 2758; x_wconf 85' lang='lat' dir='ltr'><strong>Cyrillo</strong></span> <span class='ocrx_word' id='word_1_1114' title='bbox 1277 2722 1462 2750; x_wconf 80' lang='lat' dir='ltr'><strong>Alexandrino</strong></span> <span class='ocrx_word' id='word_1_1115' title='bbox 1474 2723 1497 2738; x_wconf 81' lang='grc'>⁷⁸</span> <span class='ocrx_word' id='word_1_1116' title='bbox 1509 2721 1620 2750; x_wconf 87' lang='lat' dir='ltr'><strong>totidem</strong></span> <span class='ocrx_word' id='word_1_1117' title='bbox 1635 2721 1684 2748; x_wconf 88' lang='lat' dir='ltr'><strong>de-</strong></span> 
     </span>
    </p>
   </div>
   <div class='ocr_carea' id='block_1_151' title="bbox 955 2799 1681 2835">
    <p class='ocr_par' dir='ltr' id='par_1_151' title="bbox 955 2799 1681 2835">
     <span class='ocr_line' id='line_1_155' title="bbox 955 2799 1681 2835; baseline -0.001 -9"><span class='ocrx_word' id='word_1_1118' title='bbox 955 2800 975 2816; x_wconf 79' lang='lat'>“</span> <span class='ocrx_word' id='word_1_1119' title='bbox 1003 2799 1133 2828; x_wconf 81' lang='lat' dir='ltr'><strong>Herodot.</strong></span> <span class='ocrx_word' id='word_1_1120' title='bbox 1158 2800 1206 2828; x_wconf 88' lang='lat' dir='ltr'><strong>lib.</strong></span> <span class='ocrx_word' id='word_1_1121' title='bbox 1229 2809 1259 2833; x_wconf 89' lang='grc'><strong>11,</strong></span> <span class='ocrx_word' id='word_1_1122' title='bbox 1284 2800 1297 2835; x_wconf 87' lang='lat'>§</span> <span class='ocrx_word' id='word_1_1123' title='bbox 1326 2801 1354 2828; x_wconf 72' lang='grc'><strong>4.</strong></span> <span class='ocrx_word' id='word_1_1124' title='bbox 1427 2800 1449 2817; x_wconf 69' lang='grc' dir='ltr'><strong>θ’</strong></span> <span class='ocrx_word' id='word_1_1125' title='bbox 1475 2799 1574 2827; x_wconf 79' lang='lat' dir='ltr'><strong>Euseb.</strong></span> <span class='ocrx_word' id='word_1_1126' title='bbox 1600 2799 1648 2835; x_wconf 84' lang='lat' dir='ltr'><strong>lib.</strong></span> <span class='ocrx_word' id='word_1_1127' title='bbox 1673 2806 1681 2826; x_wconf 89' lang='grc'><strong>1</strong></span> 
     </span>
    </p>
   </div>
   <div class='ocr_carea' id='block_1_152' title="bbox 897 2833 1679 2870">
    <p class='ocr_par' dir='ltr' id='par_1_152' title="bbox 897 2833 1679 2870">
     <span class='ocr_line' id='line_1_156' title="bbox 897 2833 1679 2870; baseline -0.003 -8"><span class='ocrx_word' id='word_1_1128' title='bbox 897 2836 1057 2863; x_wconf 60' lang='grc'><strong>1510151.</strong></span> <span class='ocrx_word' id='word_1_1129' title='bbox 1097 2836 1119 2851; x_wconf 64' lang='grc' dir='ltr'><strong>οδ</strong></span> <span class='ocrx_word' id='word_1_1130' title='bbox 1136 2835 1246 2863; x_wconf 90' lang='lat' dir='ltr'><strong>Diodor.</strong></span> <span class='ocrx_word' id='word_1_1131' title='bbox 1263 2833 1300 2863; x_wconf 80' lang='lat' dir='ltr'><strong>lib</strong></span> <span class='ocrx_word' id='word_1_1132' title='bbox 1328 2835 1433 2867; x_wconf 76' lang='lat' dir='ltr'><strong>lBibl.,</strong></span> <span class='ocrx_word' id='word_1_1133' title='bbox 1450 2843 1475 2870; x_wconf 86' lang='lat' dir='ltr'><strong>p.</strong></span> <span class='ocrx_word' id='word_1_1134' title='bbox 1492 2835 1518 2870; x_wconf 49' lang='lat'><strong>9.</strong></span> <span class='ocrx_word' id='word_1_1135' title='bbox 1563 2833 1679 2870; x_wconf 54' lang='lat' dir='ltr'><strong>f‘lib.t</strong></span> 
     </span>
    </p>
   </div>
   <div class='ocr_carea' id='block_1_153' title="bbox 1107 2868 1681 2905">
    <p class='ocr_par' dir='ltr' id='par_1_153' title="bbox 1107 2868 1681 2905">
     <span class='ocr_line' id='line_1_157' title="bbox 1107 2868 1681 2905; baseline -0.002 -9"><span class='ocrx_word' id='word_1_1136' title='bbox 1107 2870 1128 2886; x_wconf 88' lang='grc'><strong><em>⁸⁷</em></strong></span> <span class='ocrx_word' id='word_1_1137' title='bbox 1147 2870 1231 2897; x_wconf 74' lang='lat' dir='ltr'><strong>Varro</strong></span> <span class='ocrx_word' id='word_1_1138' title='bbox 1243 2874 1305 2905; x_wconf 86' lang='lat' dir='ltr'><strong>post</strong></span> <span class='ocrx_word' id='word_1_1139' title='bbox 1333 2871 1392 2897; x_wconf 91' lang='lat' dir='ltr'><strong>init.</strong></span> <span class='ocrx_word' id='word_1_1140' title='bbox 1409 2868 1540 2897; x_wconf 72' lang='grc' dir='ltr'><strong>1111ζν1[)0</strong></span> <span class='ocrx_word' id='word_1_1141' title='bbox 1553 2868 1681 2905; x_wconf 59' lang='lat' dir='ltr'><strong>ling.l;a-</strong></span> 
     </span>
    </p>
   </div>
   <div class='ocr_carea' id='block_1_154' title="bbox 991 2903 1681 2940">
    <p class='ocr_par' dir='ltr' id='par_1_154' title="bbox 991 2903 1681 2940">
     <span class='ocr_line' id='line_1_158' title="bbox 991 2903 1681 2940; baseline -0.003 -8"><span class='ocrx_word' id='word_1_1142' title='bbox 991 2914 1017 2940; x_wconf 90' lang='lat' dir='ltr'><strong>p.</strong></span> <span class='ocrx_word' id='word_1_1143' title='bbox 1033 2906 1077 2932; x_wconf 69' lang='lat'><strong>29.</strong></span> <span class='ocrx_word' id='word_1_1144' title='bbox 1137 2907 1159 2922; x_wconf 90' lang='grc'><strong>⁷⁰</strong></span> <span class='ocrx_word' id='word_1_1145' title='bbox 1173 2903 1274 2932; x_wconf 79' lang='lat' dir='ltr'><strong>Arnob.</strong></span> <span class='ocrx_word' id='word_1_1146' title='bbox 1291 2905 1336 2932; x_wconf 92' lang='lat' dir='ltr'><strong>lib.</strong></span> <span class='ocrx_word' id='word_1_1147' title='bbox 1351 2913 1377 2933; x_wconf 82' lang='lat' dir='ltr'><strong>vt</strong></span> <span class='ocrx_word' id='word_1_1148' title='bbox 1392 2905 1460 2933; x_wconf 84' lang='lat' dir='ltr'><strong>Adv.</strong></span> <span class='ocrx_word' id='word_1_1149' title='bbox 1478 2909 1563 2940; x_wconf 78' lang='lat' dir='ltr'><strong>gent.,</strong></span> <span class='ocrx_word' id='word_1_1150' title='bbox 1576 2912 1603 2939; x_wconf 91' lang='lat' dir='ltr'><strong>p.</strong></span> <span class='ocrx_word' id='word_1_1151' title='bbox 1619 2903 1681 2933; x_wconf 74' lang='lat'><strong>193.</strong></span> 
     </span>
    </p>
   </div>
  </div>
