1927 3073
202 176 256 205 895

203 232 337 268 scriptum
357 231 393 268 sit
406 231 507 268 verbis.
523 231 710 268 Theodoretus
722 231 746 246 "
760 239 868 268 quoque
884 232 928 264 id,
944 233 991 260 sed
1007 236 1032 264 Α

204 266 274 302 styli)
296 274 347 295 suo
369 267 407 294 ita
429 266 538 298 retulit,
561 271 592 294 ut
615 267 748 293 incertum
770 267 850 302 plane
868 267 993 295 videatur

204 301 297 342 utrum
313 311 328 330 a
341 301 593 342 ClementeApotius
613 309 693 342 quam
707 301 824 342 Eusebio
839 302 882 342 vel
893 302 992 342 Cyrillo

203 338 288 366 fuerit
311 341 460 365 mutuatus.
481 336 558 370 Quod
585 336 694 371 quidem
717 345 732 363 a
756 337 835 364 nobis
855 336 992 365 ideo‘ani-

203 373 393 405 madvertitur,
419 376 476 399 tum
500 372 562 406 quia
583 373 617 399 ab
641 372 759 399 Herveto
779 373 992 406 przetermissum

204 380 393 405 madvertitur,
419 380 476 399 tum
500 380 562 406 quia
583 380 617 399 an
642 380 759 399 nerveto
799 380 992 400 ractermissum

204 412 256 441 est,
274 412 330 435 tum
342 408 478 442 prmcipue
489 407 550 441 quia
565 416 597 435 ex
609 407 726 434 Eusebio
736 411 762 435 et
773 380 873 442 gyrillo
885 408 994 435 varian-

204 447 246 470 tes
256 443 378 478 quaedam
391 442 476 477 colligi
489 447 603 477 possunt
613 442 752 473 lectiones.
765 443 864 477 quibus
875 443 994 471 auctoris

204 477 293 505 nostri
307 481 398 505 textus
411 477 509 513 corrigi
527 482 616 512 potest
631 482 658 505 et
675 478 814 505 illustrari.

246 513 313 541 Nam
327 515 415 549 plura,
426 522 486 548 qua:
497 517 549 542 hos
559 514 631 541 inter
643 521 673 541 se
687 520 813 541 auctores
825 514 1000 549 componenti

209 548 301 576 facilia
318 548 396 579 sunt.
415 553 444 576 ut
460 549 622 577 omittamus
635 569 642 580 ,
661 549 687 576 id
703 557 717 575 a
739 549 879 576 nonnullis
890 548 922 575 iu
938 549 1000 577 Cle-

209 585 311 612 mentis
325 588 398 612 lextu
413 585 599 619 corruptionis
611 585 746 619 arguitur.
760 585 833 619 quod
846 584 879 611 de
891 584 1000 612 luimari

209 620 335 655 sepulcro
346 620 445 647 ibidem
460 620 593 654 legiuiuS:
617 629 625 644 ι
640 619 775 647 lnimarus
790 619 867 655 {ilius
875 619 999 655 Eumolpi

208 659 236 682 ct
256 654 359 686 Daii‘tc.
381 664 445 682 iuiiii
468 655 520 682 fuit.
538 655 662 690 sepultus
679 655 706 681 in
729 655 832 682 ambitu
849 654 999 688 Eleusiiiii,

208 690 282 724 quoii
297 696 339 718 cst
356 691 408 718 sub
426 691 532 718 arce“.
550 701 559 716 ι
580 690 609 717 lu
627 693 701 717 textu
717 698 835 725 namque
850 690 1001 719 Clementis

207 725 254 760 qui
269 725 419 757 lunuarus,
436 726 582 760 Ἴμμαρος,
598 725 713 756 dicitur,
729 724 801 752 hunc
818 724 950 753 llervetiis
966 734 999 753 ev

231 761 343 788 ausaiiia
366 761 550 787 lmmaraduui
573 760 765 795 appellandum
789 769 849 788 esse
866 761 937 788 haud
953 762 1001 788 ab-

208 796 291 823 surde
304 796 414 830 probari
427 803 508 831 posse
519 796 668 823 arbitratus
679 800 730 823 est.
747 795 823 822 llanc
839 800 929 823 autem
945 797 1002 831 opi-

209 831 321 858 nionem
346 839 378 858 ex
399 831 519 866 Cyrillo,
548 831 571 858 si
588 831 648 865 ejus
670 831 783 866 legisset
803 831 923 863 librum,
942 832 1001 866 pari

207 874 316 901 quoque
328 866 410 893 modo
420 865 583 894 conﬁrmare
595 865 909 901 poterat.7Corrigendus
917 865 999 893 etiam

206 900 318 943 Euse'bii
332 906 435 934 textus,
451 901 498 929 ubi
513 900 844 943 simili’erroredsuiarus,
857 902 998 938 Ἴσμαρος,
1016 914 1038 943 Β

207 944 259 972 pro
274 936 391 972 lminaro
406 944 590 964 ainanuenses
607 936 712 964 librarii
730 936 877 972 scripsere.

244 971 323 1005 Quod
338 975 430 999 autem
445 972 518 1007 apud
533 972 701 999 Clementem
718 971 858 1006 sequitur:
881 981 890 997 ι
905 971 1001 999 Imma-

207 1015 258 1043 riis
273 1011 364 1043 autem
379 1007 451 1043 ﬁlips
466 1006 591 1043 Eumolpi
607 1011 634 1034 et
655 1006 758 1034 Dairat:
773 1017 782 1033 ι
802 1008 936 1043 ’Ίμμαρος
949 1007 1000 1034 δὲὸ

206 1042 350 1077 Εὐμόλπου
363 1043 410 1069 καὶ
418 1042 545 1078 Ἁαείρας,
557 1042 584 1069 id
595 1043 810 1078 quidamiadhuc
821 1042 999 1078 depravatum

208 1085 274 1104 esse
288 1081 411 1105 censent.
433 1077 570 1105 Arnobius
587 1078 688 1105 etenim
706 1077 814 1104 Dairani
836 1077 999 1105 lininarachi

209 1112 321 1139 fratrem
339 1112 424 1140 fuisse
444 1113 487 1140 his
505 1117 621 1140 testatur
640 1113 747 1140 verbis:
769 1123 777 1138 ι
791 1112 886 1140 Dairas
901 1118 927 1140 et
944 1111 998 1140 lni-

207 1147 356 1175 iiiarachus
372 1147 471 1175 fratres
492 1147 519 1174 iu
541 1148 681 1180 Eleusini,
699 1148 740 1176 vel
758 1148 849 1183 potius
872 1149 899 1175 in
919 1148 1000 1175 Eleu-

209 1183 272 1210 sinii
287 1183 318 1213 ".
345 1187 374 1210 ut
400 1188 471 1218 apud
496 1183 663 1211 Clementem
681 1187 806 1210 nostrum
825 1184 998 1216 Ἐλευσινίου,

207 1221 354 1254 concepto,
372 1218 445 1253 quod
460 1219 563 1245 civitati
579 1219 734 1254 subjectum
747 1223 816 1246 est.»
835 1219 935 1246 Verum
950 1220 1000 1245 Ar-

207 1253 283 1289 nouii
307 1253 422 1282 forsitan
441 1254 532 1289 potius
554 1262 635 1288 quam
654 1254 770 1281 aliorum
788 1254 831 1281 hic
848 1262 927 1281 error
944 1259 997 1282 est.

206 1287 300 1323 Neque
314 1289 387 1315 enim
405 1287 533 1317 insolitis
549 1287 708 1320 Clementis.
727 1289 774 1316 sed
792 1289 902 1317 Eusebii
916 1290 998 1316 etiam

206 1329 233 1359 et
245 1324 340 1359 Cyrilli
357 1329 430 1351 textu
446 1328 606 1351 constanter
621 1325 752 1358 legimus:
775 1335 783 1350 ι
799 1325 932 1352 liniiiarus
950 1333 999 1351 seu

206 1358 377 1386 linniai'adus
398 1359 523 1394 Eumolpi
538 1364 565 1387 et
581 1359 669 1387 Daira:
685 1360 770 1387 filius.
789 1370 798 1386 ι
817 1361 831 1386 ὀ
851 1360 997 1395 Εὐμόλπου

206 1395 251 1421 ναὶ
266 1395 391 1430 Δαείρας.
411 1395 449 1422 Ex
464 1395 601 1422 Pausania
614 1399 704 1422 autem
719 1395 851 1423 discimus
866 1395 996 1422 linmara-

205 1430 269 1456 dum
279 1437 373 1458 revera
385 1430 509 1464 Eumolpi
522 1430 607 1457 lilium
622 1430 723 1458 fuisse:
741 1442 749 1454 ε
760 1430 914 1458 Commissa
927 1431 999 1458 inter

205 1465 360 1493 Eleusinios
371 1470 398 1492 et
407 1465 588 1493 Athenienses
599 1473 701 1500 pugna,
715 1466 778 1492 hine
790 1466 939 1493 Erecliteus
951 1473 997 1493 rex

203 1500 426 1531 Atheniensium,
442 1501 517 1528 illinc
533 1501 658 1535 Eumolpl
679 1501 750 1528 [ilius
767 1500 937 1529 lminaradus
952 1508 998 1528 ce-

204 1535 373 1563 ciderunt”.
392 1546 400 1562 ι
420 1535 453 1563 Ει
470 1536 550 1570 paulo
568 1536 711 1571 superius:
733 1545 742 1561 ι
758 1535 844 1563 liabet
860 1540 950 1563 autem
971 1541 998 1564 et

205 1571 277 1612 inter
291 1571 447 1617 Eponxnios
465 1572 554 1617 locum
571 1580 650 1599 suum
671 1571 833 1617 Ereeliteus,
854 1572 901 1606 qui
916 1571 998 1617 Eleu-
1011 1588 1033 1617 c

204 1606 290 1642 iiiiiios
312 1607 405 1642 pratlio
422 1607 504 1639 vicit,
521 1614 672 1641 eorumque
680 1607 790 1642 ﬁducem
813 1607 997 1634 lmtuaradum

207 1640 334 1676 Eumolpi
351 1642 436 1677 lilium
451 1642 588 1670 interfecit
599 1640 635 1667 7".
650 1651 659 1668 ι
679 1641 763 1669 Recte
779 1642 860 1677 igitur
872 1642 1000 1668 lmmara-

206 1677 258 1704 dus
271 1677 329 1704 sive
352 1676 487 1705 lmmarus
504 1685 520 1704 a
533 1677 674 1704 Clemente
695 1681 792 1704 nostro
806 1681 834 1704 et
849 1677 911 1704 aliis
927 1677 999 1705 filius

206 1711 333 1746 Eumolpi
344 1711 456 1740 dicitur.

241 1746 279 1774 De
291 1747 349 1774 sola
361 1747 452 1781 itaque
464 1747 545 1774 Daira
559 1751 650 1782 potest
663 1755 726 1775 esse
741 1747 833 1782 aliqua
847 1747 997 1775 contentio.

205 1780 281 1817 illam
295 1782 395 1817 quippe
410 1780 480 1809 idem
496 1780 647 1810 Pausanias
663 1780 796 1810 Mercurii
809 1783 901 1817 potius
916 1791 999 1817 quam

204 1815 371 1854 liiLniar’adi‘
386 1825 499 1854 nitorem
531 1818 619 1845 fuisse
642 1818 685 1846 his
713 1815 818 1846 verbis
839 1815 998 1854 significat:

208 1861 218 1877 ‹
234 1850 389 1889 Eleusinem
408 1853 530 1883 heroem.
543 1854 621 1889 unde
635 1854 766 1889 oppidum
789 1850 888 1881 nomen
906 1854 998 1885 habet,

206 1887 332 1924 nonnulli
351 1887 488 1915 Mercurio
499 1892 526 1916 ct
541 1887 621 1916 Daira
636 1887 737 1917 Oceani
753 1888 809 1916 ﬁlia
819 1890 940 1924 genitum
953 1896 1001 1924 pii-

206 1923 309 1949 tant".
330 1933 338 1949 ι
358 1924 392 1949 At
409 1924 434 1950 id
453 1924 498 1951 ille
522 1931 583 1950 cum
600 1924 714 1951 omnino
730 1925 865 1951 incertum
882 1923 1001 1952 essedi-

205 1961 305 1994 culpet
323 1959 400 1994 plura
416 1959 450 1986 de
467 1959 621 1994 originibus
637 1960 696 1987 suis
713 1960 747 1987 ab
763 1959 911 1987 Eleusiniis
928 1960 999 1987 falso

228 1993 315 2030 i'odita
337 1994 472 2030 affirmet,
491 1993 555 2022 vero
570 2003 684 2029 prorsus
700 1995 790 2022 simile
810 1999 853 2022 est
868 1995 941 2030 quod
963 1995 1001 2022 ait

205 2028 332 2064 Clemens
350 2029 513 2064 Eumolpum
536 2028 667 2057 ex’Daira
692 2038 778 2058 uxore
801 2039 850 2058 sua
869 2028 1000 2057 liumara-

205 2063 269 2100 dum
287 2063 465 2100 pijocreasse’,
493 2065 544 2091 hoc
561 2073 594 2092 ex
612 2066 673 2093 aliis
691 2066 872 2100 scriptoribus
889 2066 922 2092 ab
941 2066 1000 2100 ipso

204 2098 291 2136 fuisse
304 2099 489 2136 desumptum.
500 2099 606 2128 Videsis
614 2098 813 2136 53Murcium,
821 2102 868 2129 lib.
879 2100 942 2128 iiDe
952 2098 999 2127 ’νε-

204 2133 281 2169 gibus
298 2133 508 2167 Atheniensium,
525 2133 662 2170 capite}:
672 2137 717 2163 ubi
731 2137 765 2163 de
780 2137 908 2168 lnimaro,
926 2136 999 2164 sicut

204 2173 232 2196 ct
245 2177 306 2204 cap.
325 2170 338 2196 l
349 2170 383 2198 de
402 2169 694 2207 ErichtOiiii’scpulcro
706 2192 713 2203 ,
728 2172 808 2206 cujus
822 2177 918 2199 auctor
931 2180 1000 2207 quo-

204 2212 258 2240 que
274 2209 371 2232 noster
388 2206 522 2237 meminit,
538 2206 662 2240 quaedam
681 2207 820 2234 observat.

241 2239 314 2267 Celei
333 2248 415 2275 porro
439 2240 509 2277 filias
531 2239 661 2269 Eleusine
676 2242 798 2277 sepultas
819 2241 919 2270 ibidem
937 2242 1000 2270 Cle-

204 2279 434 2314 rneiismeinorat.
447 2275 513 2309 Qua:
523 2281 613 2314 autem
623 2277 680 2314 rillte
693 2275 794 2314 fuerint
815 2277 838 2304 si
850 2279 998 2314 rogaveris,

205 2309 275 2336 idem
295 2309 447 2347 f_’ausauias
466 2312 643 2347 respondebit
658 2321 706 2340 eas
724 2320 739 2339 a
760 2309 926 2347 Painplio'et
944 2309 1000 2340 llo;

205 2345 473 2396 iiie'rompipgeneam,
490 2345 689 2383 Panimeropcn
704 2352 731 2376 et
748 2345 881 2376 Satsarani
897 2356 1000 2383 cogno-

205 2387 305 2407 llllllill'l
321 2387 352 2408 ".

241 2414 375 2443 llcrvetus
388 2424 443 2444 non
458 2417 541 2455 audet
556 2425 681 2455 asserere
698 2426 881 2455 quorumnam
898 2418 1001 2455 Hyper-

205 2449 352 2489 lioreoi'um
359 2459 459 2489 uigores
469 2453 572 2489 fuerint
583 2449 741 2489 llypei'oelie
751 2459 777 2481 et
787 2453 914 2486 Laodice,
924 2449 998 2488 quas

205 2485 332 2524 Clemens
349 2487 449 2524 deinde
474 2498 483 2513 ι
499 2488 526 2515 in
544 2485 693 2517 Artemisio
709 2493 736 2517 et
759 2490 786 2516 iii
804 2491 906 2524 templo
927 2485 997 2517 Delii

205 2521 341 2555 Apollinis
355 2532 364 2547 ι
391 2522 518 2551 humatas
535 2524 707 2552 testificatur.
731 2524 785 2552 Sed
803 2525 848 2551 ille
861 2521 996 2552 "llerodo-

205 2558 264 2594 tuin
288 2558 382 2594 procul
396 2557 479 2585 dubio
487 2567 551 2594 illo“
573 2560 685 2594 legerat.
703 2560 745 2587 Ab
763 2561 809 2587 illo
828 2561 900 2587 enim
917 2569 996 2588 acce-

206 2591 294 2632 pi'sset'
310 2593 467 2632 opinionem
485 2591 622 2632 Deliorufu
640 2594 727 2632 fuisse
740 2603 787 2623 cas
802 2595 838 2623 ab
855 2595 996 2632 llypei'liof

207 2628 271 2663 rcis,
288 2631 317 2654 ut
333 2636 413 2655 sacra
428 2628 461 2654 ad
476 2637 505 2655 se
519 2630 546 2656 iu
564 2629 656 2657 Delum
669 2630 817 2662 deferrent,
834 2628 942 2663 missas,
959 2631 994 2658 ibi

205 2669 240 2699 ex
255 2662 307 2690 hac
324 2663 458 2699 migrasse
474 2664 540 2691 vita.
559 2664 645 2697 Quam
663 2673 730 2693 sane
747 2667 782 2693 ob
798 2674 909 2694 causam
929 2667 995 2694 Delii

207 2697 304 2725 harum
328 2697 486 2734 sepulcrum
509 2700 644 2735 virginum
663 2701 887 2729 venerabantur:
909 2711 918 2727 ι
934 2702 994 2729 Pri-

249 2811 262 2848 ἦ
284 2810 421 2839 Tlieodor.
447 2815 514 2840 tem.
536 2811 582 2846 IV,
611 2820 693 2840 SN‘ll‘l.
722 2812 749 2844 8,
774 2821 802 2848 p.
821 2812 885 2840 597.

205 2844 307 2888 Atticu
323 2855 350 2881 p.
368 2847 412 2874 '56.
463 2844 661 2910 "_ibid.VF.-55
686 2881 690 2884 ‘
710 2849 733 2864 τ³
747 2844 812 2876 ibid.
829 2856 855 2884 p.
872 2849 917 2875 57.

206 2881 253 2909 5ο.
301 2882 322 2898 ⁸⁸
340 2882 459 2910 Pausan.
476 2883 521 2910 lib.
538 2892 563 2910 VI
589 2884 678 2910 aliae"
715 2884 815 2910 0.181.
854 2885 876 2899 ⁵⁵
890 2884 917 2910 Si

206 2881 253 2909 35.
301 2882 322 2898 ⁸⁸
340 2882 459 2919 Pausan.
476 2883 521 2911 lib.
538 2892 563 2911 VI
580 2881 690 2917 Filiae,
715 2884 815 2919 p.181.

209 2918 376 2951 Artaxerxis,
395 2926 421 2953 p.
438 2919 515 2947 1020.

543 173 578 201 ΙΝ
597 172 811 201 CLEMENTEM
830 173 932 201 ALEX.
955 175 986 202 Ι).
1007 175 1051 203 LE
1069 175 1211 203 NOURRY
1232 174 1458 203 DISSERTATIO
1478 175 1498 202 Ι.

936 2812 960 2829 ⁷⁵
975 2813 1091 2841 Αιῐιιιοιι.
1108 2813 1142 2840 ad
1159 2817 1245 2848 gent.,
1275 2821 1302 2847 ρ.
1317 2812 1361 2840 29.

965 2849 987 2864 τ’
1001 2848 1119 2877 Pausan.
1135 2849 1200 2876 ibid.

854 2885 876 2899 "
890 2884 989 2912 Suidas
1005 2885 1037 2911 ad
1053 2885 1166 2911 verbum
1184 2884 1341 2919 Κλέαρχος.

555 2920 577 2936 ⁸⁵
589 2919 719 2947 Alexand.
748 2920 781 2948 ab
798 2919 929 2947 Alexand.
949 2921 996 2948 lib.
1013 2928 1038 2947 vt
1054 2920 1159 2947 Genial.
1174 2919 1232 2947 dier
1249 2939 1254 2951 ,
1272 2929 1295 2946 c.
1318 2919 1357 2946 ll.

1791 173 1842 202 896

1046 241 1120 260 mum
1138 232 1328 268 Hyperboreos
1338 253 1345 266 ,
1361 232 1416 263 ait,
1433 231 1542 268 misisse
1557 231 1634 268 dua_s_
1645 229 1768 268 puellas.
1784 237 1843 264 qua

1046 268 1150 304 ferrent
1164 265 1227 295 hac
1242 275 1412 304 sacratquas
1433 267 1500 304 D_elii
1519 267 1596 304 aiunt
1613 265 1797 304 Hyperechen
1816 269 1843 304 et

1046 303 1193 335 Laodicen,
1211 307 1239 330 et
1253 311 1314 330 cum
1332 301 1375 330 his
1391 302 1480 330 tutela:
1496 302 1580 336 gratia
1593 301 1718 336 quinque
1735 307 1769 326 ex
1789 301 1843 336 suis

1047 339 1232 373 popularibus,
1255 338 1299 373 qui
1322 345 1369 365 eas
1392 335 1614 373 deducerent“...
1635 336 1780 373 Ceterum
1804 335 1843 361 his

1048 370 1198 409 virginibus
1221 370 1403 410 Hyperboreis
1428 373 1482 400 vita
1508 371 1609 410 functis
1633 371 1661 398 in
1681 370 1772 410 _Drlo,
1793 377 1844 410 pa-

1046 406 1155 435 ren'tant
1184 406 1279 443 puella:
1300 408 1427 443 Deliierac
1439 407 1514 443 pueri
1531 407 1617 443 tonsis
1634 406 1745 440 utrique
1761 406 1843 432 crini-

1046 443 1107 475 bus,
1123 442 1192 478 quos
1213 443 1310 478 puclla:
1333 442 1441 478 quidem
1457 442 1515 478 fuso
1529 442 1667 478 involutos
1683 448 1769 474 supra
1786 447 1843 478 rno-

1047 475 1384 512 numentum—deponu‘nt.
1409 477 1489 504 Pueri
1516 481 1606 504 autem
1633 476 1668 503 ad
1694 475 1843 510 quamdam

1051 513 1164 541 herbam
1183 513 1363 549 applicantes,
1376 518 1402 551 et
1416 512 1475 551 ip_si_
1485 513 1611 551 sepulcro
1623 512 1784 551 imponunt.
1800 512 1843 540 Est

1051 554 1141 576 autem
1154 548 1362 576 monumentum
1375 548 1450 575 intra
1462 548 1638 575 Artemisium
1652 548 1685 574 ad
1700 548 1843 575 sinistram

1051 583 1228 613 intrantibus,
1240 584 1354 618 oleaque
1369 591 1451 618 supra
1468 584 1557 618 ipsum
1571 587 1613 613 est
1630 588 1706 609 nata.
1726 582 1788 610 Hoc
1804 584 1838 610 ho

1051 627 1118 646 uore
1129 619 1164 646 ab
1179 619 1276 646 incolis
1289 619 1343 646 Deli
1355 618 1512 646 afﬁciuntur
1524 619 1563 645 hat
1571 618 1736 652 virgines".
1755 629 1764 644 ι
1780 619 1844 651 Quis

1051 658 1142 681 autem
1157 662 1211 681 non
1236 654 1309 681 videt
1332 653 1500 681 Clementem
1517 658 1543 681 et
1563 654 1761 681 celeberrimos
1786 654 1845 681 illos

1051 690 1209 724 scriptores,
1222 690 1268 724 qui
1280 689 1341 722 ejus
1353 693 1447 724 postea
1455 689 1662 724 descripserunt
1673 689 1770 721 verba,
1787 697 1835 716 sen

1051 726 1196 759 teiitiaaque
1212 725 1452 759 subscripserunt,
1471 732 1525 751 non
1541 725 1594 751 alio
1611 732 1744 759 prorsus.
1761 732 1845 757 quam

1051 761 1085 787 ad
1100 761 1203 787 hancce
1216 760 1380 787 collineasse
1392 759 1448 787 sive
1462 767 1553 787 veram
1570 760 1628 787 sive
1642 759 1740 787 falsam
1757 759 1847 787 Delio-

1051 803 1110 823 rum
1126 795 1302 830 opinionem?

1086 829 1172 858 Porro
1183 835 1276 866 autem
1288 830 1377 857 obiter
1404 829 1606 866 observandum
1619 829 1805 866 Hyperechen
1819 835 1847 858 et

1052 866 1187 893 Laodicen
1208 874 1223 893 a
1239 865 1380 893 Clemente
1392 884 1399 894 .
1416 865 1535 893 Eusebio
1549 869 1577 892 et
1600 865 1671 893 aliis
1679 866 1777 893 vocari
1797 867 1847 898 τὰς

1057 901 1246 936 Ὑπερϐορέων
1259 902 1391 935 γυναῖκας
1403 907 1410 913 ·
1429 901 1463 927 ab
1474 900 1612 936 Herodoto
1622 905 1726 932 autem.
1743 902 1847 936 παρθές

1054 945 1116 969 νους
1124 935 1237 968 virginea
1253 941 1279 963 et
1287 937 1371 972 κόρας
1382 935 1494 970 puellas.
1511 935 1696 972 Quamobrem
1708 944 1761 963 vox
1773 935 1842 970 fw!)

1052 972 1123 1005 apud
1139 972 1306 998 Clementem
1323 971 1382 998 'non
1399 978 1522 1001 uxorem.
1540 975 1570 998 ul
1584 971 1720 999 llervetus
1731 992 1739 1004 ,
1755 976 1786 998 et
1800 972 1845 999 alii

1052 1007 1215 1041 interpretes
1240 1010 1391 1042 putarunt.
1412 1007 1460 1034 sed
1481 1006 1610 1034 feminam
1633 1007 1803 1042 simpliciter
1820 1012 1846 1034 et

1051 1043 1185 1076 virginem
1201 1042 1346 1077 significat.
1368 1041 1395 1068 ln
1410 1042 1565 1076 quaareiidis
1580 1042 1664 1077 igitur
1679 1041 1777 1068 earum
1793 1051 1846 1069 ιιωρ

1051 1077 1114 1105 ritis
1131 1077 1264 1105 llervetus
1279 1077 1370 1105 oleum
1385 1080 1412 1104 et
1429 1085 1540 1112 operam
1558 1078 1672 1104 omnino
1686 1077 1819 1112 perdidit.

1087 1112 1236 1140 Videamus
1255 1113 1348 1147 itaque
1367 1120 1402 1139 an
1425 1113 1523 1140 melius
1542 1116 1691 1147 utrumque
1713 1113 1742 1139 in
1760 1114 1845 1148 expli-

1051 1148 1147 1176 candis
1164 1148 1396 1182 subsequentibus
1421 1147 1569 1176 Clementis
1587 1148 1676 1175 nostri
1692 1148 1787 1175 verbis
1800 1147 1843 1174 in-

1051 1184 1207 1218 sunipserit.
1220 1182 1264 1210 Ait
1273 1187 1362 1211 autem
1373 1183 1513 1210 Clemens:
1524 1193 1533 1208 ι
1546 1182 1699 1210 Leandrius
1709 1183 1778 1210 dicit
1787 1183 1845 1210 Cle-

1051 1219 1164 1245 arclium
1177 1218 1263 1246 fuisse
1280 1218 1363 1246 Mileti
1381 1219 1517 1254 sepultum
1534 1219 1561 1245 in
1578 1218 1728 1254 Didymreo.
1746 1229 1755 1243 ι
1774 1219 1844 1251 Quid

1051 1254 1077 1280 iu
1097 1261 1169 1281 nunc
1188 1254 1278 1281 locum
1299 1254 1450 1281 Henetus?
1470 1253 1636 1280 Subdubitat
1656 1262 1722 1280 num
1748 1253 1843 1281 Clear-

1050 1289 1119 1316 chus
1135 1290 1179 1317 ille
1194 1289 1240 1321 sit,
1253 1289 1333 1323 cujus
1348 1288 1510 1319 Pausanias,
1525 1289 1571 1316 ubi
1587 1289 1621 1316 de
1637 1289 1777 1317 Leontisci
1792 1295 1844 1316 ξιιμ

1051 1330 1096 1360 tua
1113 1325 1244 1360 loquitur,
1261 1325 1428 1352 mentionem
1448 1324 1523 1351 facit.
1540 1326 1574 1350 At
1591 1325 1749 1360 niliilialiud
1766 1325 1800 1351 de
1812 1333 1843 1352 eo

1050 1359 1201 1387 Pausanias
1218 1360 1255 1386 ibi
1269 1360 1406 1386 iiiciuoria:
1418 1359 1549 1393 prodidit,
1563 1359 1617 1386 nisi
1635 1369 1643 1385 ‹
1661 1359 1843 1394 Pythagoram

1050 1395 1203 1429 Rlieg‘iuuiu
1217 1395 1347 1422 didicisse
1357 1394 1449 1422 ferunt
1458 1399 1544 1422 artem
1555 1395 1720 1422 statuariatn
1732 1403 1747 1421 a
1757 1396 1844 1422 Clear-

1050 1431 1102 1457 clio
1118 1430 1241 1465 Rhegin
1255 1429 1365 1457 Euchiri
1374 1430 1509 1464 discipulo
1516 1431 1549 1457 θι.
1563 1440 1572 1456 ι
1585 1429 1637 1465 Sed
1653 1430 1720 1465 quid
1737 1431 1804 1461 ha'c,
1818 1435 1844 1456 ut

1050 1466 1122 1493 inter
1137 1464 1214 1495 deos.
1231 1465 1462 1501 quemadmodum
1481 1469 1576 1492 narrat
1592 1464 1736 1497 Clemens.
1754 1467 1845 1500 sepul-

1050 1505 1112 1529 tura
1128 1502 1153 1528 ei
1169 1501 1292 1532 daretur,
1310 1500 1465 1528 faciebant?

1086 1537 1176 1564 Alium
1189 1536 1289 1563 Suidas
1304 1536 1388 1563 refert
1399 1535 1524 1564 Clearchi
1541 1535 1654 1563 nomine
1671 1535 1844 1570 insignitum,

1050 1572 1098 1607 qui
1118 1571 1190 1606 apud
1213 1571 1389 1599 llei‘acleotas
1408 1581 1417 1596 (
1429 1579 1522 1598 rerum
1540 1571 1645 1606 potitus
1657 1592 1664 1603 ,
1684 1572 1846 1598 crudelissi-

1051 1615 1111 1634 inus
1128 1607 1189 1639 fuit,
1207 1611 1234 1634 et
1249 1607 1453 1642 inexpugnabili
1468 1607 1597 1641 superbia
1613 1607 1760 1638 incensus,
1777 1607 1845 1634 ado-

1049 1644 1105 1669 rari
1137 1650 1166 1670 se
1182 1646 1209 1669 et
1221 1642 1375 1669 ctelestium
1390 1643 1503 1669 deorum
1525 1642 1676 1668 honoribus
1696 1642 1826 1669 honorari
1837 1662 1844 1674 .

1050 1678 1157 1705 divinos
1173 1678 1290 1705 honores
1302 1677 1353 1705 sibi
1363 1677 1458 1704 haberi
1473 1677 1616 1704 volebatet
1631 1681 1722 1704 vestes
1734 1677 1789 1704 diis
1806 1678 1844 1703 fa.

1050 1714 1172 1741 miliares
1187 1717 1214 1740 et
1235 1713 1344 1740 illorum
1361 1712 1519 1739 simulacris
1535 1712 1733 1740 convenientes
1748 1713 1841 1740 indue-

1050 1748 1138 1776 bat".
1152 1759 1161 1774 ι
1180 1749 1306 1775 Attamen
1316 1747 1381 1782 quia
1394 1748 1470 1774 illum
1483 1751 1510 1774 et
1524 1746 1571 1775 Dei
1583 1747 1717 1779 vindicta,
1728 1748 1846 1775 etChio-

1050 1785 1094 1812 nis
1111 1792 1192 1810 manu
1203 1803 1210 1816 ,
1233 1788 1262 1810 ut
1279 1787 1396 1818 tyranno
1413 1783 1531 1818 patriam
1550 1783 1678 1810 liberaret
1691 1803 1699 1813 .
1717 1787 1845 1810 necatum

1050 1819 1194 1853 perhibet,
1213 1819 1275 1853 quis
1290 1818 1438 1845 crediderit
1457 1821 1540 1844 tanta:
1560 1818 1740 1845 crudelitatis
1760 1819 1846 1845 lionii-

1051 1863 1113 1882 nem
1132 1855 1224 1881 divina
1240 1854 1381 1888 sepultura
1396 1853 1481 1880 fuisse
1498 1853 1677 1879 decoratum?

1085 1890 1166 1916 Certe
1184 1890 1207 1917 is
1222 1889 1309 1916 honos
1333 1889 1411 1924 longe
1426 1888 1524 1924 potiori
1540 1888 1732 1924 jureﬁdcrbitus
1756 1896 1788 1915 ac
1801 1889 1846 1916 de-

1051 1924 1122 1952 latus
1139 1925 1247 1951 videtur
1260 1923 1403 1953 (llearclio.
1418 1923 1576 1951 Cratcorum
1592 1923 1668 1956 duri,
1684 1932 1770 1958 quem
1785 1932 1846 1950 cum

1051 1961 1113 1987 aliis
1130 1961 1247 1987 ducibus
1261 1959 1420 1987 obtruncari
1439 1963 1520 1993 atque
1536 1959 1602 1986 feris
1617 1963 1645 1986 et
1658 1960 1761 1986 avibus
1775 1960 1845 1987 dila-

1051 1996 1183 2022 niandum
1202 1994 1285 2029 objici
1303 1995 1469 2022 Artaxerxes
1487 1994 1617 2028 iusserat.
1637 1993 1750 2022 Ctesias
1764 1995 1845 2025 enim,

1051 2035 1120 2058 teste
1131 2030 1291 2062 Plutarcho,
1303 2031 1421 2065 publicis
1434 2029 1532 2056 litteris
1544 2029 1721 2064 consignavit
1734 2030 1846 2064 hujusce

1053 2075 1063 2091 ι
1078 2065 1202 2093 Clearclii
1217 2065 1344 2093 cadaveri
1359 2066 1433 2093 venti
1449 2065 1597 2100 procellam
1612 2065 1758 2092 cumulum
1770 2069 1846 2092 terra:

1051 2101 1199 2134 excitasse,
1216 2105 1297 2136 atque
1308 2100 1570 2136 injecissercorpori,
1584 2100 1666 2136 idque
1679 2101 1845 2131 contexisse;

1051 2145 1106 2171 quo
1127 2137 1186 2164 loco
1202 2135 1283 2163 enato
1300 2137 1419 2170 paliuclo
1441 2135 1515 2162 brevi
1534 2135 1665 2171 eximium
1686 2144 1786 2163 nemus
1801 2143 1847 2162 ex-

1052 2170 1185 2205 crevisse,
1202 2180 1235 2199 ac
1253 2172 1345 2198 locum
1360 2179 1421 2199 eum
1438 2171 1622 2198 inuuihrasse.
1638 2170 1737 2205 Itaque
1752 2178 1846 2205 magna

1052 2207 1163 2234 ductum
1178 2206 1338 2242 paenitentia
1355 2214 1458 2241 regem,
1474 2206 1546 2241 quod
1562 2206 1651 2242 vii-uin
1663 2206 1720 2242 diis
1734 2205 1845 2233 charum

1053 2241 1214 2277 pel-eiiiissct
1241 2241 1403 2269 Clearchum
1421 2242 1454 2268 ⁸³.
1474 2251 1482 2267 ι
1506 2241 1583 2274 Quod
1610 2241 1725 2275 quidem
1752 2246 1845 2276 postea

1053 2278 1207 2305 Alexander
1227 2277 1261 2304 ab
1277 2277 1443 2307 Alexandro.
1463 2281 1593 2311 tauquam
1611 2284 1666 2303 rein
1687 2277 1771 2311 plane
1790 2281 1846 2304 slu—

1053 2313 1168 2347 pendani
1180 2316 1207 2340 et
1219 2312 1329 2347 dignam
1340 2312 1524 2339 admiratione
1534 2312 1594 2339 suis
1607 2312 1633 2338 in
1645 2312 1726 2347 lihris
1738 2311 1846 2339 brevius

1051 2346 1226 2383 transcripsit
1239 2346 1271 2374 ⁸⁸.
1286 2347 1364 2374 llnnc
1375 2351 1465 2373 autem
1474 2346 1643 2383 ‘Clcarcltum
1655 2346 1743 2373 Mileti
1756 2347 1845 2382 sepul-

1053 2388 1110 2410 tuui
1124 2381 1200 2410 certo
1209 2383 1429 2418 quandoquidem
1440 2381 1567 2408 alliriuari
1580 2390 1633 2409 non
1642 2386 1746 2416 potest,
1756 2387 1844 2409 utrum

1052 2419 1086 2446 de
1108 2419 1156 2446 illo
1171 2417 1298 2453 loquatur
1318 2418 1445 2445 Clemens
1458 2437 1465 2447 .
1486 2417 1601 2444 delinire
1616 2425 1672 2444 nou
1699 2417 1843 2453 audemus.

1051 2453 1110 2480 Non
1128 2454 1180 2481 alia
1195 2452 1287 2488 itaque
1301 2453 1335 2480 de
1351 2461 1433 2480 causa
1451 2453 1508 2479 hrcc
1522 2460 1537 2479 τι
1554 2453 1634 2480 nobis
1650 2452 1842 2488 proferuntur.

1049 2490 1101 2516 nisi
1118 2494 1146 2515 ut
1160 2487 1288 2516 omnibus
1305 2489 1368 2515 inde
1389 2493 1479 2523 pateat
1501 2496 1584 2522 quam
1615 2489 1694 2515 vanis
1711 2487 1844 2516 llervetus

1048 2525 1215 2559 conjectiiris
1230 2525 1390 2560 plerumque
1403 2524 1523 2560 ducatur
1537 2528 1566 2560 et
1584 2524 1739 2560 indulgeat.

1084 2558 1176 2595 Neque
1185 2558 1317 2594 pori-oille
1331 2558 1413 2595 nobis
1425 2559 1530 2586 videtur
1546 2559 1645 2595 legisse
1654 2558 1844 2595 autianimad-

1047 2593 1162 2623 vertisse
1179 2593 1229 2631 pro
1250 2595 1362 2631 nomine
1382 2594 1524 2631 Κλέαρχον
1535 2614 1541 2625 ,
1563 2594 1637 2631 quod
1652 2593 1842 2631 in_Cleinen_tis

1050 2631 1137 2658 nostri
1148 2629 1225 2663 πίοι
1242 2631 1289 2666 qui
1307 2630 1367 2663 ejus
1383 2629 1466 2656 verba
1482 2629 1630 2666 exscripsin
1645 2650 1652 2660 ,
1671 2629 1769 2664 Cyrilli
1784 2629 1842 2666 Ale-

1051 2667 1176 2693 xandrini
1193 2664 1266 2693 textu
1282 2666 1514 2699 exliibeiur,apud
1523 2664 1670 2692 Eusebium
1685 2665 1841 2691 eorumdem

1049 2702 1199 2730 Clementis
1206 2702 1351 2729 verborum
1362 2701 1561 2735 exscriptorcui
1570 2700 1665 2727 haberi
1673 2699 1842 2735 Κλεόμαχον.

1401 2812 1424 2827 ⁷⁵
1443 2813 1494 2840 loc.
1512 2813 1560 2839 cit.
1599 2812 1624 2828 ⁷⁸
1638 2811 1761 2841 Pausan.
1775 2813 1819 2840 lih.
1834 2820 1840 2839 ι

1360 2848 1384 2864 ⁸⁰
1399 2847 1527 2888 ηιῖνέιέιοι-
1543 2847 1637 2888 litt.”
1664 2848 1839 2888 Menemac-

1366 2891 1392 2918 p.
1410 2883 1488 2910 1467.
1543 2883 1566 2898 ³³
1581 2882 1727 2911 Plutarch:
1741 2885 1768 2911 in
1784 2882 1838 2910 Vita

1404 2919 1425 2933 “
1443 2926 1517 2953 supr.
1539 2919 1585 2946 cit.

1220 2857 1245 2884 p.
1263 2849 1306 2875 56.
