1927 3073
236 111 290 141 899

573 110 608 138 IN
624 110 834 138 CLEMENTEM
855 109 956 137 ALEX.
975 109 1006 137 D.
1027 109 1070 136 LE
1089 107 1234 137 NOURRY
1252 107 1483 136 DlSSERTATlO
1503 107 1520 137 Ι.
1712 136 1715 138 ,
1824 108 1870 136 οεο

235 170 331 207 quenti
360 168 554 197 dissertatione
578 168 681 204 aliquid
705 169 795 196 adhuc
823 168 1024 196 animadverte-
1041 172 1063 199 Α
1077 166 1313 207 corripuissetnac
1330 166 1403 207 _lllia,
1425 167 1536 207 ubinam
1563 166 1730 207 fulminator
1752 171 1871 207 tempore

235 213 308 234 mus.

271 241 311 267 Ad
326 239 454 276 Cinyram
470 240 543 274 quod
566 242 682 274 spectat,
700 245 723 265 IS
738 238 809 265 ﬁlius
823 242 881 276 erat
894 237 1027 276 Thyantis

237 277 319 311 Capri
332 274 413 309 regis,
427 275 472 309 qui
491 279 550 309 post
565 279 667 309 patrem
684 282 762 311 sumo
779 274 876 301 tertius
892 275 985 300 eadem
999 274 1026 301 in

237 308 318 346 Cvpri
334 308 422 337 ins-uia
437 308 957 346 icgnasse’narratuI'._Cletnens.autem
971 312 1027 346 tra-

238 344 367 375 dit'illum
386 356 395 370 ι
413 346 438 371 in
455 345 556 379 Papho,
569 355 578 370 ι
593 344 664 379 quod
684 344 788 370 scilicet
801 345 882 378 Cypri
897 344 1027 379 oppidum

237 387 306 412 erat,
322 391 330 406 ι
346 381 372 407 in
387 380 501 407 Veneris
517 381 616 414 templo
632 390 641 405 ι
656 379 741 406 fuisse
754 381 899 413 sepultum.
910 379 942 405 At
955 379 1026 406 idem

237 417 294 452 ίρςρ
319 416 444 443 Clemens
468 416 532 452 alibi
558 415 653 443 scribit
669 415 741 442 hunc
756 414 1027 452 Cinyratlt,_Venet‘is

238 450 382 482 amasium,
398 455 424 478 et
446 459 504 477 eam
528 451 554 477 in
578 451 691 477 deorum
717 450 850 477 extulisse
873 450 978 480 album,
1001 454 1027 477 et

236 487 434 514 obSceuissima
460 486 532 512 illius
552 486 688 522 mysteria
702 485 728 522 in
746 486 832 522 lucem
850 485 996 522 protulisse
1006 485 1025 512 ³.

237 522 303 555 Quis
327 530 391 556 ergo
417 521 526 555 negabit
551 520 668 556 aliquam
683 520 746 547 inde
761 520 831 547 haud
847 520 961 556 prorsus
976 521 1028 547 im-

237 555 403 592 probabilem
428 555 615 592 conjecturam
639 556 700 590 capi
726 563 806 591 posse
826 556 899 592 illud
915 555 1027 592 Yeneris

236 590 376 627 templum,
396 591 440 618 ubi
458 591 574 627 Cinyras
593 592 746 627 sepulturae
755 590 898 618 mandatus
915 591 1026 627 dicitur,

237 625 310 655 illius
335 635 427 654 revera
453 625 595 654 delubrum
621 625 705 654 fuisse
726 625 851 658 Veneris,
876 626 957 660 cujus
983 626 1028 654 ille

236 663 343 690 nefario
368 670 460 689 amore
485 662 664 697 ﬂagraverat?
687 662 724 689 De
747 661 810 689 aliis
830 662 949 696 denique
963 670 1029 696 quo-

236 697 362 726 rumdam
376 698 489 724 deorum
504 698 638 732 sepulcris
651 697 733 729 infra,
746 704 808 724 cum
823 704 852 724 se
863 697 969 725 dederit
981 705 1028 724 oc-

236 733 322 766 casio,
338 733 428 760 adhuc
441 732 637 768 disputabitur.

500 778 701 806 ARTICULUS
721 778 765 807 iV.

236 825 275 854 De
291 825 393 860 templis
409 825 530 856 deorum,
548 833 579 851 ac
594 826 739 860 praesertim
758 823 856 852 Bacchi
879 830 904 852 et
920 824 1029 861 Serapi-

274 861 316 888 dis
340 863 398 897 igne
418 861 562 888 combustis
577 866 601 887 et
617 861 730 891 eversis;
755 868 817 887 num
833 860 893 887 inde
909 860 1029 888 Clemens

271 902 364 924 contra
373 903 502 932 ipaganos
525 900 594 932 recte
615 901 822 932 argumentatur,
847 901 923 931 atque
939 898 1030 932 aliqua

272 932 350 959 initia
368 931 492 958 Ecclesia:
509 931 605 965 templa
622 931 784 958 Christianis
802 931 923 964 fuerint?

271 976 398 1009 Paganos
415 984 429 1002 a
444 977 635 1011 superstitioso
647 976 938 1011 templorumsuorum
954 977 1029 1005 cultu

237 1015 267 1039 ut
295 1012 434 1039 ellicacins
460 1011 588 1038 Clemens
611 1012 758 1042 deterreat,
780 1016 971 1045 argumentum
996 1021 1029 1040 ex

238 1048 348 1074 funesto
374 1047 482 1073 illorum
508 1047 635 1074 incendio
658 1047 773 1082 petitum
789 1047 921 1074 adhibet:
940 1057 949 1072 ι
967 1047 1031 1075 Scio

237 1091 298 1117 ego,
319 1082 416 1117 inquit.
427 1082 525 1117 ignem
547 1090 628 1116 posse
650 1082 813 1109 convincere
827 1087 854 1109 et
869 1082 971 1109 mederi
985 1091 1031 1111 su-

238 1116 403 1152 perstitioni.
421 1116 583 1152 Si'cessare
595 1118 630 1144 ab
653 1118 771 1144 amentia
797 1117 876 1148 velis,
900 1118 972 1152 ignis
997 1119 1031 1146 ad

239 1151 327 1180 lucem
342 1157 368 1180 te
382 1152 525 1188 dcjducet‘.
543 1162 552 1178 ι
572 1151 688 1180 Pulchre
702 1152 824 1188 quidem,
846 1160 896 1180 nec
912 1151 978 1180 Sane
994 1154 1033 1180 in-

238 1189 385 1222 eleganter.
402 1187 538 1221 Quantum
553 1193 643 1215 autem
664 1187 718 1215 hac
740 1188 767 1215 in
793 1189 1032 1222 argumentatione

239 1224 274 1251 sit
289 1223 387 1250 virimn
402 1228 428 1250 et
444 1223 562 1254 roboris.
580 1231 645 1250 mox
662 1223 826 1250 videbimus.

273 1257 384 1293 Templa
400 1266 568 1294 porroaqua:
590 1259 652 1294 igne
673 1260 761 1286 ultore
775 1262 802 1294 et
813 1258 921 1285 vindice
935 1267 1031 1286 eversa

238 1298 315 1324 sunt,
334 1294 375 1321 sic
392 1294 436 1320 ille
451 1293 550 1321 ibidem
566 1298 707 1321 enumerat
725 1304 731 1321 ε
749 1303 758 1319 ‹
777 1293 826 1320 llic
842 1293 912 1328 ignis
928 1298 954 1321 et
968 1298 1034 1321 tem-

237 1330 323 1364 plum,
338 1329 411 1364 qnod
435 1334 493 1356 erat
517 1329 609 1364 Argis,
625 1329 778 1357 combussit
796 1336 849 1355 una
864 1337 927 1364 cum
943 1337 1032 1357 sacer-

239 1363 461 1400 doteClirysidc,
478 1368 505 1391 et
527 1363 649 1399 id’quod
667 1370 726 1392 erat
748 1364 858 1399 Ephesi,
877 1363 969 1400 Dianae
989 1373 1033 1392 se-

238 1399 358 1426 cundtun
381 1405 441 1434 post
464 1400 627 1431 Amazones.
645 1404 671 1427 et
690 1400 783 1427 llonne
799 1407 870 1434 saepe
884 1399 1033 1434 depopula-

237 1438 283 1462 tus
297 1440 339 1461 est
353 1434 530 1469 Capitolium.
547 1435 601 1462 Sed
617 1443 667 1462 nec
685 1435 817 1462 abstinuit
833 1443 847 1460 a
863 1436 964 1468 templo
983 1436 1032 1462 Se-

238 1470 342 1504 rapidis
357 1470 688 1504 Alexandriae;Liberalis
703 1475 794 1498 autem
812 1470 930 1505 Dionysii
948 1470 1033 1498 Athe-

238 1506 282 1532 nis
297 1505 427 1539 templum
450 1506 544 1532 diruit.
564 1506 615 1533 Sed
633 1510 659 1533 et
674 1505 794 1540 Delphici
808 1505 942 1540 Apollinis
955 1507 1031 1540 prius

238 1540 328 1578 rapuit
344 1541 473 1578 procella,
491 1541 589 1568 deinde
604 1541 675 1576 ignis
695 1541 805 1576 sapiens
822 1545 1032 1577 temperansque
1046 1549 1066 1578 ο

238 1576 338 1603 delevit
347 1577 367 1603 ⁵.
385 1585 394 1601 ι

274 1610 355 1638 Plura
369 1618 435 1638 sane
449 1611 476 1638 in
490 1610 565 1638 hunc
578 1611 668 1638 locum
683 1611 833 1646 prtcserlim
847 1620 879 1638 ex
895 1611 1031 1640 Pausania

239 1646 352 1673 adnotat
368 1646 514 1674 llervetus,
525 1647 559 1673 At
573 1646 607 1673 de
621 1645 732 1681 templis
750 1645 882 1681 Dionysii,
899 1656 947 1675 seu
964 1648 1031 1674 Bac.-

238 1682 283 1708 chi
305 1681 518 1712 Eleutherensis,
537 1685 618 1716 atque
631 1683 713 1709 etiam
729 1681 878 1716 Serapidis.
893 1688 955 1710 ante
970 1683 1032 1710 (216-

239 1717 340 1753 mentis
355 1716 555 1753 557tempora,
572 1717 634 1752 igne
648 1717 810 1753 combustis,
829 1718 895 1744 nihil
911 1726 1030 1753 unquam

239 1758 270 1778 se
293 1752 390 1786 legisse
413 1752 529 1786 ingenue
548 1754 704 1780 conlitetur.
724 1751 815 1778 Monet
835 1757 925 1780 tamen
944 1751 1032 1780 eccle-

240 1786 368 1813 siasticos
393 1788 552 1821 scriptores,
578 1786 804 1822 putarﬂulinum,
835 1788 976 1815 Socratem
1004 1792 1032 1815 et

241 1821 433 1857 Somnienum,
455 1822 528 1849 aliud
543 1821 635 1857 templi
652 1821 792 1856 Serapidis
807 1827 918 1851 notasse
941 1824 1032 1850 incen-

240 1856 327 1894 dium,
343 1857 416 1894 qugd
441 1857 558 1889 scilicet,
575 1856 732 1885 Theodosio
746 1857 843 1894 Magno
868 1859 1030 1894 imperante,

241 1892 287 1919 diu
304 1896 365 1927 post
379 1892 528 1920 Clementis
541 1897 648 1920 aetatem
664 1893 811 1927 contigisse
824 1892 1006 1921 memorant“.

276 1927 386 1954 Eusebii
411 1928 504 1962 itaque
530 1929 613 1955 libros
633 1936 687 1955 non
713 1929 779 1955 satis
802 1933 904 1956 attente
930 1929 1033 1964 legerat

241 1960 386 1994 llervelus,
406 1960 542 1991 aut—certe
557 1964 659 1990 oblitus
674 1963 762 1990 fuerat
778 1971 807 1990 se
823 1964 945 1998 quaedam
957 1960 1031 1998 apud

241 2005 303 2024 eum
318 1998 430 2029 vidisse,
446 2006 506 2033 quae
523 1999 585 2025 huic
601 1999 749 2026 Clementis
764 2000 850 2026 nostri
866 2000 926 2026 loco
943 2000 1032 2026 lucem

241 2037 357 2069 possunt
371 2033 477 2060 allerre.
503 2033 571 2069 Nam
594 2039 656 2060 ante
670 2034 815 2061 Theodosii
835 2034 981 2069 imperium
995 2035 1032 2061 ita

242 2067 287 2095 ille
302 2069 438 2104 scribebat
455 2079 460 2096 :
478 2079 487 2094 ‹
505 2068 554 2096 Ubi
576 2069 733 2103 Delphicum
749 2069 815 2096 illud
833 2067 962 2104 templum
979 2074 1031 2100 est.

241 2103 435 2138 apudCraac-os
448 2112 545 2131 omnes
559 2106 687 2138 omnique
702 2105 832 2131 memoria
847 2103 1034 2132 celebratum?

269 2138 293 2164 bi
314 2137 448 2174 Pythius?
471 2139 522 2166 Ubi
547 2137 672 2166 Clariué‘!
698 2138 749 2166 Ubi
776 2139 940 2167 Dodoneus?
964 2139 1032 2166 Nam

241 2172 401 2207 Delphicum
415 2182 479 2202 sane
492 2174 632 2201 oraculum
647 2174 702 2208 jam
718 2175 827 2201 tertimn
844 2183 859 2201 a
879 2175 1032 2202 Thracibus

242 2207 385 2246 incensum
402 2210 486 2246 fuisse
503 2214 633 2246 constans
649 2207 738 2246 ’l‘a_rnar
753 2214 827 2237 est...
844 2210 961 2246 Idipsum
976 2210 1033 2237 llo-

242 2251 324 2281 mano
337 2244 410 2281 item
425 2244 560 2281 Capitolio
585 2245 657 2271 circa
681 2244 892 2281 Ptolemmorunf
909 2250 1031 2281 tempora

242 2279 396 2316 contigisse
406 2279 497 2316 prodit
512 2280 641 2316 historia;
656 2279 756 2316 quibus
770 2281 850 2307 etiam
863 2279 1031 2316 temporibus

243 2312 345 2350 Vestae
355 2312 499 2350 delubrum
526 2315 625 2342 ibidem
642 2312 826 2350 conﬂagrasse
841 2312 941 2343 lerunl.
957 2316 1032 2344 Prat-

245 2347 528 2386 terealgluliirthsaris
543 2354 622 2377 aetate
635 2347 822 2386 grandeiillud
844 2355 871 2378 et
892 2351 1032 2386 Olympia-

243 2382 430 2423 cuinCrzccia;
443 2382 720 2423 simulacruquuod
733 2384 864 2423 Olympiae
878 2382 1031 2423 videbatur,

245 2417 357 2456 [uimine
372 2419 503 2456 divinitus
527 2421 610 2448 ictum
628 2417 698 2452 esse,
715 2417 842 2456 aliudque
862 2422 943 2449 simul
958 2422 1033 2448 lovis

243 2452 389 2493 capitolini
414 2456 542 2493 templum
560 2456 696 2493 incendio,
715 2452 866 2483 Pantheum
882 2457 952 2493 igne
980 2457 1033 2483 ful-

243 2489 335 2520 minis,
353 2489 495 2525 Serapinin
516 2491 686 2519 Alexandria:
710 2499 765 2518 non
790 2489 913 2519 absimili
931 2493 1033 2519 conlla-

243 2525 366 2562 gratione
381 2525 508 2554 haustum
525 2526 639 2562 periisse
652 2527 795 2554 tradunt".
809 2537 818 2552 ι

277 2558 370 2594 Neque
394 2561 476 2587 etiam
504 2558 610 2589 sextum
633 2562 747 2589 Arnobii
774 2563 874 2590 librum
899 2562 1034 2590 Hervctus

243 2592 356 2634 legerat,
371 2596 417 2623 ubi
429 2597 505 2634 plura
519 2601 546 2623 et
560 2597 595 2634 ad
610 2596 759 2634 Clementis
772 2602 897 2634 mentem
906 2599 1034 2633 propiora

243 2630 343 2657 tradita
365 2630 439 2668 suntl
461 2641 469 2657 ι
486 2632 554 2659 Cum
575 2632 741 2667 Capitolium
765 2634 845 2660 toties
867 2630 936 2660 edax
958 2630 1034 2668 ignis

243 2670 407 2700 assumeret,
417 2665 565 2702 Jovemque
578 2665 667 2702 ipsum
677 2668 863 2702 Capitolinum
873 2676 936 2696 cum
947 2665 1033 2696 aiore

279 2743 290 2760 ³
301 2743 417 2772 Admon.
433 2745 465 2772 ad
482 2744 580 2777 Crine,
597 2753 624 2779 p.
643 2745 687 2773 10.
715 2745 726 2760 ⁸
742 2745 858 2772 Admon.
879 2745 913 2772 ad
927 2745 1024 2775 Gracia,

243 2779 294 2807 lib.
305 2788 332 2811 v,
348 2786 378 2808 c.‘
391 2780 442 2813 l7;
457 2779 566 2808 Sozom.
585 2781 631 2807 lib.
648 2787 698 2811 vu,
713 2788 738 2806 (ε.
756 2780 800 2807 15.

243 2815 312 2850 Adv.
326 2819 399 2850 gent.
418 2820 481 2843 ante
499 2816 544 2842 lin.
584 2816 594 2831 '
609 2815 732 2850 Thucyul.
751 2815 799 2842 lib.
816 2823 874 2843 vni.

857 2767 858 2770 η
879 2754 913 2772 ad
927 2754 1024 2775 υΐέῐῖεα,
1042 2754 1068 2780 p.
1083 2755 1127 2773 0i).
1166 2754 1176 2760 “’
1193 2754 1259 2772 ιυιιι.
1298 2754 1308 2760 "
1323 2754 1421 2771 lNlllll'l.
1438 2754 1483 2771 Ill}.
1499 2754 1506 2769 l
1520 2754 1541 2770 ll

857 2781 866 2795 ⁷
883 2780 985 2808 Euseb.
1001 2781 1048 2807 lib.
1073 2789 1097 2806 Iv
1113 2780 1261 2815 Praeparat.
1293 2787 1410 2815 evang,
1435 2788 1461 2814 p.
1482 2779 1541 2815 154.

929 2817 949 2831 ¹⁰
968 2815 1085 2843 Pausan.
1106 2816 1153 2843 lib.
1171 2824 1189 2847 ι,
1209 2824 1235 2850 p.
1252 2815 1295 2843 59.

1080 202 1127 229 illo
1141 201 1242 229 l'uit?...
1260 201 1312 228 Ubi
1326 201 1398 229 Juno
1414 203 1517 236 regina,
1533 209 1595 229 cum
1614 202 1751 237 inclytum
1768 202 1830 234 eius
1842 202 1872 228 la-

1080 245 1156 268 num,
1173 237 1399 272 sacerdotemth
1412 236 1571 272 Chrysidem
1587 236 1684 264 eadem
1702 238 1741 263 vis
1761 237 1872 264 ﬂamma:

1080 271 1180 306 Argiva
1207 273 1234 298 in
1260 271 1370 299 civitate
1383 272 1500 299 deleret?
1521 272 1570 299 Ubi
1586 272 1701 307 Serapis
1717 272 1869 307 1Egypliu~,

1080 315 1142 334 cum
1156 307 1293 334 consimili
1307 307 1393 342 gradu
1405 307 1491 341 jacuit
1506 308 1612 335 solutus
1630 308 1657 334 in
1673 308 1870 342 ciuereurt-uui

1080 343 1218 378 mysteriis
1249 341 1375 370 omnibus
1408 347 1489 378 atque
1516 342 1604 370 lside?
1626 342 1678 369 Ubi
1702 343 1777 378 liber
1804 341 1872 367 Eli-u-

1080 378 1186 405 therius
1211 386 1273 404 cum
1301 378 1433 405 Athenis?
1466 377 1515 405 Ubi
1541 378 1625 404 Diana
1664 386 1727 404 cum
1756 377 1872 412 Ephesi!

1082 412 1133 439 Ubi
1158 412 1303 440 Dodoneus
1322 413 1428 448 Jupiter
1442 420 1504 440 cum
1525 412 1658 439 Dodona?
1682 413 1733 440 Cbi
1758 413 1871 446 denique

1080 448 1176 482 Apollo
1190 448 1300 475 divinus
1317 457 1378 475 cum
1396 456 1410 475 a
1427 449 1523 483 piratis
1551 448 1756 482 maritimisque
1773 449 1871 482 pra-du-

1081 484 1162 510 nibus
1185 488 1212 510 et
1236 484 1368 518 spoliatus
1395 484 1431 510 ita
1457 488 1509 514 est,
1525 487 1551 510 et
1565 484 1716 513 incensus,
1733 488 1765 510 ut
1790 492 1823 510 ex
1840 488 1871 509 ut

1081 519 1139 545 auri
1156 519 1333 553 ponderibus,
1355 527 1415 553 qua:
1427 519 1531 545 inlinita
1546 523 1748 552 congesserunt
1765 521 1871 548 smcula,

1082 562 1115 580 ne
1131 562 1213 581 unum
1229 554 1336 588 quidem
1352 554 1477 581 habuerit
1494 554 1749 588 scripulmnﬁquud
1786 554 1873 580 binm-

1080 589 1332 624 dinibusrhospitis,
1345 589 1432 616 Varro
1447 593 1477 615 ut
1491 589 1557 615 dicit
1573 588 1732 623 Menippeis.
1748 588 1873 616 ostende-

1082 624 1170 651 ret'?»
1189 623 1402 652 llzec’Arnobius
1417 631 1470 652 non
1484 628 1588 651 tantum
1604 625 1638 651 de
1654 623 1801 659 Serapidis
1818 628 1874 650 tem-

1081 660 1136 721 Ειυ,
1154 663 1217 686 ante
1231 659 1377 687 Theodosii
1390 667 1503 695 regnum
1518 664 1625 691 exusto,
1639 667 1737 686 verum
1749 660 1835 686 etiam
1846 660 1873 685 de

1105 695 1183 721 iberii
1196 702 1244 721 seu
1256 695 1380 721 Dionvsii
1392 695 1595 721 Eleuther-ensis
1608 695 1672 721 fano
1686 695 1790 721 litteris
1805 702 1873 720 matr

1081 695 1183 757 {fiberii
1196 702 1244 722 seu
1256 695 1380 730 Dionysii
1392 695 1595 723 Eleutheren‘sis
1608 695 1672 722 fano
1686 695 1790 722 litteris
1805 702 1875 720 man.

1101 735 1166 757 πίνη.

1101 730 1166 758 avit.

1116 765 1157 793 Ad
1174 765 1232 792 haec
1247 773 1322 797 vero,
1349 773 1382 792 ex
1407 765 1502 793 eodem
1524 765 1645 793 Arnobio
1659 764 1800 792 discimus
1813 768 1874 792 lem-

1081 800 1156 835 plum
1170 800 1249 836 illud.
1266 802 1339 836 quod
1362 801 1490 828 Clemens
1507 811 1516 826 ι
1532 801 1611 836 Argis
1632 808 1771 836 unaAcum
1788 808 1873 836 sacer-

1081 834 1145 863 dote
1162 834 1296 871 Chryside
1311 846 1320 862 ι
1340 836 1512 863 combustum
1530 834 1676 867 memorat,
1691 834 1782 862 fuisse
1795 834 1874 871 luno-

1080 871 1125 898 nis
1140 870 1254 906 Argivae.
1273 871 1465 898 Verumtamen
1483 871 1641 906 ulerqucrde
1655 875 1783 897 cremata
1795 870 1876 905 Chry-

1082 906 1142 942 side
1166 905 1201 934 ab
1223 907 1284 934 aliis
1300 907 1380 942 plane
1403 905 1580 934 dissentiunt.
1590 905 1778 942 Thucydides
1794 907 1875 942 siqui-

1081 941 1142 969 dem
1164 942 1237 969 illam
1259 942 1294 969 ab
1314 943 1365 969 hoc
1381 941 1508 969 incendio
1522 941 1643 969 evasisse
1660 945 1783 968 testatur
1798 951 1805 968 :
1824 950 1833 966 ι
1850 941 1875 967 Et

1081 977 1211 1012 templum
1239 976 1365 1009 Junonis,
1391 977 1488 1012 inquit,
1513 977 1608 1005 eadem
1633 981 1732 1004 testate
1758 977 1787 1003 in
1810 976 1875 1011 Argo

1082 1013 1265 1048 combustum,
1281 1020 1348 1045 rcum
1368 1012 1481 1048 Chrysis
1497 1012 1625 1048 sacerdos
1642 1012 1776 1047 lychnum
1790 1019 1876 1046 quan-

1080 1047 1142 1074 dam
1158 1048 1296 1082 posuisset
1308 1047 1448 1075 ardentem
1463 1056 1546 1083 prope
1557 1047 1672 1077 infulas,
1688 1051 1717 1073 et
1730 1055 1795 1083 mox
1811 1055 1877 1073 soni-

1083 1091 1118 1109 no
1135 1087 1261 1117 correpta
1278 1087 1366 1116 esset;
1384 1083 1421 1110 ita
1441 1082 1469 1111 ut
1484 1084 1577 1118 ignara
1593 1083 1654 1118 ipsa
1668 1082 1764 1109 omnia
1781 1090 1875 1108 conci»

1083 1118 1172 1153 perint
1185 1118 1322 1145 llaumtant
1340 1122 1368 1145 et
1383 1117 1619 1153 conflagraverunt.
1636 1117 1668 1144 Et
1688 1117 1807 1152 Chrysis
1823 1125 1875 1151 qui-

1081 1154 1143 1180 dem
1161 1155 1253 1181 statim
1271 1157 1363 1182 noctu.
1380 1159 1503 1181 metuens
1517 1154 1642 1187 Argivos.
1658 1153 1821 1179 Phliuntem
1839 1154 1875 1178 lu-

1083 1189 1150 1223 git’.
1167 1199 1175 1214 ι
1194 1189 1345 1216 Pausanias
1368 1196 1432 1215 vero
1454 1197 1512 1215 eam
1530 1197 1584 1215 non
1607 1189 1751 1217 Phliunta,
1768 1187 1817 1214 sed
1832 1187 1875 1214 Tr-

1081 1232 1158 1258 geam
1185 1224 1324 1259 aufugisse
1348 1223 1455 1251 tradit:
1477 1234 1485 1249 ι
1502 1224 1534 1250 Et
1558 1223 1673 1258 Chrysis
1700 1223 1874 1259 quifemaait

1083 1259 1138 1290 ille,
1150 1259 1274 1293 digressa
1289 1259 1417 1293 Tegeam,
1427 1259 1553 1286 Minerva:
1566 1259 1682 1293 supplex
1694 1258 1820 1293 tonlugit
1829 1258 1873 1284 ".I

1082 1293 1160 1327 Quod
1185 1292 1293 1329 quidem
1321 1292 1347 1321 et
1371 1295 1433 1322 alibi
1459 1295 1564 1330 repetit,
1581 1292 1627 1320 ubi
1653 1294 1727 1320 hanc
1751 1292 1875 1330 Minervae

1082 1330 1167 1356 aedem
1194 1328 1304 1357 sacrum
1331 1330 1395 1356 illuc
1417 1328 1640 1365 coulugieulibns
1662 1330 1773 1364 asylum
1797 1328 1876 1356 fuisse

1083 1365 1207 1400 perhibet
1219 1366 1250 1392 ”.
1269 1365 1375 1392 Videsis
1391 1370 1520 1399 praetcrea
1538 1365 1687 1392 Meursiun
1708 1365 1781 1400 libro
1798 1372 1828 1390 ιιι
1844 1368 1875 1389 ue

1084 1398 1203 1427 itrcltont.
1218 1400 1326 1432 Alhen.,
1343 1398 1404 1435 cap.
1421 1403 1448 1427 ti.
1464 1401 1635 1435 Diligentiam
1649 1401 1743 1434 itaque
1759 1398 1874 1428 llervctl.

1084 1437 1220 1470 quomodo
1236 1437 1291 1463 haec
1307 1437 1398 1470 lugere
1415 1437 1563 1470 potuerint,
1579 1436 1626 1462 alii
1642 1436 1768 1461 videant.

1119 1469 1231 1503 Verum,
1249 1469 1366 1506 inquies,
1385 1469 1448 1506 quid
1464 1471 1590 1498 Clemcns
1603 1478 1637 1497 ex
1652 1471 1752 1497 horum
1766 1471 1877 1504 templo-

1082 1513 1142 1532 rum
1162 1506 1305 1533 eversione
1329 1511 1356 1533 et
1379 1507 1459 1533 ruina
1476 1511 1571 1533 contra
1594 1514 1716 1540 paganos
1743 1506 1876 1532 (“onlicers

1086 1542 1191 1575 potuit?
1205 1541 1332 1576 Nunquid
1348 1542 1565 1569 Christianorum
1580 1541 1681 1575 templa
1706 1546 1734 1567 et
1757 1541 1876 1568 ecclesia:

1083 1577 1126 1604 his
1142 1577 1253 1605 casibus
1265 1575 1382 1604 obnoxia
1397 1585 1451 1604 non
1467 1577 1560 1604 luere?
1577 1575 1673 1603 Nonne
1688 1576 1794 1610 aliqua,
1809 1576 1876 1609 igne.

1083 1611 1210 1643 ﬂaminis,
1234 1613 1361 1640 incendio
1377 1617 1491 1646 vastata,
1516 1612 1625 1647 penitus
1645 1612 1834 1647 corruerunt?
1848 1613 1877 1637 At

1083 1655 1137 1674 non
1155 1647 1281 1675 Clemens
1306 1649 1392 1679 solus,
1410 1648 1457 1675 sed
1479 1646 1525 1674 alii
1542 1655 1595 1674 non
1614 1648 1695 1681 pauci
1712 1646 1877 1673 Christiane

1083 1683 1224 1717 religionis
1248 1683 1406 1710 defensores
1432 1684 1526 1710 eodem
1551 1683 1592 1709 usi
1617 1686 1684 1709 sunt
1705 1687 1875 1716 argumento.

1083 1717 1199 1744 Maxima
1216 1722 1306 1744 autem
1324 1719 1397 1745 illius
1412 1719 1453 1746 vis
1470 1725 1501 1744 ac
1517 1718 1625 1753 pondus
1638 1719 1664 1744 in
1677 1725 1711 1744 eo
1722 1721 1777 1743 sua
1789 1722 1876 1747 erant,

1083 1753 1154 1788 quod
1171 1754 1269 1788 pagani
1286 1755 1430 1780 crederent
1444 1753 1510 1781 deos
1527 1760 1592 1780 suos
1608 1753 1636 1779 in
1653 1753 1877 1787 templis,eorunt

1083 1788 1187 1815 nomini
1204 1789 1312 1821 dicatis,
1323 1793 1452 1824 tanquam
1468 1789 1496 1815 in
1512 1788 1687 1824 mdibusrsibi
1706 1788 1828 1824 propriis
1844 1789 1876 1813 ita

1083 1824 1216 1856 habitare,
1236 1823 1324 1858 iisque
1349 1823 1549 1853 circumscribi,
1568 1829 1597 1850 ut
1625 1823 1653 1849 in
1679 1823 1743 1850 aliis
1765 1823 1876 1850 aliorum

1083 1859 1197 1886 deorum
1221 1858 1344 1886 delubris
1364 1860 1478 1894 aliisque
1496 1860 1523 1886 in
1540 1859 1609 1886 locis
1626 1859 1743 1885 minime
1765 1865 1878 1892 prasen-

1083 1899 1124 1921 tes
1141 1894 1269 1922 adessent
1285 1899 1333 1921 aut
1348 1893 1595 1921 connnorarentur.
1614 1893 1804 1926 Quamobrem
1822 1894 1878 1920 Cle-

1083 1937 1161 1957 mens
1186 1935 1212 1956 et
1238 1929 1285 1956 alii
1310 1934 1410 1957 nostrae
1426 1930 1566 1964 religionis
1581 1931 1745 1964 apologista:
1761 1936 1793 1954 ex
1813 1928 1876 1955 falsa

1083 1965 1129 1991 illa
1147 1972 1314 1999 paganorum
1331 1965 1459 1999 opinione
1474 1969 1549 1992 recte
1564 1965 1720 1999 arguebant
1738 1964 1794 1990 ha‘c
1813 1968 1876 1990 tem-

1083 2000 1126 2034 pla
1144 2002 1245 2027 I'rustra
1272 2001 1306 2027 ab
1332 2001 1366 2027 iis
1382 2001 1434 2027 coli
1451 2004 1478 2026 ct
1494 2000 1634 2031 honorari,
1651 1999 1875 2034 quandoquidem

1083 2035 1236 2062 diiillorutn
1245 2039 1271 2062 et
1288 2043 1342 2062 non
1359 2036 1473 2062 aliorum
1491 2035 1689 2068 dominiatque
1707 2035 1876 2062 habitatores

1083 2078 1138 2097 non
1154 2074 1302 2104 potuerunt
1318 2078 1349 2098 ea
1365 2071 1399 2098 ab
1415 2071 1477 2106 igne
1493 2075 1520 2098 et
1534 2070 1663 2097 incendio
1680 2069 1832 2098 delendi-re
1848 2078 1875 2097 ac

1083 2107 1178 2132 tutari.

1122 2139 1246 2166 Validum
1269 2139 1358 2172 itaque
1381 2138 1446 2164 illud
1469 2141 1562 2164 contra
1585 2138 1712 2164 ethnicos
1739 2138 1824 2165 telum
1852 2139 1875 2164 in

1085 2174 1269 2205 Christianos,
1285 2174 1330 2207 qui
1348 2173 1432 2199 Deum
1453 2172 1561 2206 templis
1575 2173 1687 2199 minime
1705 2173 1876 2200 circumscri-

1084 2214 1161 2244 ptum
1175 2217 1235 2235 esse
1251 2208 1441 2244 put-dicabant,
1455 2207 1605 2244 retorqueri
1621 2215 1674 2244 non
1690 2213 1809 2242 poterat.
1823 2209 1877 2234 Cle-

1085 2242 1163 2271 inens
1186 2242 1276 2270 autem
1298 2243 1324 2270 id
1344 2243 1406 2270 alibi
1429 2242 1596 2277 apertissime
1615 2243 1696 2270 docet
1717 2252 1723 2268 :
1744 2253 1754 2268 ι
1780 2244 1873 2270 Annon

1085 2280 1158 2306 enim
1174 2284 1246 2306 recte
1260 2283 1287 2305 et
1300 2286 1362 2305 vere
1374 2278 1448 2304 nullo
1462 2277 1520 2304 loco
1531 2278 1791 2306 circumscribemus
1804 2287 1873 2307 cum.

1083 2317 1130 2351 qui
1147 2324 1200 2343 nou
1218 2319 1307 2350 potest
1323 2315 1533 2342 circumscribi?
1549 2314 1640 2351 hcque
1657 2315 1683 2341 in
1703 2317 1816 2350 templis
1827 2324 1878 2341 Iun-

1084 2350 1203 2378 iiul‘actis
1218 2351 1408 2378 concludimus
1423 2358 1495 2381 eum,
1512 2350 1559 2384 qui
1577 2351 1668 2376 oinnia
1686 2351 1852 2377 continet”.
1868 2361 1875 2374 ι

1084 2387 1155 2419 Quid
1172 2394 1247 2417 vero,
1266 2386 1338 2421 quod
1355 2386 1409 2412 alio
1425 2385 1453 2412 in
1470 2385 1568 2412 libro“
1584 2385 1631 2412 ubi
1655 2385 1726 2412 scite
1752 2387 1878 2413 observat

1085 2422 1195 2457 Moysen
1230 2421 1389 2457 permisisse
1415 2428 1501 2448 unutn
1527 2421 1720 2457 tantummodo
1749 2422 1877 2455 lentplum

1086 2455 1142 2484 Deo
1158 2457 1191 2483 ad
1209 2455 1281 2483 illius
1298 2456 1447 2489 mundique
1459 2456 1590 2482 unitatem
1604 2455 1818 2490 signiﬁcandam
1834 2463 1879 2481 cx-

1083 2492 1163 2522 strui,
1182 2492 1282 2519 ibidem
1307 2499 1416 2526 quoque
1437 2490 1540 2518 addidit
1565 2490 1600 2517 ab
1624 2492 1744 2524 ipsomet
1773 2490 1826 2526 Deo
1847 2498 1878 2516 ne

1084 2528 1184 2562 templa
1199 2525 1411 2557 ardilicarentur,
1428 2526 1513 2553 fuisse
1530 2525 1638 2562 penitus
1654 2525 1792 2552 vetitum?
1804 2525 1877 2562 Hanc

1085 2561 1174 2590 autem
1200 2562 1352 2589 doctrinam
1369 2563 1414 2589 ille
1429 2561 1558 2588 hauserat
1573 2568 1606 2587 ex
1623 2561 1770 2595 Apostolo,
1788 2561 1834 2595 qui
1852 2568 1875 2585 ιιι

1085 2606 1135 2625 sua
1151 2597 1223 2632 apud
1239 2597 1421 2624 Athenienses
1440 2597 1564 2623 oratione
1581 2596 1638 2622 haec
1654 2596 1752 2623 habuit
1769 2596 1850 2623 verba
1868 2604 1874 2620 :

1088 2642 1097 2658 ι
1114 2631 1185 2660 Deus
1201 2633 1248 2667 qui
1266 2632 1331 2660 fecit
1345 2632 1477 2659 mundum
1493 2635 1520 2659 et
1536 2631 1627 2667 omnia
1638 2650 1646 2662 ,
1664 2639 1720 2658 non
1738 2632 1767 2658 in
1784 2638 1876 2667 manu:

1086 2668 1166 2696 factis
1191 2665 1300 2703 templis
1326 2667 1472 2695 habitat”.
1494 2677 1503 2693 ι
1532 2666 1688 2701 Stephanus
1714 2674 1782 2693 vero
1807 2665 1875 2700 apud

1166 2746 1176 2760 ⁵
1193 2745 1259 2772 ibid.
1298 2744 1308 2760 ⁸
1322 2743 1421 2771 Rollin.
1437 2743 1483 2771 lib.
1499 2742 1635 2774 tilistor.,
1654 2751 1679 2770 c.
1695 2742 1750 2776 2‘2;
1769 2741 1873 2770 Socrat.

1617 2779 1628 2793 ⁸
1644 2779 1748 2807 Arnob.
1782 2778 1827 2805 lib.
1848 2784 1872 2801 vt

1349 2816 1368 2831 “
1388 2814 1458 2842 idem
1474 2814 1522 2842 lib.
1535 2822 1576 2847 In,
1595 2822 1622 2849 p.
1638 2814 1684 2842 85.
1738 2815 1758 2830 "
1779 2814 1823 2841 lib.
1837 2819 1871 2839 vn

245 2845 359 2883 Simul,
376 2857 403 2886 p.
421 2851 480 2878 ἸΙ-ι.
521 2851 542 2867 ¹³
559 2850 605 2879 lib.
621 2859 635 2875 ν
648 2845 806 2887 Str'omqbp.
821 2851 882 2879 5‘15.
923 2851 945 2868 “
962 2851 1022 2878 Act.
1041 2859 1108 2884 ιιι-ιι,
1121 2851 1166 2878 94.
