1927 3073
235 112 287 139 903

569 109 602 137 ιΝ
620 108 830 137 CLEMENTEM
850 108 953 135 ALEX.
977 108 1007 135 Ι).
1030 108 1073 135 LE
1091 108 1235 137 NOURRY
1256 108 1485 137 DlSSERTATIO
1502 110 1521 137 l.

1814 111 1863 137 θυι

234 169 287 203 plis
303 167 491 202 Egypimrum
502 186 510 199 ,
526 174 595 202 quos
610 167 766 203 mortalium
778 166 901 203 omnium
921 166 1025 203 primos
1040 169 1062 196 Α
1076 168 1160 202 loqui.
1175 167 1255 195 Prius
1269 168 1342 195 enim
1359 175 1440 202 quam
1457 168 1564 194 illorum
1579 167 1618 195 sic
1638 167 1767 194 humana
1785 165 1864 202 cﬁigie

235 201 368 230 l'alsoruui
381 202 493 229 dcortun
508 203 610 229 cultum
627 202 768 229 induxisse
782 202 917 236 perhibet,
938 201 1024 230 fuisse

235 238 383 266 simulacra
400 245 406 262 ε
424 247 433 262 ι
460 237 493 263 Et
509 237 543 264 ab
558 237 704 272 Egyptiis,
721 237 820 272 inquit.
835 237 940 272 Assyrii
973 237 1022 264 do-

235 273 353 300 ctrinam
373 272 408 300 de
419 273 472 300 diis
496 276 679 307 acceperunt,
716 275 743 299 et
766 280 844 302 sacra
871 273 1025 307 templaque

235 312 399 338 erexerunt,
420 308 447 335 in
468 307 567 342 quibus
591 307 738 334 simulacra
754 312 906 342 posuerunt
922 312 949 335 et
967 314 1025 335 sta—

236 347 298 370 tuas
333 342 504 370 dedicarunt.
538 343 694 376 Antiquitus
719 347 809 370 autem
842 343 923 370 etiam
952 343 1024 378 apud

236 378 379 413 Egyptios
415 378 518 412 absque
544 378 712 413 simulacris
731 382 758 405 et
790 378 891 405 statuis
923 379 1024 412 templa

236 412 315 440 erant
338 414 370 440 ’⁸.
389 422 398 438 ι
419 413 448 440 In
467 413 576 447 templis
597 418 686 439 autem
702 412 888 440 Romanorum
910 421 958 447 per
973 412 1025 440 170

236 456 324 475 annos
349 448 422 475 nulla
440 448 548 483 penitus
564 448 651 483 posua
673 447 759 475 fuisse
777 449 890 475 deorum
912 448 1024 475 simula-

235 491 293 516 cra,
321 483 363 510 his
394 483 557 510 Plutarchus
583 483 674 510 verbis
704 484 842 510 memoriae
867 483 987 517 prodidit
1017 492 1023 510 :

238 527 248 544 ι
263 518 349 545 Numa
362 519 448 545 vctuit
465 517 596 545 Romanis
612 518 732 546 hominis
743 519 784 545 vel
801 519 896 546 bestia:
909 518 1024 546 formam

236 553 358 581 tribuere
380 553 445 581 Deo.
472 553 565 588 Neque
586 553 637 580 fuit
662 553 716 580 ulla
737 553 807 588 apud
831 561 880 581 eos
905 557 968 581 ante
983 554 1024 581 vel

236 589 319 623 picta.
336 589 378 616 vel
397 589 459 615 ﬁcta
475 589 564 622 imago
581 588 644 622 Dei;
660 588 706 615 sed
723 589 825 622 primos
837 592 948 616 centum
980 596 1024 616 se-

236 623 376 659 ptuaginta
394 631 481 650 annos
501 624 600 659 templa
617 627 813 651 exstruxerunt
827 629 853 651 et
867 624 948 651 cellas
959 624 1024 655 diis,

236 658 413 686 simulacrum
441 666 490 693 per
514 658 540 684 id
566 659 695 693 temporis
720 659 824 685 nullum
853 659 1023 691 habuerunt,

235 693 313 722 nefas
335 698 462 734 putantes
479 694 638 734 augustiora
649 694 801 734 cpprimerc
821 694 1024 728 humilioribus,

235 737 325 763 neque
342 730 457 764 aspirari
484 729 517 755 ad
545 728 628 756 Deum
654 728 733 756 aliter
753 736 833 764 quam
856 734 946 756 mente
961 736 1026 763 pos-

236 772 266 791 se
277 765 310 792 π.
330 774 338 789 )
357 763 436 797 Quod
455 764 564 798 quidem
584 771 637 790 non
660 764 749 790 solum
771 771 786 790 a
799 763 906 792 Zonara
925 766 983 792 suis
998 765 1024 792 in

235 799 385 826 Annalibus
414 799 605 826 conﬁrmatum
627 799 743 833 legimus
763 799 795 832 ³³,
816 799 864 826 sed
887 807 902 826 a
929 803 1024 827 nostro

235 835 318 861 etiam
333 834 473 872 Clemente
484 835 517 866 ³¹,
533 837 560 860 ct
574 834 694 868 posthinc
710 834 893 872 ab_Eusgbio:
912 844 921 860 ‹
936 834 1024 861 Numa
1041 845 1062 872 Β

235 873 326 896 autem
342 877 388 897 rex
411 869 674 905 Ronianorum_erat
691 869 800 903 quidem
817 868 1023 905 Pythagoreus;

235 912 267 931 cx
293 905 336 931 his
353 909 443 939 autem
465 912 526 939 qua:
549 911 564 930 a
586 903 679 939 Moyse
698 905 795 931 tradita
818 903 882 931 sunt
902 903 1023 939 adjutus,

246 940 376 966 irohibuit
399 938 530 966 Romanis
546 947 580 966 ne
602 938 705 966 homini
730 943 756 966 et
775 940 884 966 animali
908 938 1024 967 similem

259 975 283 1001 ei
301 974 420 1002 lacerent
439 974 594 1009 imaginem.
611 974 678 1000 Cum
695 975 786 1008 itaque
797 978 906 1002 centum
928 979 954 1002 et
983 983 1026 1002 se-

236 1010 377 1044 ptuaginta
387 1009 482 1043 primis
500 1009 579 1044 annis
603 1009 702 1043 templa
721 1009 904 1039 wdiﬁcarent.
921 1010 1024 1036 nullam

236 1043 394 1079 imaginem,
419 1052 470 1071 nec
488 1043 616 1075 ellirtam,
637 1052 688 1071 nec
705 1044 839 1078 depictam
856 1045 954 1072 fecere.
971 1044 1025 1071 Oc‘

237 1080 310 1106 culte
326 1080 398 1106 enim
421 1080 461 1106 eis
487 1079 620 1106 indicarat
638 1079 725 1106 Numa
746 1079 876 1115 quodid,
891 1079 964 1115 quod
985 1084 1026 1107 est

236 1115 388 1149 optimum,
412 1122 465 1140 non
488 1115 540 1141 alia
562 1115 667 1141 ratione
688 1122 770 1149 quam
788 1114 845 1142 sola
865 1119 957 1142 tuente
977 1115 1026 1142 ulli

238 1148 300 1176 licet
312 1149 444 1184 attingere
456 1150 488 1176 ³¹.
519 1159 527 1174 ι
544 1148 725 1181 Quamobrem
743 1148 830 1176 Varro
844 1150 915 1184 apud
931 1149 1026 1183 AUgu-

237 1184 340 1211 stinum
353 1184 418 1211 dicit
434 1193 443 1209 ‹
458 1184 584 1219 antiquos
598 1184 734 1211 Romanos
746 1185 806 1219 plus
818 1192 904 1212 annos
915 1189 1026 1212 centum

235 1220 439 1254 etseptuaginta
455 1219 521 1247 deos
533 1220 592 1247 sine
608 1220 757 1247 simulacro
770 1220 890 1248 coluisse
902 1220 935 1248 ³³.
950 1229 960 1246 ι

273 1253 457 1290 Tertullianus
471 1259 561 1281 tamen
582 1255 625 1282 his
642 1255 810 1289 temporibus
824 1255 899 1282 nulla
917 1262 1028 1290 quoque

237 1288 370 1326 Romanis
384 1290 619 1326 quemadmodum,
629 1288 787 1321 simulacra,
802 1291 839 1317 ita
856 1298 906 1318 nec
924 1288 1027 1326 templa

237 1323 322 1360 fuisse
334 1323 406 1351 hunc
418 1325 524 1352 videtur
537 1325 692 1360 signiﬁcare
707 1326 734 1351 in
752 1326 864 1353 modum
878 1334 884 1350 :
905 1335 913 1351 ι
927 1325 961 1352 Ει
977 1323 999 1353 si
1011 1333 1027 1353 a

237 1359 322 1395 Numa
348 1363 480 1394 concepta
502 1365 544 1387 est
562 1359 709 1387 curiositas
731 1361 937 1395 superstitiosa,
956 1369 1027 1388 non-

236 1394 407 1431 duinrtpmcn
422 1399 468 1421 aut
489 1395 655 1427 simulacris,
667 1394 851 1431 Vautrtc’rnplis
873 1403 917 1423 res
932 1396 1025 1423 divina

238 1430 311 1466 apud
328 1429 468 1457 Romanos
489 1431 643 1466 constabat,
662 1430 732 1465 frugi
749 1429 856 1466 religio,
880 1435 907 1458 cl.
925 1439 1027 1466 paupe-

236 1473 280 1492 res
292 1465 371 1496 ritus,
387 1469 414 1492 et
431 1465 505 1492 nulla
525 1465 659 1500 Capitolia
675 1465 810 1493 certantia
827 1466 907 1497 cmlo.
924 1465 972 1494 Sed
987 1470 1027 1493 te-

237 1501 353 1527 meraria
369 1500 402 1527 de
416 1502 518 1535 cespite
532 1501 638 1532 altaria,
656 1505 683 1528 et
697 1508 761 1528 vasa
773 1502 862 1528 adhuc
881 1500 983 1532 Samia,
999 1505 1026 1528 ct

237 1535 317 1562 nidor
337 1535 426 1567 exilis,
448 1535 519 1563 Deus
544 1535 601 1570 ipse
625 1543 771 1570 nusquam.
795 1536 922 1563 Nondum
949 1537 1022 1563 enim

237 1574 303 1597 tunc
321 1570 428 1606 ingenia
450 1570 605 1606 Grtecorum
620 1575 647 1598 et
663 1570 815 1598 Tuscorum
835 1571 969 1606 ﬁngendis
990 1573 1025 1598 si-

237 1605 367 1632 mulacris
377 1605 477 1632 Urbem
500 1605 701 1633 inundaverant
721 1606 754 1632 “.
770 1616 780 1632 ι
805 1606 840 1633 At
858 1605 894 1633 ibi
913 1607 954 1633 vir
977 1607 1024 1633 ille

236 1640 412 1667 doctissimus
423 1641 587 1675 templorum
600 1641 710 1668 nomine
723 1641 790 1667 nihil
801 1642 875 1668 aliud
887 1641 958 1668 haud
972 1642 1024 1668 du-

238 1675 281 1701 bie
298 1675 439 1707 intellexit,
467 1676 520 1702 nisi
541 1676 811 1710 magniﬁcentissima
834 1677 879 1703 illa
898 1677 1024 1709 mdilicia,

238 1710 354 1751 inﬁnitis
368 1711 523 1751 sumptibus
537 1715 564 1738 et
578 1711 710 1751 impensis
724 1715 894 1751 constructa,
911 1712 1024 1751 quibus,

237 1748 268 1771 ut
282 1752 364 1780 supra
383 1745 512 1777 diximus,
523 1746 619 1780 pagani
630 1749 656 1773 ct
672 1746 738 1774 deos
747 1753 812 1773 suos
824 1745 1024 1778 circunisr-ribi,

238 1783 265 1806 ct
280 1779 460 1816 Christianos
477 1779 702 1816 penitusrcarerc
725 1781 921 1816 opinabantur.
951 1781 1026 1808 llauc

239 1819 329 1841 autem
353 1822 413 1842 esse
440 1814 600 1842 Tertulliani
624 1814 790 1843 mentem-et
813 1824 935 1848 sensum,
964 1817 1027 1844 inde

238 1849 329 1886 colligi
349 1855 436 1884 potest
451 1850 524 1884 quod
539 1850 584 1886 ille
600 1850 633 1878 de
659 1851 788 1886 omnibus
811 1853 960 1886 generatim
975 1859 1026 1878 ua-

237 1884 359 1911 tionibus
381 1886 495 1921 caAalibi
515 1885 667 1919 scripserit,
688 1885 740 1920 57
759 1884 822 1921 quae
843 1886 876 1914 de
889 1886 1026 1921 [Egyptiis

236 1923 342 1946 tantum
366 1925 391 1946 et
418 1919 549 1955 Romanis
569 1921 615 1947 alii
640 1919 789 1955 scriptores
813 1928 827 1947 a
851 1919 1025 1949 nobis'citati

238 1954 409 1981 tradiderunt
424 1963 430 1980 ε
451 1965 459 1980 ι
477 1954 592 1988 ldolum,
604 1954 758 1990 inquit’ille,
777 1956 934 1991 aliquandiu
951 1961 1026 1983 retro

237 1997 295 2016 non.
308 1993 376 2022 erat,
397 1991 556 2024 priusquam
575 1991 656 2024 hujus
680 1992 797 2019 monstri
813 1992 932 2019 artiﬁces
949 1992 1026 2019 ebul-

237 2025 342 2060 lisscnt,
362 2026 418 2052 sola
432 2025 531 2060 templa
554 2030 581 2052 et
601 2033 694 2053 vacua:
706 2026 778 2054 aedes
793 2031 881 2058 erant,
900 2027 972 2054 sicut
999 2027 1025 2053 in

237 2059 398 2086 hodiernum
415 2059 665 2094 dieln'quibusdam
683 2061 708 2088 in
725 2062 790 2089 locis
806 2063 950 2089 vetustatis
980 2070 1026 2088 vc-

237 2095 317 2129 stigia
329 2101 490 2129 permanent
515 2096 546 2121 ³⁵.
567 2105 577 2120 ι
595 2096 637 2122 Ad
659 2096 776 2131 singula,
796 2104 899 2131 qumso,
925 2097 1025 2123 eruditi

237 2131 358 2165 auctoris
386 2131 468 2157 verba
499 2131 639 2165 paulisper
662 2132 782 2159 attende.
811 2131 904 2160 Primo
931 2132 1023 2158 dicit:

240 2173 248 2189 ι
266 2163 429 2198 Priusquam
445 2163 564 2192 artiﬁces
574 2163 745 2199 ebullisscnt;
759 2176 768 2191 ι
781 2171 809 2193 ιιι
823 2175 853 2194 se
867 2167 901 2194 de
916 2168 1024 2196 statuis.

237 2207 285 2235 seu
297 2199 387 2231 idolis,
400 2200 520 2227 humana
532 2204 579 2227 aut
591 2201 644 2227 alia
660 2201 746 2228 forma
756 2202 862 2235 edictis,
872 2209 1025 2229 sermonem

238 2234 327 2261 facere
349 2235 525 2269 signiﬁcaret.
557 2235 683 2263 Secundo
704 2236 831 2264 addidit:
851 2234 859 2262 ι
878 2236 941 2263 Sola
958 2240 1027 2263 teni-

238 2269 282 2303 pla
295 2288 302 2300 ,
314 2273 346 2307 pet
362 2277 455 2307 vacuie
470 2270 543 2298 aedes
552 2274 641 2300 erant.
663 2280 672 2296 ι
685 2275 712 2298 et
732 2271 783 2298 hoc
794 2272 920 2307 loquendi
946 2271 1027 2298 modo

237 2305 338 2341 templa
358 2305 449 2331 omnia
468 2313 530 2332 cum
553 2306 708 2334 simulacris
728 2306 792 2337 illis,
809 2305 865 2333 tum
881 2307 943 2333 aliis
963 2309 1026 2341 qui-

239 2339 356 2366 buslibet
368 2347 452 2366 vacua
467 2341 551 2368 fuisse
564 2341 634 2368 haud
653 2341 769 2369 obscure
781 2342 922 2369 iudicavit.

273 2373 328 2400 Nec
348 2374 400 2400 alia
423 2382 488 2403 sane
516 2376 622 2404 videtur
649 2376 735 2404 fuisse
761 2377 909 2405 Clementis
938 2377 1023 2404 nostri

239 2411 527 2448 mensuetnsententia.
545 2411 650 2448 Etenim
668 2412 713 2439 tibi
738 2412 771 2439 de
795 2412 891 2447 primis
911 2411 1024 2448 deorum

239 2444 347 2482 templis
359 2444 490 2482 disputat,
506 2446 563 2473 hac
576 2447 707 2474 continuo
723 2444 864 2482 subjungit
879 2456 885 2474 :
899 2456 909 2472 ι
929 2446 1024 2474 Postc-

239 2479 358 2517 rioribus
373 2481 576 2517 quidemﬂcerte
596 2479 924 2517 temporibus'linierunt
946 2482 1024 2515 deos,

239 2520 308 2547 quos
323 2514 467 2542 adorarent
484 2516 515 2543 “.
537 2526 547 2542 ι

273 2547 366 2587 Neque
392 2550 494 2587 dixeris
519 2551 593 2582 illuc,
618 2554 656 2578 uti
681 2560 715 2579 ex
736 2552 861 2587 subjecto
881 2551 1024 2587 Cupidinis

237 2584 362 2618 exemplo
377 2585 523 2621 colligitur,
539 2586 573 2614 de
594 2588 678 2621 priori
692 2584 904 2615 simulacrorum
924 2584 1025 2623 genere

275 2696 299 2732 f3
313 2695 427 2732 Lucian.
444 2696 481 2723 De
494 2696 637 2732 deaISyria
655 2697 727 2727 init..
745 2705 772 2732 p.
790 2697 868 2725 1057.

242 2728 296 2764 §5,
312 2731 415 2767 p.322.
455 2731 474 2747 ³¹
487 2728 631 2759 Οιοιῦ.’1ἱι).
650 2740 656 2758 ι
672 2728 786 2765 Strom.,
799 2740 826 2767 p.
842 2733 904 2760 504.

239 2771 311 2802 gust.
325 2766 371 2793 lib.
389 2775 404 2792 v
417 2767 452 2793 Dc
466 2767 553 2798 civit.,
567 2776 592 2793 c.
608 2767 652 2798 3i.
671 2776 696 2802 p.
713 2767 773 2794 lll.

241 2801 273 2837 aut
287 2799 486 2836 Gi-sec..p.2s.
526 2802 547 2817 ³⁷
564 2799 727 2837 ἱ1)ιι1.[ι.’29.
766 2802 864 2829 “ibid.

241 2802 273 2826 ad
287 2802 384 2832 Gi-rec..
399 2810 425 2836 p.
441 2802 486 2829 28.
526 2802 547 2817 ³⁷
564 2802 628 2829 ibid.
641 2811 667 2837 [ι.
682 2803 727 2829 29.
766 2803 787 2817 ³η
799 2802 864 2829 ibid.
883 2811 908 2837 p.
924 2802 968 2829 42.

241 2834 360 2864 Marcell.
375 2838 414 2865 lib
437 2846 476 2870 ιιι,
489 2845 515 2873 p.
531 2838 593 2865 620.
632 2838 652 2853 “
666 2838 692 2864 in
706 2838 774 2865 llist.
787 2837 866 2865 Golh.
906 2837 927 2853 "
941 2837 968 2864 “I

814 2768 835 2785 ’κ
850 2767 952 2795 Tcrtul.
965 2766 1088 2802 Apolog.,

1076 203 1281 230 formandorum
1298 210 1329 230 ac
1344 203 1540 238 pingendarum
1555 203 1639 230 etiam
1654 203 1812 237 imaginum
1824 210 1864 230 ais

1076 238 1174 265 fuisset
1197 239 1317 271 inventa,
1333 246 1386 265 non
1408 238 1488 271 pauci
1508 238 1643 270 homines,
1661 241 1737 264 teste
1755 238 1865 271 ipsumet

1076 246 1174 265 llllssct
1197 246 1317 271 inventa,
1333 246 1386 265 non
1408 246 1488 300 pana
1508 246 1643 270 nomines,
1661 246 1737 264 wsre
1755 246 1865 271 ipsumet

1074 272 1215 300 Clemente
1228 277 1334 303 nostro,
1349 281 1407 308 sym
1429 274 1480 301 olis
1489 273 1663 308 quibusdam,
1679 280 1745 306 qua‘.
1757 273 1785 298 in
1797 273 1865 299 nullo

1075 308 1175 342 templo
1190 308 1322 335 collocata
1339 307 1426 338 erant,
1443 307 1508 335 deos
1524 316 1588 336 suos
1603 307 1763 334 adorahant
1781 312 1807 333 et
1825 316 1864 335 ve-

1075 344 1244 370 nerabantur
1260 353 1267 370 :
1287 352 1296 368 ι
1312 343 1350 370 Ac
1363 343 1471 378 Scytha:
1485 343 1606 378 quidem,
1621 343 1660 369 ait
1678 343 1738 372 ille,
1749 343 1861 377 antiqui-

1075 381 1120 406 tus
1134 378 1284 405 adoraliant
1303 377 1454 409 acinacem,
1479 377 1583 405 Arabes
1608 381 1703 405 autem
1727 377 1863 411 lapidem,

1075 412 1166 441 Persa
1181 421 1246 440 vero
1258 413 1384 443 ﬂuvium;
1400 417 1427 440 et
1437 421 1469 441 ex
1479 414 1541 440 aliis
1555 413 1717 440 hominibus
1729 412 1781 447 qui
1795 418 1866 439 erant

1076 448 1167 475 adhuc
1181 447 1457 484 antiquiores,lignea
1467 448 1608 482 erigebant
1628 448 1764 484 insignia,
1780 452 1806 473 et
1824 455 1865 473 eo-

1076 484 1185 510 lumnas
1202 484 1340 518 ponebant
1353 491 1387 510 ex
1400 483 1552 518 lapidibus;
1567 490 1626 517 qua:
1641 483 1726 509 etiam
1749 483 1865 516 appella-

1075 519 1178 546 bantur
1190 518 1283 550 ξόανα,
1298 526 1330 545 eo
1349 518 1421 553 quod
1436 518 1614 545 eraderentur
1633 521 1662 553 et
1676 518 1865 553 expolirentur

1075 561 1108 581 ex
1124 554 1248 581 materia.
1275 554 1304 580 ln
1328 552 1405 580 lcaro
1434 557 1508 581 certe
1531 553 1619 587 imago
1647 552 1744 579 Dianae
1767 552 1865 586 lignum

1075 592 1134 615 erat
1154 597 1208 615 non
1223 589 1403 621 elaboratum,
1420 592 1447 615 et
1462 588 1632 616 Cithteronize
1658 587 1782 614 Junonis
1800 587 1867 614 The-

1077 623 1143 658 spiae
1155 628 1269 651 truncus
1283 624 1441 655 excisus,ct
1449 622 1547 650 Samiae
1556 622 1685 658 Iunonis,
1699 627 1730 648 ut
1740 621 1867 649 aitA-Zth-

1077 657 1147 688 lius,
1170 659 1246 693 prius
1269 659 1378 693 quidem
1403 664 1462 685 erat
1482 658 1632 691 tabula.....
1656 657 1755 684 Romae
1771 664 1867 693 autem

1076 691 1229 728 antiquitus
1240 691 1357 721 statuam
1374 693 1468 720 Martis
1483 693 1567 720 fuisse
1581 693 1701 723 hastam,
1716 693 1756 718 ait
1771 691 1865 724 Varro;

1076 736 1140 756 cum
1158 730 1279 756 nondutn
1301 730 1488 764 pervenissent
1503 728 1623 764 artiﬁces
1642 728 1867 764 adﬁhoc‘specio-

1077 772 1136 791 sum
1153 764 1274 799 quidem,
1291 761 1337 791 sed
1348 764 1503 799 improbum
1516 763 1662 799 artiﬁcium
1672 763 1706 790 ³⁷.
1720 772 1730 788 ι
1747 761 1866 799 Rursum

1077 797 1169 825 autem
1184 803 1277 834 postea
1295 807 1301 824 :
1319 809 1328 824 ι
1345 797 1409 826 Solo
1420 807 1486 826 ense
1499 798 1622 834 apposito
1635 801 1769 834 tanquam
1787 797 1865 834 Marti

1077 833 1243 866 sacriﬁcare,
1270 838 1312 861 est
1336 839 1425 861 autem
1447 834 1499 861 hoc
1516 833 1691 869 Scytharum,
1705 833 1781 860 sicut
1804 833 1867 859 dicit

1078 869 1206 897 Eudoxus
1224 870 1251 896 in
1269 869 1389 896 secundo
1406 869 1442 895 De
1458 867 1567 896 ambitu.
1588 868 1625 894 Ex
1646 867 1757 902 Scythis
1777 873 1866 895 autem

1079 904 1258 936 Sauromatae,
1286 908 1315 931 ut
1335 904 1437 931 lcesius
1460 905 1497 931 ait
1515 905 1542 931 in
1558 911 1638 938 opere
1659 902 1698 929 De
1721 904 1866 938 mysteriis,

1077 940 1193 966 adorant
1204 940 1341 967 acinacem
1351 940 1382 965 ³⁸.
1402 949 1410 965 ι
1423 938 1556 966 Clementi
1572 946 1626 965 non
1636 939 1726 965 solum
1742 939 1867 965 subscri-

1078 974 1117 1001 bit
1134 975 1282 1006 Arnobius,
1307 975 1353 1001 sed
1379 974 1452 1001 illius
1476 974 1556 1001 etiam
1584 981 1709 1005 sensum,
1732 980 1766 1000 ac
1784 981 1867 1007 prope

1077 1010 1160 1036 verba
1183 1011 1223 1037 sic
1250 1009 1390 1036 reddidit:
1415 1018 1423 1034 t
1444 1009 1547 1036 Ridetis
1570 1008 1741 1042 temporibus
1770 1010 1866 1042 prisms

1078 1043 1176 1072 Persas
1201 1044 1312 1071 [luvium
1337 1045 1465 1076 coluisse,
1491 1044 1660 1070 memorialia
1684 1047 1714 1069 ut
1742 1043 1866 1070 indicant

1078 1081 1191 1114 scripta,
1208 1080 1350 1107 informem
1369 1080 1471 1106 Arabes
1486 1078 1618 1114 lapidem;
1636 1078 1779 1105 acinacem
1805 1079 1866 1112 Sc}-

1077 1112 1143 1142 tliiai
1155 1115 1289 1146 nationes,
1304 1123 1409 1141 rannun
1426 1122 1475 1148 pro
1488 1112 1583 1141 Ciuxia
1597 1112 1743 1148 Thcspios,
1764 1113 1864 1147 lignum

1078 1149 1179 1178 lcarius
1194 1158 1243 1184 pro
1260 1149 1344 1177 Diana
1361 1150 1521 1180 indolatum,
1535 1148 1744 1184 "Pessimuiitios
1761 1149 1864 1176 silicem

1097 1193 1128 1211 ro
1145 1183 1224 1212 deum
1249 1189 1347 1217 matre,
1363 1192 1412 1218 pro
1433 1184 1517 1211 Marte
1534 1183 1673 1210 Romanos
1698 1183 1820 1215 hastam,
1839 1188 1864 1209 ut

1093 1219 1210 1248 larronis
1226 1220 1347 1248 indicant
1361 1219 1463 1251 Iuste;
1485 1224 1565 1253 atque
1580 1223 1609 1245 ut
1623 1218 1745 1245 Etlilius
1762 1226 1865 1246 memo-

1078 1259 1130 1287 rat,
1148 1260 1210 1283 ante
1232 1263 1311 1283 usum
1341 1254 1568 1289 disciplinamque
1591 1254 1720 1281 lictorum
1743 1253 1863 1288 pluteum

1078 1289 1186 1318 Samios
1203 1299 1252 1325 pro
1264 1290 1371 1318 Juuone
1385 1290 1417 1316 ³⁸.
1436 1299 1445 1315 ι

1113 1325 1141 1352 Si
1158 1323 1219 1361 quis
1236 1331 1326 1353 autem
1350 1327 1401 1353 ista
1429 1324 1587 1361 singulatim
1596 1323 1762 1361 expendere
1779 1324 1866 1361 volue-

1078 1360 1124 1396 rit,
1147 1359 1173 1389 is
1196 1362 1284 1396 primo
1309 1361 1482 1396 Animianum
1504 1359 1692 1396 Marcellinum
1716 1359 1750 1386 de
1775 1359 1866 1393 gladio

1078 1395 1173 1424 Martis
1189 1394 1367 1424 disserentem
1394 1395 1486 1422 audiat
1513 1405 1519 1421 :
1539 1403 1549 1419 ι
1573 1394 1651 1420 Alani
1677 1401 1748 1428 pene
1773 1401 1866 1421 omnes

1077 1435 1141 1458 sunt
1156 1432 1296 1466 pulchri...
1319 1438 1369 1458 nec
1390 1431 1519 1464 templum
1537 1429 1608 1466 apud
1625 1429 1807 1466 eosivisitur,
1824 1433 1866 1455 aut

1077 1465 1221 1494 delubrum
1235 1486 1242 1498 ,
1265 1474 1316 1494 nec
1341 1466 1478 1500 tugurium
1506 1465 1617 1500 quidem
1646 1465 1740 1500 culmo
1763 1468 1864 1491 tectum

1077 1502 1152 1528 cerni
1171 1506 1271 1536 potest,
1286 1501 1333 1528 sed
1352 1499 1459 1536 gladius
1477 1499 1621 1536 barbarico
1636 1499 1690 1526 ritu
1710 1499 1789 1526 humi
1810 1500 1864 1534 [igi-

1079 1541 1122 1563 tur
1139 1535 1238 1569 midus,
1253 1535 1370 1571 eumque
1384 1540 1411 1563 et
1427 1535 1538 1562 Martem
1555 1535 1799 1571 regionum,rquas
1815 1543 1864 1562 cir-

1078 1577 1255 1599 cumcursant
1271 1591 1278 1602 ,
1304 1571 1446 1606 pra'sulem
1464 1570 1654 1606 verecundius
1677 1570 1775 1606 colunt
1798 1571 1836 1597 “.
1854 1579 1862 1594 ι

1077 1607 1178 1634 Alanos
1201 1614 1265 1634 vero
1285 1605 1406 1642 scythiae
1430 1605 1591 1642 solitudines
1611 1605 1763 1642 incoluisse
1787 1606 1864 1642 paulo

1077 1643 1204 1676 superius
1222 1640 1336 1669 dixerat.
1358 1641 1440 1668 Vides
1456 1641 1548 1675 itaque
1564 1640 1702 1674 quomodo
1718 1640 1760 1666 ha:
1779 1641 1864 1676 natio-

1076 1675 1137 1710 nes,
1151 1681 1295 1711 antequam
1319 1677 1403 1704 ulluui
1422 1676 1491 1710 apud
1505 1683 1552 1702 eas
1572 1676 1703 1711 templum
1716 1675 1864 1711 aediﬁcare-

1076 1716 1132 1745 tur,
1160 1710 1272 1740 Martem
1302 1713 1353 1739 sub
1377 1712 1452 1739 ensis
1475 1715 1503 1737 ct
1523 1710 1604 1745 gladii
1629 1710 1758 1746 symbolo
1775 1711 1865 1737 colue-

1077 1748 1142 1774 l‘llit.

1111 1781 1167 1810 Nec
1181 1782 1270 1809 minus
1287 1782 1359 1809 clare
1368 1781 1521 1809 Jornandes
1528 1780 1653 1807 eumdem
1666 1780 1788 1815 gladium
1802 1779 1863 1815 Scy-

1077 1818 1185 1844 tharum
1205 1817 1315 1852 regibus
1339 1824 1447 1844 sacrum
1473 1823 1580 1852 semper
1603 1815 1690 1842 fuisse
1716 1823 1862 1852 asseverat.

1078 1852 1129 1880 Ubi
1140 1853 1212 1880 cnim
1230 1860 1282 1886 qua
1298 1852 1403 1879 ratione
1415 1852 1521 1886 gladius
1534 1851 1578 1877 ille
1595 1858 1610 1876 a
1627 1854 1740 1885 pastore
1750 1851 1863 1886 quodam

1078 1889 1216 1918 iuventus,
1234 1885 1261 1914 et
1277 1887 1309 1913 ad
1333 1885 1442 1913 Attilam
1466 1887 1572 1913 delatus
1597 1886 1692 1916 fuerit,
1716 1894 1749 1913 ex
1773 1885 1863 1912 Prisco

1077 1923 1210 1957 sophista,
1226 1922 1370 1950 Theodosii
1384 1921 1504 1956 junioris
1519 1921 1617 1957 aiquali
1635 1925 1663 1947 et
1682 1921 1806 1957 historiae
1818 1920 1864 1955 By-

1078 1956 1195 1985 zantina:
1223 1958 1356 1992 scriptore
1377 1957 1513 1992 explicat,
1541 1956 1601 1992 haec.
1626 1956 1743 1992 totidem
1758 1991 1763 1992 γ
1777 1957 1863 1983 verbis

1077 1993 1181 2027 scripto
1199 1993 1311 2019 tradidit
1329 2001 1335 2019 :
1356 2001 1365 2018 ι
1386 1991 1507 2019 Addebat
1522 1991 1546 2018 ei
1563 1995 1657 2027 tamen
1672 1991 1862 2018 conﬁdentiam

1078 2025 1184 2063 glad—ius
1196 2027 1291 2055 Martis
1305 2028 1444 2059 inventus,
1454 2033 1535 2063 ωερε
1551 2025 1622 2063 apud
1641 2025 1808 2063 Scytharum
1824 2034 1863 2063 ref

1077 2061 1125 2098 ges
1149 2071 1254 2098 semper
1278 2063 1398 2094 habitus,
1414 2069 1494 2098 quem
1520 2061 1630 2088 Priscus
1647 2061 1798 2088 historicus
1819 2062 1862 2088 tali

1079 2096 1160 2125 rel'ert
1177 2096 1321 2125 occasione
1333 2098 1468 2125 detectum
1485 2096 1519 2128 ",
1543 2106 1552 2122 ι
1569 2100 1621 2123 ctc.

1113 2132 1259 2168 Postquam
1286 2136 1389 2168 autem
1403 2132 1517 2168 delubra
1534 2139 1549 2158 a
1564 2130 1686 2168 AScythis
1710 2135 1862 2158 constructa

1079 2173 1153 2202 sunt,
1169 2166 1195 2195 ii‘
1202 2168 1302 2202 majora
1317 2171 1344 2194 et
1353 2167 1518 2196 solemniora
1529 2166 1647 2202 acinaci,
1663 2173 1749 2202 quam
1763 2167 1862 2202 caeteris

1079 2204 1143 2235 diis,
1175 2201 1250 2231 tester
1272 2203 1419 2234 Ilerodoto,
1447 2201 1580 2229 sacrilicia
1606 2201 1765 2228 faciebant:
1783 2210 1792 2225 l
1812 2201 1862 2226 Sub

1080 2243 1279 2266 sarmentorum
1298 2238 1424 2273 congerie
1441 2238 1545 2273 ferreus
1561 2236 1695 2273 acinacis,
1709 2237 1756 2270 qui
1772 2237 1863 2273 singu-

1079 2274 1113 2301 lis
1127 2278 1251 2301 vetustus
1266 2277 1318 2301 est.
1334 2271 1472 2305 statuitur;
1489 2272 1571 2306 idque
1587 2275 1631 2298 est
1646 2271 1743 2298 Martis
1755 2272 1863 2298 simula-

1078 2316 1166 2340 crum,
1190 2308 1235 2335 cui
1261 2315 1366 2335 annuas
1393 2307 1494 2334 hostias
1520 2306 1640 2333 ochrunt
1661 2313 1726 2333 cum
1753 2306 1861 2332 aliorum

1078 2351 1217 2378 pecorum,
1247 2347 1303 2369 tum
1333 2350 1476 2378 cquorutn,
1508 2342 1624 2378 etiphis
1655 2341 1722 2378 huic
1750 2340 1860 2378 acinaci,

1078 2376 1159 2407 uuam
1175 2378 1280 2405 caeteris
1294 2378 1347 2405 diis
1358 2376 1393 2404 λ’.
1412 2388 1421 2403 ›
1435 2377 1516 2403 Plura
1531 2377 1554 2403 si
1571 2376 1649 2407 velis,
1664 2376 1721 2405 adi,
1739 2377 1763 2403 si
1777 2380 1859 2405 vacat,

1088 2410 1256 2448 joiiiponium
1278 2413 1373 2440 Mclam
1393 2413 1462 2440 libro
1478 2410 1598 2448 secundo
1611 2431 1618 2443 ,
1646 2411 1740 2446 capite
1767 2411 1860 2445 primo,

1078 2447 1201 2475 Soliiium
1219 2448 1307 2483 capite
1325 2448 1454 2474 vicesimo
1471 2451 1498 2474 et
1513 2447 1591 2483 alios.

1113 2483 1151 2510 De
1166 2480 1263 2518 lapide,
1278 2482 1603 2518 qucninemensrdeinde
1611 2480 1719 2518 Arabas
1733 2480 1859 2518 adorasse

1077 2515 1219 2550 memorat,
1243 2515 1299 2545 haec
1324 2517 1423 2545 Suidas
1441 2517 1520 2552 paulo
1535 2516 1700 2552 explicatius
1719 2515 1834 2552 prodidit
1850 2522 1856 2538 :

1079 2562 1088 2578 ε
1110 2553 1180 2581 Deus
1200 2552 1273 2581 Mars
1289 2552 1360 2587 apud
1382 2550 1454 2587 ipsos
1471 2551 1598 2586 (Arabas)
1619 2551 1731 2577 colitur.
1751 2550 1858 2587 Simula-

1076 2596 1152 2615 crutu
1168 2593 1257 2615 autem
1273 2584 1333 2615 eius
1348 2584 1416 2615 lacis
1428 2584 1504 2622 niger
1517 2584 1680 2621 quadratus.
1698 2586 1801 2612 nullam
1828 2584 1856 2610 ti-

919 2697 942 2713 ”
957 2696 1095 2723 Plutarch.
1113 2697 1140 2723 in
1159 2695 1219 2722 Vita
1236 2695 1339 2726 Numae,
1356 2703 1383 2730 p.
1399 2685 1444 2722 65‘}.
1481 2695 1503 2711 ³ο
1520 2695 1621 2721 Zonar.
1632 2695 1680 2721 lib.
1694 2701 1732 2721 vn
1753 2693 1853 2730 Annam

962 2732 983 2747 "
1001 2731 1020 2758 Ε

965 2766 1022 2793 Ano

1079 2740 1098 2759 ι.
1119 2731 1164 2758 lib.
1180 2739 1228 2757 \‘lll
1244 2729 1364 2766 Priepar;
1379 2738 1487 2765 eyang.,
1501 2739 1526 2757 c.
1539 2733 1566 2760 6,
1579 2738 1606 2765 p.
1618 2730 1681 2757 410.
1729 2730 1753 2745 ³³
1765 2729 1792 2756 S.
1806 2729 1854 2755 Au-

1082 2787 1088 2793 .
1108 2767 1187 2793 c.25.
1227 2767 1249 2782 "
1262 2765 1364 2793 Tcrtul.
1395 2765 1575 2793 Deidololat..
1592 2773 1616 2792 c.
1634 2766 1661 2792 5.
1711 2765 1734 2780 ¹⁶
1746 2765 1852 2791 Admoii.

1007 2771 1088 2802 0lﬂg.,
1108 2774 1132 2794 C.
1143 2771 1187 2794 ‘25.
1227 2771 1249 2782 ³⁰
1262 2771 1364 2793 'l'ertul.
1395 2771 1432 2793 Ue
1443 2771 1575 2797 ιαοιοιίιι.,
1592 2773 1616 2792 C.
1634 2771 1661 2792 5.
1711 2771 1734 2780 ⁵⁸
1746 2771 1852 2791 Admoti.

1007 2802 1028 2817 ³⁹
1041 2803 1142 2828 Arnob.
1158 2802 1203 2828 lib.
1219 2809 1244 2828 vt
1259 2802 1326 2829 Adv.
1341 2805 1414 2836 gent.
1429 2805 1489 2836 post
1503 2801 1562 2827 iuit.
1592 2809 1618 2828 η.
1638 2800 1698 2828 196.
1739 2799 1761 2816 ⁵⁸
1773 2800 1850 2827 Anim.

906 2837 927 2853 "
941 2837 1069 2865 llerodot.
1088 2838 1133 2865 lib.
1147 2845 1173 2864 iv
1190 2837 1326 2871 Melpom.,
1344 2844 1368 2863 c.
1387 2836 1431 2869 62,
1447 2845 1473 2871 p.
1489 2836 1550 2863 244.
