1927 3073
87 150 136 177 969

83 207 241 238 Firmicum,

103 243 203 270 rodidit
219 252 226 268 ε
247 252 255 268 t
277 242 389 269 Palladii
403 243 489 278 etiam
512 244 575 278 quid
591 244 627 270 sit
644 251 744 270 nomen
762 243 864 270 audite.

107 278 265 305 imulacrum
288 282 377 304 estex
402 277 510 312 Pelopis
526 279 642 305 ossibus
666 279 785 310 factum;
814 279 866 305 hoc

86 320 181 348 avarus
201 312 302 348 Scytha
328 312 425 348 fecisse
447 313 613 347 perhibetur.
635 312 694 340 Jam
716 314 796 348 quale
818 314 864 343 sit,

85 347 273 380 considerate;
297 347 370 382 quod
397 347 498 383 Scytha
522 348 656 376 barbarus
681 347 864 376 consecravit.

86 383 166 410 Estne
192 383 294 416 aliquid
311 383 381 416 aputl
397 383 513 418 Scythas
529 383 647 410 humana
667 383 772 411 ratione
791 392 866 410 com-

85 418 212 454 positum,
236 422 263 444 et
282 417 327 444 illa
351 418 434 444 effera
458 425 525 452 gens
546 419 700 449 hominum,
720 423 747 446 et
763 419 865 446 crudeli

85 452 161 487 atque
173 452 321 488 inhumana
337 459 444 488 semper
458 454 600 480 atrocitate
615 457 749 488 grassata,
765 454 793 481 itt
804 461 867 480 con-

84 487 225 523 stituendis
242 487 420 523 religionibus
440 492 544 523 rectum
561 487 663 523 aliquid
678 489 766 523 potuit
790 489 866 516 inve-

83 522 160 550 nire?
182 521 366 549 Simulacrum
392 523 443 550 hoc
466 521 711 557 Trojanis‘avarus
734 524 864 556 vendidit,

84 557 171 585 stultis
200 557 358 584 hominibus
387 565 457 585 vana
487 559 660 592 promittens.
691 557 867 586 Vendebatur

84 593 163 624 Deus,
181 596 210 619 ut
233 592 375 628 prodesset
390 593 523 628 emptori;
540 598 567 620 et
581 597 688 628 emptor
703 594 866 628 simpliciter

84 627 210 654 adorabat
224 627 356 662 quidquid
372 628 452 662 paulo
467 632 529 655 ante
542 627 649 656 viderat
663 627 865 657 subhastatum.

85 662 238 698 Substantia
255 668 344 690 autem
359 664 497 690 simulacri
516 663 601 698 ipsius
615 672 648 691 ex
664 664 774 691 ossibus
788 664 866 692 Pelo-

83 699 123 733 pis
135 698 193 725 est?
209 697 238 724 Si
262 699 379 725 humana
400 699 442 726 vis
460 697 576 726 miseros
596 699 719 726 homines
742 707 804 726 ossa
820 707 867 726 ve-

83 734 179 765 nerari,
205 733 326 767 purioris
350 733 445 760 saltem
463 738 490 760 et
514 734 641 761 castioris
665 734 785 761 hominis
801 735 867 762 reli—

83 769 157 803 quias
171 769 280 803 collige.
295 767 413 795 Accedat
429 767 502 795 idolo
516 769 589 803 quod
603 769 682 799 facis,
698 776 731 796 ex
746 770 866 798 hominis

82 804 226 830 virtutibus
253 804 391 830 meritum.
420 803 517 838 Pelops
547 804 574 830 in
603 804 709 831 deliciis
736 808 866 833 amatoris

83 838 141 870 fuit,
156 842 182 865 et
196 838 244 865 diu
262 838 399 873 prostituti
415 839 527 873 pudoris
541 839 640 866 damna
655 839 796 867 sustinuit.
813 840 864 868 Sed

357 147 447 175 ΑΜΕ
468 148 500 176 ΙΝ
518 147 814 177 COHORTATIONEM
833 148 876 176 ΕΤ
895 147 1119 176 PEDAGOGUM
1137 146 1434 176 OBSERVATIONES.

283 207 309 233 tti
333 207 366 234 de
387 207 482 234 eodem
508 207 629 235 Palladio
655 208 712 236 haec
729 209 904 239 memoriaeA
920 215 976 235 sua:
1007 207 1165 235 defensores
1194 211 1221 234 et
1250 210 1388 241 patronos.
1414 205 1524 241 Legesis
1557 206 1704 236 Meursium

1653 151 1704 180 9l0

919 244 966 270 ιιι).
988 251 1016 269 ιιι
1030 243 1068 269 De
1082 243 1161 277 regio.
1178 242 1284 272 Alliam,
1299 249 1359 276 cap.
1372 242 1398 268 6.

953 277 1072 313 Efligiem
1091 276 1156 305 vero
1180 286 1193 313 ιν
1206 277 1341 313 Herculis,
1365 284 1425 313 qua:
1448 281 1493 313 est
1515 276 1657 313 Tirynthe,
1679 282 1705 306 et

919 311 1015 340 Dianai
1029 312 1171 340 Munichim
1188 312 1215 338 in
1239 311 1356 347 Sicyone
1367 312 1402 347 6',
1415 321 1424 337 ι
1449 320 1463 338 tt
1478 311 1585 339 duobus
1601 317 1706 340 statua-

918 349 967 384 riis
988 348 1076 384 Scylle
1093 353 1120 375 et
1135 348 1249 384 Dipteno
1271 347 1369 373 factam
1385 346 1512 384 Clemens
1528 348 1704 377 testificatur.

917 382 1174 410 Verum‘Hervetus
1188 382 1215 408 id
1230 390 1365 416 nusquam
1390 382 1454 409 alibi
1481 390 1628 410 occurrere
1649 392 1704 411 noti

917 418 1076 445 hagsitanter
1093 417 1238 452 significat.
1255 417 1353 443 Mirum
1378 425 1443 444 sane
1458 418 1598 452 quomodo
1621 418 1703 446 Plinii

917 453 1002 480 libros
1026 461 1081 480 non
1104 453 1371 488 pervolutaritpaut
1392 452 1422 488 in
1447 453 1606 480 memoriam
1631 454 1705 482 illius

917 496 972 515 non
1001 487 1133 515 redierint
1162 488 1219 514 hzec
1245 487 1397 514 doctissimi
1427 488 1570 522 scriptoris
1598 489 1701 517 verba:

919 533 929 549 ‹
944 523 1080 550 Marmore
1100 522 1250 557 sculpendo
1277 522 1356 557 primi
1373 523 1494 549 omnium
1516 523 1704 551 inclaruerunt

917 557 1048 593 Dipmntts
1062 562 1088 585 et
1110 558 1220 593 Scyllis,
1239 558 1322 592 geniti
1340 557 1367 583 in
1385 557 1465 584 Creta
1487 558 1588 589 insula,
1605 559 1703 586 etiam-

920 601 984 629 num
1014 593 1099 621 Medis
1125 593 1342 629 imperantibus,
1369 593 1527 629 priusquam
1561 593 1650 629 Cyrus
1675 595 1702 622 in

917 627 1009 656 Persis
1030 636 1144 663 regnare
1164 627 1310 662 inciperet,
1336 627 1388 654 hoc
1412 632 1454 655 est
1475 627 1633 663 Olympiade
1649 630 1703 657 cir-

917 664 985 690 citer
1000 672 1024 690 ι..
1046 664 1065 690 li
1083 664 1226 699 Sicyonem
1238 671 1277 699 ise
1292 663 1450 699 contulere.
1466 683 1472 689 .
1490 684 1495 690 .
1515 663 1642 692 Protinus
1659 664 1702 692 Si-

918 706 1030 734 cyonem
1055 699 1140 726 fames
1158 698 1257 725 invasit
1273 705 1305 734 ac
1333 698 1483 734 sterilitas:
1491 706 1648 734 mmrorque
1661 701 1703 727 di-

917 732 975 761 rus.
1000 733 1160 760 Remedium
1185 732 1340 768 petentibus
1359 733 1452 768 Apollo
1469 732 1582 768 Pythius
1603 732 1704 762 afl‘utu-

917 777 979 795 rum
995 769 1146 804 respondit.
1159 767 1324 804 si'Dipoenus
1337 771 1363 794 et
1375 767 1472 804 Scyllis
1490 767 1704 800 deorumsimu-

917 803 990 830 lacra
1008 804 1197 838 perfecissent.
1213 803 1285 838 quod
1303 803 1409 838 magnis
1429 804 1601 831 mercedibus
1622 806 1703 833 obse-

917 837 1043 874 quiisque
1065 837 1240 874 impetratum
1261 842 1312 874 est.
1331 837 1417 874 Fuere
1439 842 1528 874 autem
1553 840 1702 868 simulacra

83 881 130 900 nec
144 873 236 901 adulto
252 872 277 900 ei
291 874 380 901 scelus
394 872 489 901 defuit.
506 873 530 900 ls
543 874 626 905 enim,
644 876 723 909 cujus
736 875 865 902 familiam
882 881 903 908 Β
916 872 948 902 ea
972 872 1117 909 Apollinis,
1143 874 1246 905 Dianze,
1272 872 1414 909 Herculis1
1438 872 1574 909 Minervae,
1598 875 1671 909 quod
1688 884 1703 903 e

84 909 198 943 petebat,
217 915 282 936 cum
298 909 392 935 fraude
406 909 553 943 proditoris
570 910 679 936 occidit.
696 909 866 937 Proditorem

83 943 158 980 etiam
171 943 263 978 ipsttm
278 944 407 980 perjuriis
421 952 566 979 aggressus
580 948 634 976 est,
647 949 674 972 et
685 953 720 972 ne
732 945 866 980 prontissa

83 978 202 1015 redderet
219 979 344 1015 praemia;
358 979 431 1015 hunc
443 978 570 1015 eumdem
585 987 634 1014 per
656 978 770 1015 abrupta
797 987 866 1014 prte-

83 1013 170 1048 cipitia
183 1013 310 1048 jactavit.
325 1013 364 1040 En
385 1014 465 1048 cujus
480 1014 565 1041 eiecta
581 1013 645 1042 sunt
661 1013 736 1046 ossa,
758 1019 786 1041 ttt
797 1013 865 1043 deus

83 1048 171 1080 fieret,
199 1049 246 1083 qui
273 1049 354 1076 urbes
378 1054 405 1076 et
425 1056 508 1083 regna
531 1053 652 1077 servaret
673 1050 708 1077 θ’.
732 1060 741 1076 ι
766 1049 865 1077 Τυιιιιιι

83 1083 160 1119 hunc,
179 1084 231 1111 etsi
250 1084 332 1117 paulo
347 1084 506 1119 longiorem,
523 1083 633 1112 Firmici
654 1085 744 1111 locum
760 1086 866 1112 exscri—

84 1118 192 1153 psimus,
214 1123 250 1154 uti
267 1118 371 1152 liquido
393 1118 528 1154 intelligas
551 1127 583 1147 ea
601 1127 633 1147 ex
654 1119 796 1148 Clemente
816 1129 865 1148 no-

83 1157 136 1190 stro
160 1153 327 1190 nonrf‘uisse
349 1153 505 1189 desumpta,
532 1158 613 1190 atque
640 1154 786 1182 Hervctum
813 1163 864 1190 po-

82 1188 164 1224 tuisse
185 1189 250 1215 alibi
276 1196 357 1223 quam
384 1190 410 1216 in
428 1188 550 1223 ejusdem
570 1188 721 1217 Clementis
735 1188 864 1224 operibus

83 1221 166 1257 legere
177 1221 368 1251 constructum
384 1232 416 1252 ex
432 1221 540 1257 Pelopis
553 1225 663 1252 ossibus
676 1221 837 1253 Palladium.

114 1257 181 1295 cum
192 1258 330 1295 Pausania
348 1264 438 1295 autem
454 1259 480 1286 id
495 1257 628 1295 Ilervetus
642 1267 762 1295 pugnare
777 1266 863 1294 putat,

83 1293 150 1328 quod
173 1293 320 1329 Diomedes
339 1298 366 1321 et
389 1294 499 1329 Ulysses
514 1302 528 1321 a
550 1293 691 1322 Clemente
712 1293 863 1329 Palladium

83 1329 148 1364 apud
177 1327 606 1364 Demophoontem‘deposuisse
635 1330 775 1357 dicuntur.
810 1327 864 1358 Sed

82 1361 217 1400 Pausania;
232 1361 327 1395 verba,
342 1364 375 1390 ad
392 1372 453 1399 qua:
465 1361 597 1392 Hervetus
610 1373 664 1392 non
683 1365 774 1396 mittit,
788 1367 864 1400 prius

83 1398 212 1434 audienda
229 1402 312 1431 sunt;
338 1403 367 1425 ιιι
384 1398 410 1425 in
428 1408 483 1434 quo
501 1400 557 1427 haec
574 1400 721 1433 dissensio,
747 1398 808 1434 quae
830 1402 864 1428 ah

82 1433 125 1471 illo
143 1433 502 1471 minimedexplicatur,’sita
520 1435 565 1465 sit.
582 1443 677 1471 omnes
700 1433 862 1471 intelligant.

83 1467 128 1506 Sic.
136 1472 224 1495 autem
243 1469 290 1506 ille
299 1467 338 1496 t"3:
355 1477 363 1493 ι
379 1468 406 1496 In
423 1477 456 1497 eo
472 1470 541 1503 foro,
556 1471 629 1505 quod
647 1467 801 1497 Palladium
816 1479 864 1506 ap-

82 1503 186 1541 pellant,
202 1504 287 1541 caedis
304 1511 393 1541 causte
405 1503 652 1540 agitantur;'atque
665 1506 692 1533 in
708 1513 740 1533 eo
753 1503 862 1541 quidem

98 1539 190 1580 rituum
207 1538 439 1580 Demophoontem
457 1548 567 1580 causam
585 1538 688 1580 di'trisse
708 1538 789 1568 uenio
804 1549 861 1580 am-
875 1551 897 1580 α

97 1573 152 1607 Egit.
167 1573 254 1608 Cujus
272 1582 335 1600 vero
352 1575 375 1601 is
390 1575 513 1602 criminis
536 1583 599 1602 reus
613 1576 705 1607 fuerit,
722 1583 776 1602 non
794 1577 862 1605 satis

81 1608 147 1645 inter
169 1616 266 1636 omnes
291 1610 428 1636 convenit.
443 1610 596 1637 Diomedem
614 1611 724 1645 quidem
740 1611 860 1645 tradunt,

81 1643 124 1680 llio
133 1649 222 1678 capto,
237 1651 303 1680 cum
314 1644 341 1671 in
357 1645 471 1678 patriam
485 1643 668 1678 reveheretur,
684 1653 732 1680 per
742 1643 859 1679 noctem,

80 1679 126 1716 vite
138 1686 230 1706 errore
243 1679 280 1706 ad
291 1678 434 1716 Phalerum
451 1680 598 1714 appulisse.
615 1681 666 1708 Ubi
680 1678 741 1707 cum
755 1681 860 1716 Argivi,

79 1714 122 1752 qui
136 1721 247 1752 cum_eo
263 1719 351 1746 erant,
366 1715 393 1741 in
416 1722 511 1750 agrum
522 1719 655 1752 tanquam
674 1714 862 1752 ltostilenfpo;

79 1748 222 1782 pulabundi
236 1753 424 1781 excurrerent,
436 1748 466 1777 ut
481 1749 528 1785 qui
544 1748 636 1781 aliam,
652 1758 732 1785 quain
743 1748 860 1779 Atticam

81 1789 176 1810 terram
205 1784 280 1820 inter
301 1785 425 1812 tenebras
445 1784 604 1817 crederent,
628 1784 860 1820 Demophoontem

80 1819 161 1850 aiunt,
173 1819 306 1855 etipsum
319 1820 483 1847 nescientem
497 1820 658 1855 Argivorum
670 1819 729 1848 eam
743 1822 860 1849 classem

79 1861 146 1890 esse,
178 1854 212 1880 ad
241 1855 442 1888 propulsandas
472 1855 663 1890 populationes
693 1857 857 1884 accurrisse.

78 1887 202 1925 Cumque
218 1887 326 1925 aliquot
349 1887 517 1923 interfectis;
536 1890 658 1917 Palladio
684 1895 788 1925 erepto,
813 1892 860 1919 do-

78 1930 146 1960 mum
161 1924 261 1956 abiret,
278 1924 311 1951 ab
332 1924 392 1958 ejus
407 1933 477 1960 equo
496 1925 690 1953 Atheniensem
710 1924 857 1959 hominem,

77 1957 126 1992 σο
139 1966 202 1995 _cum
218 1967 324 1995 paruui
336 1957 359 1986 is
374 1957 542 1995 prospiceret
557 1961 728 1993 subversum,
747 1957 858 1989 elisum;

78 1993 288 2031 queinteriisse.
311 1993 539 2031 Demophoontem
556 1996 647 2031 itaque
666 1996 712 2023 alii
735 1997 769 2023 ab
786 1997 856 2031 ejus,

78 2028 119 2065 qui
132 2029 292 2056 interfectus
311 2028 409 2062 fuerat,
428 2028 661 2065 propinqttisfalii
679 2039 743 2058 vero
759 2028 859 2058 ab'Ar-

78 2063 194 2124 givorum
214 2065 355 2099 republica
378 2063 453 2092 reuin
479 2063 579 2092 factum
608 2070 769 2093 memorant.
792 2077 801 2093 ι
827 2066 857 2094 ln

96 2106 126 2124 oc
136 2099 229 2124 itaque
241 2100 369 2124 Clemens
381 2107 396 2124 a
416 2099 551 2124 Pausania
566 2101 702 2124 dissentit.
722 2102 795 2124 mind
811 2102 857 2124 hic

96 2106 126 2124 oc
136 2099 229 2133 itaque
241 2100 369 2127 Clemens
381 2107 396 2126 a
416 2099 551 2127 Pausania
566 2101 703 2132 dissentit,
722 2102 795 2133 quod
811 2102 857 2129 hic

77 2131 222 2171 Palladium
236 2142 264 2171 _a
288 2134 492 2171 Demophoonte
518 2136 544 2162 vi
570 2131 709 2171 ereptum,
730 2131 856 2164 Clemens

76 2174 136 2205 vero
149 2169 224 2205 apud
236 2169 467 2204 Demophoontem
480 2170 565 2198 fuisse
577 2169 729 2205 depositum
746 2171 854 2200 dixerit.

76 2202 107 2242 At
118 2202 195 2242 quod
210 2202 367 2242 deponitur,
383 2213 437 2232 non
450 2206 475 2232 vi
490 2202 619 2240 eripitur:
631 2205 683 2242 Sed
699 2207 764 2242 quid
778 2207 857 2234 inde?

76 2235 200 2277 Nunquid
213 2235 281 2277 _faisi
294 2235 398 2277 i_d'circo
417 2235 577 2277 arguendusr
588 2247 630 2269 est
643 2235 768 2270 Clemens
776 2242 838 2277 {Mi
847 2257 853 2262 ι

76 2273 143 2300 nime
156 2273 276 2308 quidem.
294 2274 382 2303 Testis
396 2273 536 2303 enimvero
555 2276 590 2303 ab
605 2277 652 2303 illo
674 2277 774 2304 citatur
787 2276 852 2304 Dio-

76 2308 180 2347 nysius,
198 2317 280 2347 quem
305 2311 368 2347 alibi
394 2311 482 2345 patria
497 2311 653 2347 Argivum,
676 2316 757 2347 atque
781 2313 852 2340 hanc

75 2340 181 2382 Palladii
205 2340 225 2371 'a
254 2344 336 2382 Troja
363 2340 461 2373 sublati
496 2340 655 2377 historiam,
684 2340 732 2374 seit
760 2348 851 2382 potius

75 2377 188 2405 tabulam
213 2387 248 2407 ex
273 2377 397 2414 prbfesso
421 2388 549 2408 narrasse
570 2382 694 2416 perltibet
719 2377 768 2409 ⁸⁵.’
783 2383 851 2415 Quis

74 2416 157 2449 autem
171 2416 311 2449 negaverit
328 2423 381 2442 tton
404 2417 536 2443 minorem
562 2417 625 2443 huic
645 2417 723 2444 fidem
746 2417 851 2444 haben-

74 2447 220 2508 glaltiqifs’se,
230 2458 311 2485 quam
328 2449 480 2484 Pausaniae,
493 2451 538 2486 qui
556 2451 623 2478 illud
642 2452 730 2479 obiter
744 2457 849 2479 tantum

74 2487 155 2518 attigit
164 2487 172 2511 ’ξ

104 2518 172 2550 Quid
191 2526 266 2556 vero,
286 2520 358 2555 quod
380 2520 528 2556 Polyaenus
546 2520 676 2556 Dionysio
698 2521 848 2550 Clementi-

72 2559 121 2591 que
141 2559 236 2581 nostro
250 2555 302 2591 _his
318 2556 408 2584 verbis
431 2555 624 2591 patrocinatus’
638 2561 680 2583 est
696 2566 702 2583 :
727 2566 736 2582 ι
753 2557 850 2584 Demo-

73 2588 156 2626 phoon
171 2597 235 2616 cum
248 2589 398 2626 Palladium
413 2588 574 2626 accepisset,
589 2591 742 2626 depositum
757 2599 772 2618 a
790 2592 850 2619 Dio-

73 2623 144 2661 mede
157 2625 338 2653 custodiebat.
354 2636 363 2652 ι
384 2623 494 2654 Scimus
507 2627 616 2661 quidem
624 2623 762 2661 'quosdam
779 2627 848 2655 alios

72 2658 96 2696 in
110 2658 250 2687 Pausaniae
263 2662 417 2696 opinionem
432 2658 559 2690 abivisse.
573 2661 627 2689 Sed
639 2658 766 2689 Clemens
783 2670 848 2690 sane

70 2694 157 2726 plures
178 2694 289 2730 quoque
310 2697 405 2724 habuit
427 2697 633 2732 astipulatores,
653 2698 849 2732 sententiaque

100 2775 122 2790 ⁸’
149 2775 203 2803 Jul.
236 2775 320 2804 Firm.
348 2777 387 2805 De
413 2785 508 2806 errore
535 2777 607 2813 prof.
640 2777 731 2812 relig.,
759 2785 785 2812 p.
811 2777 854 2808 t9,
879 2777 948 2804 in-A.

100 2817 153 2829 rnnu
195 2819 212 2829 τι
239 2812 286 2829 5N]
338 2813 361 2829 αδ
374 2821 424 2829 nnn
450 2813 479 2829 'KI
550 2814 573 2829 86
588 2813 646 2829 Dlin
675 2813 711 2829 |:‘\
741 2821 820 2829 νννν.
848 2821 862 2829 n
892 2813 902 2829 Ι
936 2821 948 2829 n

70 2813 178 2842 Simon,
195 2819 222 2846 p.
239 2813 300 2839 5M.
338 2813 361 2829 ⁸⁸
374 2821 434 2848 pag.
450 2813 495 2840 '51.
550 2814 573 2829 ⁸⁸
587 2813 658 2840 Plin.
674 2813 722 2839 lib.
741 2821 832 2843 xxxvi,
848 2821 874 2840 c.
889 2813 917 2843 Δ,

68 2843 88 2883 ff
100 2843 231 2883 Plitt._lib.
248 2855 329 2883 xxxtv
343 2847 413 2876 llist.
430 2852 534 2880 natura,
550 2856 574 2875 c.
591 2849 617 2880 8,
635 2856 661 2883 p.
678 2848 730 2875 123
746 2853 772 2874 et
790 2848 850 2874 f50.
862 2849 910 2883 W”

70 2809 222 2848 Eillpttlurp.
239 2812 300 2839 25M.
338 2813 361 2829 ⁸⁸
374 2821 434 2848 pag.
450 2813 495 2840 '51.

918 907 1107 944 callo—postea
1133 913 1236 935 tactum
1262 913 1304 935 est
1315 908 1347 944 ξθ.
1362 918 1371 933 ι
1397 907 1468 940 Quid
1491 909 1523 935 ad
1542 907 1703 938 Clenientini

917 942 1234 979 textus‘explicationem
1256 942 1548 979 confirmationcmque
1571 944 1703 979 liquidius

917 983 944 1005 et
967 978 1158 1006 enucleatius?
1178 979 1349 1013 Quapropter
1373 978 1401 1004 in
1422 980 1524 1007 nostris
1548 979 1701 1013 codicibus,

916 1013 1112 1050 Graecarmanu
1131 1014 1260 1050 exaratis,
1285 1013 1512 1050 corrigendavox
1539 1014 1654 1050 ὲκύλης,
1670 1023 1703 1044 ac

916 1056 971 1087 non
987 1049 1074 1087 solum
1090 1057 1152 1087 cum
1169 1048 1268 1087 Plinio,
1280 1048 1331 1087 sed
1341 1049 1426 1087 etiam
1439 1048 1703 1087 Pausaniaximm,

919 1093 928 1108 ‹
943 1084 1047 1119 Scyles,
1061 1094 1070 1110 ι
1098 1084 1254 1118 legendum.
1276 1082 1316 1119 De
1336 1082 1432 1119 Diat_taa
1455 1091 1537 1118 porro
1559 1082 1704 1114 Munichiae

916 1117 986 1155 festo
1007 1119 1051 1146 die
1073 1124 1099 1146 et
1116 1117 1224 1155 templo
1256 1118 1358 1155 videsis
1389 1117 1535 1155 Fasoldum
1563 1119 1606 1155 Der
1627 1121 1702 1155 festis

916 1153 1015 1186 (ima,
1037 1154 1133 1182 decad.
1147 1153 1180 1185 2,
1196 1153 1257 1181 fest.
1276 1153 1310 1186 5;
1328 1153 1476 1181 Meursium
1495 1154 1542 1182 lib.
1560 1163 1576 1182 v
1592 1153 1702 1184 Graecia:

916 1189 1029 1223 feriant,
1045 1195 1126 1224 atque
1139 1187 1219 1216 Piraei
1233 1197 1253 1221 t,
1269 1196 1293 1216 c.
1309 1189 1324 1214 7
1335 1194 1361 1215 et
1374 1187 1401 1215 9.

949 1224 978 1251 ln
994 1223 1090 1251 ultima
1102 1231 1167 1251 vero
1183 1223 1417 1251 Clementinorum
1433 1223 1564 1251 librorum
1581 1224 1703 1254 editione

914 1260 996 1294 paulo
1012 1259 1194 1294 anterlegitur
1214 1263 1333 1286 statuam
1355 1267 1364 1283 ι
1382 1257 1492 1293 Dionysi
1517 1259 1640 1294 Morychi
1652 1261 1674 1277 ⁸⁷
1688 1270 1698 1287 ι

914 1302 976 1329 esse
989 1302 1058 1329 opus
1074 1293 1204 1326 Simonis,
1220 1293 1350 1328 Σίμωνος,
1367 1293 1530 1328 cognomine
1546 1293 1699 1329 Eupalami.

916 1328 968 1357 Sed
979 1328 1019 1366 jn
1045 1329 1239 1366 manuscriptis
1264 1329 1364 1356 ttostris
1386 1331 1545 1366 constanter
1567 1328 1700 1366 scriptum

914 1369 958 1392 est
979 1364 1106 1396 Σίκωνος.
1123 1363 1188 1397 Quae
1210 1367 1300 1390 autem
1317 1370 1381 1390 vera
1400 1363 1436 1391 sit
1459 1368 1485 1390 ct
1505 1363 1702 1398 genuina—Cle-

915 1407 999 1435 mens?
1014 1400 1104 1430 lectio,
1124 1400 1198 1426 dictu
1220 1407 1274 1435 non
1291 1399 1329 1425 ita
1352 1397 1517 1435 facile._Qui
1537 1400 1609 1426 enim
1626 1401 1700 1435 prio-

915 1442 971 1471 rem
994 1434 1136 1462 lectionem
1158 1435 1244 1471 textui
1260 1434 1417 1471 inseruere,
1434 1433 1461 1471 hi
1477 1441 1537 1471 eam
1558 1433 1700 1471 inde—pro-

914 1469 981 1506 bare
1001 1474 1148 1506 conantur,
1164 1469 1237 1506 quod
1259 1468 1412 1506 Pausanias
1435 1469 1534 1497 litteris
1551 1468 1699 1506 consignao

913 1505 1000 1532 verit:
1015 1514 1025 1530 ι
1037 1503 1179 1540 Olympica
1189 1503 1316 1532 Phormis
1331 1504 1482 1540 dona‘suut
1495 1504 1557 1539 equi
1572 1503 1645 1538 duo,‘
1653 1514 1698 1533 au-

912 1540 979 1575 riga:
998 1538 1173 1575 totideml....
1189 1539 1394 1575 Alterumrfeciti
1407 1538 1553 1574 Dionysius
1569 1541 1696 1575 Argivus,

936 1568 1040 1610 fgineta
1063 1568 1159 1602 Simon
1176 1574 1335 1610 alterum".
1351 1583 1360 1600 ι
1378 1568 1554 1610 ρυίάηιῇιιιειι
1571 1568 1699 1609 prohibet

913 1608 1061 1645 quominus
1073 1614 1173 1646 praeter
1188 1608 1414 1646 hunchimonem
1428 1609 1498 1646 alius
1515 1608 1596 1637 fuerit
1614 1610 1698 1639 Sicon

912 1644 1063 1673 statuarius
1075 1644 1240 1680 cognomine
1255 1644 1430 1680 Eupalamus,
1442 1645 1532 1679 cujus,
1546 1649 1576 1672 ut
1588 1646 1698 1675 δηρια-

912 1688 1001 1713 mens,
1018 1679 1182 1707 mentionem
1199 1680 1294 1707 fecerit
1310 1679 1455 1706 Polemon?

947 1715 1049 1742 Pmter
1073 1715 1237 1743 Pausaniam
1269 1715 1374 1742 Plinius
1402 1714 1522 1742 Sitnonis
1553 1716 1697 1749 statuarii,

911 1758 990 1785 quem
1015 1754 1041 1777 et
1065 1751 1100 1778 ab
1122 1750 1299 1785 Xenophonte
1333 1756 1514 1777 memoratum
1540 1749 1698 1780 Harduinus

911 1787 1049 1818 observat,
1064 1793 1116 1813 non
1134 1787 1216 1813 semel
1233 1785 1355 1812 nteminit
1367 1785 1399 1812 ⁸³.
1417 1785 1453 1811 At
1474 1792 1535 1812 cum
1558 1785 1696 1814 Simonem

911 1821 1077 1855 simpliciter‘
1092 1828 1155 1848 eum
1178 1821 1310 1855 appellet,
1334 1824 1425 1847 utrum
1452 1820 1474 1848 is
1500 1819 1628 1855 AEgineta
1654 1822 1697 1850 vel

910 1855 1076 1890 Eupalamus
1091 1855 1183 1887 fuerit,
1198 1856 1259 1890 quis
1274 1859 1349 1882 certo
1364 1855 1477 1883 definire
1491 1856 1610 1883 audeat?

945 1891 1076 1918 Minorem
1093 1893 1215 1925 profecto
1236 1890 1422 1917 difficultatem
1440 1898 1471 1917 ea
1494 1891 1610 1923 habent,
1630 1899 1691 1925 quae

909 1926 1035 1953 Clemetts
1057 1925 1091 1953 de
1109 1925 1249 1960 Serapidis
1264 1933 1323 1957 seu,
1343 1931 1371 1952 ιιι
1387 1925 1433 1953 alii
1450 1926 1584 1958 scribunt,
1613 1926 1696 1953 Sara-

910 1962 980 1996 pidis
995 1960 1082 1995 effigie
1097 1961 1186 1988 fusius
1203 1961 1323 1995 disputat
1335 1961 1368 1988 '°.
1394 1960 1431 1987 De
1455 1961 1500 1986 illa
1525 1961 1624 1996 quippe
1639 1961 1695 1988 fre-

909 1995 1086 2031 quentissima
1108 1996 1199 2023 varios
1220 1996 1291 2030 apud
1317 1996 1466 2030 scriptores
1482 1995 1599 2031 rmentio’
1622 1995 1694 2024 facta

908 2036 959 2058 est.
985 2031 1050 2058 Sine
1073 2031 1308 2057 animadversione
1325 2035 1414 2057 tamen
1436 2030 1505 2057 ratio
1523 2031 1694 2064 praetermitti

908 2073 962 2093 non
979 2066 1070 2102 debet,
1083 2066 1119 2092 ob
1131 2073 1215 2102 quam
1225 2065 1349 2093 Clemens
1365 2065 1463 2102 ibidem
1476 2065 1599 2102 dixerit:
1612 2065 1695 2102 [Egy-

908 2102 993 2136 ptium
1014 2101 1148 2136 Serapim.
1163 2110 1171 2126 I
1192 2100 1287 2135 Magna
1303 2101 1375 2128 enim
1399 2100 1471 2136 inter
1490 2101 1559 2127 duos
1578 2100 1693 2135 hujusce

907 2135 995 2164 anatis
1012 2135 1205 2164 celeberrimos
1220 2136 1377 2170 scriptores,
1401 2135 1567 2170 Scaligerum
1580 2139 1607 2163 et
1623 2136 1693 2163 Vos-

908 2172 996 2202 sium,
1016 2171 1190 2199 contentione
1214 2171 1392 2205 disceptatur,
1416 2174 1508 2197 utrum
1525 2178 1558 2198 eo
1582 2172 1692 2199 nomine

872 2223 894 2250 Β
909 2206 1018 2250 Serapis
1034 2207 1141 2250 dicatur
1156 2206 1260 2250 patrips
1275 2207 1317 2232 vel
1335 2205 1485 2250 inquilinus
1497 2205 1690 2250 :E'gypti‘oru'm

905 2240 1018 2269 deus“.
1037 2241 1124 2268 Taciti
1145 2241 1279 2275 siquidem
1310 2241 1472 2267 auctoritate
1497 2240 1583 2268 fultus
1601 2240 1690 2268 Scali-

922 2285 952 2304 er
962 2277 996 2309 ⁹¹,
1014 2277 1066 2304 hoc
1082 2284 1180 2303 nomen
1201 2276 1305 2310 origine
1320 2283 1381 2307 sua,
1397 2284 1451 2302 non
1466 2275 1621 2311 :Egyptium
1642 2277 1690 2304 sed

905 2310 1057 2347 Sinopense
1080 2311 1166 2339 fuisse
1182 2311 1342 2347 contendit.
1357 2311 1459 2338 Contra
1477 2310 1543 2338 vero
1559 2310 1688 2347 Vossius,

904 2348 951 2381 qui
973 2345 1137 2374 sententiam
1159 2354 1235 2374 suam
1257 2346 1300 2374 his
1315 2345 1461 2373 Clementis
1482 2346 1568 2373 nostri
1594 2347 1691 2374 subse-

904 2380 1051 2417 quentibus
1079 2381 1169 2409 verbis
1188 2381 1350 2408 confirmare
1373 2381 1469 2408 nititur
1489 2390 1501 2417 :_
1516 2390 1527 2406 ‹
1541 2380 1593 2408 Alii
1615 2382 1689 2417 enim

905 2415 1030 2445 scribunt
1044 2425 1105 2444 ettm
1124 2417 1208 2443 fuisse
1224 2424 1323 2443 munus
1336 2416 1449 2443 missum
1461 2424 1476 2442 a
1490 2415 1704 2451 Sinopensibus

901 2452 934 2479 ad
950 2452 1126 2479 Ptolemzeum
1150 2451 1358 2485 Philadephum,
1384 2452 1432 2486 qui
1455 2459 1503 2478 eos
1524 2452 1596 2478 fante
1613 2451 1690 2479 labo-

899 2491 1003 2519 rantes,
1020 2487 1105 2514 misso
1121 2495 1154 2522 ex
1167 2486 1286 2521 Egypto
1300 2486 1447 2518 frumento,
1461 2486 1608 2522 obligavit;
1626 2494 1689 2515 esse

900 2527 990 2549 autem
1007 2522 1119 2557 efﬁgiem
1134 2521 1268 2555 Pltttonis,
1281 2522 1328 2556 qui
1346 2526 1484 2556 acceptam
1503 2525 1620 2557 statuam
1638 2529 1689 2557 po—

900 2558 954 2584 suit
968 2557 996 2584 in
1014 2556 1210 2591 promontorio,
1224 2558 1296 2591 quod
1312 2565 1385 2584 nunc
1398 2557 1535 2591 appellant
1549 2556 1686 2585 Racotitn.

900 2565 954 2584 suit.
968 2565 996 2584 in
1033 2565 1210 2588 romontorto,
1224 2565 1296 2591 qu0tl
1312 2565 1385 2584 nunc
1398 2565 1535 2591 appeuant
1549 2565 1686 2585 nacoum.

900 2593 946 2619 ubi
967 2596 994 2619 et
1011 2565 1151 2627 Serapidis
1172 2592 1225 2619 coli
1245 2592 1314 2619 solet
1338 2593 1467 2627 templum
1480 2591 1513 2619 ⁸³.
1529 2602 1537 2617 ι
1556 2592 1638 2626 Atqui
1663 2593 1687 2619 si

902 2627 1036 2662 Serapidi,
1057 2628 1146 2662 inquit
1161 2627 1287 2658 Vossius,
1305 2627 1381 2662 prius
1393 2631 1466 2654 esset
1486 2627 1606 2654 dicatum
1623 2627 1687 2653 Alc-

902 2661 1022 2690 xandria:
1043 2661 1184 2694 sacellum,
1202 2670 1282 2697 quam
1303 2661 1364 2697 ejus
1384 2662 1484 2697 efﬁgies
1507 2662 1608 2697 Sinope
1623 2661 1686 2688 Ale-

901 2698 1045 2725 xandriam
1069 2702 1266 2733 asportaretur,
1289 2697 1466 2725 Alexandrini
1487 2698 1582 2732 utique
1605 2705 1685 2725 suutu

1002 2777 1026 2793 ”
1040 2776 1158 2805 PaUSan.
1188 2778 1234 2805 lib.
1264 2785 1273 2804 ι
1290 2777 1386 2808 Attic.,
1405 2786 1431 2812 p.
1449 2777 1494 2804 27.
1558 2776 1582 2792 ⁸⁸
1598 2777 1645 2804 lib.
1664 2786 1671 2804 t

1091 2814 1113 2853 ξ’
1132 2821 1193 2853 pag.
1207 2813 1256 2853 hat,
1309 2813 1338 2853 ,ιι
1350 2813 1403 2853 _lib.
1423 2821 1431 2853 ε
1446 2812 1560 2853 Alliam,
1576 2812 1680 2853 p._f_7§.

936 2821 961 2847 p.
978 2812 1042 2840 270.
1091 2814 1113 2828 ⁸⁷
1132 2821 1193 2848 pag.
1211 2813 1256 2840 5t.
1315 2813 1338 2829 ⁸⁸
1357 2813 1403 2840 lib.
1423 2821 1430 2840 t
1446 2812 1560 2842 (ﬁliam,
1576 2819 1602 2846 p.
1620 2812 1680 2840 176.

936 2856 955 2875 ).
970 2848 1014 2875 51.
1054 2847 1335 2884 '{ScaligAnimLin
1350 2848 1465 2880 Euseb.,
1478 2847 1521 2875 ad.
1539 2854 1583 2874 an.
1595 2847 1682 2882 175ος

928 2856 955 2882 p.
970 2848 1014 2875 51.

71 2878 143 2908 Voss.
160 2881 207 2909 lib.
227 2890 234 2909 ι
250 2881 286 2909 De
307 2883 375 2919 orig.
395 2887 421 2911 et
436 2878 532 2919 progr.
548 2878 682 2916 idololat.,
698 2892 722 2912 c.
738 2883 784 2911 ‘29.
822 2885 844 2899 ν’
860 2878 947 2912 Tacit.
966 2884 1012 2911 lib.
1029 2891 1055 2911 tv
1069 2883 1138 2911 llist.
1162 2878 1200 2899 '"
1216 2891 1276 2919 pag.
1294 2883 1340 2910 5t.
