1927 3073
107 184 159 212 915

387 183 479 211 ΔΙ.ιῶ
500 183 534 210 IN
551 180 844 211 COHORTATIONEM
857 182 902 210 ET
922 180 1147 210 PEDAGOGUM
1164 180 1459 210 OBSERVATIONES.

1672 183 1724 212 9M

108 243 141 270 lis
152 241 280 277 Clemens
297 240 427 277 exemplis
438 241 612 270 manifestum
632 242 730 269 deinde
748 241 822 268 facit.
847 240 890 277 Ac
903 245 925 272 Α
942 240 1007 277 liere
1023 240 1096 274 loqui
1112 240 1174 268 inde
1190 244 1273 277 patet.
1292 241 1364 275 quod
1378 245 1494 276 uterque
1510 242 1634 270 eumdem
1671 243 1725 271 Po-

107 278 194 313 primo
208 276 319 313 quidem
337 286 343 303 :
361 275 380 302 (⁷
390 276 546 312 Dionysius,
572 278 669 311 inquit,
689 281 822 313 tyrannus
841 275 888 313 ju-

107 310 178 342 iiior.
193 312 208 337 ὁ
224 310 366 346 νεώτερος,
383 319 444 338 cum
454 310 563 340 auream
576 310 677 339 vestem
692 310 750 339 Iovi
761 311 888 338 abstulis-

108 351 148 374 set
161 347 187 373 in
201 346 306 374 Sicilia.
321 346 403 380 jussit
418 354 480 373 eum
497 347 573 374 indui
591 347 651 373 lana
668 347 690 373 ’.
715 356 723 372 ι
743 346 813 373 Nulli
828 347 889 380 qui-

107 383 166 409 dem
194 381 363 415 incognitum
385 386 427 408 est
453 382 520 408 illud
545 381 666 415 Dionysii
696 381 807 409 factum.
835 381 887 407 Sed

108 416 239 443 Hervetus
253 423 347 453 vocem
363 416 377 442 ὁ
390 416 527 453 Δνςώτεριξς
546 416 704 444 mendosam
718 424 788 453 re_ss_e_
799 416 889 453 suspi—

107 456 183 478 catur
203 460 210 478 :
239 451 458 487 quandoquidem
479 451 524 479 alii
546 453 693 487 scriptores
717 451 744 478 id
759 451 888 486 Dionysio

108 487 176 521 patri
208 486 374 513 attribuunt.
402 485 610 514 Verumtamen‘
629 487 760 514 Clementi
794 490 889 513 nostro

107 521 271 555 subscripsit
285 521 433 553 Arnobius,
447 521 518 556 apud
535 529 616 556 quem
632 521 734 556 pariter
748 521 863 556 legimus
880 530 887 548 :

108 565 118 582 ι
137 556 285 591 Dionysius
308 557 363 587 ille.
381 557 427 584 sed
447 557 551 590 junior,
569 565 630 584 cum
647 556 778 583 velamine
805 563 889 582 aureo

105 590 233 626 spoliaret
251 590 345 618 Jovem
360 591 393 623 ¹⁰,
409 601 417 617 ι
429 595 481 618 etc.
494 592 522 618 In
532 592 674 626 utriusque
683 595 771 618 autem
784 595 888 618 textum

105 627 173 654 tnale
192 627 227 652 al)
248 626 384 660 imperitis
408 627 526 654 librariis
551 627 683 654 intrusam
711 626 797 653 fuisse
820 626 889 652 hanc

105 669 194 688 vocem
220 661 264 688 vix
287 661 415 688 credibile
431 667 482 689 est.
501 661 542 688 An
565 666 654 689 autem
673 662 729 688 haec
747 666 836 688 statua
862 661 888 687 in

106 695 205 725 Sicilia,
223 699 253 722 ut
272 696 312 731 ait
325 696 462 726 Clemens.
477 697 519 724 vel
534 697 560 724 in
575 697 771 731 Peloponneso.
793 704 888 731 quem-

105 731 246 758 admodum
263 730 360 758 Cicero
377 731 498 762 tradidit.
518 733 606 766 posita
622 730 714 762 fuerit.
731 731 833 766 etquid
855 730 889 758 de

104 774 134 793 ea
148 766 258 801 quidam
277 767 445 795 recentiores
464 767 593 799 dixerint,
607 767 662 802 jam
678 774 692 793 a
704 766 782 794 nobis
807 773 889 801 supra

104 801 277 828 observatum
290 805 332 827 est
345 801 377 829 “.

138 836 285 869 Subjunxit
305 835 405 863 ibidem
420 836 546 864 Clemens
562 839 657 863 noster
673 845 680 863 :
704 847 712 861 ι
738 835 889 863 Antiochus

102 871 249 906 Cyzicenus
266 878 329 897 cum
350 876 441 906 egeret
459 871 594 912 pecuniis.
614 870 689 912 Iovis
705 875 888 912 auream'sta-

102 911 183 937 tuam,
202 913 274 942 quae?
290 910 350 942 erat
376 906 572 942 magnitudinis
593 906 749 940 quindecim
780 906 888 942 cubito-

940 275 1074 309 sidippunt
1091 280 1186 303 testem
1203 276 1337 303 citaverit.

973 310 1155 348 Neque_dicas
1170 311 1233 348 huic
1247 311 1376 338 solutioni
1391 319 1422 348 ea
1436 311 1588 348 adversari.
1602 311 1674 348 'quaa
1690 313 1724 342 de

938 346 1053 381 ipsamet
1066 345 1183 381 PhryneA
1190 345 1314 373 Clemens
1324 347 1496 374 continenter
1504 347 1604 381 adjecit
1614 345 1642 375 ί(
1654 348 1723 377 Cum

939 379 1156 417 floreret__autem
1169 379 1278 417 Phryne
1292 382 1418 417 meretrix
1431 379 1592 417 Thespiaca,
1604 383 1723 417 pictores

938 423 1035 452 omnes
1045 414 1158 452 Veneris
1169 414 1298 452 imagines
1311 416 1343 452 ad
1357 415 1478 452 Phrynes
1490 414 1721 452 pulchritudinem

940 450 1100 486 imitatione
1113 451 1276 481 referebant.
1299 451 1371 479 sicut
1395 450 1518 486 lapicidas
1543 452 1616 486 apud
1638 452 1721 480 Athe-

939 485 1049 522 nienses
1076 484 1226 522 Mercurios
1254 485 1403 522 Alcibiadis
1423 484 1516 514 instar
1540 484 1721 522 repraesenta—

940 519 1005 555 hant
1019 520 1051 546 '°.
1078 529 1088 546 ι
1114 520 1259 547 Athenaeus
1282 521 1415 555 siquidem
1441 522 1521 548 docet
1544 519 1612 549 duas
1635 522 1721 550 fuisse

939 554 1071 590 Phrynes,
1096 563 1211 590 quarum
1225 557 1299 590 prior
1316 554 1352 583 ex
1371 556 1535 591 Apollodoro
1557 557 1719 591 Saperdion.

940 590 1075 624 posterior
1090 591 1272 625 Clausigelola
1289 590 1516 626 nuncupabatur;
1533 600 1565 619 ex
1585 590 1721 621 Herodioo

939 628 1028 652 autem
1047 626 1159 652 alteram
1180 625 1289 661 σηστόν,
1307 627 1419 653 alteram
1442 626 1615 661 Thespicam.
1627 627 1720 654 θεσπι-

939 661 990 696 κήν
1004 661 1105 693 vocari,
1118 664 1144 687 et
1160 669 1169 685 ι
1190 668 1276 695 usque
1287 661 1354 688 adeo
1363 661 1484 694 divitem,
1496 662 1594 696 inquit.
1609 666 1639 689 ut
1650 662 1720 690 The-

939 695 1034 722 barum
1048 695 1149 722 mmnia
1162 699 1361 722 exstructuram
1377 703 1406 723 se
1417 704 1479 723 esse
1492 697 1677 730 polliceretur,
1692 698 1717 725 si

939 705 1034 722 uarum
1048 705 1149 722 mwnla
1162 705 1361 722 exstructuram
1377 705 1406 723 se
1417 705 1479 723 esse
1511 705 1677 730 otuceretur,
1692 705 1717 725 SI

939 730 1125 758 ascriberetur
1139 730 1321 767 Alexandrum
1339 730 1464 765 Magnum
1480 705 1612 767 diruisse.
1635 732 1720 767 Phry-

939 773 1000 792 nem
1017 773 1079 802 vero
1094 771 1215 802 scortum
1241 765 1369 802 refecisse
1392 767 1426 794 ²¹.
1448 775 1458 792 ι
1473 766 1544 799 Quid
1567 774 1632 802 ergo
1645 765 1720 796 vetat

939 801 1085 836 quominus
1109 801 1251 836 utriusque
1270 801 1391 836 Pbrynes
1411 801 1564 829 meminerit
1580 801 1718 835 Clemens.

939 835 1113 870 prioremque
1131 835 1270 862 Cratinam
1285 835 1479 870 appellaverit?

974 870 1130 907 Alcibiades
1146 878 1248 907 Aporro,
1273 879 1354 907 quem
1371 871 1498 907 Clemens
1525 879 1599 907 cum_
1611 871 1720 907 Phryne

939 905 1092 943 conjungit,
1112 905 1316 943 Atheniensium
1339 905 1391 943 fuit
1409 906 1564 940 imperator.
1581 905 1720 943 Frequens

103 934 182 972 rum.'
198 934 276 968 fundi
307 940 408 975 jussit,
421 934 471 968 vet
501 950 532 969 ex
568 934 621 968 alia
656 941 745 968 viliori
775 941 889 968 materia
904 934 924 961 Β
939 934 1028 967 autem
1043 934 1121 968 illius
1135 941 1206 975 apud
1223 941 1314 968 varios
1333 934 1481 975 scriptores
1504 934 1649 973 memoria:
1670 943 1718 970 sed

103 981 216 1004 statuam
250 975 289 1002 illi
315 976 431 1003 similem
463 977 571 1004 laminis
607 977 758 1003 inauratam
788 984 885 1004 rursus

101 1011 192 1045 reponi
209 1011 242 1038 “.
261 1020 271 1036 ι
291 1010 327 1037 At
337 1010 470 1039 llervetus
484 1013 572 1046 palam
587 1012 730 1046 profitetur
741 1011 792 1038 sibi
805 1012 885 1045 plane

102 1047 298 1082 incompertum
324 1054 386 1074 esse
409 1047 483 1074 hunc
511 1047 675 1082 Antiochum
703 1046 883 1082 Cyzicenum.

102 1086 135 1121 et.
150 1081 195 1115 qui
231 1081 307 1108 illius
342 1082 507 1109 mentionem
544 1081 640 1109 fecerit
670 1081 807 1109 invenisse
836 1089 885 1108 ne-

103 1123 208 1144 minem.

134 1151 170 1178 Te
185 1150 295 1185 quidem
309 1151 451 1183 miramur.
465 1150 588 1183 Hervete,
602 1151 648 1186 qui
666 1151 745 1178 obvia
758 1151 884 1178 omnibus

102 1194 152 1224 non
165 1186 274 1224 legeris,
291 1186 509 1224 autlegisse_non
527 1185 684 1224 memineris
700 1186 756 1213 haec
768 1185 885 1224 _Ar_nobii

101 1221 196 1248 verba:
215 1230 224 1245 ι
252 1221 420 1256 Antiochum
436 1221 601 1256 cyzicenum
624 1222 714 1248 t'crnnt
729 1221 884 1255 quindecim

102 1256 247 1283 cubitorum
261 1255 358 1283 Jovem
377 1263 410 1283 ex
425 1255 539 1284 delubro
550 1264 660 1284 aureum
679 1257 835 1287 sustulisse,
856 1259 884 1282 et

101 1299 131 1318 ex
150 1298 201 1318 tere
218 1291 363 1318 bratteolis
379 1292 554 1320 subslituisse
570 1290 691 1318 fucatum
708 1292 739 1318 ”.
762 1300 771 1317 ›
787 1291 883 1317 Adtui-

102 1326 228 1353 rationem
244 1333 311 1353 vero
323 1330 444 1353 nostram
461 1327 487 1354 id
506 1327 623 1353 maxime
635 1330 725 1360 auget.
738 1326 808 1361 quod
832 1326 884 1352 hn-

100 1361 142 1394 jus
156 1360 282 1388 Antiochi
299 1369 452 1388 sermonem
472 1361 518 1396 qui
536 1361 679 1388 habuerint
695 1360 829 1396 neminem
842 1360 884 1387 di-

102 1403 144 1431 cas
156 1403 170 1422 a
185 1400 210 1422 te
222 1395 356 1423 hactenus
369 1395 515 1431 repertum.
527 1397 654 1430 Nunquid
668 1404 733 1430 ergo
745 1395 883 1422 Justinum

102 1430 254 1457 historicum
278 1430 418 1465 nunquam
442 1431 547 1466 legisti?
574 1431 613 1458 Ex
628 1439 661 1458 eo
681 1438 758 1466 Asane
779 1431 884 1458 discere

102 1470 205 1499 poteras
216 1466 279 1501 quis
295 1464 443 1497 ille’fuerit.
460 1464 486 1493 e‘t
498 1466 634 1501 quomodo
645 1474 661 1493 a
675 1464 786 1501 Grypho
803 1472 884 1499 supe—

103 1505 173 1537 ratus
187 1502 217 1528 “.
234 1500 287 1537 Sed
309 1501 372 1537 quia
392 1501 438 1528 ille
450 1500 602 1537 Cyricenus
617 1509 632 1527 a
648 1501 758 1528 Justino
773 1507 882 1537 cogno-

103 1536 223 1571 minatur,
238 1536 314 1571 hunc
326 1535 442 1564 fortasse
456 1535 509 1563 non
527 1537 627 1571 putasti
641 1543 702 1563 esse
718 1536 882 1563 Antiochum

102 1569 268 1604 Cyziccnum.
296 1569 350 1598 Sed
368 1571 463 1598 falsam
485 1569 669 1606 suspicionem
686 1571 776 1598 levare
789 1575 816 1598 et
830 1575 883 1598 ate

934 975 1071 1036 praecipue
1100 976 1171 1010 apud
1200 975 1338 1003 Justinum
1362 976 1532 1007 historicum.
1560 976 1718 1004 Cornelium

959 1014 1064 1036 eootem
1088 1015 1114 1036 et
1132 1010 1320 1036 Plutarchum.
1335 1011 1382 1036 qui
1403 1011 1536 1036 integram
1555 1012 1616 1036 eius
1632 1012 1718 1036 histo-

959 1014 1064 1047 epotem
1088 1015 1114 1038 et
1132 1010 1382 1047 Plutarchum.qui
1403 1011 1536 1047 integram
1555 1012 1616 1046 ejus
1632 1012 1720 1040 histo-

935 1045 1005 1072 riam
1023 1046 1121 1073 litteris
1138 1045 1308 1081 consignavit
1322 1046 1355 1073 υ.

1196 1089 1394 1117 ARTICULUS
1412 1090 1458 1119 ιν.

935 1135 1143 1172 Dequibusdam
1159 1136 1276 1163 obscenis
1297 1137 1451 1172 simulacris
1473 1141 1498 1164 et
1519 1137 1632 1172 gestibus
1653 1137 1719 1164 Plii-

971 1170 1081 1202 lenidis.
1105 1172 1137 1198 de
1161 1172 1297 1204 impotenti
1327 1170 1567 1206 Pygmalionis—in
1601 1177 1718 1200 statuam

969 1214 1068 1237 amore,
1083 1206 1115 1233 de
1140 1206 1278 1240 cujusdam
1295 1214 1368 1241 equm
1391 1207 1543 1239 simulacro,
1565 1212 1590 1233 et
1613 1207 1718 1235 Dardali

969 1249 1068 1302 zacm,_
1079 1250 1109 1268 ac
1132 1242 1216 1268 simii‘:
1240 1249 1285 1268 nec
1305 1249 1380 1268 cerea
1398 1249 1444 1269 nec
1460 1242 1530 1269 lutea
1544 1242 1717 1270 similitudine

988 1281 1092 1302 scentis.

988 1277 1092 1310 ereptis.

936 1329 942 1357 ξ
971 1321 1122 1349 Simulacra
1145 1326 1296 1357 statuaeque
1320 1322 1431 1349 deorum
1460 1326 1562 1357 quanto
1588 1323 1716 1351 omnibus

934 1356 1042 1393 horrori
1063 1365 1124 1393 esse
1149 1358 1274 1388 debeant.
1291 1365 1323 1384 ex
1344 1356 1477 1385 obscenis
1494 1358 1716 1393 turpis-sinusque

934 1392 1042 1427 illorum
1059 1392 1154 1427 figuris
1175 1393 1300 1420 Clemens
1317 1397 1409 1419 noster
1428 1399 1543 1427 prorsus
1566 1393 1716 1420 convincit.

933 1426 1047 1453 Planum
1062 1426 1161 1454 etenim
1178 1427 1243 1454 facit
1257 1432 1358 1462 quanta
1374 1427 1412 1454 illi
1430 1426 1598 1461 impudentia
1615 1428 1714 1456 cubilia

933 1462 1121 1497 thalamosque
1132 1462 1211 1497 pictis
1224 1466 1387 1489 exornarem
1400 1462 1511 1494 tabulis,
1526 1463 1627 1497 quibus
1643 1463 1715 1490 nuda

937 1496 1036 1528 Venus,
1065 1496 1234 1531 aliorumque
1256 1498 1366 1524 deorum
1393 1503 1496 1531 stupra.
1520 1496 1663 1529 adulteria.
1683 1505 1716 1525 ac

939 1505 1036 1528 venus.
1065 1505 1234 1524 anorunnue
1256 1505 1366 1524 deorum
1393 1505 1496 1531 stupra.
1520 1505 1663 1529 adulteria.
1683 1505 1716 1525 ac

933 1531 1036 1568 Panici,
1055 1532 1106 1568 hoc
1119 1536 1160 1559 est
1182 1505 1220 1558 dii
1245 1533 1393 1563 silvestres,
1410 1539 1457 1568 seu
1474 1533 1549 1568 parvi
1565 1532 1716 1568 minutique

934 1540 1036 1564 ranici,
1056 1540 1106 1558 noc
1119 1540 1160 1559 εει
1182 1540 1220 1558 (ιιι
1245 1540 1393 1563 snvcstrcs,
1410 1540 1457 1559 seu
1493 1540 1549 1559 arvr
1565 1540 1715 1568 minutique

934 1567 1043 1602 quidam
1056 1566 1145 1595 Panes
1158 1567 1462 1602 repraesentabantur".
1472 1540 1544 1600 ὃιιίᾱ
1558 1574 1631 1601 vero,
1642 1569 1715 1602 quod

102 1602 233 1643 removere
245 1606 480 1643 poterat_Eusebii
495 1602 657 1643 Cliﬂnimn.
675 1606 723 1643 ubi
744 1606 881 1643 de_eodein
896 1606 917 1635 C
935 1605 1088 1643 stupendae.
1101 1610 1214 1643 prorsus
1238 1602 1415 1643 obscenitatis
1442 1602 1559 1643 phellos
1571 1602 1622 1642 ἰ,-
1634 1608 1715 1643 atque

102 1640 156 1666 viro
170 1642 316 1668 scribitur:
332 1650 341 1666 (
359 1641 509 1669 Antiochus
527 1642 690 1676 Cyzicenus,
704 1640 813 1676 Grypiio
828 1641 883 1674 eje-

103 1679 153 1711 ςιο,
166 1676 269 1711 Syriam
286 1675 421 1709 obtinuit;
441 1684 472 1703 ac
491 1675 587 1704 rursus
599 1675 883 1711 Gryphus,’superato

103 1708 236 1745 Cyziceno,
256 1711 381 1738 eamdem
401 1712 511 1746 recepit.
531 1711 570 1738 lta
585 1720 617 1739 ex
637 1708 812 1739 successione
838 1719 882 1746 re-

102 1746 224 1780 gnabant.
242 1747 389 1773 adversum
406 1755 435 1774 se
455 1745 570 1774 invicem
591 1747 752 1773 dimicantes
769 1746 801 1773 ¹⁸.
822 1756 831 1772 ι
851 1745 883 1772 Et

103 1787 203 1817 rursum
221 1782 379 1817 pauloipost
393 1791 399 1808 :
421 1791 429 1807 ι
448 1781 532 1817 Syria:
546 1786 573 1808 et
583 1782 655 1808 Asiae
668 1781 818 1817 Antiochus
832 1781 884 1817 Cy:

103 1815 247 1843 zicenus“.
271 1826 280 1842 I
303 1816 332 1843 Si
348 1817 399 1843 ista
417 1815 571 1844 tibi-adhuc
589 1825 644 1844 non
668 1816 814 1847 suﬂiciant,
838 1815 883 1842 adi

101 1848 310 1887 Josephirlibros
334 1852 530 1886 Antiquitatum
550 1852 604 1887 62
627 1851 815 1881 Iudaicarum.
837 1851 882 1877 ubi

103 1889 192 1936 tutum,
212 1886 284 1914 banc
315 1887 443 1914 Antiochi
476 1886 602 1923 Cyziceni
634 1887 776 1914 historiam
807 1887 883 1913 inve—

103 1927 156 1947 llleS
173 1927 190 1936 “
198 1941 204 1946 .

134 1955 169 1982 Ex
187 1955 302 1985 Veneris
323 1956 426 1983 Gnidiae
446 1957 570 1991 exemplo
592 1956 762 1984 demonstrat
783 1959 876 1990 postea

102 1988 220 2018 Clemens
236 1992 312 2019 'nihil
343 1999 409 2019 sane
429 1992 484 2019 illis
497 1988 610 2019 deorum
640 1988 796 2019 simulacris
822 1999 882 2018 esse

102 2027 288 2061 contemptius.
313 2033 474 2061 summaque
496 2027 619 2054 omnium
648 2027 822 2061 despectione
840 2026 881 2053 di-

102 2060 174 2099 gnius
191 2060 224 2088 τί(
235 2061 410 2099 Praxiteles.
422 2060 564 2099 inquitLut
583 2060 705 2099 declarat
718 2061 881 2099 Posidippus

103 2095 127 2131 in
143 2095 208 2122 libro
226 2096 260 2124 de
277 2097 374 2129 Cnido.
391 2095 495 2124 Cnidia:
513 2096 626 2124 Veneris
642 2097 772 2131 elﬁngens
796 2097 881 2123 sintu-

102 2129 209 2163 lacrum,
229 2132 351 2159 Cratino:
370 2140 450 2166 quam
475 2132 584 2158 amabat
598 2129 769 2166 formamrini
779 2139 809 2158 ca
834 2139 881 2157 ex-

121 2167 211 2197 ressit;
229 2171 259 2193 ut
273 2165 405 2194 haberent
428 2167 519 2194 miseri
537 2167 608 2194 unde
628 2167 743 2193 amicam
759 2165 882 2192 Praxite-

113 2200 132 2226 is
142 2200 282 2229 adorarent
296 2203 328 2229 *⁸.
349 2211 358 2227 ι
378 2201 461 2229 Recte
478 2202 586 2236 quidem
597 2202 671 2229 hunc
683 2202 710 2228 in
729 2202 817 2228 locum
833 2201 881 2227 ob-

103 2240 186 2261 servat
197 2236 331 2264 Hervetus
349 2237 442 2264 eadem
459 2237 493 2264 ab
508 2237 637 2264 Athenaeo
647 2242 674 2263 et
689 2236 789 2268 Plinio.
799 2239 880 2270 atque

934 1638 987 1664 alia
1002 1637 1184 1664 insanissimae
1196 1637 1372 1671 turpitudinis
1386 1642 1413 1664 et
1429 1638 1585 1671 petulantia:
1601 1637 1714 1664 simula-

933 1681 979 1699 cra
997 1677 1050 1699 tam
1068 1673 1113 1699 ille
1127 1680 1209 1708 quam
1224 1673 1269 1699 alii
1285 1672 1394 1707 plurimi
1406 1672 1527 1708 ejusdem
1541 1672 1629 1708 aetatis
1642 1673 1716 1700 scri-

933 1713 1025 1743 plores
1047 1709 1159 1743 paganis
1172 1708 1290 1742 objicere
1305 1711 1331 1734 et
1355 1707 1520 1742 exprobrare
1534 1715 1587 1734 non
1606 1707 1716 1734 dubita-

933 1747 1031 1770 verunt
1052 1743 1094 1769 ἐἴ
1120 1743 1172 1769 Sed
1199 1743 1269 1774 haec,
1294 1750 1409 1777 quorum
1435 1743 1656 1770 commemoratio
1681 1743 1716 1770 ad

933 1777 1091 1805 eorumdem
1115 1785 1281 1812 paganorum
1297 1777 1403 1804 animos
1420 1778 1455 1804 ab
1471 1777 1562 1812 impiis
1583 1779 1715 1812 supersti-

933 1813 1054 1840 tionibus
1067 1813 1125 1840 suis
1140 1812 1275 1839 eti‘n-acius
1286 1812 1462 1840 deterrendos
1479 1817 1543 1839 tunc
1560 1814 1714 1840 necessaria

933 1851 1003 1878 erat.
1020 1855 1093 1874 nunc
1106 1853 1233 1882 perpetuo
1254 1847 1408 1874 damnanda
1433 1851 1497 1874 sunt
1520 1848 1638 1878 silentio,
1665 1856 1715 1875 nec

933 1883 1063 1909 memoria
1086 1883 1205 1914 illorum,
1229 1890 1288 1917 quae
1310 1883 1392 1909 nimis
1415 1882 1528 1910 forsitan
1548 1883 1714 1917 quibuslibet

932 1917 1096 1944 Christianis
1118 1923 1182 1944 nota
1208 1921 1282 1949 sunt,
1308 1917 1418 1952 scriptis
1441 1918 1542 1945 nostris
1563 1917 1716 1945 refricanda

932 1957 983 1979 cst.
1009 1953 1189 1985 Quamobrem
1213 1953 1301 1979 obiter
1324 1957 1429 1979 tantum
1455 1953 1626 1979 monebimus
1651 1953 1715 1980 huic

931 1987 1079 2015 Clementis
1105 1987 1190 2014 nostri
1219 1988 1278 2014 loco
1304 1987 1390 2013 lucem
1413 1987 1530 2021 aliquam
1551 1996 1566 2013 a
1584 1986 1715 2015 Suetonio

931 2023 1045 2057 ejusque
1056 2023 1204 2050 scholiaste
1212 2022 1372 2049 Casaubono
1383 2029 1464 2056 posse
1475 2022 1575 2054 aﬂ‘erri,
1585 2023 1715 2056 quemad-

932 2058 1043 2084 modum
1059 2065 1093 2085 ex
1108 2058 1236 2084 Athenaeo
1256 2061 1283 2084 et
1305 2057 1425 2084 Martiale
1440 2057 1529 2092 quivis
1549 2065 1714 2091 cognoscere

933 2096 1032 2126 potest,
1049 2093 1114 2128 quid
1131 2093 1183 2128 sibi
1197 2092 1322 2128 Clemens
1339 2093 1466 2125 voluerit,
1484 2099 1546 2119 cum
1560 2093 1598 2128 ait
1614 2101 1623 2117 ι
1645 2092 1714 2128 ligu-

931 2135 977 2155 ras
993 2126 1140 2162 gestusque
1154 2127 1314 2159 Philenidis,
1328 2134 1405 2162 atque
1424 2135 1457 2154 ac
1478 2127 1627 2154 certamina
1644 2126 1714 2155 Her-

931 2163 1002 2198 culis
1021 2173 1030 2188 ι
1047 2171 1062 2190 a
1077 2163 1189 2198 paganis
1204 2163 1311 2197 depingi
1327 2163 1359 2190 “.

966 2197 1100 2225 Praeterea
1116 2197 1186 2225 ’vero
1202 2205 1289 2232 neque
1311 2198 1381 2224 idem
1398 2197 1522 2224 Clemens
1545 2200 1649 2229 noster.
1667 2205 1714 2225 ne-

932 2241 984 2268 que
999 2233 1135 2260 Arnobius
1147 2233 1235 2268 rveriti
1255 2237 1319 2260 sunt
1333 2233 1454 2259 omnium
1474 2236 1536 2259 ante
1553 2232 1647 2268 oculos
1665 2240 1713 2267 po-

103 2276 116 2295 a
132 2270 266 2299 Clemente
284 2277 379 2299 nostro
395 2272 502 2303 referri,
519 2272 565 2299 sed
584 2276 730 2306 utrumque
747 2279 809 2299 cum
831 2267 878 2298 illo
895 2278 917 2304 ι)
932 2267 1090 2306 nerequam
1106 2267 1210 2306 nefario
1232 2272 1258 2294 et
1281 2269 1421 2306 impotenti
1438 2274 1530 2306 amore
1546 2267 1655 2302 quidam
1673 2270 1715 2294 in-

104 2311 227 2339 pugnare.
254 2308 355 2342 quippe
384 2308 429 2341 qui
457 2315 510 2333 non
536 2307 664 2339 Cratinaa,
686 2307 733 2334 sed
757 2306 880 2341 Phrynes

103 2346 252 2376 gxpressam
269 2346 295 2369 in
318 2344 367 2369 hac
384 2347 473 2369 statua
492 2343 636 2376 imaginem
650 2342 829 2369 testiﬁcentnr
847 2342 878 2368 ¹⁹.

104 2373 195 2402 Verum
213 2378 279 2404 satis
297 2377 414 2404 Herveto
428 2385 490 2404 esse
511 2373 565 2404 non
582 2377 698 2404 debebat
712 2378 813 2404 nodum
834 2385 880 2404 os-

104 2410 207 2446 l_endere
218 2412 396 2442 diflicultatis.
410 2413 464 2439 nisi
476 2412 548 2439 illius
557 2417 692 2446 quaereret
706 2413 879 2440 solutionem.

105 2443 139 2484 [is
160 2445 223 2484 ipso
235 2451 324 2474 autem
343 2447 488 2479 Athenaeo.
504 2447 550 2482 qui
566 2443 669 2484 ibidem
684 2448 763 2484 plura
784 2447 881 2482 probat

104 2478 181 2518 fuisse
197 2481 318 2518 Phrynes
333 2483 454 2512 nomina.
473 2478 578 2517 poterat
593 2478 719 2510 fortassis
738 2478 811 2509 illain
835 2490 881 2509 ac-

104 2516 195 2548 cipere.
212 2516 282 2544 Hinc
303 2519 374 2544 enim
403 2516 480 2544 haud
491 2517 608 2545 absurde
623 2519 685 2552 quis
706 2518 827 2552 colliget,
853 2518 877 2545 ei

105 2557 205 2587 quoque
229 2553 347 2579 Cratinze
369 2554 453 2580 fuisse
476 2553 622 2587 aliquando
637 2561 746 2580 nomen.
769 2553 800 2578 Et
815 2561 879 2580 vero

105 2585 252 2614 Athenaeum
270 2592 297 2615 et
315 2587 481 2615 Clementem
505 2585 628 2615 nbsu'uin
651 2588 686 2615 de
706 2588 800 2615 eadem
818 2596 879 2615 mu-

132 2651 268 2689 ’_pag.34.
308 2653 332 2689 Ψ
344 2654 390 2689 lib.
407 2662 434 2680 Vl
455 2654 522 2681 Adv.
539 2658 623 2689 gent.,
641 2661 667 2688 p.
680 2653 743 2686 205,
755 2653 820 2681 inut.

101 2693 125 2746 ς.
142 2687 201 2719 205,
213 2688 277 2715 ιιι-ιδ.
316 2687 338 2704 ¹⁸
352 2688 451 2716 Justin.
469 2687 553 2717 Histf.
568 2689 616 2715 lib.
632 2687 723 2716 xxxm.

117 2721 168 2746 ud..
182 2730 205 2746 (ε.
227 2723 259 2746 17
272 2729 299 2746 et.
316 2725 359 2746 1ΞῖΔ
400 2724 422 2740 ¹⁸
440 2732 500 2746 una.
519 2724 562 2746 SK.
603 2724 624 2739 ¹⁹
642 2724 723 2746 Αιὴρυ

117 2721 168 2753 ud..
182 2730 205 2750 c.
227 2723 259 2750 17
272 2729 299 2751 et
316 2725 359 2752 18.
400 2724 422 2740 ¹⁸

103 2763 157 2794 pag.
173 2758 232 2794 121.
249 2763 277 2786 et
293 2759 339 2787 lib.
356 2758 446 2791 xxxvi.
461 2758 487 2787 cI
504 2760 530 2790 5,
547 2767 574 2793 p.
592 2759 654 2794 27A.
695 2759 716 2774 '°
732 2767 791 2794 pag.
813 2759 856 2786 55.

103 2790 176 2819 Corn.
194 2793 272 2828 Nep.;
286 2795 423 2822 Plutarch.
441 2800 506 2822 tom.
524 2790 569 2826 111,
587 2794 615 2821 in
631 2793 690 2821 Vita
706 2790 862 2824 Alcibiadis.
879 2802 906 2828 p.
926 2795 985 2822 191.

763 2689 785 2704 ¹⁵
803 2689 903 2716 Euseb.
919 2689 946 2715 in
959 2688 1061 2716 Chron.
1083 2688 1126 2716 ad.
1142 2688 1186 2716 an:
1205 2689 1282 2717 1904.
1323 2689 1344 2704 ¹⁶
1359 2689 1391 2716 ad
1409 2696 1453 2715 an.
1470 2688 1549 2716 1906.

440 2732 500 2760 pag.
519 2724 563 2751 '55.
603 2724 624 2739 "
639 2724 739 2751 Athen.
760 2724 806 2751 lib.
821 2732 869 2752 xni
884 2724 1024 2758 Dcipnos.,
1044 2731 1104 2759 pag.
1121 2724 1154 2751 50

440 2780 446 2786 .
461 2767 486 2786 c.
504 2760 530 2786 5.
547 2767 574 2786 ι).
592 2759 654 2786 274.
695 2759 716 2774 '°
732 2767 791 2786 una.
813 2759 856 2786 55.
895 2760 917 2774 ¹¹
933 2759 1032 2786 Athen.
1049 2760 1101 2786 loc.
1113 2759 1159 2786 cit.

931 2304 1089 2331 credibilem
1106 2303 1134 2330 in
1151 2304 1194 2330 bis
1209 2304 1308 2330 statuis
1321 2303 1458 2330 libidinem
1471 2303 1579 2337 explere
1593 2306 1714 2330 tentave-

930 2339 986 2365 rint
1001 2340 1034 2366 ’⁷.
1048 2338 1215 2366 Sceleratuni
1226 2343 1316 2365 autem
1328 2344 1354 2365 et
1365 2341 1498 2364 amentem
1511 2337 1714 2373 Pygmalionem

930 2374 1012 2409 Cypri
1029 2382 1118 2409 regem
1134 2373 1259 2409 Clemens
1275 2373 1405 2407 “aliique
1420 2373 1530 2409 quidam
1550 2377 1713 2409 memorant,

931 2407 1010 2444 cujus
1024 2407 1126 2437 caicum
1140 2414 1166 2436 et
1180 2408 1339 2444 iudomitum
1355 2407 1608 2444 luxurituardorem
1624 2408 1713 2444 fusius

931 2442 1004 2472 Naso
1019 2445 1119 2473 cecinit
1143 2444 1176 2471 ".
1199 2443 1301 2470 Plinius
1315 2452 1380 2470 vero
1406 2448 1433 2470 et
1458 2442 1593 2470 Maximus
1614 2443 1648 2470 de
1668 2443 1714 2470 illo

929 2480 1039 2515 juvene,
1057 2481 1135 2514 cujus
1155 2487 1253 2506 nomen
1268 2479 1393 2515 Clemens
1409 2482 1436 2505 et
1454 2478 1499 2515 alii
1513 2478 1640 2506 omnibus
1653 2486 1714 2506 esse

932 2513 1054 2551 ignotum
1071 2513 1201 2551 fatentur,
1217 2515 1300 2551 verba
1315 2514 1437 2551 fecerunt
1452 2513 1484 2541 ‘°.

966 2551 1068 2578 Locum
1082 2551 1154 2577 hunc
1168 2549 1266 2577 Valerii
1277 2549 1385 2576 Maximi
1400 2549 1532 2576 Hcrvetus
1545 2549 1617 2576 haud
1631 2549 1714 2576 dubie

932 2594 988 2614 non
1015 2587 1127 2622 legerat.
1155 2585 1193 2612 Ex
1219 2585 1449 2619 subsequentibus
1475 2585 1614 2612 enimvero
1640 2585 1714 2611 illius

861 2654 882 2690 '1
897 2661 957 2690 sup.
966 2657 1023 2690 art.
1040 2652 1067 2680 2.
1106 2652 1128 2690 ξ’
1139 2661 1200 2690 pag.
1213 2654 1268 2690 δ’ὁ-ν
1297 2652 1432 2690 "Arnob.
1448 2652 1498 2690 lib.
1509 2661 1537 2690 vi
1549 2653 1616 2690 Adv.
1630 2660 1717 2690 gent..

1044 2696 1061 2714 ι.
1083 2689 1126 2716 ad.
1142 2689 1186 2716 an.
1205 2689 1282 2717 1904.
1323 2689 1344 2704 ¹⁶
1359 2689 1391 2716 ad
1409 2696 1453 2715 an.
1470 2689 1549 2716 1906.
1589 2689 1609 2704 ¹⁷
1621 2689 1716 2724 Antiq.

1044 2731 1104 2759 pag.
1121 2724 1187 2755 501;
1205 2724 1276 2752 Plin.
1295 2724 1342 2751 lib.
1365 2731 1446 2751 xxxiv
1465 2723 1534 2750 Hist.
1554 2728 1610 2751 nat.
1622 2744 1630 2752 .
1649 2732 1673 2752 c.
1690 2726 1716 2758 8,

1172 2767 1199 2794 p.
1213 2760 1274 2787 591.
1313 2759 1447 2786 "Justin.
1464 2759 1534 2786 Hist.
1547 2759 1605 2786 init.
1622 2759 1668 2786 lib.
1684 2769 1716 2793 v;

1025 2793 1047 2830 f’
1062 2801 1122 2829 pag.
1136 2793 1180 2821 4οζ
1219 2794 1242 2811 ⁸⁸
1253 2802 1311 2830 pag.
1324 2794 1369 2821 22.
1401 2794 1431 2830 7’?
1446 2801 1506 2830 pag.
1521 2794 1565 2830 40.
1605 2795 1628 2810 ²⁶
1647 2794 1717 2822 Sue-

105 2830 155 2853 ten.
170 2832 196 2855 et
207 2827 319 2858 casaub.
335 2830 362 2858 in
379 2830 482 2862 Tiber.,
497 2838 529 2864 pa
552 2850 557 2856 .
573 2830 606 2857 78
619 2834 646 2856 ct
658 2830 726 2862 218;
740 2829 840 2856 Athen.
853 2827 900 2856 lib.
915 2837 974 2862 vni,
990 2827 1115 2862 Deipnos.
1132 2837 1192 2866 pag.
1209 2827 1374 2862 555;'Mart.
1400 2827 1500 2856 1ἱ1›.“ι’ῐι
1521 2829 1563 2864 cpi
1584 2836 1650 2857 ram.
1671 2830 1706 2858 65

105 2861 127 2900 ξζ
139 2870 195 2900 pag.
211 2865 253 2900 38.
290 2866 311 2882 ³⁸
324 2874 385 2900 pag.
401 2866 445 2893 58.
484 2865 507 2880 "
529 2838 607 2893 gvid.
625 2864 744 2896 Metam.,
758 2863 804 2891 lib.
820 2873 847 2898 x,
863 2864 917 2892 fab.
932 2865 957 2893 8.
996 2863 1019 2883 ³⁸
1030 2863 1099 2892 Plin.
1119 2864 1165 2892 lib.
1184 2873 1264 2893 xxxv:
1276 2865 1346 2894 Hist.
1369 2869 1414 2892 nat
1429 2885 1436 2899 ,
1451 2873 1475 2892 c.
1492 2866 1518 2897 4,
1542 2837 1604 2900 §§;
1624 2865 1704 2894 Valer

105 2861 127 2902 3'.
139 2870 195 2902 9’38-
211 2865 253 2902 3.§-
290 2866 311 2882 "
324 2874 385 2902 pas-
401 2866 445 2893 58-
475 2861 507 2902 ",‘

107 2894 202 2925 Maium.
219 2899 264 2928 lib.
280 2894 338 2933 γιιῇ
352 2894 376 2929 ὅ
396 2901 423 2928 11
436 2910 443 2933 ;
457 2901 572 2929 Admon.
587 2901 621 2928 ad
633 2894 769 2935 Graecnp.
783 2899 826 2928 58.

571 2865 607 2893 id.
625 2864 744 2896 Metam.,
758 2863 804 2891 lib.
820 2873 847 2898 x,
863 2864 917 2892 fab.
932 2865 957 2893 8.
996 2863 1019 2883 ³⁸
1030 2863 1099 2892 Plin.
1119 2863 1264 2893 libfxxxw
1276 2865 1346 2894 Hist.
1369 2869 1414 2892 nat
1429 2885 1436 2899 ,
1451 2873 1475 2892 c.
1492 2866 1518 2897 4,

1624 2865 1704 2894 Valer
