1927 3073
93 185 148 214 9H

384 187 476 215 ALIIE
493 187 526 215 IN
546 186 841 216 COHORTATIONEM
860 187 889 214 E'.

943 187 1145 216 EDAGOGL'M
1162 180 1458 215 OBSERVATIONES.

1670 180 1723 212 οη

96 248 211 281 propter
228 243 256 271 in
279 244 408 273 Ecclesia:
426 249 559 280 potestate
574 246 657 273 situm
671 250 723 278 ρει,
746 250 775 272 ιιι
790 253 884 273 earum
899 248 922 275 Α
935 254 1030 281 gypso,
1042 254 1077 273 an
1093 245 1241 277 coloribus,
1259 252 1292 272 an
1305 244 1404 279 lapide,
1419 251 1454 270 an
1467 249 1531 276 aere,
1548 250 1583 269 an
1598 245 1720 278 argento,

97 288 192 312 usum.
209 284 291 315 prout
302 281 406 316 aequius
415 281 589 316 iudicaverit,
607 285 654 308 aut
665 281 779 316 recipiat
795 285 822 308 et
838 281 886 308 ad-

98 315 202 347 mittat,
219 320 266 342 aut
281 315 418 343 removeat
431 320 458 343 et
473 317 608 343 amandet.

137 350 192 378 Sed
204 349 260 384 jam
278 351 394 385 aliquem
412 351 505 378 audire
521 352 601 378 nobis
621 351 755 382 videmur.
771 351 817 386 qui
838 350 887 378 ob-

95 386 177 420 jiciet
201 386 369 413 Clementem
399 391 523 413 nostrum
550 387 720 421 apertissime
747 386 888 414 declarare

98 421 253 455 imaginum
263 425 448 448 statuarumve
464 429 542 449 usum
560 430 612 449 non
624 422 711 448 solum
729 422 823 456 primis
838 421 888 448 Ec-

97 456 194 483 clesiae
215 457 383 490 temporibus
405 456 592 484 intermissum
610 457 708 487 fuisse.
731 457 778 485 sed
796 456 887 484 divina

98 491 185 517 etiam
201 491 259 525 lege
275 492 387 518 omnino
411 492 561 526 prohiberi,
587 500 620 519 ne
641 492 713 526 quod
731 499 850 526 unquam
871 498 887 518 a

97 526 267 553 Christianis
294 526 370 553 fieret
393 526 587 558 simulacrum,
614 528 703 554 ullave
725 527 886 558 similitudo.

97 562 263 598 autimago.
290 570 301 586 ο
321 561 406 598 Nobis
427 562 510 594 enim,
539 562 716 598 inquitiille,
734 565 776 589 est
795 565 888 598 aperte

98 596 216 624 vetitum
233 600 319 623 artem
335 596 458 623 fallacem
475 604 612 624 exercere.
632 596 690 623 Non
706 597 789 624 facies
803 597 887 629 enim,

99 632 192 666 inquit
206 632 346 666 propheta,
363 631 487 665 cujusvis
502 632 541 659 rei
556 632 774 664 similitudinem,
790 639 886 659 eorum

97 674 163 700 quae
178 671 243 693 sunt
259 667 285 693 in
307 667 386 699 cmlo,
401 670 429 693 et
448 675 618 701 quaecunque
633 671 697 694 sunt
713 667 741 694 in
755 671 828 693 terra
845 667 888 693 in-

100 702 145 728 fra
160 701 194 728 ".
214 710 224 727 ›
241 701 422 734 Quamobrem
444 702 489 729 ille
511 702 576 729 alibi
592 701 751 737 Pythagora:
764 703 798 729 de
813 702 887 728 nulla

99 737 130 763 in
145 737 258 772 annulis
275 737 454 772 insculpenda
469 737 581 764 deorum
594 737 710 772 imagine
724 741 887 772 praeceptum

98 771 197 798 eadem
210 771 311 807 Moysis
323 771 380 807 lege
394 772 538 799 conﬁrmat
555 782 561 799 :
580 781 589 797 ι
609 771 714 800 Rursus
724 771 817 799 autem
833 780 887 798 non

97 814 165 834 esse
188 807 333 842 gestandos
360 808 490 839 annulos,
516 815 604 841 neque
622 808 734 834 deorum
757 807 888 842 imagines

98 850 165 878 esse
177 842 204 867 in
218 841 258 869 eis
272 841 476 878 insculpendas,
487 843 610 877 praecipit
621 842 804 878 Pythagoras;
816 843 887 869 sicut

99 876 211 911 Moyses
228 877 322 905 multis
345 876 408 905 ante
429 876 535 905 saeculis
557 876 650 912 aperte
671 876 756 912 legem
780 878 885 908 sanxit,

99 912 207 948 nullam
222 917 348 946 oportere
362 913 526 948 sculptilem,
542 913 583 939 vel
599 913 716 944 fusileni,
733 913 774 939 vel
787 912 888 944 ﬁctam,

99 947 146 974 vel
171 947 279 982 pictam
306 948 466 982 imaginem,
491 948 702 975 simulacrumve
727 947 831 981 facere;
859 953 889 974 ut

98 981 216 1009 sensilia
238 982 349 1009 minime
363 981 577 1013 intenderemus,
594 983 641 1010 sed
658 982 691 1009 ad
707 991 738 1010 ea
754 983 889 1010 transire-

100 1025 176 1049 tnus,
197 1025 257 1051 qua:
280 1018 466 1053 percipiuntur
480 1018 658 1052 intelligentia
673 1017 707 1049 ³⁸,
724 1027 734 1043 ι
747 1022 801 1045 etc.
818 1017 888 1050 Quid

98 1060 179 1086 ergo,
192 1056 287 1087 arguet
304 1053 359 1084 ille,
371 1054 428 1080 haec
440 1053 587 1080 Clementis
597 1053 680 1080 verba
692 1053 764 1080 aliud
778 1057 886 1085 sonant,

100 1087 157 1114 nisi
185 1087 285 1122 Moysis
309 1088 367 1122 lege
393 1089 503 1115 vetitum
528 1088 642 1115 omnino
667 1088 761 1119 fuisse,
779 1096 813 1115 ne
836 1096 889 1122 qua

100 1130 226 1158 unquam
243 1122 317 1149 ﬁeret
331 1124 387 1150 sive
406 1124 492 1158 ipsius
514 1122 571 1155 Dei,
586 1124 642 1151 sive
658 1123 728 1151 alius
745 1123 890 1158 cujuslibet

99 1157 141 1184 rei
159 1158 248 1192 imago
262 1162 288 1184 et
301 1157 498 1185 simulacrum?

140 1191 245 1219 Novuin
266 1198 355 1220 autem
380 1194 443 1220 huic
464 1193 611 1225 obiectioni
630 1193 692 1220 inde
711 1193 793 1220 robur
811 1201 890 1220 acce-

97 1226 153 1258 dit,
169 1228 242 1261 quod
264 1227 390 1256 Clemens
406 1229 505 1255 ibidem
522 1228 668 1262 signiﬁcat,
684 1228 812 1256 Hebraeos
825 1228 889 1255 huic

99 1263 204 1288 divina:
217 1263 269 1296 legi
284 1263 321 1289 ita
337 1263 420 1291 fuisse
437 1264 592 1292 obsecutos.
608 1267 637 1290 ut
656 1263 761 1290 nullum
777 1264 804 1290 in
821 1268 890 1290 tem-

99 1298 148 1330 plo
163 1305 214 1325 suo
227 1298 401 1325 simulacrum
417 1299 558 1333 posuerint
574 1299 606 1325 ‘7.
628 1308 637 1324 ι
656 1299 791 1332 Quocirca
806 1298 890 1333 {Egy-

99 1333 222 1368 ptiorum
245 1341 354 1367 quoque
375 1333 558 1363 sacerdotum.
577 1333 676 1368 inquit,
693 1334 890 1368 sapientissimi

101 1366 232 1394 Minerva:
254 1366 338 1395 icdcin
360 1370 410 1395 sub
433 1369 478 1396 dio
503 1366 762 1399 constitueruntfut
783 1369 889 1396 Hebraei

100 1402 150 1435 qui
174 1403 304 1438 templum
329 1409 478 1438 posuerunt
501 1404 604 1438 absque
630 1405 788 1431 simulacro.
820 1404 890 1430 Sunt

98 1441 196 1464 autem
207 1438 252 1472 qui
269 1437 351 1475 Deuin
360 1439 484 1466 colentes
495 1437 567 1475 facta
579 1439 652 1471 ereti,
665 1439 789 1475 οὐρανοῦ,
802 1439 890 1474 efﬁgie

99 1479 165 1506 quae
179 1477 252 1499 astra
273 1474 403 1509 continet,
416 1481 478 1501 eum
499 1473 630 1506 adorant;
645 1473 707 1501 cuni
722 1478 815 1501 nostra
828 1473 889 1509 qui—

98 1508 172 1544 dem
187 1512 262 1544 certe
276 1508 349 1535 dicat
369 1508 508 1544 Scriptura
525 1518 531 1536 :
555 1518 564 1533 ι
586 1509 729 1536 Faciamus
749 1508 887 1536 hominem

102 1551 124 1578 φλ
138 1542 173 1569 ad
191 1543 336 1578 imaginem
352 1547 378 1570 et
393 1542 598 1571 similitudinem
617 1548 738 1572 nostram
761 1544 794 1570 ⁸³.
815 1554 824 1570 ι
850 1544 889 1570 lbi

941 281 1032 318 an_filo
1046 281 1303 318 formeturjdolum.
1326 289 1336 306 ›
1381 313 1401 318 _
1534 312 1540 318 I

974 316 1074 344 Verum
1098 321 1156 343 tota
1171 315 1320 343 Clementis
1341 318 1368 342 et
1381 312 1542 340 Tertulliani
1563 312 1723 346 disputatio,

938 351 990 388 hoc
1006 352 1064 388 solo
1076 351 1200 378 innititur
1214 350 1501 388 Decalogipratcepto:
1515 347 1597 388 cultion
1611 347 1724 388 habebis

938 387 1004 415 deos
1018 387 1121 414 alienos
1141 394 1234 413 coram
1251 392 1303 412 me.
1313 382 1385 412 ‘an
1401 382 1485 411 facies
1507 383 1558 410 tibi
1584 382 1722 417 sculptile,

938 430 1025 457 neque
1039 429 1145 448 omnem
1163 421 1378 457 similitudinem,
1391 426 1451 454 qua:
1465 419 1492 445 in
1504 419 1574 445 ccelo
1585 422 1626 445 est
1641 418 1724 457 desuf

938 455 995 498 per,
1007 462 1113 498 et'qute
1123 457 1151 498 in
1167 461 1246 498 terra.
1257 455 1396 498 deorsum,
1413 456 1725 498 necieori‘irlqlquqsgsupt

938 488 965 519 in
982 488 1063 527 aquis
1073 492 1124 519 sub
1141 496 1212 518 terra
1223 491 1256 518 ⁸³.
1269 500 1287 527 ν»
1309 490 1404 527 Omnis
1420 490 1511 523 itaque
1526 488 1671 527 difficultas
1695 488 1723 527 i_n

939 523 1053 561 hujusce
1069 527 1188 553 mandati
1205 526 1384 560 explicatione
1400 529 1534 561 versatur.
1543 524 1585 561 _At
1593 523 1724 561 quamvis

938 557 1016 590 Philo
1028 562 1178 593 Judmus“,
1195 557 1369 596 Jos'ephus”,
1383 560 1483 594 aliique
1495 557 1721 596 antiquidt'esJu-

937 598 988 625 dmi
1014 597 1129 625 doceant
1162 597 1213 624 hac
1243 594 1300 631 lege
1326 602 1420 623 omnes
1450 601 1563 631 prorsus
1590 594 1723 629 imagines

938 638 966 660 et
1000 632 1209 663 similitudines,
1242 629 1391 665 omnesque
1418 629 1525 665 penitus
1560 633 1666 657 statuas
1696 633 1723 656 et

938 668 1065 701 qiizelihet
1095 668 1249 694 manul‘acta
1278 666 1423 693 simulacra
1454 664 1594 701 interdici,
1619 672 1722 701 recen-r-

938 699 1022 731 tiores
1045 708 1135 730 tamen
1160 702 1256 732 Judmi,
1287 701 1428 735 nostrique
1453 699 1588 735 doctiores
1605 700 1723 733 theologi

938 742 1050 766 censent
1065 745 1118 764 non
1132 745 1240 764 omnem
1256 734 1423 771 prorsus,’ut
1436 734 1597 771 de_Justino
1605 739 1724 770 martyre

939 773 1002 800 alibi
1017 773 1136 800 diximus
1151 772 1186 805 "‘,
1208 769 1355 806 imaginum
1372 778 1451 798 usum
1478 769 1528 797 hac
1545 770 1642 806 eadem
1665 771 1724 805 lege

939 808 1087 844 prohiberi.
1109 808 1155 835 sed
1172 805 1478 844 earum;tantmmnodo
1495 805 1595 844 quibus
1621 812 1723 844 numen

939 840 1047 878 aliquod
1062 846 1108 869 aut
1121 842 1244 877 quiedam
1258 841 1619 878 divinitasrreprmsentatur.
1636 840 1723 878 Quam

938 875 1049 913 quidem
1063 875 1223 913 sententiam
1237 884 1286 904 nec
1299 877 1415 904 infirmis
1426 883 1477 903 nec
1493 875 1599 903 levibus
1607 876 1724 910 probant

906 915 927 942 B
940 912 1076 941 rationum
1092 912 1248 940 momentis.

973 948 1094 975 Primum
1109 947 1182 975 enim
1195 954 1257 974 cum
1273 946 1326 974 hoc
1338 946 1461 981 Decalogi
1474 949 1608 981 praecepto
1619 953 1651 972 ea
1663 949 1726 981 tan-

939 987 996 1010 tum
1017 990 1086 1022 qum.
1097 982 1200 1022 adt-Dei
1218 982 1324 1022 cgnitum
1336 980 1722 1022 .specta’nt'comprebendau-

940 1024 993 1050 tur,
1021 1016 1088 1045 nihil
1114 1017 1187 1044 aliud
1218 1017 1266 1044 illo
1290 1017 1401 1044 vetitum
1428 1021 1480 1047 est,
1509 1016 1563 1044 nisi
1591 1021 1621 1043 ut
1649 1016 1724 1042 nulla

940 1055 979 1081 rei
1009 1057 1106 1080 creatae
1133 1053 1233 1084 imago,
1258 1052 1362 1079 nullum
1385 1052 1573 1084 simulacrum,
1598 1055 1645 1078 aut
1665 1050 1725 1078 ido-

940 1062 979 1081 rei
1009 1060 1106 1080 creatae
1133 1060 1233 1114 imago,
1258 1060 1362 1079 nuttum
1385 1060 1573 1084 SImulaCl‘Ulft,
1598 1060 1645 1078 aut
1665 1060 1725 1078 fllO-

940 1089 996 1116 lum
1026 1096 1075 1123 pro
1093 1095 1158 1115 vero
1206 1095 1249 1118 eo,
1270 1090 1307 1123 et
1329 1087 1460 1115 adversus
1480 1094 1560 1123 eum,
1581 1094 1623 1123 ac
1647 1086 1725 1120 quasi

940 1132 989 1159 per
1007 1121 1082 1150 illum
1106 1123 1234 1150 divinitas
1254 1122 1289 1149 sit
1307 1130 1447 1157 expressa,
1462 1122 1496 1149 ah
1513 1122 1567 1149 ullo
1581 1121 1724 1153 habeatur,

940 1159 1046 1186 colatur
1062 1163 1090 1185 et
1105 1159 1243 1185 adoretur.

975 1193 1077 1229 Deinde
1087 1201 1150 1221 vero
1163 1191 1383 1229 quandoquidem
1397 1191 1470 1229 Deus
1479 1191 1536 1226 ipse
1549 1196 1577 1229 et
1590 1191 1657 1229 φησί
1672 1199 1726 1218 ser-

941 1230 1030 1264 pentis
1048 1226 1159 1262 figuram
1169 1226 1347 1264 :exhiberbet
1360 1226 1499 1254 cherubim
1521 1227 1608 1264 scrulpi
1625 1234 1714 1261 przece

941 1262 1021 1299 perit,
1039 1264 1102 1291 inde
1114 1263 1237 1299 profecto
1256 1262 1394 1299 colligitur
1405 1270 1459 1289 non
1473 1262 1600 1299 omnibus
1610 1263 1725 1299 omnino

941 1297 1030 1326 rerum
1053 1297 1207 1326 creatarum
1232 1298 1398 1333 imaginibus
1426 1301 1455 1333 et
1476 1297 1644 1333 simulacris,
1668 1297 1726 1324 sive

941 1335 1022 1361 etiam
1043 1334 1184 1368 symbolis,
1198 1333 1241 1360 vel
1260 1331 1417 1368 syinbolieis
1434 1331 1659 1359 similitudinibus
1678 1339 1725 1359 ex-

941 1367 1092 1405 primendis
1108 1370 1158 1395 hac
1175 1369 1232 1403 lege
1243 1367 1380 1405 interdici.

975 1404 1063 1439 Atque
1080 1404 1150 1431 hanc
1166 1401 1233 1439 sane
1250 1403 1335 1439 fuisse
1347 1401 1725 1439 Clementis»Tertullianique

941 1437 1097 1475 opinionem
1118 1447 1156 1475 eo?
1174 1438 1253 1475 facile
1273 1438 1414 1475 probatur,
1431 1437 1503 1472 quod
1519 1437 1654 1475 Clemens,
1679 1438 1726 1475 ubi

941 1473 1103 1503 Christianis
1117 1484 1126 1499 ι
1146 1474 1269 1501 fallacem
1285 1482 1295 1499 ι
1311 1473 1518 1500 simulacrorum
1534 1473 1726 1508 exprimendo-

941 1518 1001 1537 rum
1018 1519 1027 1536 (
1044 1514 1128 1538 artem
1145 1516 1272 1536 exercere
1289 1517 1299 1533 ι
1316 1508 1481 1543 prohibitum
1496 1508 1605 1542 scribit;
1624 1508 1661 1540 ibi
1676 1516 1725 1543 pa-

942 1553 1026 1583 ganos
1040 1544 1157 1576 refellat,
1170 1544 1219 1583 qui
1238 1547 1344 1583 statuas
1360 1547 1389 1583 et
1401 1543 1501 1583 figuras
1517 1550 1566 1577 pro
1580 1544 1652 1583 veris
1673 1543 1726 1583 diis

101 1576 316 1619 l'lervetusﬁpro
339 1578 452 1614 οὐρανοῦ
477 1579 622 1619 legendum
640 1583 718 1618 putat
733 1579 887 1619 ἀνθ-ρώπῳ.

943 1576 1078 1608 habebant
1092 1583 1123 1619 et
1135 1576 1274 1619 colebant.
1289 1576 1495 1619 autnsalteiuiis
1507 1576 1586 1619 veros
1600 1576 1726 1619 deos__l'e':

104 1612 207 1650 Verum
228 1612 292 1650 quid
310 1612 389 1645 vetat,
409 1612 556 1648 quominus
574 1612 691 1650 ρύρᾱνοῦ
714 1615 823 1641 nomine
843 1614 891 1642 de-

100 1648 229 1684 signetur
259 1647 385 1682 L'ranus,
413 1647 489 1680 sive,
517 1652 547 1675 ut
574 1647 662 1677 Latini
685 1650 888 1684 loquebantur.

98 1683 225 1719 lettm,
258 1684 342 1719 quodi
359 1684 477 1711 humana
505 1683 592 1719 effigie
629 1688 702 1711 astra
722 1683 891 1712 continente

99 1718 179 1752 pingi
195 1719 307 1746 solebat.
327 1718 379 1746 Sed
402 1719 468 1746 nihil
483 1718 652 1746 inde’contra
673 1719 821 1754 imaginum
838 1720 887 1746 ad-

101 1753 268 1784 versarium,
285 1754 330 1788 qui
346 1755 491 1781 contendet
506 1754 671 1781 Clementem
694 1753 816 1788 nostrum
837 1762 891 1781 non

100 1789 194 1814 solum
224 1781 271 1820 ibi,
289 1781 335 1815 sed
352 1790 412 1817 aliis
433 1789 522 1816 adhuc
536 1790 661 1824 pluribus
681 1790 708 1815 in
732 1781 799 1817 fodis
813 1797 892 1824 aper-

100 1824 213 1850 tissime
242 1824 381 1851 declarare
406 1832 500 1852 omnes
516 1825 634 1851 omnino’
653 1825 785 1859 imagines
800 1825 892 1852 divina

100 1859 164 1894 lege
175 1859 342 1894 proscriptas
357 1858 442 1888 fuisse
455 1863 482 1886 et
496 1859 647 1894 probibitas
664 1859 697 1886 ⁵³.

140 1892 196 1929 64
210 1892 304 1927 Neque
320 1894 371 1920 sibi
384 1894 427 1921 ille
443 1892 542 1929 opponi
556 1894 675 1929 patietur
689 1894 792 1929 positas
807 1894 892 1923 fuisse

101 1928 137 1965 in
151 1927 387 1965 ’Jerosolymitano
410 1927 510 1964 templo
545 1927 758 1957 cherubinorum
779 1929 891 1965 ﬁguras,

100 1963 156 1990 alis
191 1964 250 1990 suis
270 1963 368 1990 arcam
394 1963 495 1992 veteris
524 1965 681 1992 testamenti
707 1963 828 1993 velantes
857 1966 890 1992 ⁵⁰.

100 1998 258 2025 Contendet
288 1999 359 2025 enim
384 1998 551 2027 Clementem
575 2007 631 2026 non
654 2000 805 2027 credidisse
831 2001 892 2028 illas

102 2033 191 2070 fuisse
217 2034 363 2070 imagines,
383 2034 433 2070 sed
453 2035 577 2069 quaedam
605 2034 737 2061 duntaxat
757 2035 890 2070 syinhola,

99 2068 205 2104 quibus
229 2080 237 2093 ι
253 2069 396 2103 spirituum
410 2068 618 2104 glorificantium
635 2078 645 2095 ι
663 2070 752 2104 quies,
763 2068 893 2104 quemad-

103 2103 216 2140 modum
230 2111 325 2130 eorum
338 2104 399 2136 alis,
415 2103 448 2132 de
460 2105 562 2140 quibus
578 2103 708 2139 legendus
723 2103 893 2132 est’Kircbe-

101 2146 163 2168 rus.
179 2138 329 2166 ministeria
342 2143 370 2166 et
384 2138 514 2168 sublimes
530 2138 702 2166 dexterarum
720 2140 801 2167 simul
813 2145 840 2168 et
854 2141 893 2167 si-

105 2174 258 2224 luisurlarum
304 2177 470 2209 potestatum
499 2174 672 2211 operationes
695 2175 892 2211 significaban-

101 2212 150 2235 tur
162 2212 197 2235 ".

140 2243 269 2280 Eamdem
287 2252 396 2280 quoque
406 2245 440 2272 de
454 2245 607 2273 interdictis
620 2241 783 2280 quibuslibet
797 2245 892 2280 imagi-

101 2278 186 2305 nibus
205 2278 289 2306 fuisse
309 2278 467 2307 Tertulliani
491 2285 607 2307 mentem
624 2278 651 2307 et
670 2281 832 2308 sententiam
849 2278 892 2308 his

100 2313 149 2340 ille
163 2313 252 2350 adhuc
264 2315 378 2348 probare
391 2315 630 2350 conabituripsius
643 2316 747 2342 verbis:
765 2324 774 2340 ι
789 2315 891 2342 Idolum

99 2352 159 2385 tam
177 2348 336 2385 ﬁerigquam
359 2350 411 2377 culi
429 2349 501 2378 Deus
515 2348 647 2384 prohibet.
666 2350 773 2383 Quanto
791 2358 893 2385 praece-

100 2383 162 2420 dit,
187 2387 216 2420 ut
240 2383 302 2420 ﬁat,
321 2385 392 2419 quod
414 2385 466 2420 coli
483 2383 583 2420 possit;
601 2389 678 2412 tanto
695 2386 770 2420 prius
787 2383 839 2416 est,
859 2393 892 2412 ne

103 2419 161 2455 flat,
177 2419 202 2455 si
217 2419 271 2445 coli
282 2427 334 2446 non
350 2419 420 2447 licet.
440 2419 553 2455 Propter
573 2421 644 2447 hanc
659 2427 769 2448 causam
782 2421 815 2446 ad
831 2428 892 2447 era-

100 2453 249 2480 dicandam
265 2455 370 2481 scilicet
391 2453 531 2482 materiam
553 2455 722 2486 idololatriae,
739 2456 781 2482 lex
798 2455 890 2482 divina

101 2489 274 2525 proclamat:
291 2489 330 2516 Ne
342 2490 440 2517 feceris
452 2490 564 2517 idolum.
580 2490 612 2516 Et
628 2491 811 2525 conjungens:
833 2490 888 2518 Ne-

100 2531 156 2560 que
172 2524 379 2551 similitudinem
390 2532 564 2560 eorum,qu:e
578 2525 604 2552 in
620 2524 689 2553 etelo
703 2524 777 2558 sunt,
794 2531 820 2552 et
830 2533 890 2560 quae

102 2558 133 2594 in
148 2561 233 2589 terra,
251 2563 277 2586 et
290 2567 350 2593 quae
364 2560 394 2586 in'
408 2561 485 2586 mari.
507 2558 576 2587 Toto
587 2561 688 2587 mundo
698 2558 891 2594 ejusmodi—ar-

102 2593 179 2620 tibus
191 2594 331 2621 interdixit
341 2594 427 2622 servis
444 2595 490 2622 Dei
506 2595 536 2621 ".
556 2605 566 2621 ι
582 2595 652 2628 Quid
666 2596 700 2623 sit
713 2593 803 2622 autem
813 2595 889 2628 illud,

101 2628 138 2666 de
150 2636 206 2662 quo
229 2629 359 2666 disputat,
377 2629 490 2666 idolum,
517 2630 558 2658 sic
574 2631 618 2657 ille
635 2631 745 2657 deﬁnit:
762 2639 771 2655 ‹
799 2629 892 2666 Neque

101 2663 219 2700 interest
231 2671 264 2700 an
281 2665 381 2698 plastes
393 2665 510 2700 effingat,
526 2673 560 2692 an
573 2665 682 2693 calator
692 2663 891 2700 exsculpatfan

102 2698 222 2734 phrygio
248 2698 373 2733 detexat;
389 2698 467 2735 quia‘
481 2707 530 2728 nec
557 2701 591 2728 de
614 2700 727 2728 materia
751 2698 834 2728 refert
857 2709 891 2728 an

141 2775 315 2812 ιἾρι-ίειιίῐ).
332 2784 379 2804 vin
391 2781 465 2804 cont.
481 2777 554 2805 Cels.
569 2785 597 2812 p.
609 2777 654 2804 41.

101 2818 132 2862 11'
142 2810 238 2873 ea.
251 2811 514 2873 'iiib'ﬂl'daﬁili
531 2813 555 2872 Ψ

166 2846 248 2873 ertul.
270 2846 318 2872 lib.
339 2846 377 2874 De
388 2846 522 2880 idololat.,
540 2856 565 2874 c.
581 2847 609 2880 3,
625 2847 651 2875 4.

942 1615 1100 1650 praesentari
1110 1614 1322 1650 arbitrabantur.
1333 1613 1567 1650 Quemadmodum
1581 1621 1646 1648 ergo
1660 1613 1726 1650 illud

938 1648 1013 1688 jure
1024 1650 1144 1688 quidem
1168 1649 1344 1688 meritissimo
1370 1648 1564 1688 proscriptum,
1592 1649 1628 1675 ita
1641 1649 1726 1688 _nihil

941 1684 1015 1712 aliud
1032 1684 1209 1713 ‘Christianis
1236 1684 1362 1712 omnibus
1384 1684 1422 1710 ibi
1443 1684 1542 1710 asserit
1557 1692 1618 1711 esse
1640 1684 1727 1712 inter-

941 1721 1055 1748 dictum.
1080 1719 1262 1753 Quamobrem
1288 1719 1419 1746 continuo
1448 1718 1600 1754 subiungit.
1619 1718 1646 1746 id
1671 1719 1727 1748 nisi

940 1759 1014 1783 esset
1042 1755 1170 1782 vetitum:
1201 1763 1210 1779 ι
1235 1754 1339 1781 Revera
1367 1753 1505 1781 Cererem
1523 1753 1678 1787 Praxitelis,
1699 1759 1727 1782 et

941 1789 1144 1825 Proserpinam,
1162 1792 1189 1816 et
1204 1787 1330 1825 Iacchum
1347 1789 1493 1824 mysticum
1506 1789 1572 1817 deos
1585 1790 1728 1817 existima-

941 1824 1049 1856 remus,
1058 1825 1101 1852 vel
1116 1824 1325 1860 Lysippitu'tes,
1348 1825 1391 1851 vel
1416 1831 1512 1851 manus
1527 1824 1639 1859 Apellis,
1666 1833 1728 1859 qua:

941 1861 1039 1900 divin-te
1046 1859 1255 1900 existimationis
1265 1859 1379 1894 ﬁguram
1389 1859 1529 1900 praebuere
1539 1861 1659 1900 materiae
1669 1861 1703 1886 ⁵⁷.
1715 1870 1724 1887 ι

941 1895 1034 1930 Neque
1050 1895 1104 1921 alio
1129 1895 1210 1930 plane
1235 1902 1328 1930 sensu,
1357 1895 1396 1921 uti
1418 1902 1433 1921 a
1449 1895 1529 1930 nobis
1552 1895 1727 1927 observatum

941 1929 1000 1961 est,
1012 1930 1057 1957 ille
1081 1930 1144 1957 alibi
1166 1929 1235 1956 dixit
1258 1929 1437 1964 Pythagoram
1454 1937 1469 1956 a
1492 1929 1583 1964 Moyse
1597 1930 1728 1958 didicisse

942 1966 1043 1992 nullam
1071 1965 1098 1991 in
1127 1964 1236 1991 annulis
1260 1965 1468 2000 insculpendam
1495 1964 1609 1992 deorum
1630 1966 1726 2000 imagi—

941 2008 1003 2028 nem
1020 2001 1053 2026 ‘3.
1071 2000 1110 2035 lbi
1131 2002 1270 2027 enimvero
1283 2007 1344 2026 cum
1367 1999 1401 2027 de
1418 1999 1484 2035 solis
1499 2000 1613 2027 deorum
1630 1999 1726 2035 imagi-

942 2036 1021 2063 nibus
1050 2043 1064 2062 a
1094 2034 1246 2070 Pythagora
1273 2034 1493 2070 commemoratis
1523 2035 1652 2070 disputet,
1679 2034 1726 2067 eas

942 2075 1015 2097 recte
1030 2069 1122 2105 arguit
1144 2069 1244 2104 Moysis
1264 2069 1322 2104 lege
1341 2069 1502 2104 prohibitas.
1526 2069 1596 2102 Quid
1612 2077 1677 2097 vero
1692 2070 1726 2098 de

942 2106 1002 2132 aliis
1024 2104 1188 2140 imaginibus
1203 2109 1280 2140 esset
1296 2104 1481 2136 statuendum,
1504 2105 1725 2139 quandoquidem

943 2140 970 2167 id
985 2140 1019 2167 ad
1033 2139 1091 2166 reni
1103 2147 1180 2167 suam
1196 2147 1250 2166 non
1270 2139 1396 2172 faciebat,
1411 2139 1478 2167 nihil
1490 2139 1536 2167 ille
1548 2140 1601 2167 nisi
1621 2140 1655 2167 de
1667 2141 1725 2168 veri

942 2176 1097 2209 summique
1117 2174 1165 2210 Dei
1187 2174 1279 2210 effigie,
1296 2175 1464 2209 pronuntiat.
1489 2174 1596 2210 Nullam
1624 2177 1726 2203 etenim

943 2211 1027 2240 illius.
1048 2218 1083 2237 ne
1108 2209 1199 2237 divina
1228 2209 1358 2244 majestas
1386 2210 1553 2245 contemptui
1580 2209 1727 2238 haberetur

907 2245 1120 2286 D?.ﬂl'}3°"dal“
1148 2252 1209 2286 95.5.6
1233 2253 1393 2286 ευτρρτθὲηὲ
1418 2245 1636 2286 ἓτηέῧίηθἮῚΞὲδε
1666 2252 1728 2286 ίὶιέεθ

944 2279 1044 2307 ibidem
1057 2280 1205 2312 subnectit,
1230 2280 1322 2308 verbis
1344 2279 1487 2307 deﬁnivit}
1511 2289 1520 2306 ι
1540 2279 1575 2307 Ut
1590 2280 1637 2308 Dei
1654 2279 1726 2308 enim

944 2315 1084 2349 majestas,
1096 2315 1194 2350 inquit,
1210 2315 1272 2342 vilis
1282 2319 1309 2342 et
1325 2319 1480 2350 contempta
1491 2315 1631 2347 reddatur,
1645 2315 1728 2344 efficit

943 2359 1004 2384 quze
1024 2354 1066 2377 est
1088 2350 1116 2377 in
1140 2354 1266 2385 promptu
1289 2350 1399 2386 videndi
1416 2351 1603 2386 consuetudo;
1622 2355 1649 2378 et
1666 2358 1728 2386 qua:

944 2386 1121 2420 intelligentia
1135 2386 1285 2420 percipitur
1300 2385 1447 2413 essentiam
1466 2385 1556 2413 colere
1571 2393 1620 2420 per
1641 2385 1728 2414 mate-

943 2421 1022 2451 riam,
1039 2425 1082 2448 est
1103 2428 1163 2448 eam
1179 2428 1227 2455 per
1253 2428 1364 2448 sensum
1383 2420 1560 2455 vilipeudere.
1592 2421 1726 2454 Quocirca

946 2455 1133 2490 [Egyptiorum
1155 2463 1264 2490 quoque
1276 2455 1448 2483 sacerdotum
1466 2456 1661 2490 sapientissimi
1678 2456 1727 2484 Mi-

943 2498 1032 2518 nervae
1052 2491 1136 2518 aedem
1158 2491 1210 2518 sub
1229 2491 1274 2517 dio
1300 2498 1361 2518 esse
1383 2491 1597 2522 constituerunt,
1622 2496 1651 2518 ut
1675 2491 1727 2519 He-

942 2526 1007 2554 braei
1021 2527 1067 2561 qui
1084 2526 1211 2561 templum
1226 2530 1376 2560 posuerunt
1388 2526 1492 2560 absque
1506 2527 1652 2554 simulacro
1666 2527 1699 2554 δ’.
1714 2535 1724 2552 ο

942 2563 976 2588 Αι
990 2561 1117 2589 Clemens
1132 2561 1180 2591 ibi,
1198 2565 1228 2587 ut
1243 2561 1330 2594 vides,
1347 2564 1374 2588 et
1392 2561 1421 2588 in
1437 2561 1498 2588 aliis
1516 2562 1653 2596 plerisque
1668 2569 1728 2588 om-

942 2597 1023 2636 nibus
1040 2597 1073 2636 _si
1091 2600 1193 2624 attente
1215 2596 1414 2636 expendantur,
1432 2603 1516 2636 supra
1539 2597 1630 2625 citatis
1644 2597 1727 2636 illius

943 2631 1012 2658 locis
1032 2631 1066 2659 de
1075 2639 1190 2659 summae
1208 2636 1235 2658 et
1256 2631 1406 2666 spiritualis
1430 2631 1477 2660 Dei
1489 2635 1604 2664 naturae,
1616 2632 1727 2659 minime

943 2670 1032 2694 autem
1061 2666 1094 2694 de
1127 2674 1219 2693 rerum
1241 2674 1445 2702 corporearum,
1473 2671 1538 2702 puta
1562 2667 1677 2700 Christi,
1699 2673 1728 2694 et

944 2701 1056 2729 aliorum
1073 2702 1237 2736 imaginibus
1252 2701 1372 2729 disserit.

693 2777 716 2792 ‘°
733 2777 779 2805 lib.
794 2786 809 2804 v
820 2777 889 2805 Stroi

951 2786 977 2813 β.
997 2777 1058 2806 559.
1097 2779 1119 2795 ⁸⁷
1136 2778 1202 2807 ibid.
1240 2779 1262 2795 ⁸⁸
1278 2779 1345 2807 Gen.
1363 2787 1383 2811 r,
1398 2780 1444 2807 26.
1484 2780 1507 2796 δ’
1518 2780 1566 2808 lib.
1579 2789 1595 2807 v
1607 2780 1724 2813 Strom.,

423 2833 430 2840 .
445 2812 514 2845 687;
531 2813 578 2840 lib.
598 2821 645 2844 vn,
659 2821 684 2848 p.
703 2812 771 2845 7M;
787 2813 834 2840 lib.
852 2821 878 2844 v,
891 2821 917 2848 p.
936 2812 997 2841 564.

423 2847 522 2879 )lolat.,
540 2856 565 2874 c.
581 2847 609 2879 3,
625 2847 651 2875 4.
706 2847 730 2864 ⁵³
746 2847 831 2874 Exod.
849 2855 896 2879 xx,
909 2848 936 2875 4.

1039 2813 1198 2850 ξ¹λΚῙι¹ςῂεικ
1213 2814 1261 2842 lib.
1277 2824 1293 2842 v
1311 2814 1387 2842 Obel.
1400 2814 1526 2850 Pampin,
1540 2823 1565 2842 c.
1579 2816 1606 2846 5,
1617 2823 1644 2850 p.
1659 2815 1723 2844 ὅθί.

999 2848 1022 2886 f"
1037 2848 1115 2886 Philo
1126 2849 1177 2886 lib.
1189 2850 1256 2883 Quis
1270 2850 1356 2878 divin.
1374 2848 1482 2883 haeres;
1506 2859 1533 2886 p.
1548 2848 1661 2886 504,‘7et
1675 2850 1722 2886 lib.

104 2881 253 2921 Deﬂfgccal2
289 2882 313 2897 ³⁵
328 2881 501 2921 Ιρξοριιιλιῴς
515 2883 681 2921 vni_Antiq.,
695 2886 723 2909 et
802 2883 972 2921 xviill_e_t_lib.
987 2883 1024 2911 De
1040 2884 1110 2912 bello
1126 2884 1188 2912 Jud.
1201 2881 1211 2883 7
1228 2885 1252 2903 "
1267 2886 1314 2914 lib.
1332 2893 1349 2912 ιι
1365 2881 1480 2921 Appar.,
1496 2881 1608 2914 dissert.
1621 2885 1649 2919 9.,
1659 2894 1683 2913 c.
1697 2885 1724 2921 7,

102 2914 117 2951 §
144 2916 190 2943 εἰ.
231 2917 253 2933 "
270 2924 331 2952 pag.
348 2917 391 2944 Η.

432 2917 454 2934 ιι
472 2918 509 2945 lib
533 2926 549 2945 ν
567 2917 680 2950 Strom.,
694 2926 719 2953 p.
735 2918 796 2946 509.
833 2918 854 2934 ³ο
866 2917 932 2946 ibid.
