1927 3073
211 164 264 192 919

545 168 577 194 ΙΝ
593 167 804 196 CLEMENTEM
820 166 922 195 ALEX.
943 166 974 194 D.
996 166 1002 192 l

1060 164 1204 193 NOURRY
1222 163 1454 192 DlSSERTATlO
1475 164 1494 191 I.

1789 162 1839 190 920

248 223 289 251 Ad
301 223 498 252 Tertullianum
519 226 592 259 quod
620 229 737 259 spectat,
770 224 891 259 nonralia
903 223 996 258 procul
1010 226 1032 252 Α
1048 229 1114 250 sane
1135 221 1251 249 consilio
1263 225 1290 248 et
1307 222 1488 259 aliqprorsus
1500 224 1618 259 moreet
1632 221 1688 246 ritu
1707 220 1759 247 has
1775 222 1840 248 reti-

212 261 310 293 dubio,
327 262 348 289 si
371 266 461 289 tamen
475 258 536 288 eum
551 258 901 297 sibigsempergeonstitisse
923 259 999 297 dixe-

212 297 264 325 ris.
293 297 345 324 fuit
374 297 445 324 illius
472 294 703 332 opinio.7Contra
732 294 894 332 Marciunem
925 294 997 332 enim

212 333 332 360 ostendit
362 327 497 366 serpentis
522 331 643 367 anteiret
672 327 999 367 cherubinoriimhefligie

212 367 281 394 nihil
306 368 341 394 de
365 363 479 394 Mosaica
506 367 563 401 lege
588 366 747 400 derogatum
773 373 779 390 :
802 375 823 401 «γ
838 363 999 401 Similitudi-

211 410 294 433 nem,
313 403 365 433 ait,
385 407 480 438 vetans
499 399 556 438 fieri
576 402 718 438 omnium.
738 407 799 435 qua:
817 400 844 426 in
867 399 1000 438 ecelo.._et

213 438 247 470 jn_
268 442 353 470 terra.
380 441 408 470 et
434 437 461 464 in
484 437 576 470 aquis,
601 436 726 470 ostendit?
740 433 776 470 _et
799 433 1000 470 eausagaido-

213 467 327 495 lolatriae
352 469 456 495 scilicet
484 467 665 496 substantiam
684 468 855 495 cohibentes.
882 468 998 502 Subjicit

211 503 305 538 enim:
338 502 397 530 Non
428 503 578 531 adorabitis
603 511 645 532 ea.
675 511 763 538 neque
779 503 904 530 servietis
932 503 996 530 illis.

213 536 354 573 §erpentis
378 542 467 565 auten
502 539 569 566 aenei
604 536 725 569 efligics‘
745 542 838 572 postea
866 543 999 573 praecepta

212 571 299 607 Moysi
324 580 340 599 a
376 573 501 604 Domino,
518 582 571 600 non
589 574 623 600 ad
640 571 799 600 idololatria:
814 571 921 600 titulum
938 571 999 607 per-

211 608 327 636 tinebat.
345 609 392 635 sed
410 608 442 635 ad
459 609 651 636 remediandos
668 617 715 635 eos
727 609 799 643 quia
825 609 1000 642 serpentibus

213 643 425 670 infestabantur.
451 643 484 670 Et
512 648 590 670 taceo
617 645 650 671 de
678 644 764 679 figura
795 644 918 671 remedii.
955 643 1000 670 Sic

211 683 240 705 et
259 678 401 705 cherubim
426 683 454 705 et
473 680 608 713 seraphim
629 687 711 706 aurea
740 679 769 706 in
799 686 869 706 arcae
901 678 1000 714 ﬁgura-

213 717 270 740 tum
286 714 449 748 exemplum,
468 718 541 741 certe
550 715 664 748 simplex
681 718 1001 745 ornamentum.aecom-

213 749 322 784 modata
339 749 489 784 snggestui.
516 750 594 777 lonae
613 749 735 776 diversas
753 749 877 776 habendo
901 757 1000 776 causas

213 783 249 810 ab
276 783 436 811 idololatria:
463 785 636 812 conditione.
664 785 700 811 ob
733 791 813 818 quam
850 784 1001 812 similitudo

214 819 384 853 prohibetur,
399 827 453 846 non
478 820 604 847 videntur
626 819 834 846 similitudinum
849 819 1000 854 prohibita-

213 861 275 880 rum
301 854 353 888 legi
374 853 517 889 refragari,
534 862 588 881 non
611 855 638 881 in
659 862 692 882 eo
715 854 903 881 similitudinis
927 858 1000 881 statu

214 889 395 924 deprehensa.
417 889 453 916 ob
478 897 557 924 quem
579 889 730 917 similitudo
757 890 917 924 prohibetur
932 890 966 916 ⁶⁰.
990 899 999 914 ι

214 922 263 950 His
283 924 328 951 ille
355 925 446 952 verbis
473 922 567 959 aperte
588 925 668 951 docet
691 933 744 951 nou
758 922 864 952 'omnes
889 932 1002 958 prorsus

215 959 349 995 imagines
366 959 426 994 ipso
443 959 509 994 legis
529 959 654 995 Mosaicae
670 959 759 987 edicto
777 959 926 995 prohiberi.
954 960 1002 987 sed

215 1001 263 1021 eas
281 994 423 1026 duntaxat.
447 995 546 1028 quibus
567 994 626 1022 falsi
643 994 785 1028 cujusdam
803 995 935 1024 numinis.
956 999 1003 1021 aut

215 1028 264 1055 Dei
289 1029 468 1065 exhibebatur
495 1030 581 1065 ﬁgura
612 1031 654 1057 vel
682 1030 839 1058 hominibus
864 1030 1003 1057 adoranda

215 1064 431 1098 proponebatur.

252 1098 323 1131 Quid
334 1107 408 1130 vero.
439 1100 511 1135 quod
535 1099 580 1127 ille
607 1100 721 1135 ipsemet
745 1099 930 1127 Tertullianus
956 1100 1003 1127 ubi

216 1139 278 1168 post
302 1142 381 1170 suam
417 1134 455 1163 ad?
484 1134 732 1170 Montani’partes
764 1134 943 1162 defectionem
975 1135 1003 1162 in

216 1169 368 1205 catholicos
392 1171 482 1198 acrius
501 1169 652 1203 invehitur,
671 1174 846 1205 pervagatum
862 1169 933 1204 apud
955 1178 1003 1197 eos

216 1204 364 1239 imaginum
386 1213 465 1232 usum
492 1206 627 1240 agnoscit.
658 1213 708 1233 nec
735 1213 797 1232 euut
820 1209 911 1232 tamen
926 1204 1003 1232 dani-

216 1246 281 1266 nare
303 1247 386 1267 ausus
405 1242 465 1268 est?
487 1250 496 1266 ι
515 1241 566 1268 Cui
582 1241 637 1272 ille,
663 1242 686 1268 si
718 1240 796 1273 forte,
827 1241 925 1274 inquit.
956 1249 1003 1273 pa—

215 1275 396 1311 trocinabitur
411 1280 514 1310 pastor,
542 1284 623 1311 quem
640 1276 668 1303 in
695 1276 780 1303 calice
801 1276 925 1310 depingis
939 1276 972 1302 “.
991 1285 1000 1301 ι

215 1308 356 1341 Quantas.
387 1308 458 1339 Deus
488 1308 579 1341 bone.
612 1311 743 1339 adversus
778 1308 928 1338 catholicos
959 1311 1004 1338 ille

215 1345 364 1381 tragoedias
390 1347 548 1377 excitasset,
576 1346 687 1381 quantis
714 1354 762 1373 eos
791 1351 917 1373 vexasset
942 1354 1000 1373 ver-

215 1379 312 1416 borum
338 1382 512 1408 contumeliis
533 1385 561 1409 et
579 1379 721 1411 conviciis.
738 1382 761 1409 si
781 1381 901 1408 divinam
917 1381 1002 1416 legem

215 1413 291 1451 hisce
307 1415 473 1451 imaginibus
493 1416 654 1444 credidisset
668 1416 780 1451 infringi
803 1420 829 1443 et
844 1413 1001 1451 perrumpi!

250 1449 344 1485 Neque
366 1449 449 1479 etiam
471 1453 532 1479 illas
555 1452 650 1479 cadent
679 1452 737 1485 lege
754 1449 878 1478 damnari
904 1451 924 1478 ii
948 1449 1005 1478 cre-

216 1484 354 1517 didcrunt,
383 1487 442 1521 qui.
465 1491 536 1515 teste
559 1486 687 1517 Eusebio.
706 1484 804 1514 itandiu
833 1492 895 1513 ante
917 1487 1003 1521 ipsius

215 1524 340 1555 tempora
366 1521 439 1557 apud
453 1522 606 1550 Caesaream
628 1521 757 1556 Philippi.
780 1529 861 1555 quam
878 1521 1003 1549 Paneada

215 1560 326 1588 vocant,
344 1564 446 1584 teneam
463 1557 598 1588 mulieris.
613 1557 755 1592 sanguinis
772 1557 904 1590 proﬂuvio
916 1565 1003 1591 aegro-

216 1582 326 1622 tamis,’
337 1582 364 1619 ei
378 1582 753 1626 curati"uagina?ua;
771 1582 816 1618 in...
837 1582 1002 1622 uiuus...
1017 1582 1038 1611 (ἶ

216 1626 334 1660 effigiem
361 1632 548 1655 servaverunt.
581 1626 647 1660 Qum
682 1631 771 1654 autem
798 1631 825 1654 et
851 1628 940 1661 qualis
971 1636 1002 1654 ea

217 1661 321 1696 elfigies
344 1661 437 1694 fuerit,
467 1663 491 1690 si
522 1662 593 1689 scire
620 1662 698 1692 velis.
728 1670 761 1689 cx
795 1661 914 1689 Eusebio
945 1663 1005 1696 ipso

218 1698 326 1730 accipe:
347 1706 356 1722 ι
376 1697 457 1725 Juxta
473 1697 582 1724 domum
602 1697 675 1724 illius
698 1704 780 1724 aeneae
804 1697 926 1724 mulieris
946 1697 1005 1724 effi-

217 1732 276 1765 gies
301 1735 374 1759 stare.
403 1733 524 1763 dicitur.
556 1733 689 1759 columna:
719 1732 830 1765 lapideae
859 1732 1003 1766 imposita,

217 1766 332 1799 genibus
355 1767 444 1800 flexis.
464 1768 656 1802 protensisque
677 1768 814 1798 inanibus,
840 1767 926 1794 instar
941 1776 1005 1802 sup-

216 1802 355 1836 plicanlis.
384 1802 423 1829 Ex
443 1801 557 1830 adverso
572 1801 661 1830 autem
684 1801 788 1837 effigies
802 1802 854 1828 viri
868 1810 902 1829 ex
910 1801 1004 1830 eodem

219 1837 329 1872 metallo
349 1837 480 1869 conﬂata,
504 1839 602 1865 stantis
617 1846 649 1865 ac
677 1836 794 1872 diploide
808 1837 862 1872 65
877 1837 1006 1865 decenter

217 1871 326 1908 induti.
341 1881 506 1907 manumque
526 1872 632 1900 mulieri
656 1871 830 1908 porrigentis:
846 1871 897 1899 ’Ad
914 1873 1005 1908 rcujus

216 1907 300 1943 pedes
321 1907 348 1934 in
377 1909 436 1943 ipsa
466 1909 525 1935 basi
541 1909 632 1942 ignota
657 1907 778 1943 quaedam
804 1908 880 1935 nasci
896 1907 1006 1943 dicitur

216 1942 319 1976 planta.
346 1951 407 1978 qua:
421 1943 454 1970 ad
472 1943 613 1979 fimbriam
625 1942 710 1979 usque
723 1950 804 1970 aeneae
818 1942 946 1979 diploidis
961 1951 1003 1970 as-

216 1985 345 2014 surgens.
361 1978 529 2014 depellendis
543 1978 632 2014 omnis
647 1978 753 2013 generis
768 1978 871 2014 morbis
886 1985 1007 2012 praesen-

216 2012 352 2040 tissimum
365 2012 514 2041 reinedium
529 2017 580 2040 est.
597 2012 674 2041 Hanc
691 2017 808 2040 statuam
823 2012 888 2040 Jesu
904 2014 1006 2041 Christi

216 2048 336 2082 speciem
361 2049 464 2077 referre
489 2049 607 2076 aiebant.
629 2048 729 2076 Mansit
755 2056 837 2083 porro
861 2048 895 2075 ad
912 2053 1005 2076 nostra

217 2090 304 2119 usque
321 2087 453 2119 tempora,
471 2091 576 2118 nosque
593 2084 661 2119 adeo
679 2084 773 2111 urbem
788 2084 861 2110 illam
877 2084 1004 2118 ingressi,

217 2117 307 2154 ipsam
324 2117 519 2154 conspeximus
533 2117 568 2146 δ’.
585 2129 594 2145 ι
605 2118 639 2146 At
654 2119 730 2153 quid,
740 2119 837 2146 amabo
848 2124 883 2149 te.
898 2117 1006 2153 insigne

217 2153 285 2189 illud
299 2153 461 2181 miraculum
481 2154 554 2181 aliud
575 2155 686 2184 clamat.
702 2154 755 2181 nisi
774 2159 916 2189 utramque
931 2155 1004 2181 illam

217 2187 333 2223 effigiem
355 2193 383 2216 et
399 2193 515 2216 statuam
532 2189 640 2223 ipsiniet
661 2189 714 2216 Deo
731 2189 816 2216 fuisse
835 2187 915 2224 plane
929 2190 1006 2224 peni-

216 2228 323 2259 tusqueg
345 2225 507 2259 probatam?
521 2224 599 2257 Quod
623 2229 713 2251 autem
737 2224 791 2251 Deo
805 2225 947 2258 probatur.
979 2224 1005 2252 id

1048 258 1142 285 nuisse
1156 261 1183 285 et
1205 264 1330 284 servasse
1352 256 1455 284 Christi
1479 255 1657 290 mulierisque
1680 259 1791 283 statuas
1816 262 1841 284 et

1048 293 1180 320 imagines
1190 294 1215 318 2’.

1083 301 1332 355 ἓξὲἶῗῗιίιπίιίιςιιο
1348 326 1415 354 illud
1436 325 1560 357 diluitur.
1581 324 1655 360 quod
1670 325 1724 352 tibi
1743 334 1840 352 rursus

1048 363 1110 397 quis
1130 363 1241 395 objiciet
1268 361 1507 397 Carpocratianos.
1535 361 1637 396 quippe
1659 361 1709 396 qui
1737 361 1840 397 Christi

1049 395 1181 432 imagines
1200 395 1351 427 servarent.
1371 397 1474 424 erroris
1490 400 1518 424 et
1536 395 1648 423 haeresis
1669 395 1712 432 ab
1739 395 1841 423 lrena-o

1049 431 1164 468 aliisque
1181 432 1309 460 Ecclesiie
1332 433 1459 460 Patribus
1482 432 1665 468 insimulatus.
1688 431 1753 458 Non
1770 432 1841 468 enim

1049 466 1260 502 ideo-priscise,
1288 474 1314 495 ut
1345 468 1411 495 alibi
1437 467 1608 494 ostendimus
1638 466 1672 498 “,
1695 467 1840 502 vapulant,

1049 503 1121 537 quod
1151 503 1198 530 has
1228 503 1371 530 habuerint
1387 503 1457 537 apud
1476 510 1505 529 se
1529 502 1682 536 imagines;
1701 503 1750 529 sed
1779 503 1841 537 quia

1049 540 1110 566 illas
1131 539 1237 565 oeculte
1253 546 1313 565 cum
1335 538 1397 566 aliis
1425 537 1648 572 philosophorum
1670 537 1842 571 imaginibus

1049 578 1204 600 asservatas
1229 574 1370 608 gentilium
1394 580 1469 608 more
1493 573 1615 599 colerent
1632 575 1661 598 et
1676 572 1839 599 adorarent.

1051 608 1200 636 Orthodoxi
1216 607 1280 635 vero
1295 609 1418 635 homines
1435 607 1535 635 Christi
1548 611 1759 642 martyrumque
1775 609 1841 634 ima-

1050 645 1127 677 gines
1147 652 1179 670 eo
1195 644 1326 670 duntaxat
1345 651 1420 670 more
1441 647 1468 670 et
1485 642 1565 670 modo
1581 644 1787 669 conservabant
1811 651 1843 669 ac

1052 679 1260 707 venerabantur.
1287 687 1340 713 quo
1365 679 1440 705 illum
1465 678 1499 704 ab
1525 678 1668 712 apostolis.
1685 682 1718 704 ut
1745 678 1845 705 scribit

1050 714 1178 745 Basilius,
1195 714 1325 740 traditum
1346 718 1371 740 et
1387 713 1460 740 nulla
1476 713 1534 747 lege
1550 713 1661 739 vetitum
1677 719 1816 740 noverant
1833 724 1839 740 :

1054 759 1063 775 ι
1086 748 1174 779 Unde,
1203 759 1212 775 ι
1231 749 1319 783 inquit
1335 748 1460 779 Basilius.
1482 757 1490 773 t
1513 753 1539 774 et
1556 748 1732 775 characteres
1749 748 1846 783 imagi-

1051 792 1115 811 num
1138 792 1245 816 eorum,
1273 794 1281 809 ι
1297 784 1401 811 scilicet
1421 783 1604 818 apostolomm
1624 787 1653 809 et.
1676 787 1843 818 martyrum,

1054 828 1063 844 ι
1086 820 1190 846 honoro
1207 823 1232 846 et
1246 819 1347 852 adoro;
1359 819 1493 853 praecipue
1518 826 1580 844 cum
1598 818 1650 844 hoc
1678 819 1812 845 traditum
1827 826 1843 845 ει

1053 855 1156 882 sanctis
1180 855 1321 889 apostolis.
1349 858 1376 880 et
1403 862 1457 881 non
1480 853 1645 888 prohibitum
1664 853 1716 885 sit;
1732 854 1803 888 quin
1818 859 1846 880 et

1019 890 1082 930 Bin
1118 888 1245 930 omnibus
1278 889 1403 917 ecclesiis
1441 888 1546 916 nostris
1572 889 1736 916 ostendatur
1768 889 1847 924 depi-

1054 929 1128 951 ctum
1145 925 1178 952 ⁶⁸,
1197 934 1205 949 1

1089 959 1171 986 Plura
1188 959 1239 986 alia
1264 959 1337 986 illius
1352 967 1429 990 usus,
1450 967 1505 993 quo
1521 958 1653 993 imagines
1666 958 1701 985 ab
1721 960 1846 994 antiquis

1054 995 1217 1022 Christianis
1244 994 1296 1029 pie,
1322 1002 1373 1021 nec
1391 998 1487 1021 contra
1502 993 1621 1020 divinam
1643 995 1731 1028 legem
1748 993 1845 1022 serva-

1054 1030 1163 1059 bantur.
1181 1031 1303 1064 exempla
1318 1029 1370 1056 huc
1384 1036 1528 1064 congerere
1539 1029 1623 1056 nostri
1635 1037 1690 1056 non
1706 1034 1747 1057 est
1765 1031 1846 1057 insti-

1054 1065 1114 1092 tuti.
1130 1064 1178 1092 llis
1194 1067 1305 1095 etenim,
1318 1073 1378 1100 quae
1397 1065 1528 1100 hactenus
1543 1064 1700 1100 retulimus.
1723 1064 1843 1100 plenis-

1054 1101 1122 1127 sime
1136 1100 1290 1127 ostenditur
1304 1107 1444 1134 nunquam
1459 1099 1590 1127 Clementi
1609 1104 1704 1126 nostro
1722 1099 1749 1126 in
1767 1108 1845 1127 men-

1053 1140 1106 1162 tem
1118 1135 1236 1166 venisse,
1251 1139 1280 1162 ut
1296 1134 1397 1162 Christi
1412 1139 1438 1161 et
1449 1135 1563 1161 aliorum
1580 1134 1724 1169 imagines,
1736 1139 1846 1163 statuas

1053 1174 1081 1197 et
1096 1171 1242 1197 simulacra
1261 1170 1317 1204 lege
1331 1170 1423 1197 divina
1442 1169 1554 1196 omnino
1566 1170 1704 1204 prohibita
1718 1175 1745 1196 et
1759 1171 1845 1197 inter—

1054 1205 1126 1232 dicta
1141 1209 1321 1233 asseveraret.
1332 1205 1464 1232 Catterum
1479 1212 1538 1233 cur.
1551 1212 1639 1239 quave
1653 1205 1759 1232 ratione
1769 1205 1846 1232 Chri-

1055 1241 1134 1267 stiani
1150 1241 1245 1275 primis
1260 1241 1375 1275 aliisque
1386 1240 1512 1267 Ecclesiae
1529 1240 1698 1274 temporibus
1713 1240 1846 1275 imagines

1055 1275 1228 1307 retinuerint.
1251 1280 1278 1303 et
1293 1284 1374 1310 quem
1398 1276 1437 1302 eis
1462 1275 1566 1302 cultum
1588 1275 1750 1306 detulerint.
1771 1276 1844 1303 alius

1054 1310 1228 1345 postmodum
1245 1311 1325 1339 nobis
1342 1311 1451 1338 dabitur
1474 1310 1654 1344 opportunior
1683 1310 1844 1344 disputandi

1055 1346 1142 1373 locus.
1171 1345 1274 1373 Interea
1305 1354 1369 1373 vero
1394 1345 1516 1375 consule.
1547 1345 1569 1372 si
1598 1345 1674 1372 lubet
1703 1349 1732 1372 et
1752 1351 1844 1377 vacat.

1055 1381 1162 1408 Estium
1182 1381 1210 1408 in
1229 1382 1326 1408 librum
1348 1389 1377 1407 ιιι
1401 1380 1486 1413 Serm,
1502 1380 1576 1416 rdﬁisl.
1596 1381 1623 1411 9.
1641 1379 1655 1416 §
1681 1380 1709 1412 4,
1726 1385 1754 1407 et
1776 1381 1843 1409 dist.

1055 1416 1099 1447 56,
1118 1416 1132 1451 §
1151 1417 1184 1443 l0
1199 1420 1226 1443 ct
1243 1417 1291 1449 ll;
1306 1416 1398 1444 Petav.
1416 1420 1481 1442 toni.
1501 1415 1545 1447 IV,
1568 1421 1638 1450 part.
1659 1423 1678 1442 ll
1717 1416 1842 1451 Theolog.

1054 1450 1154 1486 dngut.,
1179 1452 1225 1478 lib.
1249 1459 1294 1483 xv,
1309 1459 1368 1486 cap.
1383 1451 1410 1482 ϐ’,
1430 1451 1472 1479 15.
1489 1451 1572 1486 “ﬁet
1598 1459 1674 1485 seq.;
1692 1450 1842 1479 Thomas.

1057 1485 1180 1521 Tlicolog.
1197 1486 1298 1521 dogm..
1317 1485 1350 1514 de
1374 1487 1507 1513 incarnat.
1531 1485 1622 1519 Verbi,
1645 1487 1694 1514 lib.
1709 1495 1761 1518 xii.
1781 1494 1842 1522 cap.

1055 1522 1071 1549 9
1083 1526 1109 1548 et
1127 1529 1202 1556 seq.;
1217 1522 1372 1549 Bellarmin.
1389 1526 1415 1549 et
1429 1523 1507 1548 alios.

1091 1555 1180 1584 Unum
1204 1565 1295 1592 porro,
1313 1555 1530 1592 priusquamrad
1553 1556 1605 1582 alia
1628 1556 1744 1592 gradum
1763 1557 1847 1589 (acia.

1054 1600 1126 1623 mus,
1143 1592 1186 1619 hie
1204 1591 1352 1619 observare
1368 1593 1456 1626 juvat,
1472 1591 1638 1627 Clementem
1653 1599 1716 1618 cum
1734 1594 1849 1627 paganis

1055 1628 1128 1654 serio
1148 1632 1174 1654 et
1190 1629 1289 1662 saepius
1302 1627 1474 1662 expostulare
1490 1626 1563 1661 quod
1578 1627 1596 1653 ii
1609 1627 1758 1654 simulacra
1774 1626 1845 1662 ipsa.

1056 1662 1083 1689 in
1105 1663 1205 1698 quibus
1222 1664 1317 1690 falsam
1332 1663 1478 1698 quamdam
1496 1662 1666 1689 divinitatem
1685 1663 1778 1690 inesse
1799 1671 1846 1697 pu-

1056 1698 1159 1726 tabant.
1170 1706 1222 1725 non
1233 1705 1330 1732 magna
1345 1698 1404 1724 sine
1417 1697 1554 1730 impietate
1567 1698 1730 1724 adorarent:
1747 1707 1756 1722 ι
1776 1698 1846 1725 Ad0<

1056 1738 1128 1764 rant,
1145 1734 1183 1759 ait
1201 1734 1254 1764 illeI
1277 1735 1294 1760 ii
1311 1734 1357 1767 qui
1373 1733 1438 1759 deos
1459 1732 1571 1765 faciunt,
1590 1740 1642 1759 non
1665 1733 1734 1760 deos
1750 1737 1777 1760 et
1792 1734 1846 1760 die.

1056 1775 1160 1799 mones.
1173 1776 1232 1795 mea
1256 1769 1364 1803 quidem
1381 1768 1527 1799 sententia,
1540 1767 1587 1794 sed
1601 1771 1701 1794 terram
1710 1772 1738 1794 et
1747 1772 1844 1799 artem.

1056 1803 1128 1837 qttod
1144 1803 1251 1838 quidem
1268 1809 1309 1831 est
1323 1803 1527 1838 simulacra...”
1548 1803 1733 1836 superstitiosi
1749 1803 1845 1830 adura-

1057 1842 1129 1865 tores
1148 1839 1266 1873 lapidum
1288 1840 1319 1865 “.
1341 1849 1351 1864 ι
1368 1837 1460 1871 Neque
1475 1837 1501 1863 id
1516 1845 1598 1872 porro
1615 1845 1649 1864 ex
1664 1838 1773 1865 nefario
1787 1843 1847 1865 tart-

1056 1877 1112 1900 tum
1122 1882 1216 1900 eorum
1232 1882 1282 1901 usu
1293 1874 1471 1903 demonstrat.
1484 1874 1531 1900 sed
1541 1873 1656 1907 ipsamet
1664 1874 1846 1907 quorumdam

1055 1909 1195 1942 gentilium
1223 1909 1385 1936 auctoritate
1410 1908 1647 1943 philosophorum.
1672 1909 1776 1943 quibus
1791 1909 1846 1935 hinc

1056 1945 1152 1970 insana
1173 1945 1280 1971 illorum
1292 1944 1462 1971 consuetudo
1473 1943 1611 1978 incognita
1622 1951 1684 1971 esse
1697 1951 1753 1970 non
1771 1949 1846 1978 pote-

1056 1983 1098 2006 rat
1117 1989 1123 2006 :
1141 1988 1150 2004 ι
1170 1979 1258 2006 Τυιιιιι
1277 1980 1339 2006 audi
1358 1977 1742 2014 philosophumHeraclitum
1759 1977 1847 2014 Ephe~

1057 2014 1139 2045 slum.
1160 2024 1170 2040 ι
1188 2015 1225 2041 ita
1245 2013 1371 2042 Clemens
1388 2014 1516 2048 loquitur.
1531 2023 1540 2038 ι
1555 2013 1746 2041 insensibilem
1762 2013 1846 2041 simu—

1057 2049 1192 2076 lacrorum
1209 2053 1336 2076 truncum
1351 2049 1573 2083 exprolirantem.
1601 2048 1634 2074 Et
1652 2049 1697 2076 his
1719 2054 1784 2076 vota
1807 2049 1845 2075 fa-

1056 2084 1132 2110 ciunt
1147 2085 1225 2112 idolis
1239 2084 1351 2119 perinde
1364 2092 1395 2111 ac
1406 2085 1429 2111 si
1440 2084 1501 2118 quis
1515 2084 1642 2119 loquatur
1654 2091 1718 2111 cum
1730 2085 1845 2112 aedibus.

1056 2118 1153 2146 Annon
1178 2118 1249 2146 enim
1266 2119 1413 2154 prodigiosi
1434 2123 1508 2151 sunt,
1528 2118 1574 2154 qui
1594 2119 1700 2153 lapides
1715 2120 1845 2147 adorant?

1057 2154 1159 2182 Deinde
1171 2163 1237 2182 vero
1251 2163 1312 2182 cum
1333 2160 1361 2182 et
1382 2162 1437 2189 prae
1452 2154 1557 2181 foribus
1574 2161 1622 2180 eos
1636 2158 1772 2184 statuunt.
1786 2163 1846 2189 per-

1057 2189 1120 2217 inde
1148 2198 1180 2217 ac
1204 2191 1282 2218 vivos
1313 2194 1341 2217 et
1368 2189 1513 2217 elficaces?
1529 2189 1695 2216 Mercurium
1717 2195 1845 2224 tanquam

1057 2223 1141 2252 Deum
1158 2226 1284 2258 adorant,
1300 2225 1348 2253 sed
1365 2224 1473 2259 ἀγυιέα..
1490 2225 1541 2251 hoc
1557 2228 1600 2251 est
1621 2225 1671 2251 viie
1686 2223 1846 2259 viciniieque

218 2262 292 2295 certe
309 2257 362 2286 diei
375 2267 428 2286 non
446 2263 534 2293 potest
558 2259 608 2294 legi
626 2259 686 2293 ejus
699 2257 846 2295 adversari.
861 2259 918 2286 Non
934 2260 1006 2287 enim
1023 2262 1046 2289 D
1059 2260 1229 2294 priefectutn,
1251 2257 1397 2295 janilorem
1425 2263 1558 2286 statuunt.
1576 2259 1603 2285 Si
1620 2260 1695 2286 enim
1718 2257 1844 2295 tanquam

218 2293 408 2329 hujuscemodi
430 2293 674 2329 approbationibus
689 2298 717 2322 et
735 2294 875 2321 miraculis
895 2295 939 2322 ille
962 2303 1008 2322 res

218 2327 329 2389 illlicitas
350 2333 377 2356 et
391 2337 405 2356 a
421 2327 455 2357 se
468 2327 622 2364 'proliibitas
639 2337 760 2364 unquam
784 2330 1008 2365 comprobavisse

230 2368 330 2389 emtur.

230 2368 330 2397 egitur.

254 2398 379 2434 lusurget
394 2402 484 2427 tamen
496 2400 588 2428 nescio
598 2401 660 2434 quis
675 2399 790 2428 fortasse
800 2400 1005 2432 iconomachus,

218 2437 247 2470 et
271 2433 383 2470 objiciet
413 2434 560 2462 Eusebium
583 2433 716 2469 adjecisse
734 2436 865 2470 imagines
886 2435 958 2463 Petri
979 2440 1006 2463 et

219 2467 308 2506 Pauli.
324 2473 405 2506 atque
423 2471 504 2497 etiam
526 2467 628 2498 Christi
646 2470 753 2497 Domini
771 2467 920 2506 apaganis,
932 2471 1005 2498 ὲθνι-

220 2505 254 2539 ζῇ
267 2504 410 2539 συνηθείᾳ,
432 2515 440 2530 ι
462 2506 554 2538 gentili
571 2506 767 2533 consuetudine
783 2504 1005 2534 i'asservatas°'.

220 2537 273 2576 Sed
287 2537 352 2573 quid
367 2537 428 2576 haec
440 2540 477 2576 ad
491 2540 681 2568 Christianos?
702 2540 829 2575 Nunquid
849 2541 912 2576 quia
925 2549 1007 2576 paga—

219 2574 248 2613 n_i
269 2582 331 2600 cum
350 2574 412 2613 aliis
431 2575 543 2602 deorum
564 2583 684 2613 suorum
709 2574 872 2613 imaginibus
892 2574 1006 2613 basim-

218 2611 265 2645 pio
293 2616 358 2645 sane
389 2611 475 2637 ahusu
493 2611 617 2645 posuisse
641 2611 782 2644 dicuntur,
810 2611 1006 2638 idcircotlhri-

220 2644 313 2676 stiani,
336 2645 382 2679 qui
398 2644 515 2672 statuam
532 2646 654 2673 mulieris
677 2647 750 2673 illius
780 2650 807 2674 et
833 2647 935 2673 Christi
950 2646 1005 2673 ΒΟ·-

219 2679 286 2716 mini
317 2680 389 2716 apud
418 2688 446 2707 se
467 2680 614 2716 retinuere,
631 2681 752 2714 ejusdem
774 2682 923 2716 impietatis
940 2689 1007 2708 con-

218 2711 365 2750 demnandi
383 2715 467 2742 sunt?
489 2714 584 2746 Nemo,
600 2711 707 2750 opinor.
726 2724 799 2743 sanae
811 2711 909 2744 inentis
924 2717 1006 2744 homo

219 2748 246 2775 id
263 2750 371 2777 dixerit.
384 2751 451 2783 Quis
466 2750 604 2778 enimvero
618 2748 671 2778 non
686 2751 759 2779 videt
769 2751 939 2779 Christianos
953 2752 1007 2779 alio

254 2831 275 2846 "°
287 2829 390 2856 Tertul.
404 2830 451 2857 lib.
463 2838 482 2857 ιι
498 2830 565 2858 Adv.
586 2830 728 2862 Marcion..
743 2840 767 2858 c.
783 2832 828 2859 22.

221 2865 287 2901 ibid.
327 2866 350 2881 ει
366 2866 406 2901 Ap

223 2899 246 2919 ον
258 2908 317 2936 pag.
331 2901 374 2928 53.
390 2899 397 2901 ’
410 2899 435 2916 ⁷³⁸
454 2909 505 2936 pag
527 2901 571 2928 6i.

868 2833 890 2848 εί
905 2832 951 2859 lib.
968 2831 1005 2858 De

409 2874 465 2903 par.
484 2866 576 2903 libuit.
592 2866 701 2903 dissert.
721 2867 786 2903 l,rc.
804 2869 831 2898 5,
848 2872 900 2894 art.
914 2868 940 2897 3.
961 2867 974 2903 ᾗ
989 2867 1015 2893 ἳ.

1058 2295 1232 2330 insensibiles
1247 2296 1347 2330 injuria
1361 2295 1496 2324 afficiunt.
1512 2302 1561 2321 cur
1574 2295 1693 2321 adorant
1716 2299 1747 2322 ut
1766 2296 1846 2322 deos?

1059 2329 1086 2357 Si
1103 2339 1168 2358 vero
1182 2329 1342 2358 existimant
1362 2338 1409 2358 eos
1429 2337 1489 2366 esse
1506 2337 1605 2358 sensus
1619 2330 1784 2366 participes,
1800 2338 1846 2358 cur

1056 2373 1104 2393 eos
1112 2366 1245 2399 janitores
1256 2366 1427 2394 constituunt
1442 2365 1482 2391 '7?
1499 2375 1508 2391 ι

1091 2402 1159 2428 Aliis
1184 2406 1274 2428 autem
1292 2401 1416 2436 pluribus
1445 2400 1524 2431 locis.
1551 2400 1652 2434 quibus
1672 2400 1772 2428 eadem
1788 2401 1846 2429 Cle-

1054 2443 1132 2463 mens
1144 2437 1241 2471 repetit
1255 2441 1282 2464 et
1298 2436 1417 2463 inculcat
1432 2436 1465 2471 “7.
1488 2436 1541 2462 huc
1560 2436 1737 2470 proferendis
1758 2445 1846 2471 super-

1054 2470 1203 2498 sedenduin
1219 2479 1280 2499 esse
1292 2472 1430 2499 duximus.
1445 2470 1510 2503 Quae
1523 2471 1623 2498 etenim
1633 2471 1779 2506 hucusque
1793 2470 1844 2499 dis-

1060 2508 1230 2540 putavimus.
1258 2515 1311 2537 ea.
1340 2507 1379 2533 uti
1405 2510 1543 2541 putamus.
1560 2507 1671 2534 abunde
1690 2507 1842 2539 sufﬁciunt;

1059 2542 1110 2568 alia
1123 2550 1187 2569 vero
1202 2542 1291 2569 facilia
1306 2548 1380 2571 sunt.
1399 2546 1425 2568 et
1438 2542 1564 2568 omnibus
1577 2541 1669 2568 obvia.

1094 2576 1122 2603 Si
1139 2578 1200 2612 quis
1214 2579 1322 2604 tandem
1340 2576 1494 2612 probaverit
1503 2576 1670 2604 Clementem
1685 2577 1788 2604 alicubi
1804 2577 1845 2605 do-

1057 2613 1147 2639 cuisse
1162 2616 1267 2640 statuas
1278 2616 1304 2639 et
1319 2612 1452 2646 imagines
1474 2619 1489 2638 a
1509 2612 1634 2646 paganis,
1649 2619 1707 2639 non
1732 2617 1763 2639 ut
1786 2613 1844 2640 deos

1057 2651 1085 2674 et
1100 2647 1268 2675 divinitatem
1283 2647 1463 2679 continentes,
1478 2647 1526 2674 sed
1537 2650 1668 2682 tanquam
1682 2647 1799 2674 deorum
1813 2649 1844 2675 si-

1059 2682 1237 2710 militudinem
1250 2684 1434 2717 exprimentes
1461 2682 1581 2713 adorari.
1599 2683 1622 2709 is
1639 2682 1766 2716 profecto
1783 2683 1842 2710 nihil

1059 2717 1123 2744 inde
1146 2719 1325 2752 promovebit.
1354 2717 1407 2750 Qui
1433 2717 1506 2744 enim
1535 2717 1685 2744 simulacra
1719 2718 1793 2745 hunc
1819 2720 1841 2743 in

1059 2753 1168 2780 modum
1194 2755 1318 2784 adorant,
1345 2753 1374 2785 ii,
1407 2756 1436 2779 ut
1460 2752 1525 2779 alibi
1547 2752 1800 2780 demonstravimus
1812 2752 1840 2783 ".

1017 2831 1122 2867 pudic..
1138 2831 1218 2858 c.10.
1241 2832 1263 2847 "
1274 2831 1373 2859 Euseb.
1389 2830 1435 2867 lib.
1450 2839 1487 2858 vn
1497 2829 1614 2859 llist..c.
1630 2830 1675 2858 18.
1692 2830 1736 2867 ﬂ"
1747 2830 1837 2867 Euseb.

1044 2868 1067 2882 συί
1085 2867 1165 2902 Basil.
1181 2867 1261 2902 epist.
1280 2867 1343 2899 205,
1357 2867 1390 2894 ad
1405 2866 1543 2894 lulianum
1555 2869 1649 2901 Apost.
1687 2866 1710 2881 “
1725 2874 1784 2902 pag.
1797 2866 1835 2893 56-

610 2901 631 2917 "
647 2902 694 2929 lib.
709 2910 725 2929 ιι
741 2902 854 2938 Appar.,
873 2901 981 2931 dissert.
995 2903 1023 2934 5,
1039 2910 1063 2930 c.
1081 2903 1107 2935 5,
1121 2901 1135 2937 §
1147 2902 1173 2929 6.
