1927 3073
99 221 140 248 921

353 218 444 245 ΔΗΕ
464 217 496 244 IN
515 215 808 244 COHORTATIONEM
832 215 874 242 ET
891 212 1116 243 PEDAC-OGUM
1136 209 1432 239 OBSERVATIONES.

1639 208 1693 236 Μ

97 277 178 305 iisdem
189 275 346 309 imaginibus
359 279 386 302 et
402 274 558 302 simulacris
578 281 631 300 non
647 281 742 309 verum
762 272 858 309 Deum,
873 275 896 303 Α
910 269 1142 309 ﬂagitiosissimos
1167 267 1290 296 exhiberi
1316 271 1343 294 et
1363 266 1551 301 repraesentari
1578 265 1696 294 arbitra-

95 312 135 340 sed
149 311 224 339 falsos
240 307 410 345 lictitiosque
425 309 501 341 deos,
516 313 543 337 et
565 309 688 336 homines
709 307 856 343 aliquando

911 305 1020 332 bantur.

737 430 926 475 CAPUT
953 430 1040 473 IX.

401 507 447 538 De
474 514 669 546 paganorum
687 505 750 536 diis
767 508 797 536 et
814 503 949 539 deabus,
965 503 1129 534 sacriﬁciis
1145 506 1176 534 et
1190 502 1364 542 mysteriis.

346 619 544 648 ARTlCULUS
560 619 580 647 l.

89 691 122 719 De
134 689 267 723 multiplici
275 689 350 718 lore,
363 689 394 715 de
409 688 600 723 Agamemnone
613 687 688 719 Jove,
697 693 721 715 et
732 688 858 723 Staphyla

119 726 159 759 qui
189 725 259 752 illius
281 724 410 753 meminit,
435 725 466 750 de
487 723 552 751 Jore
579 725 605 750 in
629 724 768 757 formicam
797 732 860 750 con-

118 758 196 789 terno,
218 760 249 786 de
265 759 350 788 Jovis,
367 760 434 786 sicut
447 759 513 785 hirci
527 759 693 785 Tmuitarunt
709 758 860 793 inexplebili

117 795 226 824 libidine,
242 798 274 821 de
289 794 384 821 Martis
401 795 427 820 in
442 794 544 820 vincula
559 795 679 828 conjecti,
695 799 772 828 alque
780 794 860 820 etiam

117 831 219 857 Homeri
235 830 335 863 patria.
348 829 379 856 de
395 829 515 863 Apolline
534 829 674 858 Sminthio,
692 829 723 855 de
737 828 860 855 {Escula-

115 867 154 900 pio
170 866 274 899 ejusque
293 864 423 898 sepulcro.
436 864 467 890 de
480 863 602 900 Neptuno
617 864 716 891 medico
727 869 751 891 ct
768 863 860 900 Salut-

116 898 146 927 no
156 898 185 927 ini
199 899 293 927 Sicilia
308 899 419 935 sepulto,
436 908 468 926 ac
483 899 515 926 de
536 899 647 935 Dionysi
664 900 741 927 corde
756 908 772 926 α
798 898 860 925 Pal-

117 935 172 962 lade
183 935 299 962 sublato.

115 1002 152 1028 Ab
166 1001 208 1029 his
223 1001 338 1028 deorum
364 1001 519 1029 simulacris
542 1004 569 1028 et
585 1001 751 1036 imaginibus
766 1001 798 1028 ad
829 1009 860 1028 ea

82 1036 132 1071 jam
147 1038 288 1063 veniamus
300 1044 360 1070 quae
380 1037 413 1063 de
433 1036 558 1071 ipsismet
577 1036 631 1063 diis
647 1035 662 1062 a
679 1041 773 1063 nostro
799 1035 861 1063 Cle-

83 1076 176 1103 mente,
195 1072 236 1098 vel
258 1071 405 1098 obscurius
421 1072 464 1099 vel
482 1071 603 1102 brevius.
626 1071 803 1105 strictiusque
819 1072 861 1098 di-

83 1111 183 1137 cuntur.
201 1111 282 1141 atque
298 1107 479 1140 explicatione
494 1107 585 1140 aliqua
600 1111 646 1133 aut
656 1106 862 1134 confirmatione

82 1141 205 1176 indigent.
227 1142 281 1169 Pro
299 1147 374 1169 certo
389 1146 478 1169 autem
499 1142 678 1177 primumiille
697 1142 774 1176 ponit
788 1149 863 1175 qua:-

80 1184 182 1211 cunque
207 1176 306 1212 pagani
334 1176 368 1204 de
389 1177 442 1204 diis
459 1177 517 1204 suis
532 1176 721 1212 prodiderunt,
737 1184 768 1203 ea
793 1176 861 1203 falsa

81 1213 183 1238 omnino
196 1211 258 1240 esse
274 1216 301 1238 et
315 1213 500 1240 commentitia
513 1221 520 1243 ς
534 1211 579 1239 vel
593 1211 616 1239 si
629 1219 692 1239 vere
711 1212 780 1238 facta
795 1212 861 1242 sint,

80 1246 131 1274 hac
145 1255 197 1273 non
222 1247 337 1274 deorum
355 1255 426 1277 esse.
444 1247 491 1274 sed
515 1247 653 1274 hominum
670 1247 861 1280 quorumdam.

78 1282 120 1316 qui
134 1282 184 1309 sibi
202 1283 274 1309 haud
304 1283 441 1316 vulgarem
461 1282 577 1316 aliquam
599 1283 716 1309 nominis
730 1286 757 1308 et
785 1282 862 1309 fama:

78 1317 257 1352 celebritatem
291 1317 442 1344 sceleribus
469 1322 496 1344 et
527 1317 638 1352 ﬂagitiis
667 1321 827 1352 pepererant
854 1326 860 1344 :

79 1360 88 1376 ‹
110 1351 226 1379 Plurima
247 1352 371 1387 quidem,
393 1352 483 1379 aiebat
498 1352 554 1384 ille,
569 1351 654 1379 vobis
667 1351 709 1379 ide
731 1352 784 1379 diis
800 1352 862 1379 licta

77 1391 101 1413 et
123 1387 246 1416 fabulose
274 1391 340 1415 sunt
367 1388 478 1414 tradita.
500 1387 674 1421 Quzecunque
702 1391 792 1414 autem
820 1387 862 1414 la-

76 1426 116 1448 cla
140 1430 201 1450 esse
233 1426 381 1458 putantur,
413 1431 444 1450 ea
479 1422 512 1449 de
546 1422 703 1449 lmtuiuibus
736 1422 863 1458 turpibus

74 1460 100 1483 et
202 1457 362 1493 petulanter
380 1465 413 1485 ac
440 1457 575 1493 flagitiose
607 1458 736 1486 vixerunt
760 1457 861 1492 scripta

76 1496 136 1518 sunt
150 1496 183 1519 ⁷⁵³.
205 1503 214 1518 ι

106 1527 171 1554 lllud
188 1536 254 1555 vero
270 1535 306 1555 ne
318 1527 380 1562 quis
397 1532 498 1554 temere
512 1531 539 1554 et
556 1527 757 1555 inconsiderate
770 1527 863 1554 abillo

73 1563 204 1596 prolatum
220 1564 361 1594 crederet,
376 1566 450 1589 certa
462 1570 567 1593 eorum,
583 1563 628 1597 qui
642 1563 759 1595 majores
773 1562 863 1589 diivo—

74 1597 214 1627 cabantur,
239 1598 403 1625 inductione
418 1597 597 1625 demonstrat.
624 1597 796 1624 Manifestum
822 1602 863 1625 et-

71 1631 140 1659 enim
159 1633 263 1661 ibidem
290 1633 354 1660 facit
374 1637 428 1660 tres
453 1641 467 1658 a
485 1635 598 1667 paganis
624 1633 688 1666 fingi
704 1632 795 1661 Jovcs.
815 1641 861 1660 sex

72 1667 220 1701 Apollines,
239 1669 339 1703 plures
354 1667 540 1702 Aisculapios.
554 1667 702 1695 Mercurios
717 1672 744 1695 et
764 1667 863 1694 Vulca-

72 1709 128 1728 nos.
145 1703 202 1730 Nec
215 1705 313 1731 minus
324 1703 464 1730 evidenter
480 1703 599 1730 ostendit
618 1703 726 1730 eosdem
740 1703 863 1731 ethnicus

70 1741 171 1765 tantum
182 1739 258 1765 inter
276 1747 308 1765 se
320 1738 354 1765 de
366 1737 461 1764 Martis
478 1738 564 1772 patria
577 1738 721 1770 dissidere,
730 1742 861 1772 quantum

70 1772 100 1798 de
117 1774 201 1800 variis
221 1774 341 1801 deorum
358 1780 468 1803 suorum
485 1773 601 1807 praeliis,
616 1773 786 1804 vulneribus,
803 1777 863 1800 stu-

69 1807 131 1841 pris,
146 1809 203 1844 66
217 1808 368 1835 adulteriis
390 1807 506 1842 aliisque
527 1809 677 1836 sceleribus
699 1816 754 1835 uno
769 1816 864 1836 omnes

68 1850 112 1869 ore
128 1845 359 1871 consentiebant.

102 1877 169 1909 Quis
185 1884 282 1906 autem
307 1877 390 1905 fuerit
412 1878 511 1912 triplex
535 1878 656 1912 Jupiter,
684 1878 801 1913 explicat
821 1877 864 1906 his

68 1913 155 1940 verbis
169 1914 275 1941 Cicero
293 1921 300 1939 :
319 1923 328 1938 ε
347 1913 486 1948 Principio
509 1913 589 1940 Jores
608 1919 663 1946 tres
685 1918 830 1940 munerant
845 1913 863 1940 ii

66 1948 110 1981 qui
128 1949 252 1983 theologi
265 1949 458 1979 nominantur.
473 1957 504 1976 ex
522 1949 622 1983 quibus
635 1949 752 1983 primum
775 1953 801 1975 et
820 1956 864 1975 se—

67 1983 183 2010 cundum
201 1982 289 2012 natos
307 1984 334 2010 in
346 1984 479 2017 Arcadia;
492 1982 606 2011 alterum
623 1982 699 2018 patre
714 1982 861 2018 Ethere...

66 2018 177 2054 alterum
192 2024 276 2054 patre
297 2019 421 2046 Caelo...
438 2019 549 2046 tertium
572 2017 731 2046 Cretensem
752 2017 862 2046 Saturni

66 2052 159 2085 lilium,
190 2052 278 2087 cujus
307 2054 335 2081 in
361 2055 406 2080 illa
434 2054 525 2082 insula
553 2055 708 2089 sepulcrum
740 2054 863 2089 ostendi-

65 2090 107 2113 lllr
121 2089 154 2116 ⁷¹.
176 2099 186 2114 ›
209 2090 346 2117 Ciceroni
371 2089 520 2116 subscribit
541 2089 679 2117 Arnobius
695 2089 733 2120 τ’,
759 2093 785 2115 et
810 2088 864 2116 La-

62 2124 183 2151 ctantius
197 2126 233 2152 ⁷⁵.
251 2127 290 2152 At
318 2124 486 2158 Epiphanius
503 2124 600 2152 aliter:
618 2134 627 2149 c
643 2124 703 2151 Non
721 2132 804 2153 unus,
821 2124 863 2150 in—

63 2159 129 2194 quit.
143 2165 191 2186 aut
204 2161 280 2187 alter
295 2159 414 2194 Jupiter.
432 2159 479 2186 sed
501 2164 555 2186 trcs
570 2165 721 2194 quatuorve
740 2159 861 2187 fuerunt.

62 2192 182 2226 Quorum
201 2203 282 2222 unus
305 2192 453 2224 Saturnius
464 2198 506 2222 est
521 2192 641 2229 illefqui
658 2195 691 2222 ad
709 2194 862 2221 Caucasum

62 2233 181 2265 utentem
192 2235 309 2265 patrem
322 2237 401 2256 suum
415 2230 441 2256 in
456 2230 620 2265 profundum
632 2230 772 2258 demersit.
787 2230 863 2260 Alter

61 2261 178 2291 Latiaris
194 2261 297 2292 dictus
318 2269 401 2300 estla
417 2261 472 2299 quo
487 2265 652 2300 gladiatores
670 2265 801 2300 originem
816 2273 863 2291 ac-

59 2304 212 2349 cqpe‘runt;
233 2300 341 2328 tertius
358 2299 521 2335 Tragmdus,
534 2301 581 2335 qui
599 2299 721 2327 manum’
734 2300 862 2328 combus-

59 2337 93 2359 Sll
108 2337 141 2361 ⁷⁸.
161 2345 170 2360 ι

95 2367 221 2405 Denique
238 2369 432 2397 Tcrtullianus
445 2378 498 2397 non
520 2373 576 2397 tres
591 2374 707 2399 tantum.
726 2373 772 2405 aut
793 2377 861 2404 qua-

58 2407 129 2434 tuor,
142 2404 192 2432 sed
209 2409 358 2432 trecentos
373 2413 405 2432 ex
427 2405 548 2432 Varrone
566 2405 633 2431 dicit
653 2405 738 2432 fuisse
759 2404 858 2432 Joves:

60 2447 69 2462 ‹
88 2438 206 2476 Rotrtani
231 2440 465 2476 styliﬂDiogenes
492 2440 579 2466 Varro
606 2444 741 2467 trecentos
763 2439 859 2476 Joves,

57 2480 102 2501 seu
116 2474 269 2510 Jupiteres‘
293 2475 441 2503 dicendum
462 2480 520 2506 est.
547 2475 606 2502 sine
620 2475 757 2510 capitibus
781 2475 859 2502 indu-

57 2510 93 2536 cit
110 2512 145 2537 ⁷⁵.
167 2520 178 2536 ι

91 2545 129 2572 Ex
146 2545 252 2573 iisdem
274 2545 377 2579 procul
394 2545 478 2572 dubio
499 2544 611 2572 Jovibus
631 2545 676 2572 ille
698 2553 769 2571 unus
789 2548 858 2576 erat,

54 2587 133 2614 quem
152 2581 294 2608 Clemens
314 2581 542 2614 Agamemnonem
564 2581 654 2607 iocari
675 2584 701 2607 et
715 2588 729 2606 a
749 2580 860 2614 Sparta-

55 2617 97 2642 nis
110 2617 164 2643 coli
185 2617 225 2642 ita
244 2623 282 2642 ex
311 2614 442 2649 Staphyla
472 2620 606 2642 memorat
626 2625 631 2641 :
651 2625 660 2639 ε
679 2615 857 2649 Agamemno-

54 2657 116 2677 nem
129 2656 209 2678 certe
224 2649 500 2685 quemdamiJovem
524 2652 550 2677 in
580 2650 677 2684 Sparta
699 2650 752 2677 coli
778 2650 862 2677 refert

54 2685 209 2721 Staphylus
226 2684 265 2712 ⁷⁷⁸.
291 2695 301 2710 ›
324 2684 376 2711 Sed
391 2684 525 2712 Herretus
538 2685 572 2721 de
585 2692 703 2721 utroque
718 2693 779 2721 cum
793 2684 861 2721 Sta-

53 2720 210 2756 phylo’tum
226 2721 304 2748 Jove
322 2721 525 2755 Agamemnone
537 2720 604 2747 nihil
614 2728 728 2754 prorsus
740 2720 816 2747 ullibi
828 2728 857 2747 se

84 2799 228 2833 "Appar.
246 2797 378 2827 dissert.,
390 2805 417 2832 p.
431 2796 475 2824 l7.
505 2796 624 2837 '“_Cicer.
636 2797 683 2824 lib.
695 2804 724 2824 tu
734 2796 770 2823 De
782 2801 838 2824 nat.
850 2796 923 2823 deor.
930 2805 975 2837 ,_p.
987 2797 1048 2824 247.

92 2833 102 2847 I
115 2838 213 2847 Ann“...
250 2833 293 2847 I:‘r\
328 2840 334 2847 1
352 2832 388 2847 Πη
406 2832 455 2847 ιἠιι.
486 2832 553 2847 mulu-
594 2840 608 2847 η
654 2833 683 2847 ιι
715 2841 731 2847 η
761 2831 795 2847 [ξιξ
859 2833 882 2847 τι
899 2832 1018 2847 [Tn-"Lor.

486 2832 576 2867 relig.,
594 2840 619 2858 c.
654 2833 696 2859 llr.
715 2841 741 2867 p.
761 2832 805 2859 66.
859 2833 882 2847 ⁷⁵
897 2832 1030 2867 Epiphan.
1063 2833 1205 2863 Ancorat.,
1238 2832 1251 2865 ᾗ
1283 2833 1345 2862 108,
1379 2841 1404 2868 p.
1424 2832 1493 2859 ⁷108.
1547 2833 1569 2848 ⁷⁸
1592 2832 1698 2860 Tertul.

485 2868 508 2883 "
525 2875 586 2902 pag.
603 2867 647 2894 24.
687 2868 708 2883 ⁷⁷
726 2867 825 2894 Athen.
843 2867 891 2894 lib.
908 2875 928 2894 ιι
944 2867 1083 2901 Deipnos.,
1117 2875 1142 2901 p.
1161 2867 1213 2900 45;
1231 2867 1311 2895 Voss.
1326 2869 1372 2895 lib.
1391 2875 1420 2894 lll
1438 2867 1475 2894 De
1505 2867 1568 2895 hist.
1599 2866 1698 2899 Grata.

52 2833 74 2848 ⁷³
91 2831 227 2861 Lactant.
250 2833 305 2859 lib.
328 2840 334 2858 I
351 2831 467 2859 De’fals.
486 2832 576 2867 relig.,
594 2840 619 2858 c.
654 2833 696 2859 llr.
715 2841 741 2867 p.
761 2831 805 2859 66.

51 2868 97 2897 lib.
116 2877 124 2896 ι
143 2869 186 2896 Ad
207 2868 340 2898 ιιιιιὶοη.1
357 2875 382 2894 c.
400 2867 444 2894 10.

51 2911 78 2931 υ.
95 2905 169 2931 “6:
207 2901 356 2930 Hardnin.
387 2902 414 2929 in
438 2902 444 2928 i

51 2911 78 2957 p.
95 2911 169 2944 sto;

65 2941 76 2955 ut
91 2938 163 2957 ιηιιε

878 930 899 957 Β

207 2901 356 2930 Harduin.
387 2902 414 2929 in
438 2901 532 2929 indic.’
547 2906 653 2930 auctor.
684 2910 699 2929 a
727 2902 797 2929 Plin.
825 2903 900 2929 citat.

91 2938 175 2968 Voss.
194 2939 250 2967 lib.
272 2945 282 2964 ι
304 2936 344 2965 De
361 2938 428 2972 orig.
447 2942 473 2965 et
486 2944 577 2972 progr.
595 2937 729 2970 idololat.,
749 2946 772 2965 ε.
792 2938 835 2971 Η,
854 2946 879 2972 p.
899 2937 942 2965 59.

912 618 1050 646 invenisse
1075 617 1190 651 ingenue
1212 617 1322 644 fatetur.
1340 616 1406 650 Quis
1422 617 1515 652 itaque
1532 624 1587 645 non
1610 617 1691 645 mira-

911 654 986 681 bitur
1005 653 1039 680 ab
1055 653 1101 679 illo
1113 653 1156 679 vel
1173 660 1228 679 non
1253 652 1333 682 lecta,
1358 652 1400 679 vel
1420 653 1557 680 oblivione
1583 653 1695 680 omnino

911 688 1000 716 deleta
1018 688 1074 714 bare
1090 687 1268 721 Athenagorae
1281 688 1316 714 ab
1332 688 1391 722 ipso
1403 687 1537 722 Apologia:
1549 695 1605 714 sure
1616 696 1699 715 exora

912 723 958 750 dio
971 723 1072 750 verba?
1091 732 1100 747 ‹
1123 723 1353 757 Agamemnonem
1378 722 1470 750 Jovem
1493 727 1520 749 et
1541 722 1694 754 Philonem.

913 757 1032 793 Tyndari
1050 757 1145 793 ﬁliam,
1162 757 1360 793 Laceda-monii
1374 762 1549 785 venerantur.
1567 767 1576 783 ι

949 793 1017 826 Quis
1031 796 1120 819 autem
1136 792 1218 819 fuerit
1231 793 1275 820 ille
1289 791 1405 826 Jupiter,
1418 793 1490 819 haud
1503 793 1540 819 ita
1555 792 1634 820 facile
1648 792 1697 820 de-

913 828 985 855 ﬁniri
1010 831 1110 863 potest.
1134 827 1249 860 Quidam
1277 827 1349 854 enim
1374 835 1407 854 ex
1436 828 1626 862 Athenagorae,
1650 828 1697 856 cui

913 867 987 890 certe
1011 862 1038 890 et
1052 862 1218 890 Clementem
1240 866 1363 890 nostrmn
1386 863 1533 897 adiungere
1559 867 1695 897 poterant,

913 899 995 925 citata
1008 898 1169 924 auctoritate
1182 897 1291 932 probari
1305 905 1386 932 posse
1402 902 1509 932 putant,
1525 898 1597 925 hunc
1611 897 1697 931 fuisse

914 933 1143 967 AgamemnOnem
1160 931 1314 964 mortalem,
1340 932 1386 967 qui
1402 931 1430 959 7a
1453 932 1595 967 Spartanis
1621 931 1697 961 Jovis

913 968 1076 1002 cognomine
1102 967 1251 1002 insignitus
1276 975 1327 1002 pro
1353 968 1404 995 deo
1427 968 1538 995 habitus
1559 971 1611 995 est.
1628 968 1697 997 Aliis

915 1007 1005 1030 autem
1022 1003 1110 1030 visum
1123 1007 1166 1030 est
1182 1003 1328 1037 ipsnmuict
1341 1002 1434 1038 Jovem
1452 1004 1487 1030 ab
1505 1003 1540 1030 iis
1554 1003 1698 1038 Agamem-

913 1046 1024 1066 nonem.
1050 1039 1122 1064 sicut
1146 1045 1162 1064 a
1193 1038 1338 1072 Sapphone
1362 1037 1506 1066 Hectorem
1528 1042 1554 1064 et
1575 1037 1590 1064 a
1608 1037 1699 1064 Simo-

913 1073 977 1100 nide
991 1073 1181 1108 Aristarchum
1199 1073 1340 1107 appellari.
1362 1077 1389 1100 et
1408 1073 1460 1100 hoc
1477 1073 1585 1108 quidem
1598 1080 1698 1100 nomen

913 1108 1018 1135 idcirco
1049 1108 1099 1142 ipsi
1134 1107 1249 1135 forsitan
1281 1108 1414 1135 tributum
1434 1112 1540 1142 putant,
1562 1116 1617 1143 quo
1637 1107 1698 1141 ejus

913 1143 1115 1178 perseverantia
1131 1143 1172 1169 vel
1183 1143 1264 1169 etiam
1278 1143 1416 1170 mternitas
1429 1143 1638 1177 significaretur.
1647 1142 1699 1170 0b-

913 1183 1024 1206 servant
1035 1178 1168 1212 siquidem
1178 1178 1278 1204 eruditi
1287 1178 1411 1205 homines
1421 1186 1508 1212 graece
1520 1178 1699 1213 Ἀγαμέμνων

913 1214 967 1241 dici
981 1214 1059 1248 quasi
1075 1213 1146 1247 ἄγαν
1165 1212 1264 1248 μένων,
1282 1213 1308 1239 id
1328 1217 1369 1240 est
1389 1221 1558 1248 perseverans
1574 1212 1647 1248 {sed
1664 1213 1700 1242 de

914 1249 964 1276 hac
977 1247 1135 1282 conjectura
1146 1247 1260 1274 aliorum
1276 1253 1334 1275 esto
1346 1248 1490 1280 judicium.
1499 1247 1608 1275 Videsis
1617 1247 1696 1276 Joan.

913 1283 1060 1311 Meursium
1076 1283 1122 1310 lib.
1139 1291 1148 1310 ι
1164 1282 1316 1311 Miscellan.
1334 1283 1503 1315 Laconicen,
1519 1291 1579 1318 cap.
1595 1284 1623 1310 4.

949 1319 987 1345 Ad
1004 1318 1164 1353 Staphylum
1180 1318 1252 1352 quod
1269 1319 1375 1348 attinet.
1398 1324 1451 1345 tam
1472 1318 1602 1352 frequens
1624 1318 1699 1346 illius

913 1354 985 1389 apud
1003 1354 1161 1389 Athena-um
1175 1353 1298 1388 aliosque
1313 1361 1328 1380 a
1345 1353 1442 1389 Vossio
1463 1358 1490 1380 et
1505 1353 1646 1380 Harduino
1659 1354 1699 1380 ci-

913 1387 984 1416 tatos
999 1393 1124 1416 auctores
1139 1387 1168 1414 fit
1182 1389 1295 1420 mentio,
1312 1391 1342 1415 ut
1357 1389 1384 1416 id
1401 1388 1510 1416 Herveti
1529 1389 1698 1424 diligentiam

914 1425 1007 1455 lugere
1022 1431 1076 1450 non
1092 1424 1218 1451 debuerit
1232 1425 1264 1450 ⁷⁷.

947 1459 1040 1493 Neque
1054 1459 1135 1485 etiam
1158 1459 1286 1493 ignorare
1306 1459 1351 1486 ille
1374 1458 1489 1486 debebat
1514 1457 1589 1485 Jovis
1602 1458 1628 1485 in
1645 1458 1703 1486 for«

913 1494 1023 1525 micam,
1041 1494 1093 1521 sub
1109 1494 1188 1527 cujus
1205 1493 1292 1520 l‘orma
1309 1502 1342 1521 ex
1364 1493 1561 1529 Eurymedusa,
1589 1494 1700 1522 Clitoris

914 1529 979 1560 lilia,
996 1529 1192 1564 Myrmidonetn
1211 1529 1314 1564 genuit.
1340 1529 1501 1563 stupendam
1522 1529 1703 1558 mutationem

912 1572 987 1598 teque
998 1563 1032 1591 ab
1047 1564 1168 1590 Arnobio
1179 1568 1260 1598 atque
1276 1572 1290 1590 a
1307 1563 1446 1591 Clemente
1463 1568 1558 1591 nostro
1580 1565 1698 1592 narrari.

913 1599 951 1626 De.
964 1599 1009 1626 illa
1023 1599 1158 1633 siquidem
1174 1599 1230 1626 haec
1247 1603 1311 1625 sunt
1325 1599 1462 1634 ipsissima
1471 1599 1583 1626 Arnobii
1595 1600 1677 1627 verba
1689 1608 1699 1628 :

916 1644 925 1659 ε
939 1634 1044 1670 Jupiter
1055 1635 1114 1670 ipse
1132 1642 1180 1661 rex
1199 1633 1353 1670 mundi.....
1379 1633 1459 1661 modo
1475 1634 1502 1670 in
1520 1641 1616 1660 aurum
1638 1643 1699 1662 ver-

913 1669 994 1697 sus...
1006 1669 1114 1704 etquod
1132 1669 1221 1696 omnia
1235 1677 1334 1704 genera
1350 1669 1576 1696 contumeliarum
1597 1670 1700 1697 transi-

915 1705 973 1735 liat,
1000 1705 1026 1731 in
1052 1703 1223 1731 lormiculam
1243 1711 1376 1739 parvam;
1397 1709 1425 1731 ut
1442 1703 1554 1731 Clitor-is
1573 1704 1700 1732 videlicet

916 1740 997 1766 tiliam
1025 1739 1203 1775 Myrmidouis
1230 1739 1354 1775 redderet
1382 1739 1454 1774 apud
1478 1739 1625 1766 Thessalos
1639 1748 1699 1766 ma—

915 1779 984 1801 trem
995 1775 1027 1802 ⁷⁸.
1045 1774 1059 1800 »⁷
1073 1775 1158 1801 l’orro
1178 1779 1268 1801 autem
1291 1774 1477 1809 Eurymedusa
1498 1782 1513 1801 a
1535 1774 1697 1809 quibusdam

915 1814 1002 1837 mater
1020 1809 1175 1836 Gratiarum
1192 1817 1254 1837 esse
1265 1810 1432 1844 perhibetur.

951 1845 1011 1877 Quo
1036 1845 1128 1879 plures
1158 1843 1270 1871 luerunt
1292 1843 1383 1875 Joves,
1405 1852 1437 1872 eo
1458 1846 1547 1872 minus
1558 1848 1633 1872 certe
1650 1844 1701 1871 mia

914 1880 1041 1912 randum,
1060 1881 1081 1906 si
1098 1879 1202 1914 Jupiter
1221 1880 1331 1910 Calvus,
1360 1879 1394 1906 de
1419 1887 1473 1914 quo
1494 1880 1621 1907 Clemens
1637 1880 1675 1906 ait
1691 1889 1698 1907 :

917 1923 926 1939 ε
944 1915 1041 1942 Annon
1054 1914 1153 1941 Calvus
1166 1915 1272 1949 Jupiter
1294 1914 1374 1949 Argis
1387 1915 1420 1945 7’,
1445 1924 1454 1940 ι
1473 1914 1589 1942 Herveto
1611 1915 1700 1941 adhuc

915 1949 1024 1984 ignotus
1040 1949 1130 1977 fuerit.
1146 1949 1179 1976 Et
1193 1957 1258 1976 vero
1270 1949 1384 1976 Vossius
1408 1954 1483 1976 recte
1506 1950 1700 1977 animadvertit

915 1992 969 2011 non
984 1993 1079 2017 unum,
1096 1984 1144 2012 sed
1162 1985 1261 2020 multos
1279 1985 1370 2020 fuisse
1379 1984 1461 2011 Joves
1484 1985 1611 2020 Argivos,
1637 1992 1702 2018 quo-

913 2027 974 2046 rum
990 2019 1100 2054 quidam
1120 2019 1201 2054 Argis
1216 2027 1344 2054 regnasse
1356 2019 1459 2045 dicitur
1477 2019 1511 2047 ⁸ο.
1531 2020 1553 2046 Α
1569 2027 1634 2046 vero
1650 2020 1701 2046 ita-

913 2063 966 2088 que
983 2055 1006 2081 is
1020 2055 1136 2082 fortasse
1150 2062 1202 2081 non
1223 2054 1337 2081 multum
1360 2054 1478 2086 recedet,
1496 2056 1542 2089 qui
1566 2062 1650 2081 untun
1666 2063 1700 2083 ex

914 2090 957 2116 his
975 2090 1049 2151 iHum
1065 2098 1127 2117 esse
1149 2089 1306 2121 crediderit,
1332 2089 1378 2124 qui
1402 2089 1502 2117 Calvus
1522 2097 1536 2116 a
1560 2089 1701 2118 Clemente

914 2132 982 2151 anne
1005 2129 1076 2151 ntur.

914 2129 1076 2152 appellatur.

932 2132 1156 2187 pgiiiii‘rliiirautem
1168 2164 1195 2187 et
1211 2159 1319 2187 Maximi
1337 2159 1412 2187 Jovis
1429 2160 1588 2187 indomitam
1618 2163 1700 2194 atque

913 2195 1070 2222 elTrcuatam
1084 2195 1221 2222 libidinem
1245 2195 1286 2222 sic
1304 2195 1368 2222 alibi
1383 2195 1508 2222 Clemens
1526 2195 1696 2222 insectatur:

915 2239 924 2255 ‹
946 2230 1112 2265 Explebatur
1128 2231 1219 2265 itaque
1237 2230 1397 2257 mulieribus
1419 2238 1473 2256 nou
1490 2231 1592 2260 minus,
1615 2237 1699 2263 quam

912 2264 1006 2292 hircus
1029 2265 1198 2291 'l‘muitarutu
1219 2266 1310 2299 capris
1333 2265 1366 2292 ’“.
1387 2274 1397 2290 ι
1416 2265 1484 2298 Quis
1504 2269 1594 2292 autem
1616 2264 1700 2291 fuerit

913 2300 958 2327 ille
974 2301 1067 2336 hircus
1081 2300 1207 2336 candido
1216 2305 1242 2326 et
1262 2300 1424 2336 simpliciter
1446 2300 1579 2327 Hervetus
1599 2307 1629 2327 se
1650 2308 1701 2326 ne-

911 2335 982 2362 scire
1010 2335 1161 2362 denuntiat.
1192 2334 1244 2362 Sed
1276 2334 1368 2362 id'ab
1397 2335 1560 2370 Hieronymo
1595 2338 1702 2370 poterat

913 2378 1011 2404 magno
1033 2377 1099 2397 sane
1124 2370 1183 2397 sine
1202 2371 1295 2397 labore
1309 2371 1428 2397 edoceri.
1445 2369 1578 2397 llle'cnim
1596 2369 1701 2398 rnarrat

913 2405 1008 2432 Tmuis
1025 2405 1111 2432 fuisse
1130 2404 1239 2440 Egypti
1259 2405 1365 2437 urbem,
1379 2413 1439 2440 (piae
1455 2406 1489 2432 ab
1505 2405 1592 2435 hirco.
1618 2413 1703 2440 quem.

913 2441 974 2473 ejus
991 2440 1087 2467 incolas
1101 2441 1312 2472 venerabantur,
1326 2449 1405 2468 suum
1417 2448 1515 2467 nomen
1528 2441 1622 2467 sortita
1637 2445 1698 2468 est:

916 2485 925 2500 ε
946 2474 1013 2502 Nam
1026 2475 1165 2509 pleraque,
1182 2476 1219 2502 ait
1235 2475 1290 2506 ille,
1312 2476 1410 2510 oppida
1433 2483 1537 2506 eorum,
1565 2485 1574 2501 ›
1596 2476 1705 2505 scilicet.

914 2509 1114 2545 Egyptiorum,
1135 2520 1143 2535 α
1163 2519 1195 2537 ex
1214 2511 1309 2538 bestiis
1332 2509 1357 2538 et
1376 2511 1509 2544 junicntis
1531 2511 1632 2538 habent
1648 2519 1700 2538 no-

914 2546 997 2576 mina,
1015 2545 1110 2571 Kuw‘ov
1126 2553 1140 2571 a
1155 2553 1233 2577 rane,
1253 2546 1328 2572 Λεὼν
1346 2554 1361 2572 a
1383 2546 1469 2577 leone,
1483 2545 1584 2579 Θμοῦις
1607 2546 1706 2580 lingua.

914 2580 1039 2615 Aigyptia
1054 2580 1087 2606 ab
1104 2580 1190 2611 hirco.
1208 2580 1304 2607 Λυκὼν
1320 2589 1334 2607 a
1347 2581 1427 2615 lupo;
1443 2585 1472 2607 ut
1485 2586 1587 2608 taceam
1597 2581 1630 2608 de
1644 2581 1700 2608 fur-

914 2616 1050 2642 midoloso
1069 2619 1096 2642 et
1117 2616 1242 2643 horribili
1265 2623 1339 2650 cape,
1363 2620 1390 2643 et
1409 2616 1514 2650 crepilu
1533 2617 1637 2643 ventris
1658 2617 1700 2643 in—

914 2651 982 2681 llati,
996 2658 1057 2684 qua:
1076 2650 1217 2678 Pelusiaca
1237 2651 1334 2686 religio
1347 2655 1389 2678 est
1399 2651 1433 2678 ⁵³.
1454 2660 1463 2676 ι
1488 2651 1526 2678 Ex
1543 2651 1702 2686 inexplebili

915 2693 997 2720 porro
1014 2685 1097 2719 hujus
1113 2685 1180 2712 hirci
1197 2686 1308 2713 libidine
1320 2685 1419 2713 Junius
1435 2690 1525 2712 ortum
1542 2685 1701 2720 esse’putat

910 2721 962 2747 hoc
981 2720 1118 2755 adagium,
1140 2722 1154 2747 ὁ
1173 2721 1299 2756 Θμυιτῶν
1316 2721 1426 2757 τράγος,
1450 2720 1614 2748 Tmuitarum
1642 2720 1699 2748 Itir-

1087 2797 1110 2812 ⁷²
1126 2797 1227 2825 Arnob.
1243 2797 1288 2825 lib.
1301 2806 1327 2824 Iv
1337 2798 1406 2825 Adv.

1243 2802 1288 2825 lib.
1301 2806 1327 2824 Iv
1337 2802 1406 2825 Adv.
1419 2802 1504 2833 gent.,

1238 2831 1251 2865 ᾗ
1283 2833 1345 2862 108,
1379 2841 1404 2865 p.
1432 2833 1493 2859 108.

1381 2806 1406 2825 v.
1419 2802 1504 2833 gent.,
1520 2796 1701 2833 p.155,in-4.

1379 2841 1404 2868 p.
1432 2833 1509 2868 108.7
1525 2867 1528 2868 ν
1547 2833 1569 2848 ⁷⁸
1592 2832 1698 2868 '[erluL

1547 2833 1569 2848 ⁷⁸
1592 2832 1654 2859 Terl
1660 2832 1698 2860 ul.

954 2902 1088 2942 "Arnob.
1106 2903 1152 2942 li_b_.
1172 2911 1197 2929 iv
1214 2902 1421 2942 Arlv.__gent.,p.
1435 2903 1494 2930 M5.
1534 2902 1557 2918 ⁷³
1574 2910 1634 2942 pag.
1652 2902 1697 2929 ει.

998 2937 1020 2952 ³·
1037 2945 1099 2972 pag.
1116 2938 1160 2965 ‘20.
1225 2939 1247 2953 ⁸²
1265 2937 1375 2965 Hieron.
1393 2938 1419 2964 in
1438 2945 1495 2970 cap.
1514 2945 1564 2963 ην
1581 2937 1633 2965 lsa.
