1927 3073
37 174 101 206 929

327 179 417 206 AI.le
433 179 467 206 IN
484 178 779 207 COHORTATIONEM
799 178 842 205 ET
860 178 1087 207 PAIDACOGUM
1103 178 1397 207 OBSERVATIONES.

1628 181 1679 210 930

35 235 134 295 gaulo
151 239 216 269 post
231 235 354 262 Clemens
373 236 466 263 retulit
483 245 491 264 :
510 244 521 262 ‹
541 235 736 271 Melampodem
750 241 840 263 autem
855 241 877 268 Α
891 236 935 263 alii
951 236 1097 271 genuinam
1117 244 1265 272 veramque
1287 244 1349 264 esse
1377 237 1403 264 in
1419 237 1568 265 Clementis
1591 241 1678 266 nostri

60 269 138 296 lium
160 270 358 296 Atnvntliaonis
372 271 415 296 alii
428 271 523 296 dicunt
533 279 566 296 ex
580 271 697 296 Aiavnto
719 271 746 296 in
765 270 839 296 Grae-
891 275 965 296 textu
978 272 1133 296 lectionem.
1149 272 1381 296 denravatnmmie
1399 273 1433 296 ab
1450 273 1571 296 librariis
1596 274 1678 296 [ιιίειυ

84 277 138 296 um
160 270 358 307 Ainyntliaonis
372 271 415 297 alii
428 271 523 299 dicunt
533 279 567 298 ex
580 270 697 307 Aigyipto
719 271 747 298 in
765 270 839 298 Grae-

35 304 123 340 ciam
149 304 327 332 transtulisse
349 306 448 333 festum
463 307 583 338 Cereris,
599 304 700 333 liiétiiiii
718 307 764 340 qui
780 307 840 334 lau-

33 339 132 377 dibus
147 341 343 377 celebratur“.
363 351 372 367 ι
386 341 472 377 Negat
487 346 578 369 tamen
595 342 683 369 adhuc
707 339 840 369 Herm-tus

34 374 80 405 id,
99 376 216 403 etiamsi
242 376 385 411 diligenter
411 374 639 411 investigavisset,
662 385 692 404 se
718 377 840 404 invenire

36 418 177 446 unquam
196 410 329 445 potuisse.
343 410 393 439 Ubi
410 412 475 439 illud
493 410 630 446 quaesierit
645 413 724 446 plane
749 413 840 439 nesci-

34 453 122 473 mus.
145 445 218 472 Nulli
244 451 334 474 autem
357 445 515 475 dubitamus
540 455 602 474 eum
626 445 694 474 nihil
708 455 739 474 ea
761 448 794 474 de
811 455 840 474 re

33 481 214 517 quaesivisse
230 482 301 515 apud
314 481 494 514 Euseliium,a
508 490 572 517 qtto.
590 486 618 508 ut
628 483 757 512 diximus.
767 487 840 510 lotus

32 516 84 543 ille
116 515 268 544 Clementis
293 518 378 552 nostri
404 518 480 545 locus
505 515 671 545 describitur
689 518 721 544 ³³.
747 517 840 552 Neque

31 552 130 578 etiam
159 551 226 578 illud
252 553 278 578 iii
311 551 471 580 Tertulliani
497 553 667 587 Apologelico
696 551 837 588 quaesivit;

32 591 85 613 aut
107 591 188 613 certe
199 595 253 614 iion
267 591 341 614 tanta
357 592 438 622 atque
454 588 590 615 Paiiielius
603 588 753 623 diligentia,
770 589 837 621 haec,

31 630 103 658 qua:
119 623 161 658 ibi
175 622 310 656 leguntur,
328 624 410 649 verba
426 623 567 658 perpendit
583 632 588 649 :
605 633 614 649 ε
634 622 758 658 orpheus
776 623 838 651 Pie-

31 657 98 694 rias,
115 657 243 694 Musaeus
255 658 379 689 Athenis,
397 657 548 693 Mélaiiipus
562 658 652 694 Argis,
664 657 838 693 Trophonius

32 691 179 729 ﬂeoticm,
201 693 406 729 initiationibus
425 691 549 721 homines
566 691 794 729 obligaverunt“.
827 705 835 720 i

31 726 131 755 necte
155 728 231 755 enim
255 729 381 755 observat
394 728 529 756 Painelius
546 729 582 755 ibi
596 726 792 756 Tertulliaiiuni
805 729 838 757 de

29 763 140 799 eodem
169 763 311 799 disputare
332 763 440 791 Cereris
464 764 543 797 festo,
558 765 638 799 cujus
655 765 689 792 ab
708 764 836 795 Eusebio.

30 798 148 825 addere
167 798 293 831 debebat,
311 802 338 826 et
361 807 376 825 a
387 803 483 826 nostro
499 798 637 827 Clemente
652 801 754 827 mentio
766 800 836 826 facta

29 837 87 870 est.
109 832 221 870 Ferunt
236 839 329 870 autem
346 833 420 870 hunc
432 834 606 870 Melampum,
620 843 668 862 seu
690 834 837 870 Melampo-

29 868 112 899 dem,
128 868 333 905 Amyntliaonis
349 868 639 905 etDory'ppes'ﬁliuni,
654 870 739 897 fuisse
751 868 837 905 augu-

29 911 91 930 rem
123 908 165 945 (ἐξ.
183 904 422 945 iiiedicuiii.__lllius
444 904 527 940 porro
540 905 723 945 Pausaniam,
739 904 837 945 llouie-
852 917 873 945 Β

30 946 108 976 rum,
131 938 291 973 Virgilium,
305 938 516 976 raliosque'non
539 940 725 976 infrequenter
739 942 836 968 ineiiii-

30 975 113 1001 uisse
130 982 220 1002 nemo
236 975 333 1003 nescit.

68 1009 158 1042 Quod
180 1017 261 1044 porro
277 1010 402 1038 Clemens
418 1010 451 1037 de
468 1010 511 1038 his
529 1010 674 1046 impiorum
691 1011 837 1046 mysterio-

30 1052 94 1071 rum
115 1045 285 1072 auctoribus
305 1047 372 1073 nihil
391 1050 467 1073 certo
483 1046 603 1078 deﬁniat,
622 1045 648 1072 id
667 1045 768 1073 nemini
784 1047 835 1073 mi-

30 1088 94 1106 rum
111 1088 184 1107 esse
199 1080 287 1108 debet.
301 1081 439 1108 Lucianus
453 1081 587 1116 siquidem
603 1080 725 1116 Phrygas
740 1085 765 1108 et
786 1081 835 1108 Sa-

30 1115 202 1142 mothraces
214 1116 258 1142 illa
270 1116 304 1143 ab
317 1117 378 1143 Alte
390 1115 587 1152 Lydio,'priiiio
599 1115 692 1152 eorum
710 1116 834 1144 invento-

31 1158 61 1177 re
77 1155 108 1177 et
127 1152 214 1185 quasi
239 1152 399 1182 architecto,
413 1150 560 1186 accepisse
582 1151 653 1178 haud
675 1150 834 1179 dubitanter

31 1186 226 1213 asseverat".
236 1186 287 1214 Alii
300 1195 364 1214 vero
372 1195 467 1215 eorum
481 1187 678 1214 institutionem
689 1186 831 1219 Erectheo,

30 1221 78 1247 alii
94 1220 217 1257 Musaeo,
228 1222 272 1248 alii
285 1221 401 1257 denique
412 1222 521 1256 ipsimet
529 1221 621 1257 Cereri
636 1226 775 1256 acceptam
790 1231 832 1249 re-

29 1256 183 1292 ferebant,
197 1256 232 1283 de
245 1257 345 1291 quibus
358 1256 499 1292 legendus
514 1262 556 1284 est
575 1256 711 1284 Meursius
727 1258 774 1285 lib.
795 1258 833 1284 Dc

28 1290 129 1327 Cerere
143 1290 261 1323 Eleus,
269 1300 330 1327 cap.
346 1293 374 1320 ἲ.

65 1326 186 1354 Nemini
204 1326 313 1355 tandem
329 1326 466 1362 incognita
484 1331 548 1354 sunt
563 1326 674 1354 infanda
687 1327 732 1354 illa
746 1327 830 1355 Cere-

29 1362 68 1389 ris
85 1362 174 1398 orgia
192 1367 220 1398 et
234 1364 374 1398 mysteria,
386 1370 447 1398 qua:
459 1363 492 1389 ad
507 1363 701 1397 sempiternam
715 1363 831 1390 etlinicaa

27 1397 224 1431 turpitudinis
238 1397 395 1425 mettioriaiii
407 1398 534 1425 Clemens
543 1405 584 1428 ac,
594 1402 653 1432 post
661 1406 734 1430 eum,
743 1398 831 1425 Artio-

29 1432 95 1468 bius
121 1432 190 1460 fuse
209 1433 374 1460 recenset".
389 1432 456 1459 Nam
471 1440 503 1459 ea
519 1433 552 1459 ab
567 1433 719 1461 innumeris
734 1441 832 1468 prope-

26 1467 150 1494 modum
184 1468 364 1502 scriptoribus
378 1468 496 1495 ethnicis
512 1473 538 1495 et
553 1467 741 1499 Cliristianis,’
756 1467 830 1496 aiiti~

26 1503 93 1537 quis
108 1507 139 1530 et
157 1504 361 1530 recentioribus
385 1503 522 1537 divulgata
540 1507 604 1530 sunt
615 1502 647 1529 ³⁷.
663 1502 691 1529 Si
709 1504 772 1538 quis
789 1509 831 1531 ta-

26 1546 92 1573 men
126 1545 163 1564 ea
185 1539 335 1573 isigillatim
358 1538 500 1573 explanata
520 1538 609 1573 legere
624 1538 697 1570 velit,
715 1539 738 1566 is
750 1540 829 1567 adeat

25 1572 164 1609 Natalem
176 1572 310 1601 Comitem
322 1574 369 1601 lib.
387 1572 413 1600 ix
436 1572 561 1609 Myl/101.,
579 1581 639 1608 cap.
657 1573 688 1606 5;
701 1573 828 1601 Vossium

26 1608 75 1636 lib.
107 1617 116 1635 ι
142 1607 187 1644 De
201 1609 268 1644 orig.
288 1613 312 1635 et
328 1617 416 1644 progr.
433 1607 537 1640 idolol.,
554 1607 674 1643 capIQO,
692 1613 719 1636 et
734 1610 779 1636 lib.
797 1618 827 1639 ii.

25 1651 91 1679 cap.
110 1643 172 1679 752,
199 1643 233 1670 55
257 1648 284 1671 et
308 1644 357 1678 54;
374 1643 400 1671 et
419 1644 567 1672 Meursium
591 1648 648 1671 toto
675 1652 743 1679 pene
761 1645 829 1672 libro

26 1678 67 1706 De
98 1678 202 1707 Cerere
226 1679 368 1711 Eleusino;
392 1679 538 1707 Fasoldum
563 1679 602 1706 De
626 1679 701 1713 {estis
727 1678 826 1711 Graec”

25 1714 138 1742 decade
154 1714 190 1746 2;
221 1714 332 1741 Petrum
357 1715 557 1742 Castellaneum
584 1714 623 1741 De
639 1714 714 1749 festis
742 1715 827 1743 (ἔναιε.

25 1749 66 1776 Ex
76 1751 123 1777 his
132 1753 229 1776 autem
243 1750 331 1785 discet
346 1750 440 1783 adhuc,
453 1759 500 1785 per
513 1759 522 1775 ι
535 1753 628 1784 potum
643 1750 715 1781 bilis,
732 1759 741 1776 ι
754 1750 829 1785 πόμα

25 1785 124 1820 χολῆς,
140 1792 226 1820 quem
243 1784 378 1812 Hervetus
393 1793 422 1812 se
438 1784 491 1812 non
507 1786 575 1812 satis
590 1785 742 1819 intelligere
752 1784 828 1819 dicit,

25 1819 98 1847 iiihil
114 1819 196 1847 aliud
211 1827 226 1846 a
237 1820 377 1848 Clemente
389 1821 442 1848 nisi
460 1821 569 1848 Cereris
582 1820 652 1847 iram
666 1826 693 1846 et
708 1820 828 1848 furorem

26 1855 190 1890 signiﬁcari
199 1855 230 1882 ³⁸.

60 1890 170 1918 Paucis
196 1894 329 1925 praeterea
348 1891 482 1918 monitum
509 1895 535 1918 te
558 1898 620 1919 esse
635 1890 761 1918 volumus
777 1891 828 1919 hoc

25 1933 144 1953 carmen
165 1935 172 1952 Ζ

64 1982 181 2009 Taurus
197 1988 273 2017 pater
285 1982 420 2016 draconis,
435 1986 460 2010 et
476 1987 552 2018 pater
567 1983 638 2009 tauri
648 1983 729 2010 draco
740 1983 772 2015 ³³,

25 2029 82 2064 ⁷ο
97 2028 181 2065 quod
199 2029 326 2065 Clemens
349 2030 433 2065 tacito
454 2029 575 2057 auctoris
590 2029 825 2065 nomine__cilavit.

28 2063 190 2092 Tarentino
206 2064 313 2091 cuidam
330 2064 365 2091 ab
385 2064 504 2092 Arnobio
523 2064 632 2092 attribui
651 2064 683 2090 ⁵⁰.
705 2063 762 2090 Hoc
777 2071 827 2090 au-

28 2107 85 2128 tem
112 2100 151 2127 de
178 2099 326 2127 Tarentino
352 2099 448 2127 Suidas
478 2105 506 2127 et
531 2098 642 2127 Vossius
670 2099 828 2134 disputave-

29 2140 97 2163 runt
112 2135 150 2162 ".

62 2169 172 2204 Orphei
184 2177 293 2204 quoque
320 2169 354 2197 de
380 2170 492 2201 Cerere,
515 2173 620 2203 raptam
633 2168 825 2204 Proserpinam

25 2204 203 2239 inquirente,
219 2205 277 2232 hinc
288 2204 415 2233 Clemens
433 2206 471 2232 ait
490 2212 520 2232 se
536 2205 745 2239 transcripsissc
763 2213 825 2232 car-

24 2247 103 2267 mina
119 2249 127 2267 ε

61 2275 111 2302 Sic
124 2275 208 2306 dixit,
222 2281 304 2303 vestes
319 2275 424 2308 tollens,
436 2283 588 2309 omnemque
603 2275 717 2309 ﬁguram

60 2310 195 2344 Corporis
202 2311 317 2338 ostendit
329 2315 441 2345 turpem,
452 2311 585 2345 spectabat
599 2310 711 2337 Iacchus
720 2311 753 2342 δ’,
766 2315 819 2338 ctc.

23 2345 162 2372 Nonnulli
183 2349 273 2373 autem
283 2350 379 2380 putant
392 2346 462 2374 {aede
481 2349 638 2380 corruptum
667 2354 728 2373 esse
751 2346 822 2374 liunc

23 2380 184 2408 Clementis
198 2382 286 2408 nostri
303 2381 404 2412 locum,
423 2390 454 2408 ac
468 2382 599 2408 medicam
613 2380 637 2408 ei
653 2389 763 2408 tnanuiii
779 2383 821 2408 al-

24 2415 100 2451 ferre
116 2421 267 2443 conantur.
295 2416 330 2443 At
354 2425 401 2444 eos
421 2417 558 2451 inprimis
586 2420 694 2450 torquet
722 2425 822 2444 nomen

23 2449 132 2482 Iacchi,
149 2451 223 2486 quod
243 2452 271 2478 in
284 2452 401 2479 alienam
425 2449 538 2486 prorsus
552 2449 694 2479 historiam
724 2460 822 2486 perpe-

24 2494 85 2513 ram
104 2487 246 2513 intrusum
259 2494 323 2514 esse
334 2487 500 2514 existimant.
517 2486 595 2519 Quod
619 2487 728 2522 quidem
749 2487 821 2514 haud

24 2522 137 2549 incerta
165 2522 277 2556 probari
302 2529 381 2556 posse
397 2526 493 2557 putant
516 2522 678 2557 auctoritate
697 2522 821 2553 Ariiohii,

23 2559 71 2591 qui
86 2565 194 2584 nomen
216 2557 283 2584 illud
303 2557 416 2585 omnino
431 2558 614 2592 praaterniisit.
632 2556 685 2584 Sed
697 2557 760 2583 huic
773 2557 823 2584 do-

22 2598 137 2619 ctorum
155 2591 309 2633 hominum
319 2591 484 2634 coniectura:
492 2593 587 2634 _plaiie_
595 2593 776 2634 adversantur
795 2596 821 2619 et

22 2627 213 2662 manuscripti
224 2628 311 2654 nostri
319 2627 439 2659 codices,
451 2633 477 2655 et
491 2627 634 2657 Eusebius.
649 2628 695 2662 qui
710 2627 820 2654 eosdem

22 2662 140 2690 Graecos
156 2670 252 2690 versus
272 2671 305 2690 ex
334 2663 473 2690 Clemente
500 2667 594 2690 noslro
615 2664 717 2692 retulit,
735 2663 821 2689 ideni-

21 2706 77 2732 que
105 2705 210 2725 nomen
234 2699 343 2734 Ἲαχχος
356 2698 477 2726 exhibet.
507 2698 539 2725 Et
563 2706 628 2725 vero
650 2698 819 2725 contendunt

57 2807 227 2846 "ﬁergdot.
249 2809 296 2846 lib.
310 2817 375 2846 v,p.
395 2808 437 2846 if).
476 2808 502 2846 ff
517 2809 564 2846 lib.
582 2816 600 2846 ii
615 2808 734 2846 Praepar.
751 2816 824 2846 evan;

883 2817 900 2838 ξ.
915 2810 941 2841 5,
959 2818 984 2845 p.
1002 2810 1047 2837 63.
1086 2810 1108 2846 ξι
1123 2810 1227 2838 Tertul.
1243 2810 1370 2846 Apolrig.,
1383 2818 1408 2837 c.
1424 2811 1469 2837 9i.

23 2842 60 2870 De
76 2844 131 2871 dea
149 2842 364 2879 Syria,p.106lr.
389 2844 461 2906 ᾗδὲ).
474 2843 516 2875 to,
533 2844 631 2876 Η,14.
657 2842 790 2871 "Arnob.
812 2847 824 2872 il

26 2878 93 2915 Adv.
114 2884 200 2915 gent.
247 2880 269 2895 δι
287 2879 387 2906 Suidas
408 2888 421 2906 a
461 2880 575 2907 verbum
593 2880 705 2915 ῥῑνθων;
724 2878 803 2915 voss.

883 2845 926 2872 7A
938 2842 972 2872 iv'.
989 2850 1063 2880 gent.
1090 2844 1113 2861 ³⁵
1130 2854 1157 2880 p.
1176 2846 1219 2872 Η.

883 2886 949 2915 poet.
967 2880 1067 2911 Graeca,
1085 2888 1110 2907 c.
1128 2881 1154 2911 8,
1173 2890 1198 2915 ιι.
1217 2881 1247 2908 61

612 2889 705 2913 ινυων;
729 2889 803 2906 voss.
824 2889 860 2908 ue
878 2889 949 2915 poet.
967 2889 1067 2911 ixi-tein.
1085 2889 1110 2907 c.
1128 2889 1154 2911 δ,
1173 2890 1198 2915 ιι.
1217 2889 1261 2908 ei.

610 2915 632 2930 "
645 2916 692 2943 lib.
711 2922 736 2942 iv
755 2914 868 2948 Strom.,
887 2925 913 2951 p.
931 2915 992 2942 522.
1033 2917 1056 2933 "
1073 2924 1134 2951 pag.
1149 2916 1197 2947 it.

26 2878 93 2905 Adv.
114 2884 194 2913 gent.

24 2914 44 2927 “
63 2914 172 2942 Meurs.
185 2912 232 2942 lib.
249 2922 275 2943 iv
290 2915 373 2943 Attic.
391 2915 465 2949 lect.,
483 2923 507 2942 c.
526 2916 571 2943 2i.

839 2267 862 2294 D

891 275 965 307 textu
978 272 1133 303 lectionem,
1149 272 1381 307 depravatumque
1399 273 1433 300 ab
1449 273 1571 300 librariis
1595 274 1681 303 fuisse

889 306 963 333 hunc
979 307 1123 342 ipsiusiiiet
1134 306 1247 334 Ariiobii
1264 315 1375 334 versum
1389 315 1396 332 :

926 353 999 391 Quos
1014 362 1078 391 cuva
1094 355 1242 381 succutiens
1264 353 1358 381 Baubo
1373 363 1463 387 manu,
1479 363 1541 382 nam
1568 356 1680 391 puerilis

926 389 982 415 Olli
999 390 1087 416 vultus
1101 394 1170 416 erat.

889 444 943 481 Pro
961 455 970 470 ι
990 445 1082 474 Baubo
1098 456 1106 472 ι
1136 446 1236 473 etenim
1259 447 1354 481 reponi
1372 447 1468 474 volunt
1484 456 1494 472 ‹
1510 446 1645 476 Bacchus.
1667 458 1676 474 ν

890 479 999 507 Nullum
1021 482 1160 508 enimvero
1184 479 1328 508 dubitandi
1357 482 1446 509 locum
1462 489 1524 510 esse
1546 484 1678 515 credunt,

889 516 956 552 quin
974 515 1103 552 Bacchus
1126 516 1153 543 in
1173 517 1334 552 turpissimo
1355 517 1413 549 illo,
1427 525 1509 552 quem
1522 523 1608 552 poeta:
1626 519 1678 545 im-

890 551 980 588 pudici
997 550 1142 588 tinxerant,
1168 550 1403 588 alfuferitﬂCereris
1425 550 1617 588 Bauboiiisque
1629 561 1678 581 co-

888 585 995 613 mitatu.
1013 585 1066 613 Sed
1078 587 1111 614 de
1123 587 1244 614 Arnobio
1256 587 1321 613 alibi
1333 587 1479 614 dicendum
1492 589 1554 615 erit.

923 621 965 657 Ad
975 621 1069 648 eadem
1083 629 1164 656 porro
1174 621 1280 649 Cereris
1294 630 1383 652 sacra.
1400 630 1460 657 qua:
1479 623 1618 651 Eleusinia
1628 631 1678 651 vo—

889 656 1036 693 cabantur,
1048 656 1174 684 Clemens
1199 657 1301 684 referre
1316 656 1424 684 videtur
1446 657 1674 693 Tliesnioplioria,

888 691 1002 729 perinde
1029 699 1061 718 ac
1087 692 1110 719 si
1126 700 1199 719 unus
1216 692 1341 729 idemque
1358 693 1444 729 festus
1460 693 1530 725 dies,
1548 691 1676 729 idemque

889 726 1050 761 mysterium
1066 731 1093 754 et
1113 735 1222 754 sacrum
1239 727 1365 754 fuissent.
1388 728 1440 755 Ubi
1456 730 1527 755 enim
1544 729 1578 756 de
1593 726 1673 756 Eleu-

888 762 970 798 siniis
999 762 1121 793 disserit,
1135 763 1205 798 riiaac
1230 763 1274 789 ille
1291 762 1402 790 totidem
1420 763 1512 791 verbis
1527 763 1648 798 disputat
1665 775 1673 792 :

892 805 904 834 ε
923 796 970 824 Vis
986 798 1069 824 etiam
1093 797 1141 834 tibi
1159 805 1266 834 narrem
1278 798 1420 834 quomodo
1435 798 1517 827 ﬂores
1533 796 1675 834 collegerit

886 830 1064 868 Proserpina,
1077 833 1193 868 ejusque
1203 830 1352 868 calathum,
1361 837 1387 860 et
1403 839 1510 868 raptum
1524 842 1538 861 a
1548 830 1674 867 Plutone,

887 871 914 904 et
930 867 1034 894 hiatum
1053 874 1147 904 terra),
1165 872 1192 895 et
1215 876 1279 895 sues
1304 867 1441 899 Eubulei,’
1455 877 1516 904 (iure
1538 869 1674 898 devorata:

888 902 998 929 fuerunt
1013 909 1028 928 a
1044 903 1163 938 deabus;
1180 907 1291 938 propter
1311 911 1392 937 quam
1408 902 1518 931 causam
1544 904 1572 931 in
1588 904 1674 933 Thes-

888 938 1039 974 mophoriis
1059 937 1272 974 Megarensium
1302 946 1378 965 more
1404 947 1503 974 porcos
1525 940 1673 974 expellunt.

888 972 977 1007 Hujus
993 972 1090 1000 fabulm
1105 974 1176 1000 diem
1194 974 1292 1000 festum
1310 972 1438 1002 ιιιιιιίθιίρε
1454 975 1528 1002 varie
1545 972 1674 1002 concele-

887 1007 979 1040 brant,
996 1007 1224 1044 Thesnioplioria,
1248 1008 1434 1044 Sciroplioria,
1458 1010 1552 1037 inultis
1584 1011 1674 1038 modis

887 1049 995 1077 raptum
1026 1042 1197 1078 Proserpinae
1219 1042 1522 1077 tragice'decantantes
1538 1045 1570 1074 ⁸³.
1593 1055 1602 1071 i
1621 1045 1675 1073 Ve-

886 1086 947 1105 rum
977 1078 1114 1106 Meursius
1131 1079 1168 1106 ibi
1183 1078 1350 1105 Clementem
1368 1084 1491 1106 nostrum
1509 1081 1612 1107 erroris
1628 1088 1674 1108 ac-

885 1118 976 1144 cusat,
1007 1114 1107 1148 quippe
1123 1114 1170 1148 qui
1191 1113 1408 1148 Tliesuioplioria
1434 1123 1496 1142 cum
1514 1115 1672 1147 Eleusiniis.

886 1156 947 1183 qua:
963 1149 1041 1184 plane
1057 1150 1164 1184 diversa
1182 1153 1270 1180 erant,
1294 1155 1458 1183 praepostere
1479 1158 1591 1177 omnino
1606 1159 1674 1178 con-

886 1184 988 1211 fuderit
1002 1183 1120 1212 “.«Nam
1137 1184 1285 1215 Eleusinia,
1304 1185 1393 1218 inquit
1409 1185 1463 1216 ille,
1482 1185 1605 1212 instituta
1614 1186 1673 1214 fue-

885 1223 948 1246 rant
979 1219 1005 1246 in
1034 1219 1143 1246 Cereris
1159 1223 1264 1254 raptam
1296 1218 1487 1254 Proserpinam
1512 1222 1671 1255 quaerentis,

884 1257 911 1281 et
927 1259 992 1281 tunc
1008 1259 1181 1289 acceptarum
1206 1254 1313 1288 frugum
1345 1255 1503 1282 memoriam
1515 1254 1527 1287 :7
1541 1256 1673 1283 Thesmo-

884 1289 980 1324 plioria
1012 1297 1076 1316 vero
1105 1289 1141 1316 ob
1166 1290 1238 1323 leges
1261 1289 1296 1316 ab
1312 1296 1343 1316 ea
1360 1292 1670 1324 acceptas.iAriiobium

883 1323 1045 1361 quoqueuet
1071 1323 1284 1361 Theodoretum,
1308 1324 1408 1361 quibus
1418 1323 1445 1352 et
1473 1325 1552 1360 longe
1577 1328 1671 1361 plures

883 1359 951 1395 alios
967 1359 1115 1395 adiungere
1133 1360 1277 1395 potuisset,
1299 1359 1397 1386 similis
1414 1364 1497 1387 errati
1516 1359 1669 1390 insimulat.

884 1394 936 1421 Sed
949 1403 1003 1421 non
1017 1394 1145 1422 omnibus
1162 1394 1278 1421 fortasse
1299 1395 1421 1423 rationes
1437 1396 1497 1430 ejus
1510 1397 1579 1423 tanti
1595 1397 1668 1424 vide-

882 1429 985 1457 buntur
996 1430 1134 1464 ponderis,
1148 1434 1280 1465 utcontra
1292 1432 1331 1456 tot
1344 1429 1537 1465 tantorumque
1550 1431 1670 1458 virorum

881 1465 1084 1496 auctoritatem,
1103 1466 1241 1491 communi
1263 1464 1320 1491 fere
1338 1466 1460 1492 omnium
1477 1474 1614 1494 consensu
1626 1475 1670 1494 re-

881 1506 997 1536 ceptam,
1014 1500 1136 1534 singulos
1149 1507 1274 1536 quosque
1290 1500 1316 1526 in
1329 1507 1407 1526 suam
1422 1501 1541 1528 adducat
1559 1502 1668 1536 opinio-

881 1542 953 1573 nem.
971 1535 998 1573 Si
1013 1536 1059 1570 qui
1071 1540 1161 1562 tamen
1177 1535 1250 1573 illius
1263 1536 1431 1570 argumentis
1443 1535 1598 1570 vincantur,
1615 1537 1669 1573 ipsi

882 1570 1069 1604 subscribam,
1086 1578 1134 1604 per
1151 1577 1202 1598 nos
1219 1571 1291 1597 licet.

916 1605 1018 1633 Omnes
1047 1613 1128 1640 porro
1145 1613 1199 1632 una
1230 1609 1322 1632 mente
1344 1606 1520 1634 consentiunt
1535 1608 1669 1635 matronis

880 1641 982 1677 aliquot
998 1642 1068 1671 dies,
1084 1646 1228 1675 antequam
1240 1640 1456 1677 Thesmophoria
1472 1646 1594 1677 agerent,
1606 1651 1667 1671 ser-

880 1676 995 1703 vandam
1010 1677 1095 1704 fuisse
1105 1676 1365 1711 castitateiiiLQuod
1385 1676 1667 1711 quideiii’confiriiiari

881 1715 971 1745 potest
983 1712 1100 1746 quadam
1113 1711 1242 1739 'l‘heaiius
1269 1710 1457 1747 Pythagorica:
1477 1713 1667 1747 responsione,

879 1755 960 1780 quam
985 1747 1099 1781 ipsemet
1113 1747 1239 1774 Cletnens
1256 1751 1350 1773 noster
1376 1747 1500 1781 protulit,
1521 1748 1559 1775 ita
1577 1752 1665 1775 tamen

879 1786 909 1808 ut
930 1782 1056 1810 plurimis
1079 1789 1182 1809 morem
1199 1782 1271 1808 hunc
1285 1782 1472 1810 nescientibus
1495 1783 1612 1810 obscura
1631 1783 1670 1810 vi-

879 1816 936 1844 deri
954 1821 1046 1852 posset
1069 1827 1075 1844 :
1095 1826 1104 1841 ‹
1125 1816 1239 1852 Rogata,
1267 1817 1366 1852 inquit,
1396 1817 1507 1853 Theano
1523 1823 1605 1853 quoto
1624 1819 1669 1846 die

884 1853 982 1888 mulier
994 1856 1055 1887 post
1070 1860 1250 1887 congressum
1277 1860 1339 1878 cuin
1353 1852 1413 1879 viro
1424 1853 1458 1880 ad
1479 1852 1668 1888 Thesmopho-

878 1887 949 1913 rium
963 1890 1055 1914 venire
1070 1891 1172 1922 possit:
1194 1888 1216 1913 A
1231 1887 1342 1922 proprio
1358 1888 1467 1922 quidem
1490 1890 1580 1916 statim
1599 1887 1668 1916 sub-

875 1922 978 1957 junxit,
996 1930 1134 1956 nunquam
1151 1923 1186 1949 ab
1203 1923 1292 1949 alieno
1303 1923 1335 1949 "'.
1352 1932 1361 1948 ι
1377 1923 1455 1949 Nulla
1470 1923 1542 1950 enini
1556 1925 1665 1958 penitus

879 1958 977 1985 fuisset
991 1957 1064 1985 istud
1081 1958 1115 1984 ab
1129 1958 1179 1984 liae
1205 1958 1319 1984 muliere
1344 1958 1503 1992 philosopha
1527 1957 1666 1993 qurerendi

877 2000 971 2024 causa,
985 1993 1039 2020 nisi
1062 1993 1190 2020 mulieres
1207 1993 1355 2019 anteillum
1379 1994 1450 2019 diem
1471 1994 1570 2020 l'estuin
1590 1999 1666 2021 caste

877 2032 904 2056 et
932 2028 1035 2063 integre
1050 2028 1142 2054 vivere
1154 2028 1323 2055 debuissent.
1338 2028 1374 2055 De
1391 2029 1441 2055 hac
1453 2033 1542 2055 autem
1554 2027 1665 2057 Theano

881 2063 909 2090 in
922 2063 1048 2098 sequenti
1062 2063 1255 2098 dissertatione
1269 2070 1330 2097 cap.
1347 2064 1390 2093 18,
1405 2069 1455 2090 art.
1472 2063 1498 2091 4.

913 2097 1027 2125 Miratur
1041 2106 1123 2133 porro
1137 2097 1269 2125 llervetus
1292 2105 1344 2133 qua
1361 2098 1470 2125 tandem
1483 2098 1588 2126 ratione
1599 2098 1661 2126 Cle-

877 2141 954 2161 mens
967 2134 1000 2161 de
1016 2132 1173 2164 Eleusiniis,
1186 2141 1234 2160 seu
1244 2132 1353 2161 Cerei'is
1370 2133 1438 2161 festo
1448 2134 1492 2161 die
1506 2134 1662 2168 disputans,

877 2168 904 2195 iii
932 2168 1072 2195 Themidis
1092 2169 1220 2203 delapsus
1250 2169 1332 2195 fuerit
1354 2176 1525 2196 sermonem:
1541 2178 1551 2194 l
1575 2170 1664 2202 Quin-

875 2204 959 2231 etiam
972 2203 1112 2231 Themidis
1127 2211 1227 2230 arcana
1251 2204 1383 2239 syinbola,
1399 2204 1554 2239 origanum,
1572 2205 1663 2232 lucer-

876 2247 922 2270 na,
953 2240 1037 2270 ensis,
1061 2243 1157 2273 pecten
1183 2238 1325 2266 muliebris
1350 2238 1383 2270 “,
1411 2249 1420 2265 ›
1446 2238 1502 2266 etc.
1519 2238 1662 2267 Summum

876 2274 1016 2302 enimvero
1030 2274 1063 2302 de
1075 2274 1117 2301 his
1130 2274 1279 2310 Themidos
1289 2274 1397 2302 arcanis
1408 2274 1539 2310 symbolis
1554 2275 1591 2302 ait
1601 2283 1662 2302 esse

874 2310 945 2344 apud
963 2317 1058 2337 omnes
1073 2310 1221 2337 silentium.
1237 2309 1289 2337 Sed
1301 2309 1437 2337 nesciebat
1448 2310 1489 2336 vir
1499 2310 1596 2337 doctus
1611 2311 1661 2338 hoc

874 2343 1015 2372 Themidis
1025 2352 1176 2379 cognomen
1191 2352 1252 2372 Clllll
1280 2345 1342 2372 aliis
1362 2345 1487 2379 pluribus
1504 2346 1592 2372 eidem
1608 2345 1660 2373 Ce-

873 2379 1119 2415 reriaPorphyrio
1142 2380 1243 2407 ascribi
1268 2389 1274 2407 :
1301 2389 1311 2405 ‹
1339 2379 1372 2406 Et
1396 2380 1537 2415 quoniam,
1560 2381 1659 2414 inquit,

872 2415 914 2442 vis
927 2420 1057 2450 pra-terea
1070 2415 1212 2442 divinandi
1228 2415 1350 2450 quaedam
1371 2416 1470 2446 inerat,
1492 2415 1606 2443 Themin
1620 2416 1661 2450 ip-

873 2457 931 2477 sam
955 2451 1143 2483 nominarunt,
1159 2451 1238 2485 quasi
1255 2450 1370 2485 singulis
1394 2451 1427 2477 τὰ
1441 2450 1596 2486 τεθειμένα,
1609 2452 1662 2478 hoc

872 2490 924 2516 est,
943 2493 988 2513 res
1001 2486 1057 2513 fato
1074 2486 1238 2521 constitutas
1258 2489 1460 2521 eventurasque
1486 2487 1659 2521 praenuntiet.

875 2521 964 2558 Atque
975 2521 1048 2558 hunc
1064 2521 1090 2547 in
1114 2520 1224 2558 modum
1237 2521 1291 2548 vim
1307 2521 1380 2548 illam
1403 2520 1533 2549 terr-.e'tot
1552 2522 1662 2558 symbo-

876 2556 964 2583 lorum
981 2557 1113 2591 varietate
1126 2556 1289 2591 explicatam
1305 2561 1480 2589 venerantur,
1498 2565 1530 2584 ac
1546 2556 1660 2591 virginis

874 2591 994 2626 quidem,
1013 2590 1169 2626 Vestaeque
1183 2592 1304 2622 nomine,
1321 2596 1456 2626 quatenus
1481 2600 1513 2619 ea
1536 2590 1659 2626 centrum

874 2626 996 2654 universi
1008 2627 1215 2661 complectitur;
1230 2626 1366 2659 Parentis,
1382 2632 1516 2662 quatenus
1537 2630 1661 2655 animan-

874 2662 948 2689 tibus
962 2662 1091 2689 alimenta
1108 2662 1280 2698 suppeditat;
1297 2662 1373 2697 Opis,
1398 2668 1532 2698 quatenus
1558 2663 1661 2697 lapides

873 2701 1006 2732 generat,
1034 2697 1229 2733 montibusque
1245 2698 1412 2732 praeminet;
1440 2698 1566 2730 Cereris,
1593 2706 1662 2733 qua-

1509 2810 1531 2825 ³⁵
1543 2809 1658 2844 ιμσίςη).

1417 2846 1443 2861 δα
1454 2845 1557 2872 Arnob.
1569 2844 1615 2870 lib.
1627 2851 1656 2870 III

1429 2881 1472 2908 i5.
1526 2880 1549 2895 ⁸³
1564 2887 1592 2915 p.
1610 2878 1655 2906 Η.

1266 2847 1288 2862 ³⁹
1307 2845 1372 2872 Ibid.

1310 2882 1332 2896 "
1349 2889 1410 2917 pag.
1429 2881 1472 2908 i5.

1033 2917 1056 2933 "
1073 2924 1134 2951 pag.
1149 2916 1164 2947 Δ1
1171 2917 1197 2942 ιι.
