1927 3073
229 134 282 162 9H

544 131 580 160 IN
599 130 808 159 CLEMENTEM
826 131 928 160 ALEX.
949 131 981 160 Ι).
999 131 1043 159 LE
1058 132 1202 161 NOURRY
1223 132 1451 162 DISSERTATIO
1467 132 1488 162 Ι.

1798 131 1848 160 9L8

228 201 290 221 eum
306 190 514 227 Theophrastus
533 191 697 227 in_epitome_
707 189 939 227 Anaximandrum
964 198 1014 218 au-
1028 194 1050 221 Α
1065 191 1190 222 collocat,
1208 191 1254 226 qui
1268 192 1370 227 aliquid
1381 193 1525 220 sublimius
1542 191 1781 227 prmstantiusque
1796 189 1849 227 ele-

228 228 332 256 divisse
353 225 444 254 tradat
455 248 462 254 .
477 248 484 254 .
501 248 506 253 .
521 247 529 254 .
543 246 550 253 .
566 225 675 252 Primus
691 225 735 252 hic
749 229 849 252 terram
873 226 1012 260 globosam

229 263 309 294 dixit,
327 266 354 290 ct
380 262 408 289 in
434 262 523 289 medio
543 261 639 291 sitam,
665 260 772 295 duoque
786 267 848 287 esse
869 262 1012 291 elementa,

229 300 320 334 ignem
337 301 367 334 et.
383 301 483 324 terram
497 305 505 329 ς
523 297 598 334 illini]
616 296 733 334 opificis.
752 295 826 334 hunc
840 296 1014 334 materiatte-

228 330 294 361 n'ere
310 333 435 383 (7):dlnelll
450 351 458 359 .
473 353 480 359 .
493 352 500 359 .
512 353 518 360 .
536 350 544 358 .
561 330 666 358 Floruit
679 330 837 367 Olympiade
845 332 1014 366 sexagesima

229 376 300 396 nona
315 368 347 394 ⁷⁵.
366 377 375 393 ι

263 403 348 430 Nobis
362 406 451 429 tamen
468 401 567 435 aliquis
587 400 702 428 forsitan
718 400 831 434 objiciet
855 409 940 428 unum
953 405 1013 428 tan-

229 441 287 465 tum
308 438 489 472 principium,
507 436 611 463 scilicet
628 437 716 471 ignem
736 436 770 472 ab
789 436 883 472 eodem
894 436 1013 472 Parme-

229 473 293 500 nide
308 470 448 500 constitui.
464 470 558 498 Nonne
573 471 656 502 enim,
674 471 777 505 inquiet
794 471 838 498 ille
851 491 858 502 ,
875 471 901 497 id
917 471 1013 498 Cicero

228 508 272 535 his
286 511 418 535 memorat
430 507 539 541 verbis}
556 515 565 532 t
585 506 761 534 Parmenides
776 506 875 541 ignem,
894 507 938 541 qui
955 514 1012 533 mo-

228 547 290 569 veat
307 547 407 569 terram
420 562 427 573 ,
445 549 505 576 quae
523 540 558 568 ab
574 549 607 568 eo
624 543 747 568 ﬁrmatur
769 541 802 567 ⁷θ.
819 551 828 566 ι
856 540 1012 575 Respondet

227 575 652 617 Aldobrandinus’Parmenidem
669 576 703 602 de
726 576 859 617 principi?
881 577 1013 617 elliciente

227 613 360 640 duntaxat
376 612 461 647 loqui,
474 615 500 638 et
517 612 581 647 quia
595 617 695 638 terram
711 613 744 638 ab
761 611 826 645 igne
842 611 952 647 formari
964 613 1012 638 ad-

226 648 303 683 jecit,
322 647 395 674 aliud
413 645 447 674 ab
459 647 519 683 ipso
535 646 648 683 indicari
665 646 828 683 principium
844 646 878 673 ⁷⁷.
894 645 946 683 Sed
958 647 1012 683 hac

227 681 409 717 responsione
424 682 512 709 nudus
535 681 699 708 dillicultatis
712 683 802 715 potius
819 682 914 717 secari
938 682 1012 708 vide—

228 716 284 749 tur;
300 725 381 752 quam
399 717 465 745 solvi
479 726 487 749 ;
503 717 555 743 nisi
571 717 674 743 dixeris
690 716 834 752 terramab
851 717 922 750 igne,
941 717 1013 743 sicut

228 751 386 783 materiam,
403 756 433 779 ut
455 752 541 782 aiunt,
567 760 581 778 ει
595 752 680 778 forma
703 751 744 777 sic
757 751 843 785 ellingi
856 771 863 783 ,
883 755 911 777 nt
929 752 963 778 ab
979 759 1012 778 eo

228 795 306 814 Suam
318 787 435 822 speciem
449 791 476 813 et
493 787 604 822 liguram
623 786 747 822 accipiat.
763 786 818 813 llac
843 787 942 820 quippe
964 795 1012 813 ex-

249 821 376 849 licatioue
400 821 507 849 facilius
538 821 685 856 intelliges,
709 821 810 855 ignem,
838 822 917 848 sicuti
942 821 1011 849 dixit

228 830 364 883 Laertius.
374 857 479 883 onilicis
490 860 516 883 et
525 860 624 883 terram
638 856 760 883 materiei
773 861 863 883 tenere
877 856 1009 883 ordinem.

1064 228 1163 253 tuentis
1185 225 1322 261 primuni—
1339 231 1493 255 statuerunt
1517 225 1579 255 esse
1605 234 1700 254 rerum
1730 225 1848 253 omnium

1065 260 1237 296 principium.
1256 261 1326 290 Tres
1340 266 1429 290 autem
1449 263 1489 290 eis
1500 263 1584 290 duces
1609 261 1738 297 praeﬁcit,
1751 260 1850 297 Anaxi-

1064 297 1218 326 mandrum.
1236 297 1421 332 Anaxagoram
1445 302 1472 324 et
1491 296 1655 324 Archelaum
1669 317 1676 328 .
1697 297 1748 331 qui
1766 296 1849 330 primo

1063 339 1112 366 pro
1130 332 1263 366 principio
1280 333 1439 360 infinitatem
1461 333 1624 365 habuerunt,
1642 333 1681 358 ita
1701 337 1805 360 tamen.
1822 335 1849 356 ut

1062 367 1116 403 duo
1141 368 1305 401 posteriores
1332 371 1448 394 mentem
1475 368 1512 394 illi
1525 375 1645 403 praeesse
1659 366 1805 403 joluerint
1816 366 1846 403 ξ’.

1063 401 1243 434 Quamobrem
1258 403 1302 429 ille
1316 402 1379 431 alibi
1392 403 1425 429 de
1441 401 1616 438 Anaxagora:
1632 412 1641 427 ι
1657 401 1785 438 Primus.
1803 401 1846 438 ait.

1063 437 1236 471 Anaxagoras
1248 441 1364 464 mentem
1378 437 1459 465 rebus
1472 436 1597 465 adhibuit.
1613 438 1648 464 ⁸⁸.
1668 447 1677 463 ι
1699 436 1849 471 Euodatius

1062 479 1127 498 vero
1145 470 1300 507 liancrillins
1319 473 1473 507 opinionem
1496 471 1588 499 narrat
1605 472 1709 500 Cicero
1724 471 1774 498 lib.
1793 479 1801 497 ι
1816 470 1849 497 De

1063 511 1152 533 natur.
1182 506 1236 542 79
1256 506 1345 536 deor;
1367 515 1427 542 pag.
1454 507 1514 538 199,
1529 513 1556 535 et
1571 508 1619 535 lib.
1640 515 1668 533 iv
1695 507 1847 542 Academia.

1062 546 1167 577 quafst.,
1185 550 1244 576 pag.
1262 542 1309 576 '55;
1329 541 1460 577 Diogenes
1477 542 1601 571 Laertius
1619 543 1669 569 lib.
1686 550 1708 568 ιι
1728 541 1771 568 De
1794 542 1850 568 ritis

1062 576 1189 612 elidogm.
1207 576 1420 611 philosophorum
1432 597 1439 608 ,
1466 578 1493 605 in
1513 586 1593 612 quem
1611 578 1721 605 videsis
1737 576 1849 610 Menagii

1063 611 1231 646 aliorumque
1245 613 1333 639 varias
1350 611 1619 646 animadversiones;
1638 612 1790 640 Plutarch.
1805 612 1848 639 lib.

1063 653 1069 672 1
1088 647 1124 672 lle
1139 647 1229 680 placit.
1243 648 1407 681 pltilosoph.;
1423 647 1535 675 Tertull.
1551 648 1598 674 lib.
1614 648 1654 674 De
1671 648 1847 680 auima,cap.

1063 681 1118 717 1‘2;
1137 681 1269 710 Eusebius
1289 683 1336 709 lib.
1353 691 1366 709 ιι
1386 682 1535 715 Prmparat.
1553 683 1685 717 et‘angrl.,
1707 691 1774 717 pag.
1791 681 1848 708 5N.

1064 715 1171 753 Deillis
1187 718 1294 744 laudent
1312 717 1399 744 tribus
1419 717 1588 752 philosophis
1605 715 1658 745 nus
1674 715 1791 753 quoque
1801 717 1851 743 alio

1062 751 1088 777 in
1100 751 1171 787 libro
1184 752 1305 786 quaedam
1322 751 1532 787 perstrinximus
1546 754 1580 780 ⁸⁷.

1099 786 1154 814 llos
1166 791 1255 814 autem
1273 786 1344 822 apud
1369 787 1534 815 Clementem
1562 791 1693 814 nostrum
1711 786 1850 822 excipiunt

1062 820 1215 862 Lepcippus
1236 826 1262 849 et
1280 820 1448 862 Metrodorus
1465 822 1550 862 Chius
1563 843 1570 854 ,
1587 824 1634 857 qui
1656 820 1851 862 duplex'esse

252 858 364 893 aertins,
374 857 479 893 opilicis
490 860 516 893 et
525 860 624 893 terram
638 856 760 883 materiei
773 861 865 893 tenere
877 856 1009 883 ordinem.
1027 864 1048 891 Β
1063 857 1237 893 principium.
1252 857 1355 884 scilicet
1366 858 1475 891 plenum
1486 856 1808 893 etinauempinabautur
1818 857 1849 883 ".

229 892 282 919 Sed
299 896 423 920 nostrum
438 891 551 918 forsitan
568 891 594 917 in
608 891 690 917 hocce
707 899 801 926 parum
816 892 866 918 sibi
882 895 1012 918 constan—

228 928 264 954 tis
283 927 400 954 hominis
419 934 512 953 errore
529 926 697 953 enucleando
715 927 816 953 frustra
831 927 927 953 teritur
943 931 1011 953 tem-

228 970 291 997 pus.
311 961 406 989 Plures
419 961 550 995 siquidem
564 961 632 997 alios
645 961 779 997 deos.rvel
793 961 905 988 deorum
920 961 1011 996 potius

228 995 367 1027 monstra,
393 997 427 1024 ab
451 997 497 1023 illo
514 997 574 1031 ipso
587 995 749 1023 Parmenide
767 996 873 1023 invecta
891 995 931 1023 sic
946 997 1010 1024 alibi

228 1031 426 1059 docetCicero:
443 1041 451 1056 ‹
466 1031 641 1059 Parmenides
652 1031 869 1058 commentltinn‘i
879 1031 1010 1066 quiddam

228 1074 337 1094 corona:
366 1067 544 1093 similitudine
565 1066 664 1097 cllicit,
691 1066 854 1100 Stephanem
883 1067 1009 1100 appellat,

228 1102 412 1128 continentem
430 1102 527 1136 ardore
548 1101 618 1128 lucis
627 1101 731 1132 orbem,
748 1101 1009 1136 quicingitcwlum,

228 1145 308 1170 quem
320 1136 436 1171 appellat
447 1134 576 1163 Deum.ln
590 1144 644 1171 quo
656 1144 743 1170 neque
753 1134 866 1171 figuram
878 1135 1010 1169 divinam,

227 1180 316 1206 neque
332 1179 443 1198 sensum
471 1172 616 1207 quisquam
641 1172 775 1206 suspicari
801 1175 900 1206 potest.
915 1171 1011 1207 Multa

228 1205 350 1239 ejusdem
367 1205 505 1242 monstra,
532 1205 632 1242 quippe
647 1207 692 1240 qui
712 1205 822 1237 bellum,
843 1207 889 1240 qui
906 1205 1009 1242 discor-

227 1242 311 1277 diam,
328 1241 374 1276 qui
391 1241 579 1276 cupiditatem,
598 1246 750 1276 ceteraque
766 1241 873 1277 generis
889 1241 1010 1274 ejusdem

228 1277 262 1303 ad
276 1276 367 1312 Deum
392 1281 510 1308 revocat,
526 1285 587 1312 qua:
600 1277 643 1304 vel
660 1277 765 1308 morbo,
780 1277 820 1303 vel
838 1283 944 1308 somno,
969 1277 1012 1303 vel

227 1311 374 1341 oblivione,
388 1312 429 1338 vel
444 1311 577 1339 vetustate
594 1312 728 1338 delentur.
745 1311 898 1346 Eademque
918 1311 952 1338 de
971 1312 1010 1338 si-

228 1345 348 1375 deribus.
364 1354 424 1381 qum
438 1347 600 1381 reprehensa
615 1347 670 1381 jam
696 1347 723 1372 in
739 1348 802 1377 alio,
824 1345 916 1373 in’hoc
931 1346 1012 1373 omit-

227 1385 321 1408 tantur
336 1381 369 1408 ⁷⁸.
393 1392 402 1408 ι
425 1381 546 1416 Denique
562 1387 660 1417 praeter
677 1381 909 1417 Aldobrandinum
929 1382 1012 1409 alios-

227 1425 281 1451 que
311 1417 413 1443 Lacrtii
439 1416 613 1446 scholiastas.
632 1417 734 1450 poteris
760 1416 885 1443 Vossium
909 1424 1010 1443 consu-

227 1451 283 1479 lere
295 1453 328 1482 '9,
345 1456 426 1486 atque
446 1453 526 1479 etiam
544 1452 784 1486 Lescalopierium,
806 1452 851 1486 qui
867 1452 934 1478 hanc
947 1451 1012 1477 Par--

226 1487 345 1514 mcnidis
366 1494 496 1514 coronam
518 1488 545 1514 in
565 1488 663 1515 bonam
687 1491 791 1521 partem
813 1487 951 1521 explicare
965 1494 1012 1513 co-

226 1526 318 1548 natur.

263 1556 321 1584 Non
348 1558 431 1583 alium
459 1556 580 1591 llippaso
611 1556 796 1590 Metapontino
823 1560 849 1583 et
874 1555 1010 1585 Heraclito

227 1591 346 1626 Ephesio
363 1596 459 1626 praater
483 1593 571 1624 ignem
584 1591 666 1618 Deum
684 1592 768 1618 fuisse
790 1592 868 1619 nobis
884 1592 1010 1619 Clemens

227 1627 402 1660 postmodum
420 1631 515 1654 auctor
531 1631 583 1655 est.
606 1626 694 1653 Simili
715 1634 824 1661 quoque
842 1627 921 1654 modo
941 1628 1011 1654 hanc

228 1663 372 1695 utriusque
397 1662 551 1697 philosophi
580 1662 736 1696 opinionem
764 1662 877 1697 exponit
904 1662 1011 1688 Plutar-

226 1697 297 1723 chus
313 1698 346 1729 ⁸ο,
364 1695 438 1724 οιὲις
455 1695 605 1723 Plutarcho
616 1696 766 1723 Eusebius:
788 1695 968 1724 (Heraclitus
985 1701 1011 1723 et

228 1730 366 1766 Hippasus
376 1731 576 1767 Metapontinus
586 1731 678 1766 (verba
691 1735 756 1758 Sunt
764 1731 913 1766 Plutarchi)
923 1732 1010 1766 ignem

227 1767 347 1793 omnium
358 1775 419 1794 esse
429 1766 518 1794 rerum
530 1767 692 1801 principium
702 1767 905 1801 perhibuerunt.
915 1766 1011 1793 Omnia

227 1802 300 1836 enim
322 1801 417 1829 dicunt
433 1810 466 1829 ex
490 1802 551 1836 igne
578 1802 653 1829 nasci
667 1801 700 1828 3‘.
721 1811 730 1826 ι
756 1802 790 1828 At
815 1802 842 1828 in
866 1802 1010 1836 Diogenem

227 1835 378 1868 Laertinm,
398 1839 442 1872 qui
459 1838 492 1864 dc
503 1835 618 1871 utroque
635 1837 780 1871 separatim
795 1835 960 1872 disputat”,
974 1838 1011 1863 le-

226 1871 299 1907 gcsirs
315 1871 428 1907 Menagii
449 1873 619 1906 aliorumque
636 1872 851 1899 observationes.
873 1871 926 1907 Nos
948 1880 1012 1899 vero

226 1907 260 1932 de
278 1906 414 1934 Heraclito
438 1913 464 1934 ct
489 1907 652 1941 Empedocle
670 1927 676 1938 ,
702 1915 781 1940 qllcm
805 1908 867 1934 huic
885 1906 1010 1934 Clemens

227 1941 379 1976 subjunxit,
397 1950 428 1969 ac
444 1943 477 1969 de
491 1943 599 1969 illorum
617 1943 759 1969 sententiis
778 1950 929 1970 sermonem
948 1942 1010 1968 alibi

227 1976 343 2012 fecimus
356 1978 389 2005 ⁸³.
402 1977 671 2012 Quapropterobiter
686 1977 729 2003 hic
747 1978 917 2003 monebimus
938 1977 1009 2011 quod

226 2011 352 2040 Cle’mens
369 2011 549 2046 adjnmiit,rct
577 2011 710 2042 [let-vetus
737 2013 787 2038 sibi
814 2013 1010 2046 incompertum

226 2054 286 2077 esse
300 2048 437 2079 declarat,
451 2047 612 2074 Macedones
627 2051 654 2073 et
667 2046 843 2074 Sauromatas
860 2048 947 2081 ignem
962 2055 1009 2073 co-

226 2081 328 2121 luisse;
354 2084 422 2121 illud
444 2091 459 2109 a
485 2082 582 2121 vossio
607 2082 787 2121 tant-diserte
804 2082 1012 2121 explauari,_ut

226 2116 289 2144 inde
314 2118 377 2144 huic
394 2118 540 2145 Clementis
565 2117 652 2144 nostri
673 2116 733 2143 lo'co
757 2116 811 2143 n'on
829 2117 940 2144 minima
965 2117 1011 2144 lux

226 2152 355 2179 alter-itur
364 2154 397 2180 ⁸⁸.

491 2187 689 2214 ARTlCULUS
712 2186 744 2214 11.

226 2221 393 2263 Dleecuut‘ia
402 2210 776 2263 classejpl-iil-osopllornvnt;qui
784 2223 884 2258 aliquid
899 2223 1009 2263 eleuieu-
1025 2210 1048 2238 ι)

262 2257 295 2283 tis
311 2258 449 2285 sublimius
465 2259 586 2284 dixerunt
601 2267 656 2284 esse
674 2258 788 2292 primum
811 2257 896 2285 rerum
910 2259 1009 2292 princi-

260 2292 342 2328 pium,
360 2293 745 2328 de,opinioneAnaximandri.
765 2293 939 2327 Anoxagorw,
958 2296 1009 2319 Ar—

260 2327 355 2359 c/IcIai,
366 2328 499 2363 Leucippi,
511 2327 667 2360 Metrodori,
679 2329 830 2359 Democriti,
846 2328 1007 2359 Heraclidis,

259 2366 283 2388 et
293 2362 324 2388 de
341 2365 475 2397 utriusque
489 2363 578 2394 idolis,
597 2372 642 2390 seu
657 2363 833 2398 imaginibus;
851 2369 939 2389 utrum
954 2363 1008 2390 Me—

260 2397 382 2425 trodorus
401 2399 480 2431 fuerit
499 2398 629 2425 Heracliti
649 2398 812 2432 discipulus;
837 2398 868 2424 de
889 2400 1009 2432 opinione

261 2432 428 2465 Alciuwonis,
445 2433 612 2465 Xenocratis,
631 2433 800 2460 Chalcedonii
813 2455 820 2466 ,
847 2433 1007 2466 Stoicorum,

261 2468 421 2497 Aristotelis.
437 2468 617 2501 Theophrasti,
633 2474 657 2495 et
671 2468 789 2501 Epicuri.

261 2502 386 2530 Secunda
411 2504 635 2538 philosophorum
662 2504 688 2530 iu
709 2504 797 2531 classe
813 2503 940 2531 Clemens
962 2511 1009 2531 eos

264 2579 286 2596 ⁷³
305 2580 395 2608 Laert.
413 2581 461 2608 lib.
480 2589 506 2608 ix
535 2581 572 2608 De
586 2581 650 2607 vitis
666 2585 692 2607 et
708 2580 799 2615 dogm.
816 2581 983 2615 philosoph.,
1003 2579 1017 2615 ᾗ
1034 2580 1078 2607 21.
1139 2581 1161 2595 ⁷⁸
1182 2580 1270 2607 Cicer.
1288 2580 1335 2607 lib.
1356 2588 1383 2607 Iv
1398 2580 1433 2607 Ac

267 2616 378 2642 Aldcbr.
397 2616 423 2642 in
441 2617 515 2642 civit.
533 2616 624 2642 Laert.
644 2617 743 2642 locurn.
793 2616 814 2631 ⁷⁸
834 2616 922 2642 Cicer.
941 2616 987 2642 lib.
1007 2624 1014 2642 ι
1036 2615 1073 2642 De
1093 2619 1183 2642 natur.
1200 2616 1324 2642 deorum.
1343 2616 1433 2642 p.199

441 2623 515 2643 civit.
533 2623 624 2642 Laert.
644 2623 743 2642 locum.
795 2623 814 2631 ὀ
834 2623 922 2642 ωορκ
941 2623 987 2642 un.
1007 2624 1014 2642 ι
1037 2623 1073 2642 ue
1093 2623 1183 2642 natur.
1200 2623 1324 2646 aeui-um,
1343 2623 1445 2649 p.133.
1485 2623 1505 2631 ’ν
1529 2623 1605 2642 voss.
1624 2623 1672 2641 nu.
1691 2623 1730 2641 ue
1752 2623 1840 2648 panos.

423 2651 446 2667 ⁸⁰
466 2652 603 2678 Plutarch.
622 2651 669 2677 lib.
689 2658 697 2677 ι
715 2650 752 2677 De
767 2651 837 2685 plac.
851 2651 961 2685 philos..
975 2651 1076 2685 p.877.
1112 2651 1133 2666 ⁸³
1153 2651 1250 2677 Euseb.
1269 2651 1287 2678 l.
1305 2659 1349 2677 xw
1366 2651 1482 2684 Praepar.
1500 2658 1609 2683 evang.
1628 2657 1654 2676 c.
1675 2649 1718 2680 14,
1743 2657 1769 2683 p.
1781 2647 1840 2685 A748-

224 2616 246 2632 "
267 2616 378 2643 Aldcbr.
397 2616 423 2642 in
441 2617 515 2643 civit.
533 2616 624 2642 Laert.
644 2617 743 2642 locum.

224 2651 299 2683 lect.,
318 2659 342 2678 υ,
357 2651 382 2677 7.

223 2686 246 2702 θ’
267 2685 357 2713 Laert.
376 2687 423 2713 lib.
440 2694 488 2713 vui
507 2686 543 2713 De
558 2686 622 2713 vitis
639 2689 665 2712 et
681 2687 770 2720 dogm.
791 2686 901 2720 philos,
920 2686 933 2721 §
952 2686 995 2717 Si,
1017 2689 1043 2712 ct
1060 2686 1106 2714 lib.
1126 2694 1162 2715 ix,
1176 2686 1210 2720 ξι
1230 2691 1256 2713 ct
1273 2694 1329 2720 seq.

379 2721 491 2755 “hVoss.
510 2721 556 2748 lib.
574 2729 592 2747 ιι
611 2721 646 2747 De
664 2721 732 2752 orig.
749 2726 775 2747 ct
791 2729 880 2756 progr.
899 2721 1003 2754 idolol.,
1024 2730 1049 2748 c.
1066 2721 1100 2747 (ii
1116 2725 1143 2748 ct
1159 2729 1216 2755 seq.
1261 2721 1284 2736 ⁸⁵
1305 2729 1366 2756 pag.
1383 2721 1427 2747 45.
1467 2721 1486 2734 πε

379 2757 512 2783 tonarat..
526 2757 579 2782 loc.
601 2756 647 2783 (ll.
706 2757 728 2771 ⁸³
759 2756 825 2782 ibid.
873 2757 895 2772 ⁸⁵
914 2756 1004 2783 Cicer.
1027 2756 1072 2783 lib.
1090 2764 1117 2782 iv
1133 2756 1261 2783 Acadcm.
1278 2760 1388 2783 oua:st..
1406 2763 1432 2783 ι).
1451 2755 1486 2782 55

619 2763 647 2783 ιι.
706 2763 728 2771 °°
759 2763 825 2782 Iniu.
873 2763 895 2772 ’³³
914 2763 1004 2783 Cicer.
1027 2763 1072 2783 nn.
1090 2764 1117 2782 iv
1133 2763 1261 2783 Acaucm.
1278 2763 1388 2790 qua:st.,
1406 2763 1432 2790 p.
1451 2763 1495 2782 oo.
1550 2763 1572 2770 "
1594 2763 1686 2782 Lacu.
1705 2763 1752 2780 un.
1770 2763 1793 2779 ix
1810 2763 1839 2778 νε

615 2791 649 2817 ὖίὶ
664 2794 693 2817 et.
706 2791 749 2818 5|.
788 2792 813 2806 9L
832 2791 930 2818 Euseb.
949 2792 995 2818 lib.
1013 2799 1020 2818 l
1038 2791 1155 2826 Praepar.
1172 2799 1279 2826 evang,
1297 2800 1321 2818 c.
1339 2791 1366 2823 8,
1382 2799 1408 2825 p.
1426 2791 1470 2817 24.
1505 2790 1526 2806 ³¹
1546 2789 1637 2817 Cicer.
1648 2789 1703 2826 lib.
1721 2797 1749 2826 iv
1763 2787 1839 2826 Acad.

223 2721 250 2772 ἐς.
265 2721 338 2762 §29.
379 2721 491 2755 “.‘Noss.
510 2721 556 2748 lib.
574 2729 592 2747 ιι
604 2721 646 2768 [De
664 2721 728 2752 orig.

242 2792 247 2796 .
265 2757 314 2796 lib.
334 2757 512 2796 11-Apparat”
526 2757 647 2796 loc.nti_t.
682 2794 687 2796 Δ
706 2757 728 2796 :3

223 2792 287 2818 vitis
304 2796 330 2819 ct
345 2792 434 2827 dogm.
454 2792 565 2827 philos,
585 2791 597 2826 §

224 2832 333 2862 qtnest.,
358 2835 385 2862 p.
402 2827 447 2854 ΞΛ.

225 2861 341 2898 Prirpat'.
359 2861 466 2898 evang,
484 2870 508 2890 ε.
525 2862 570 2895 20,
597 2869 623 2896 p.
642 2861 702 2889 766.

759 2756 825 2782 ibid.

743 2862 764 2878 ’³
783 2868 846 2900 pag.
869 2861 912 2889 45.

487 2827 509 2842 ⁸³
529 2825 619 2854 Laert.
636 2826 683 2853 lib.
702 2834 728 2853 ix
748 2826 784 2852 De
800 2825 862 2853 vitis
876 2831 903 2862 et
918 2827 1008 2862 dogm.
1028 2825 1127 2862 philos.
1145 2826 1173 2854 in
1190 2825 1253 2854 Vita
1268 2826 1498 2862 Anaximandri,§
1513 2826 1558 2852 9.8.

1062 892 1187 918 Clemens
1202 896 1291 919 tamen
1316 893 1342 919 id
1360 896 1487 927 tanquam
1504 900 1615 920 omnino
1627 897 1740 920 certum
1757 897 1784 919 et
1806 899 1851 927 ex-

1062 927 1197 961 ploratum
1221 934 1344 954 asserere
1360 926 1519 954 non’audei.
1532 927 1635 954 Ibidem
1653 928 1731 954 enim
1748 926 1850 953 addidit

1061 962 1098 993 ὡς
1113 961 1210 992 ἔοικεν,
1229 972 1238 987 ‹
1259 965 1288 988 ιιι
1305 963 1420 989 videtur.
1442 973 1450 989 ι
1469 962 1574 990 Tullius
1591 970 1658 989 vero
1671 963 1728 989 ulla
1749 962 1848 996 absque

1062 997 1230 1024 hazsitatione
1246 997 1316 1024 hanc
1345 998 1430 1024 fuisse
1454 997 1581 1032 Leucippi
1597 998 1779 1032 opinionem,
1803 1004 1847 1023 seu

1062 1033 1152 1066 potius
1166 1040 1285 1059 errorem
1302 1031 1419 1059 affirmat
1433 1033 1469 1066 5’;
1482 1031 1607 1067 quamvis
1617 1031 1663 1059 illa
1676 1033 1760 1067 paulo
1775 1032 1850 1058 aliter

1062 1075 1078 1094 ει
1103 1066 1220 1101 Diogene
1246 1067 1353 1094 Laertio
1380 1068 1452 1094 hunc
1479 1066 1629 1102 exponalur
1660 1066 1689 1094 in
1720 1067 1848 1094 modum:

1065 1111 1074 1127 ε
1094 1102 1257 1130 Universum
1279 1103 1412 1129 inlinitum
1436 1103 1492 1129 ait:
1512 1102 1594 1136 hujus
1609 1106 1718 1137 partem
1742 1103 1848 1136 plenam

1061 1145 1132 1167 esse.
1149 1143 1251 1172 partem
1265 1137 1373 1164 inanem
1384 1147 1390 1170 ;
1403 1141 1429 1164 et
1444 1138 1576 1164 elementa
1594 1139 1650 1169 ait,
1677 1137 1850 1171 mundusqth

1061 1180 1092 1199 ex
1107 1173 1139 1199 iis
1156 1172 1277 1199 inlinitos
1293 1180 1365 1204 esse,
1382 1176 1408 1199 et
1422 1173 1448 1198 in
1464 1173 1509 1198 illa
1524 1173 1635 1199 dissolvi
1654 1172 1689 1199 '°.
1708 1182 1718 1197 ι
1738 1171 1850 1198 Plutar-

1062 1207 1130 1235 chus
1153 1215 1261 1241 quoque
1288 1207 1471 1234 Metrodorum
1490 1207 1552 1234 huic
1567 1208 1681 1234 omnino
1705 1206 1850 1241 sulTragari

1062 1243 1132 1277 apud
1150 1242 1294 1270 Eusebium
1307 1247 1399 1276 aperte
1415 1242 1549 1276 signilicat
1565 1243 1599 1269 εί.

1097 1277 1193 1304 Utrum
1218 1281 1307 1304 autem
1330 1278 1398 1305 idenl
1423 1278 1467 1304 ille
1479 1277 1650 1304 Metrodorus
1667 1277 1695 1304 in
1720 1276 1774 1303 hac
1790 1284 1849 1303 sen-

1061 1313 1145 1339 tentia
1159 1312 1203 1339 diu
1220 1312 1443 1346 perseveraverit,
1456 1313 1483 1339 in
1495 1313 1607 1340 dubium
1624 1313 1697 1339 haud
1712 1312 1850 1338 immerito

1062 1348 1153 1374 vocari
1169 1351 1267 1382 potest.
1283 1347 1410 1379 Quredam
1427 1348 1526 1375 etenim
1545 1348 1618 1374 illius
1633 1348 1716 1374 verba
1735 1354 1749 1373 a
1770 1346 1850 1382 Cice-

1062 1390 1128 1410 rone
1143 1380 1262 1410 citantur
1274 1403 1280 1411 .
1298 1382 1397 1417 quibus
1415 1391 1464 1409 nos
1488 1382 1559 1410 scire
1581 1383 1682 1417 aliquid
1705 1380 1851 1417 priefracte

1062 1418 1192 1452 negabat:
1220 1427 1229 1443 (
1251 1416 1420 1444 llletrodorus
1436 1417 1531 1448 Chius,
1553 1427 1562 1443 ι
1590 1416 1633 1444 ita
1655 1417 1781 1452 loquitur
1804 1416 1850 1443 Ci-

1062 1460 1136 1484 cero.
1155 1462 1163 1478 ι
1180 1452 1257 1480 initio
1273 1453 1345 1483 libri,
1359 1452 1405 1486 qui
1423 1457 1464 1479 est
1472 1452 1505 1479 de
1518 1457 1632 1479 natura:
1644 1451 1731 1486 Nego.
1747 1452 1849 1485 inquit.

1063 1488 1133 1514 scire
1147 1495 1206 1519 nos,
1225 1488 1378 1514 sciamusne
1393 1487 1504 1522 aliquid,
1528 1495 1561 1514 an
1574 1487 1641 1514 nihil
1663 1488 1800 1519 sciamus,
1818 1495 1851 1513 ne

1063 1522 1180 1557 idipsnm
1198 1523 1306 1557 quidem
1331 1522 1446 1554 nescire,
1465 1526 1511 1548 aut
1523 1523 1604 1552 seire.
1619 1522 1690 1549 scire
1708 1529 1779 1557 nos)
1800 1529 1850 1549 nec

1064 1556 1185 1589 omnino,
1198 1558 1268 1584 sitne
1284 1557 1396 1591 aliquid,
1415 1565 1448 1583 an
1460 1557 1526 1584 nihil
1540 1557 1573 1584 sit
1587 1558 1621 1583 ”.
1644 1567 1653 1582 ι
1672 1557 1751 1584 l'nde
1766 1556 1851 1583 Laer-

1063 1593 1117 1620 tius
1143 1592 1176 1619 dc
1189 1592 1283 1619 eodem
1299 1592 1470 1620 Metrodoro:
1492 1602 1500 1617 ι
1523 1592 1573 1618 llic
1588 1600 1618 1619 se
1634 1600 1669 1618 ne
1685 1593 1713 1619 id
1735 1591 1849 1625 quidem

1063 1627 1134 1654 scire
1146 1627 1264 1657 dicebat.
1281 1627 1354 1662 quod
1373 1628 1439 1654 nihil
1463 1628 1546 1654 sciret
1563 1628 1595 1653 ⁸³.
1612 1637 1626 1662 ιν
1640 1626 1785 1662 Meuagius
1807 1630 1850 1652 ta-

1062 1669 1123 1688 men
1139 1662 1194 1689 lucc
1213 1662 1239 1691 in
1255 1661 1353 1689 Laertii
1366 1666 1470 1689 textum
1494 1669 1510 1689 a
1533 1662 1601 1688 male
1617 1661 1715 1689 feriato
1725 1661 1849 1696 quodam

1062 1698 1197 1732 scriptore
1221 1697 1325 1724 intrusa
1348 1697 1448 1724 idcirco
1470 1698 1637 1732 suspicatur,
1665 1697 1739 1732 quod
1763 1697 1803 1723 ibi
1817 1697 1850 1723 de

1062 1731 1208 1764 Metrodori
1223 1733 1395 1767 dogmatibus
1410 1740 1500 1759 sermo
1512 1731 1565 1759 non
1580 1736 1663 1759 esset.
1676 1731 1716 1759 'At
1737 1739 1802 1759 cum
1817 1739 1850 1759 ex

1062 1768 1194 1794 Cicerone
1220 1766 1326 1795 constet
1352 1767 1424 1794 hunc
1437 1767 1520 1795 fuisse
1538 1766 1685 1794 Metrodori
1709 1774 1846 1798 errorem,

1063 1803 1165 1829 nullius
1180 1808 1252 1830 certe
1268 1803 1398 1830 momenti
1407 1807 1454 1837 rest
1472 1802 1529 1830 haec
1546 1802 1661 1837 Menagii
1679 1803 1761 1829 ratio.
1778 1801 1849 1834 Quid

1062 1838 1134 1863 enim
1160 1838 1296 1871 prohibet,
1314 1838 1378 1871 quin
1405 1836 1547 1867 Laertius,
1573 1837 1618 1863 ubi
1637 1838 1663 1863 in
1692 1837 1849 1872 philosophi

1062 1873 1136 1899 illius
1150 1874 1314 1900 mentionem
1340 1872 1448 1903 incidit,
1466 1872 1536 1899 hanc
1550 1872 1696 1900 absurdam
1715 1873 1777 1905 ejus
1791 1873 1848 1906 opi-

1062 1908 1171 1934 nionem
1187 1908 1275 1937 obiter
1291 1907 1437 1934 crediderit
1451 1915 1513 1934 esse
1526 1906 1692 1934 notandam?
1705 1906 1740 1933 lit
1755 1912 1786 1933 ut.
1801 1908 1847 1938 sit,

1062 1942 1211 1970 Aristocles
1224 1942 1295 1977 apud
1307 1942 1453 1969 Eusebium
1471 1943 1553 1969 refert
1568 1942 1694 1969 eumdem
1712 1941 1849 1969 Metrodm

1061 1986 1122 2004 rum
1149 1977 1183 2004 iis
1208 1978 1296 2004 adhuc
1322 1977 1534 2011 subscripsisse,
1560 1977 1607 2012 qui
1632 1978 1847 2008 somniaveram,

1065 2022 1074 2037 ι
1094 2013 1244 2046 cujusmodi
1272 2013 1403 2047 quidlibet
1427 2016 1574 2046 appareat,
1601 2012 1738 2045 ejusmodi
1766 2012 1846 2047 etiam

1063 2048 1127 2074 illud
1153 2056 1223 2074 esse.
1242 2046 1400 2074 Dcicaeteris
1415 2047 1544 2074 aflirniari
1562 2054 1577 2073 a
1592 2048 1673 2074 nobis
1685 2052 1762 2074 certo
1780 2046 1847 2073 nihil

1062 2090 1141 2116 posse
1150 2084 1181 2109 “.
1196 2093 1204 2108 ι
1217 2082 1269 2109 Nec
1279 2083 1379 2109 morari
1389 2090 1551 2116 queinquam
1560 2082 1640 2109 debet
1652 2086 1728 2108 tanta
1739 2086 1847 2116 tamque

1063 2117 1195 2151 stupenda
1214 2118 1297 2145 hocce
1319 2119 1346 2144 in
1373 2117 1534 2152 philosopho
1559 2117 1746 2144 inconstantis
1763 2117 1846 2143 animi

1062 2153 1168 2179 levitas.
1181 2153 1250 2185 Quid
1263 2153 1335 2180 enim
1356 2153 1453 2178 mirum
1469 2153 1492 2179 si
1506 2152 1549 2179 hic
1563 2153 1666 2186 aliique
1680 2152 1846 2187 philosophi,

1063 2195 1078 2213 a
1094 2188 1207 2214 veritate
1222 2192 1277 2215 toto
1294 2188 1363 2215 cado
1377 2188 1547 2218 aberrantes,
1563 2188 1590 2214 in
1606 2191 1662 2213 tam
1680 2188 1772 2214 varias
1784 2187 1847 2213 sibi-

1062 2223 1192 2258 queadeo
1211 2226 1392 2258 repugnantes
1408 2223 1558 2258 sententias
1571 2222 1708 2249 abierint?

1098 2257 1226 2291 Majorem
1241 2256 1434 2285 ’dillicultateni
1460 2257 1576 2284 llerveto
1598 2265 1630 2284 ea
1655 2264 1724 2284 sane
1747 2256 1846 2283 habere

1062 2292 1189 2319 videntur
1202 2313 1209 2324 ,
1231 2301 1290 2328 quae
1307 2293 1433 2320 Clemens
1449 2293 1482 2320 de
1501 2291 1847 2328 Democrito_contineuter

1062 2328 1217 2355 subnectit:
1239 2326 1253 2353 }
1268 2328 1308 2355 Ab
1330 2327 1373 2354 his
1390 2331 1478 2354 autem
1500 2327 1638 2359 duobus,»
1663 2326 1803 2361 Leucippo
1823 2330 1847 2353 et

1060 2363 1225 2393 Metrodoro,
1243 2373 1252 2388 ‹
1268 2367 1388 2390 matnata
1402 2362 1501 2396 adjecit
1515 2362 1675 2393 simulacra.
1691 2369 1741 2388 seu
1759 2369 1845 2396 rerum

1060 2399 1176 2432 species,
1191 2399 1224 2424 τὰ
1234 2398 1338 2428 εἴδωλα,
1355 2397 1523 2424 Democritus
1534 2397 1723 2423 Abderitanus
1733 2397 1755 2411 ³⁸
1763 2413 1769 2419 ι
1777 2404 1787 2419 ι
1800 2395 1847 2432 Fa-

1060 2431 1133 2460 tetur
1143 2434 1275 2467 siquidem
1291 2433 1424 2459 llcrrctus
1438 2433 1520 2462 hunc,
1536 2436 1566 2458 ut
1579 2432 1745 2458 Aristoteles
1763 2431 1846 2467 perhi-

1061 2469 1116 2498 bet,
1132 2465 1211 2502 pleno
1224 2473 1249 2495 et
1267 2469 1340 2494 inani
1358 2475 1471 2501 corpora
1490 2467 1674 2502 insectabilia,
1691 2474 1754 2500 quae
1767 2465 1844 2492 atomi

1061 2501 1201 2535 dicuntur,
1220 2503 1388 2538 adjunxissc.
1405 2503 1446 2529 An
1464 2506 1554 2529 autem
1575 2501 1752 2529 Democritus
1768 2509 1800 2528 ea
1812 2501 1845 2527 ita

1034 2580 1078 2607 21.
1139 2581 1161 2595 ⁷⁸
1182 2580 1270 2607 Cicer.
1288 2580 1335 2607 lib.
1356 2588 1383 2607 iv
1398 2579 1526 2607 Acadcm.
1544 2583 1654 2614 quaest.,
1679 2587 1707 2614 p.
1725 2579 1771 2609 47,
1788 2577 1842 2605 init.

1483 2616 1505 2631 ⁷⁹
1527 2614 1605 2642 Voss.
1624 2615 1672 2641 lib.
1691 2614 1730 2641 De
1752 2614 1842 2648 philos.

1368 2686 1391 2701 ⁸³
1411 2683 1512 2720 Appar.
1531 2685 1577 2711 lib.
1597 2692 1628 2715 ιι,
1645 2684 1760 2711 dissert.

1467 2720 1489 2756 ’ξεί
1510 2719 1731 2756 l-ib.7u‘Stroni.,
1742 2727 1768 2753 p.

1261 2721 1284 2736 ⁸⁵
1305 2729 1366 2756 pag.
1383 2721 1427 2747 45.
1467 2721 1489 2734 ’⁸⁸
1510 2721 1556 2746 l-ib.
1575 2727 1593 2745 ιι
1612 2721 1728 2756 Strata,
1742 2727 1768 2753 p.
1786 2721 1840 2756 364..

1278 2760 1388 2782 ouaest..
1406 2763 1432 2782 ι).
1451 2755 1495 2782 55.
1549 2755 1572 2770 ί²⁰
1594 2754 1686 2782 Lacrt.
1705 2753 1752 2780 lib.
1770 2761 1793 2779 ix
1810 2752 1841 2778 De

1605 2826 1628 2840 ¹¹δ
1648 2824 1751 2852 Euseb.
1767 2825 1784 2850 ι.
1800 2829 1840 2850 nv
