1927 3073
76 167 136 195 955

355 166 446 194 ALIAE
464 165 499 194 ΙΝ
515 156 808 195 (ΞΟΗΟῙΠΑΤΙΟΝΕΜ
826 164 864 192 ΕἸ

924 163 1114 193 EDAGOGUM
1133 160 1429 191 OBSERVATIONES.

1659 166 1712 196 θδι

74 233 163 257 mus,
193 228 291 253 contra
311 225 407 253 Cicero
423 233 478 253 non
495 225 608 253 mineris
628 226 700 252 hunc
719 224 876 252 Cleanthem
891 227 914 254 Α
928 223 973 251 tia:
994 223 1133 250 studiosos
1148 225 1175 249 et
1194 221 1318 249 veritatis
1338 220 1512 255 indagatores
1526 227 1587 249 esse
1600 221 1712 257 jactita.

74 261 194 294 ipsum,
213 268 296 295 quam
316 259 522 295 Xenophontem
547 261 637 295 arguit
659 260 777 288 levitatis
792 264 819 287 et
835 260 876 286 in-

73 297 248 322 constantiae
260 304 274 330 :7
284 304 293 320 ι
313 295 457 323 Cleanthes
471 295 517 330 qui
532 294 667 323 Zenonem
681 294 803 326 audivit,
819 299 874 321 tum

75 330 177 364 ipsum
193 329 325 357 mundum
342 330 426 357 Deum
442 329 507 357 dicit
517 338 593 359 esse.
607 336 662 358 tum
676 331 760 356 totius
772 334 876 356 natura;

75 366 171 392 menti
185 365 365 400 atqucanimo
377 366 428 392 hoc
440 373 540 392 nomen
555 366 665 398 tribuit;
680 370 736 392 tum
748 365 874 391 ultimum

73 404 104 426 et
126 401 293 427 altissimum
307 419 314 430 ,
335 404 417 433 atque
430 400 549 434 undique
560 401 755 427 circumfusum
766 421 773 431 .
790 404 817 427 et
827 406 875 426 ex-

74 439 204 462 tremum
224 435 315 462 omnia
329 435 482 470 cingentem
493 433 596 470 {atque
612 435 781 470 complexum
798 433 876 470 ardo-

74 477 160 500 rem,
179 470 226 503 qui
243 471 328 497 aether
342 468 512 500 nominetur,
527 468 711 497 certissimum
730 468 812 496 Deum
830 469 874 503 ju-

73 505 169 532 dicat.
187 506 260 532 ldem
270 505 347 539 quasi
361 505 479 532 delirans
492 506 518 531 in
533 505 566 532 iis
582 505 670 536 libris,
684 512 752 539 quos
764 504 874 538 scripsit

73 545 182 567 eontra
207 540 392 574 voluptatem,
417 544 474 566 tum
495 540 570 574 lingit
593 540 707 566 formam
728 539 873 574 quamdam

72 579 105 601 et
135 575 254 609 speciem
275 575 402 606 deorum,
424 579 481 601 tum
501 575 670 602 divinitatem
694 582 801 601 omnem
822 574 874 600 tri-

73 609 142 636 buit
151 610 246 639 astris,
256 614 311 637 tum
322 609 387 636 nihil
397 610 502 637 ratione
513 615 605 637 censet
613 618 674 637 esse
683 610 803 636 divinius
813 609 845 635 ⁸⁸.
861 618 870 634 ι

117 644 176 672 Sed
212 645 336 679 quamvis
368 644 512 672 Cleanthes
539 645 590 672 hac
614 645 758 672 verborum
781 644 872 678 potius

71 687 165 713 quam
182 680 264 707 animi
278 679 444 707 volubilitate
456 681 592 707 censuerit
607 687 685 707 czecaa
699 683 726 706 et
741 679 871 714 pertinaci

71 715 157 749 vulgi
182 715 322 749 imperitia
335 723 396 742 esse
413 715 574 747 cedendum,
591 715 616 742 id
630 720 720 741 tamen
736 722 790 741 non
807 722 872 748 pro-

73 750 179 781 hibet,
202 750 348 784 quominus
365 750 409 777 ille
430 750 463 777 de
484 750 539 777 Deo
560 758 591 777 ea
606 750 724 777 dilucide
739 750 872 784 planeque

72 785 195 820 scripti§
210 785 356 819 aliquando
370 785 530 816 tradiderit.
547 792 607 820 quae
620 793 683 812 vera
697 793 758 812 esse
771 785 872 811 sentie-

71 819 137 846 bat.
170 819 203 846 Et
226 827 290 847 vero
311 820 368 854 ipse
388 821 485 847 saltem
505 819 631 848 Clemens
652 825 745 847 noster
767 819 818 846 hoc
834 820 871 846 ita

71 862 245 888 persuasum
259 855 352 881 habuit
368 854 451 882 utilio
461 856 487 882 in
499 854 569 880 libro
580 854 603 870 ”
623 855 718 882 eadem
731 854 869 882 Cleanthis

70 890 223 919 carmina.
244 897 275 917 ex
293 890 410 924 quodam
429 890 502 917 illius
520 890 553 917 de
573 890 628 917 Deo
652 894 794 925 poemate,
808 894 870 916 tan-

69 931 163 960 quam
180 928 255 951 certa
271 928 297 952 et
316 926 349 952 ab
365 933 397 960 e9
411 933 474 952 vere
490 924 610 960 profecta
626 933 721 953 rursus
734 925 867 952 citaverit.

112 959 246 996 Denique
259 960 325 996 quid
344 968 358 986 a
379 959 532 996 Pythagora
553 961 667 995 ejusque
687 960 868 996 sectatoribus

68 998 154 1030 recte
175 994 209 1021 de
233 994 286 1022 Deo
310 994 447 1024 decretum
467 994 662 1030 definitumque
678 995 776 1025 fuerit,
797 995 837 1022 sic
853 1002 866 1023 a

69 1029 221 1066 Clemente
245 1034 339 1066 nostro
365 1031 510 1065 exponitur
531 1040 537 1058 :
563 1040 572 1055 ι
600 1029 761 1066 Pythagorae
779 1034 869 1058 secta-

69 1067 154 1090 tores
176 1065 273 1091 dicunt
289 1065 371 1092 Deum
389 1066 498 1100 quidem
516 1073 599 1092 unum
613 1065 686 1097 esse,
705 1074 758 1092 non
776 1066 812 1092 ita
828 1069 870 1091 ta-

71 1106 159 1136 uren».
177 1103 211 1136 ut
227 1099 337 1134 quidam
355 1101 502 1135 opinantur
514 1121 520 1131 .
537 1102 614 1136 quasi
633 1102 668 1128 sit
682 1104 759 1128 extra
775 1101 868 1127 mundi

69 1134 436 1171 administrationcm.rsed
457 1140 531 1162 totus
546 1134 581 1162 ‘in
602 1137 671 1171 ipsa,
688 1137 715 1163 in
735 1140 791 1163 toto
815 1136 870 1162 cir-

68 1169 156 1197 culo.
184 1171 340 1203 speculator
359 1171 443 1197 totius
461 1169 662 1205 generationis,
680 1172 868 1198 universorum

68 1205 312 1240 contemperatio,
331 1206 377 1240 qui
394 1214 501 1240 semper
521 1210 578 1237 est,
600 1210 627 1234 et
647 1214 712 1234 suas
727 1206 870 1233 facultates

67 1238 190 1265 deducit
205 1240 238 1266 ad
255 1238 476 1275 opus,‘omniuin
492 1249 604 1275 operum
619 1242 646 1268 in
664 1242 734 1268 malo
749 1242 870 1268 illustra-

66 1277 132 1303 tor,
144 1279 224 1308 pater
232 1276 368 1306 onmium.
381 1284 458 1303 mens
467 1296 473 1305 .
485 1281 511 1303 et
523 1277 653 1303 animatio
665 1277 749 1303 totius
757 1277 851 1303 circuli
861 1296 869 1307 ,

67 1309 202 1347 omnium
210 1314 309 1347 _mo_t.us
321 1311 353 1347 ⁸⁸,
373 1320 382 1336 ι
400 1310 513 1338 Brevius
526 1311 623 1347 Cicero
635 1312 701 1338 illud
711 1311 871 1347 Pythagora:

67 1343 177 1382 dogma
200 1344 235 1371 de
257 1345 312 1372 Deo
327 1345 367 1373 sic
382 1350 492 1373 enarrat
510 1356 538 1373 ;‹
558 1343 789 1382 Pythagoras-qui
801 1343 870 1373 cen-

66 1378 130 1405 suit
147 1378 234 1416 l_)eum
255 1381 375 1407 animum
396 1388 472 1412 esse.
492 1389 539 1416 per
560 1378 685 1408 naturam
707 1378 797 1408 reriim
812 1389 872 1408 om-

65 1421 136 1440 nem
151 1414 289 1441 inlentum
300 1435 306 1446 .
317 1420 343 1442 et
354 1414 550 1443 commeantem
562 1436 569 1446 ,
582 1425 613 1443 ex
623 1424 677 1451 quo
690 1418 777 1444 nostri
787 1416 870 1443 animi

64 1454 278 1482 carperentur;
306 1458 361 1477 non
392 1451 460 1477 vidit
484 1451 664 1479 distractione
689 1453 870 1478 humanorum

64 1483 231 1520 animorum
246 1485 366 1520 discerpi
382 1489 408 1512 et
425 1486 568 1513 dilacerari
584 1486 686 1517 Deum;
702 1491 804 1514 etcum
821 1487 872 1513 mi—

64 1518 127 1557 seri
146 1519 234 1545 animi
248 1518 361 1557 essent.
376 1521 448 1555 quod
463 1522 600 1557 plerisque
615 1522 799 1557 contingeret,
814 1525 870 1548 tum

67 1553 119 1592 [νεὶ
131 1560 238 1592 partem
250 1562 312 1592 esse
323 1553 449 1592 miseram
461 1553 471 1582 :—
481 1553 621 1591 quod—fieri
638 1564 692 1583 non
709 1553 796 1592 potest
809 1557 841 1584 ⁸⁷.
859 1567 868 1582 ι

65 1587 148 1627 [luas
169 1589 198 1615 in
213 1589 270 1627 hac
287 1590 446 1627 Pythagora:
464 1587 598 1627 sententia
616 1587 715 1626 partes'
727 1593 870 1627 distinguit

64 1623 185 1662 Cicero.
211 1623 316 1662 Pi'ima'
329 1623 387 1652 est'
399 1625 481 1652 Deum
496 1625 572 1653 'csse
596 1623 714 1653 animum
724 1647 731 1659 ,
753 1628 799 1662 qui
813 1623 869 1654 toti

65 1659 178 1695 iniu:th
205 1660 343 1695 rebusque
357 1661 483 1688 omnibus
501 1662 615 1688 insistus
637 1663 683 1692 sit,
699 1666 725 1688 et
742 1659 866 1695 infusus;

65 1694 159 1720 altera
185 1702 262 1725 vero,
277 1694 398 1722 animum
416 1697 533 1724 hominis
550 1705 610 1724 esse
628 1697 761 1730 divinum,
774 1702 801 1725 et
817 1698 868 1725 ali-

64 1736 155 1768 quam
183 1729 399 1768 ipsiusmet‘Dci
419 1732 583 1768 portionem.
602 1732 636 1758 At
658 1729 758 1759 Cicero
775 1737 868 1768 poste‘

66 1764 175 1800 riorem
193 1765 266 1791 illam
284 1764 444 1800 Pythagora:
457 1766 637 1794 assertionem
653 1767 693 1794 sic
709 1764 821 1800 refellit,
839 1772 868 1794 ut

66 1799 196 1832 priorem
207 1800 291 1826 tacito
305 1799 355 1827 suo
371 1799 485 1828 assensu
502 1802 664 1829 conﬁrmare
680 1803 813 1829 videatur.
828 1802 867 1830 Ex

64 1834 174 1867 quibus
192 1834 264 1861 haud
281 1835 430 1863 difficiliter
450 1837 599 1872 intelligas,
621 1837 646 1864 id
664 1838 772 1864 veritati
790 1845 868 1872 pror-

65 1876 119 1895 sus
139 1877 206 1908 esse
222 1877 435 1908 consentaneum
448 1891 455 1902 .
471 1871 544 1906 quod
564 1871 597 1908 de
613 1871 805 1907 Pythagoreis,
820 1873 867 1908 qui

63 1904 203 1942 omnibus
219 1905 342 1940 magistri
359 1906 401 1932 sui
417 1904 589 1933 documentis
606 1904 673 1934 mira
689 1904 768 1942 plane
783 1904 866 1934 aniini

64 1939 242 1977 demissione
263 1939 490 1974 acquiescebant,
513 1942 639 1969 Clemens
663 1939 792 1977 prodidit.
815 1943 867 1970 De—

65 1974 154 2012 nique
167 1973 605 2012 Bythagoriesententia'pulcbre
619 1973 769 2011 explicatur
783 1986 798 2005 a
815 1978 869 2005 Mi-

68 2009 301 2046 nuitioAFelice'in
319 2010 423 2042 Oetam,
440 2009 501 2046 pag:
515 2011 567 2045 20,
585 2012 612 2039 in
627 2009 661 2044 Ᾱξ
677 2012 801 2041 Lactant.
816 2014 863 2041 lib.

66 2043 135 2104 100;
146 2044 219 2104 [alga
234 2046 359 2080 religione
369 2066 376 2078 ,
389 2043 449 2081 cap:
463 2043 492 2080 5';
509 2043 631 2074 Salvian.
648 2043 695 2075 lib.
707 2048 745 2075 De
755 2049 863 2083 gubern.

94 2087 137 2104 ei.
154 2087 169 2104 e
193 2100 208 2104 ,.
449 2090 451 2093 π

94 2087 137 2108 ει,
154 2084 208 2106 etc.
449 2090 451 2093 ⁷

104 2114 244 2151 Caeterum
256 2115 314 2151 hinc
329 2115 455 2143 Clemens
468 2117 693 2151 philosophorum
708 2119 865 2145 testimonia

65 2158 81 2175 ιι
101 2157 132 2175 se
148 2150 250 2186 selecta
264 2150 330 2186 dicit
344 2161 350 2177 :
368 2159 428 2184 qua:
444 2150 552 2186 quidem
569 2150 649 2179 etiam
667 2154 864 2181 morosior-ibus

65 2191 132 2223 eum
159 2185 585 2223 sufﬁceredebeantﬁcredidit
604 2188 637 2214 ab
660 2188 721 2216 aliis
740 2188 865 2223 pluribus

65 2221 96 2247 in
117 2219 240 2246 medium
258 2219 387 2255 deinceps
404 2221 573 2256 prolerendis
586 2230 646 2250 esse
659 2219 863 2252 abstinendum.

336 2277 536 2305 ABTICULUS
552 2278 597 2306 IV.

65 2333 108 2362 De
121 2335 207 2368 poetis
224 2335 268 2372 qui
287 2336 389 2372 cariora
409 2336 441 2363 de
463 2336 518 2372 Deo
534 2337 698 2366 cecinerunt.
718 2343 763 2364 aut
781 2346 864 2372 paga-

103 2377 202 2396 norum
219 2369 280 2397 deos
295 2371 449 2402 irriserunt,
466 2371 498 2397 de
512 2372 594 2398 Arato
605 2392 612 2403 ,
629 2371 745 2399 Hesiodo
757 2392 764 2404 ,
781 2369 864 2400 Ειὶνὶ-

103 2405 176 2443 pide:
191 2404 321 2438 Sophocle
330 2426 337 2438 .
347 2406 448 2440 Orpheo
457 2426 464 2438 ,
472 2406 632 2443 Menandro,
644 2411 668 2434 et
679 2407 862 2443 Metrngyrtis,

103 2440 137 2477 de
148 2439 265 2477 ﬂamera
275 2461 281 2471 ,
294 2449 450 2476 rursumque
460 2442 492 2468 de
506 2441 632 2476 Euripide
641 2463 647 2472 .
662 2443 707 2477 qui
723 2439 862 2471 Herculani

101 2474 200 2502 virides
216 2475 281 2509 ficus
296 2484 355 2502 cum
368 2474 491 2503 carnibus
507 2474 648 2505 comedisse
664 2474 755 2506 tradit.

102 2528 173 2556 Post
192 2529 250 2557 hate
269 2529 395 2558 Clemens
410 2538 425 2557 a
445 2530 631 2566 philosophis,
648 2531 694 2566 qui
710 2539 739 2559 se
752 2531 861 2567 sapien-

103 2638 129 2654 “
145 2638 236 2675 Cicer.
253 2639 302 2666 lib.
320 2647 328 2665 ι
346 2639 383 2675 De
401 2643 458 2666 nat.
474 2639 563 2671 deor.,
581 2649 606 2675 p.
624 2640 687 2668 201.

68 2681 105 2701 ue
122 2679 182 2701 nat.
199 2673 287 2704 deor"
305 2682 332 2708 p.
350 2674 411 2701 199.
434 2675 455 2691 δε
477 2683 538 2709 pag.
557 2673 601 2702 47.

67 2710 185 2739 Strom.,
202 2716 230 2743 p.
248 2709 310 2736 515.
351 2710 373 2725 ⁸²
389 2710 449 2736 Act.
469 2718 536 2740 xvu.
556 2711 601 2738 28.

68 2745 143 2771 dein.
161 2748 279 2778 qumst.;
296 2744 342 2771 lib.
360 2753 379 2771 ιι
398 2744 434 2771 De
450 2749 506 2772 nat.
523 2745 610 2775 deor.,

67 2780 90 2796 ⁵³
118 2778 213 2810 Voss.,
232 2779 269 2806 De
287 2783 357 2813 poet.
376 2779 462 2806 Graec.
479 2788 504 2805 (ι.
519 2780 547 2808 2.

67 2815 183 2849 Appar.,
261 2814 315 2841 Si?)
330 2818 441 2854 etsequ
460 2814 521 2841 δτι.

66 2850 88 2865 ’⁵³
110 2857 172 2875 nae.
191 2849 207 2875 4
231 2870 237 2875 .
304 2849 326 2864 ⁶⁰
348 2850 392 2875 lib.
413 2857 420 2875 ι
438 2849 521 2875 Annal

66 2857 88 2865 -ι
110 2857 172 2885 pag.
191 2857 237 2876 Iw.
304 2857 326 2864 πυ
348 2857 392 2875 nu.
413 2857 420 2875 ι
438 2857 551 2884 Appar..
572 2857 683 2878 dissert.
700 2857 727 2882 2,
745 2860 770 2878 c.
787 2857 813 2882 5.

66 2885 131 2921 lcg..
157 2892 184 2920 p.
204 2883 269 2912 558.
322 2884 344 2900 ⁸³
363 2884 430 2919 Aug.
456 2885 502 2912 lib.
521 2893 557 2912 vn
579 2885 615 2913 De
631 2886 717 2920 civit.,
739 2894 763 2914 ς.
780 2887 825 2914 25.

746 2641 769 2657 ⁸³
786 2642 872 2669 Clem.
889 2642 938 2670 lib.
956 2651 973 2670 v
990 2642 1105 2673 Strom.,

641 2677 662 2691 δι’
680 2676 780 2704 Euseb.
799 2677 825 2704 in
841 2677 944 2704 Chron.

641 2711 664 2726 ⁵³
681 2711 702 2756 ll
707 2712 792 2756 i‘e‘ro‘n.
812 2712 859 2739 lib.

926 2713 1054 2756 emta-in
1072 2721 1132 2748 cap.
1154 2711 1309 2756 ιηΕρὶὲιλίιᾱ
1326 2713 1398 2756 Τίιίις
1413 2711 1508 2756 Cicer.
1528 2715 1576 2755 lib.
1594 2723 1621 2756 tv
1632 2715 1700 2742 Aca-

603 2746 997 2818 zo‘fi..fi?a‘.‘;:f.':,32:33:?
1009 2750 1158 2818 li‘iﬁfg
1168 2748 1203 2810 ἓξ
1211 2749 1296 2811 $3.22;

591 2815 614 2852 ξ”ί
633 2815 732 2852 Justiu.
754 2815 958 2852 Mart.7Cohort.
982 2818 1015 2845 ad
1032 2821 1119 2852 gent...

481 2858 551 2884 par..
572 2850 683 2886 dissert.
700 2851 727 2882 ‘2,
745 2860 770 2878 c.
787 2852 813 2882 5.
833 2851 846 2886 §
863 2853 890 2881 3.

928 259 1009 288 bant.
1031 259 1128 293 stylum
1141 257 1174 284 ad
1193 259 1289 293 poetas
1305 256 1454 293 convertit;
1471 263 1573 293 eosque
1586 256 1712 292 quamvis

926 293 1026 320 fabulis
1042 291 1172 327 falsisque
1184 291 1391 319 narrationibus
1405 291 1582 327 decantandis
1596 291 1641 319 vix
1660 302 1713 321 un-

925 336 1006 363 quam
1023 336 1076 355 non
1090 325 1239 363 occupatos
1249 334 1335 363 ,_ve_ra
1348 330 1439 353 tamen
1450 325 1552 363 debeo
1566 327 1712 362 aliquando

926 360 1058 390 cecinisse
1073 360 1192 390 ostendit
1206 362 1240 388 ".
1253 361 1366 388 Orditur
1375 366 1464 387 autem
1473 360 1619 397 aberam;
1630 371 1710 397 quem

929 397 1064 425 Eusebius
1080 397 1232 432 olympiade
1250 404 1360 432 cxxvn,
1382 403 1454 423 anno
1474 395 1560 432 1745,
1584 395 1712 426 ﬂor-uisse

926 437 1042 459 testatur
1059 433 1091 459 ‘9.
1110 432 1198 459 Citata
1217 439 1298 466 porro
1316 439 1331 457 a
1350 431 1488 458 Clemente
1511 431 1570 464 ejus
1589 434 1711 460 carmina

926 467 1004 494 init-io
1018 467 1160 501 poematis,
1175 467 1329 502 Φαινόμενα
1340 466 1476 500 inscripti,
1490 467 1607 502 reperies
1622 467 1655 494 ⁵⁰.
1670 469 1711 496 Ex

925 502 976 529 hoc
993 506 1082 529 autem
1099 503 1193 529 eodem
1211 501 1283 529 illius
1295 505 1431 535 poemate.
1449 505 1477 527 ut
1495 501 1558 527 alibi
1576 501 1646 528 idem
1662 512 1711 530 au-

924 541 984 563 ctor
999 542 1091 564 noster
1107 541 1221 563 testatur
1235 538 1268 569 δι,
1285 536 1349 563 illud
1364 536 1397 563 ab
1408 536 1538 570 Apostolo
1552 536 1709 570 decerptum

924 578 965 599 est
977 573 1016 599 “2
1036 581 1045 596 ι
1065 572 1153 606 Ipsius
1168 577 1195 598 et
1208 580 1293 606 genus
1304 579 1409 598 sumus.
1430 581 1438 597 ι
1451 571 1626 598 Celeberrimi
1645 581 1711 600 vero

923 607 1005 640 hujus
1018 606 1091 634 eﬂ'ati
1108 615 1160 634 non
1175 607 1331 641 infrequens
1348 606 1417 640 apud
1438 606 1564 640 antiquos
1580 610 1712 636 recentio-

924 650 1022 676 resque
1038 643 1186 676 scriptores
1200 642 1340 668 memoria.
1356 641 1393 668 De
1409 649 1441 668 eo
1458 641 1584 676 illiusque
1598 647 1711 672 auctore

923 675 1022 712 legesis
1047 675 1257 712 Hieronymum,
1276 677 1433 712 Ciceronem
1445 697 1451 707 ,
1469 680 1496 703 et
1515 675 1708 712 Lescalopierii

923 710 1090 740 in’eumdmn
1107 710 1267 739 Ciceronem
1283 711 1502 743 observationes,
1524 710 1666 746 Vossium,
1683 719 1711 742 et

923 747 991 774 alios
1007 747 1040 772 ⁵³.

957 782 1011 816 82
1022 781 1075 808 Nec
1089 780 1286 816 infrequentior
1301 779 1445 816 llesiodi,a
1458 782 1597 811 Clemente
1609 784 1708 812 ibidem

922 815 1022 843 landtﬁi
1034 837 1041 845 .
1057 815 1214 852 mcntiodls
1230 820 1298 843 teste
1313 815 1430 843 Eusebio
1452 818 1604 852 Olympiade
1622 827 1711 850 man-

921 860 957 878 no
978 851 1048 879 1125
1074 851 1237 879 «secundum
1256 852 1386 884 quosdam
1411 851 1502 879 clarus
1527 851 1644 881 habetur
1656 855 1708 880 ³⁸.»

922 887 1006 919 Quem
1024 887 1051 914 in
1070 887 1159 913 lotum
1175 886 1278 917 videsis
1293 885 1422 921 Scaligeri
1442 891 1530 915 notas.
1551 888 1602 915 Adi
1625 890 1707 917 etiam

921 921 1046 958 Vossium
1072 922 1142 958 libro
1158 921 1204 958 ‘De
1217 921 1301 955 poetis
1319 920 1430 958 Gra'eis.
1444 923 1489 948 ubi
1507 923 1541 950 de
1554 924 1614 958 ejus
1629 929 1710 952 artato

920 957 1041 991 disputat
1055 957 1087 983 ⁸⁵.
1106 956 1145 982 Ad
1157 956 1213 983 haec
1227 964 1292 982 vero
1313 957 1475 983 mentionem
1496 956 1584 989 illius,
1601 960 1639 985 uti
1659 967 1709 987 nos

920 992 984 1030 alibi
1012 991 1217 1030 observavimus
1241 991 1411 1030 “,fecernnt
1434 991 1559 1030 Justinus
1591 994 1709 1030 ll‘lartyr,

920 1027 1087 1061 Theophilus
1108 1026 1294 1063 Antiochenus
1307 1046 1314 1057 ,
1334 1026 1470 1063 lrenacus,
1493 1028 1594 1063 aliique
1612 1026 1709 1062 quam—

920 1063 1027 1097 plures,
1046 1069 1115 1096 quos
1131 1062 1201 1088 inter
1217 1061 1375 1097 Lactantius
1395 1062 1456 1089 libr.
1477 1070 1483 1088 l
1508 1061 1627 1090 De'verd
1647 1064 1710 1091 reli-

920 1096 1010 1131 gione.
1024 1097 1113 1131 capite
1131 1097 1165 1133 5,
1182 1096 1287 1133 quidrin
1305 1097 1377 1133 illius
1392 1097 1425 1124 de
1441 1097 1495 1124 Deo
1514 1098 1643 1133 opinione
1662 1107 1709 1126 ve—

922 1140 981 1158 rum
997 1132 1032 1159 sit
1047 1132 1191 1158 ostendere
1207 1132 1312 1157 nititur.
1331 1131 1451 1166 Denique
1467 1131 1667 1166 ρῙιιέΘεογονία
1681 1137 1709 1162 et

927 1167 1120 1204 Ἀργοναὺτικα
1128 1174 1188 1193 cum
1199 1167 1259 1193 aliis
1267 1166 1421 1193 Crmcorum
1430 1172 1571 1201 poetarum
1579 1169 1709 1204 operibus

921 1202 991 1236 typis
1005 1209 1112 1228 excusre
1127 1205 1202 1228 sunt.

933 1231 993 1263 “De
1013 1237 1141 1271 Euripide
1161 1241 1269 1272 autem.
1294 1235 1429 1272 Sophocle
1456 1240 1482 1263 et
1498 1236 1618 1271 Orpheo.
1635 1246 1707 1272 quos

920 1271 1018 1298 deinde
1029 1272 1156 1299 Clemens
1170 1271 1300 1300 laudavit.
1314 1271 1376 1297 alibi
1386 1272 1453 1297 satis
1466 1271 1706 1306 disputavimus“.

921 1306 1015 1334 Obiter
1039 1311 1129 1333 tamen
1155 1306 1426 1333 animadvertendum
1449 1307 1535 1333 relata
1560 1308 1595 1334 ab
1611 1308 1706 1335 eodem

920 1341 1061 1378 Clemente
1076 1345 1171 1378 nostro
1192 1341 1336 1378 Sophoclis
1346 1345 1373 1367 et
1382 1340 1482 1378 orphei
1499 1343 1622 1369 carmina
1634 1343 1708 1378 apud

919 1376 1057 1412 Iustinum
1077 1375 1221 1412 Martyrem
1232 1375 1320 1403 icitata
1333 1377 1445 1412 reperiri
1458 1377 1490 1403 ⁵³.

957 1411 1042 1448 Aliud
1053 1411 1162 1446 quoque
1174 1411 1301 1448 Clemens
1311 1416 1404 1448 narrat
1417 1411 1499 1448 fuisse
1512 1417 1653 1448 poetarum
1665 1421 1707 1448 ge-

921 1454 984 1477 nus,
999 1447 1044 1481 qui
1068 1447 1168 1473 divinm
1187 1447 1312 1473 veritatis
1326 1447 1426 1473 virtute
1448 1447 1526 1472 fracti
1548 1448 1657 1481 penitus
1670 1447 1707 1475 ret

922 1483 1042 1518 superati
1057 1502 1063 1512 .
1079 1483 1145 1509 deos
1160 1489 1226 1518 suos
1243 1481 1381 1518 nonnsine
1399 1481 1706 1518 irrisionequandoque

922 1515 1051 1548 insectati
1073 1522 1146 1544 sunt.
1173 1516 1266 1543 Talem
1291 1516 1336 1542 ille
1358 1516 1395 1542 ait
1410 1515 1494 1543 fuisse
1515 1515 1706 1548 Menandrum,

923 1552 968 1586 qni
982 1552 1172 1586 lllctragyrtas,
1191 1551 1216 1578 id
1232 1555 1274 1578 est
1294 1551 1427 1577 ridiculos
1445 1551 1570 1586 Cybeles,
1585 1560 1633 1580 seu
1648 1561 1706 1580 Ina—

923 1587 974 1614 tris
991 1587 1107 1614 dcormn
1126 1587 1293 1617 sacerdotes,
1310 1586 1369 1618 ejus
1387 1586 1495 1613 nomine
1509 1587 1606 1621 stipem
1621 1589 1707 1615 ostia-

921 1622 968 1648 tim
984 1626 1113 1657 cogentes
1130 1622 1226 1649 irridet
1246 1625 1273 1648 et
1290 1621 1459 1657 exsibilat“?.

959 1657 994 1684 De
1007 1656 1058 1683 hoc
1075 1656 1234 1687 Menandro,
1251 1657 1331 1689 cujus
1348 1656 1513 1690 posteriores
1524 1665 1621 1685 versus
1633 1657 1660 1684 in
1671 1658 1706 1684 li-

919 1691 970 1718 bro
981 1692 1018 1719 De
1026 1693 1180 1718 monarclu'a
1198 1692 1256 1721 Dei,
1270 1692 1351 1726 paulo
1363 1696 1425 1717 ante
1441 1692 1560 1725 laudato,
1572 1694 1705 1720 transcri-

939 1730 965 1753 ta
983 1732 1057 1757 sunt.
1074 1735 1124 1754 nos
1141 1727 1204 1754 alibi
1221 1727 1443 1754 disseruimus“.
1465 1727 1618 1754 Ridiculum
1641 1735 1706 1755 vero

934 1761 1146 1798 letragyrtailim
1163 1770 1265 1789 morem
1281 1763 1321 1789 sic
1338 1760 1526 1789 Tertullianus
1542 1763 1628 1790 facete
1644 1771 1707 1798 pro-

919 1798 1016 1824 scribit
1035 1807 1040 1824 :
1055 1807 1063 1822 ι
1077 1797 1108 1823 Ει
1129 1797 1261 1831 majcslas
1273 1797 1439 1831 quaestuaria
1453 1797 1572 1824 efficitur
1585 1807 1592 1829 ;
1604 1797 1706 1825 circuit

918 1839 1058 1866 cauponas
1073 1832 1352 1866 religionicndirans;
1366 1832 1476 1866 exigitis
1486 1834 1639 1860 mercedem
1656 1841 1706 1867 pro

919 1867 977 1893 solo
989 1868 1093 1901 templi.
1110 1875 1160 1901 pro
1182 1867 1256 1893 aditu
1276 1867 1362 1899 sacri;
1379 1874 1432 1893 non
1456 1867 1518 1894 licet
1542 1868 1608 1895 deos
1624 1876 1706 1896 nosse

917 1903 1012 1935 gratis,
1032 1902 1140 1929 venales
1157 1903 1262 1929 sunt“.
1280 1912 1288 1927 ι
1312 1902 1346 1928 At
1369 1901 1466 1929 Cicero
1490 1902 1573 1929 refert
1596 1903 1646 1929 hos
1660 1911 1706 1930 sa-

917 1937 1044 1965 cerdotes
1059 1945 1109 1963 suo
1126 1942 1246 1970 tempore
1272 1937 1305 1963 ad
1330 1944 1433 1970 paucos
1454 1941 1559 1964 tantum
1584 1938 1654 1967 dies.
1669 1946 1704 1966 ne

917 1972 1024 1999 animos
1050 1973 1246 2006 Superstitione
1272 1971 1435 2006 implerent,
1466 1972 1536 1999 hanc
1559 1972 1704 2007 collegisse

917 2007 1015 2039 stipem
1026 2007 1058 2034 θ’.
1072 2007 1243 2041 Augustinus
1264 2014 1330 2033 vero
1341 2025 1349 2037 ,
1365 2007 1473 2033 etiamsi
1498 2008 1612 2041 hujusce
1637 2015 1704 2034 con-

917 2041 1071 2068 suetudinis
1091 2042 1254 2076 incognitam
1279 2041 1329 2068 sibi
1344 2048 1406 2068 essc
1425 2042 1557 2075 originem
1574 2042 1702 2073 fateatur.

916 2076 990 2102 illan]
1003 2080 1092 2103 tamen
1112 2077 1193 2112 paulo
1212 2081 1357 2112 antequam
1376 2076 1462 2103 libros
1478 2077 1516 2103 De
1533 2077 1638 2104 civitate
1654 2077 1704 2104 Dei

916 2111 1049 2139 scriberet
1061 2132 1068 2144 .
1083 2112 1155 2146 apud
1172 2111 1402 2145 Carthaginenses
1424 2113 1513 2138 adhuc
1527 2112 1648 2146 viguisse
1662 2116 1703 2139 te-

916 2149 1005 2172 statur
1024 2155 1030 2174 :
1050 2155 1059 2171 ι
1078 2146 1193 2181 Jamque
1205 2147 1238 2172 de
1257 2146 1385 2173 mollibus
1399 2147 1487 2173 eidem
1502 2146 1580 2174 Matri
1595 2155 1701 2182 magna

916 2183 1010 2208 contra
1022 2189 1131 2209 omnem
1144 2182 1266 2208 virorum
1286 2181 1488 2216 mulierumque
1510 2181 1702 2209 verecundiam

916 2217 1096 2247 consecratis,
1114 2217 1161 2251 qui
1177 2224 1264 2251 usque
1281 2216 1307 2242 in
1325 2217 1483 2243 hesternum
1497 2217 1568 2244 diem
1581 2217 1702 2244 madidis

879 2254 905 2283 Ι)
917 2251 1033 2285 capillis,
1046 2251 1116 2278 facie
1125 2252 1259 2282 dealbata,
1274 2251 1421 2278 ﬂuentibus
1433 2253 1573 2283 membris,
1589 2252 1702 2280 incessu

917 2286 1045 2318 femineo,
1059 2295 1106 2321 per
1123 2287 1225 2321 plateas
1239 2287 1368 2320 vicosque
1388 2287 1562 2321 Carthaginis
1586 2288 1667 2314 etiam
1685 2295 1701 2314 a

917 2322 1025 2382 Bopulis
1055 2321 1126 2349 unde
1153 2323 1269 2356 turpiter
1293 2322 1431 2354 viverent,
1457 2323 1612 2356 exigebant,
1631 2323 1701 2349 nihil

942 2364 1005 2382 arro
1025 2356 1116 2382 dicere
1128 2357 1224 2382 voluit.
1244 2364 1294 2382 nec
1312 2357 1418 2382 usniam
1436 2365 1478 2382 me
1505 2358 1602 2382 legisse
1626 2365 1701 2382 eom—

942 2364 1005 2383 arro
1025 2356 1116 2384 dicere
1126 2357 1224 2392 voluit,
1244 2364 1294 2383 nec
1312 2357 1418 2390 uspiam
1436 2365 1483 2392 me
1505 2358 1602 2392 legisse
1626 2365 1702 2385 com-

915 2391 1073 2428 memini“.
1088 2402 1096 2417 ι
1122 2391 1174 2418 Sed
1189 2391 1288 2428 dehoc
1302 2392 1375 2428 turpi
1389 2391 1562 2428 sacerdotum
1585 2392 1700 2428 Cybeles

915 2430 1034 2462 quiestuA
1051 2427 1165 2461 ejusque
1194 2427 1300 2462 Origine
1324 2427 1413 2454 fusius
1434 2427 1558 2462 disputat
1585 2427 1701 2455 Vossius

914 2461 962 2488 lib.
981 2469 1007 2487 ιν
1020 2460 1140 2498 Institut.
1150 2460 1263 2498 oratori,
1276 2462 1373 2498 capiti,
1383 2462 1397 2497 §
1408 2462 1435 2495 4,
1445 2466 1472 2489 et
1481 2460 1503 2490 l.
1516 2462 1583 2489 "De
1597 2463 1663 2498 orig.
1676 2467 1702 2490 et

913 2504 1003 2532 progr.
1021 2496 1097 2528 ἰάσι..
1113 2505 1139 2524 c.
1156 2497 1201 2527 55,
1217 2505 1279 2531 pag.
1298 2497 1360 2524 505.

970 2539 1039 2567 eque
1065 2539 1147 2567 porro
1168 2532 1225 2560 sola
1251 2532 1391 2559 Menandri
1414 2532 1592 2566 auctoritate,
1604 2541 1701 2561 verum

1480 2645 1502 2660 ⁸⁷
1517 2644 1608 2672 Cicer.
1627 2645 1673 2672 lib.
1691 2653 1700 2672 ι

1123 2651 1151 2678 p.
1172 2643 1236 2672 60%.
1275 2644 1298 2660 ⁸³
1316 2651 1377 2678 pag.
1395 2644 1440 2672 47.

1585 2680 1607 2696 ⁵⁸
1624 2681 1672 2707 lib.
1690 2688 1699 2707 t

984 2678 1006 2694 ⁸ο
1023 2678 1099 2705 Arat.
1119 2683 1186 2713 tom.
1204 2678 1212 2704 l
1230 2682 1302 2713 poet.
1320 2679 1420 2712 Graec,
1438 2687 1464 2713 p.
1482 2679 1545 2706 619.

1371 2749 1394 2765 "
1413 2750 1514 2777 Euseb.
1540 2750 1567 2776 in
1591 2750 1696 2777 Chron.

1171 2782 1322 2820 eguissem.
1341 2783 1367 2816 6,
1385 2785 1445 2815 «Α,
1460 2784 1512 2820 §2.
1568 2784 1589 2800 ⁸⁷
1611 2785 1657 2820 ιη),
1677 2792 1697 2812 η

1144 2818 1224 2854 p.715
1239 2823 1266 2846 et
1283 2818 1321 2846 De
1338 2818 1479 2846 monarch.
1498 2819 1555 2851 Dei,
1588 2827 1614 2854 p.
1632 2819 1696 2854 204.

955 2853 976 2869 ⁸⁸
997 2853 1100 2881 'l‘crtul.
1118 2853 1244 2888 Apolog.,
1268 2861 1293 2880 c.
1321 2854 1363 2881 15.
1419 2855 1441 2870 "
1462 2855 1550 2882 Cicer.
1568 2854 1615 2882 lib.
1634 2861 1642 2881 ι
1659 2853 1701 2883 De
