1927 3073
231 157 284 185 917

546 154 581 182 ΙΝ
601 153 811 182 CLEMENTEM
829 153 930 182 ALEX.
951 153 983 182 D.
1001 154 1045 181 LE
1060 154 1204 183 NOURBY
1225 155 1453 184 DISSERTATIO
1469 154 1490 184 Ι.

1796 153 1846 182 948

230 224 293 244 eum
309 213 516 250 Theophrastus
535 212 941 250 in_epitome>Anaximandrum
967 221 1016 240 au-
1030 217 1052 244 Α
1067 214 1192 245 collocat,
1210 214 1255 248 qui
1271 214 1372 249 aliquid
1383 215 1526 242 sublimius
1544 214 1778 249 przestantiusque
1794 211 1847 250 ele-

229 252 334 279 divisse
355 248 445 278 tradat
458 271 464 277 .
480 271 486 277 .
503 271 508 276 .
523 270 531 277 .
545 269 552 276 .
568 248 677 275 Primus
693 248 737 274 hic
751 252 851 275 terram
875 248 1014 282 globosam

231 287 311 317 dixit.
329 289 356 313 et
382 285 410 312 in
436 285 525 312 medio
545 284 641 315 sitam,
667 283 775 318 duoque
788 290 850 309 esse
871 284 1014 314 elementa,

231 323 322 357 ignem
339 324 370 357 et
386 324 485 347 terram
500 328 507 352 ;
525 319 600 357 illum
618 318 735 357 opiﬁcis,
755 318 828 357 hunc
842 319 1016 357 materim_tc—

230 353 297 384 n'ere
312 356 437 383 ordinem
452 374 460 382 .
476 376 482 382 .
496 375 502 382 .
513 376 520 382 .
539 374 546 381 .
563 353 668 380 Floruit
681 353 839 390 Olympiade
847 354 1016 388 sexagesima

230 399 303 419 nona
317 390 350 417 ⁷⁵.
368 400 377 416 ι

266 426 350 454 Nobis
363 429 454 452 tamen
470 423 568 457 aliquis
589 422 704 451 forsitan
721 423 833 457 objiciet
857 431 942 450 unum
955 428 1015 451 tan-

231 465 290 488 tum
310 460 491 495 principium,
509 459 617 495 scilicet
630 459 718 495 ignem
738 459 772 495 ab
791 459 885 495 eodem
896 458 1015 495 Parme-

231 496 295 523 nide
310 493 450 523 constitui.
467 493 561 521 Nonne
575 494 658 525 enim,
676 494 780 528 inquiet
796 494 840 520 ille
853 513 860 524 ,
877 493 903 520 id
919 494 1015 521 Cicero

231 531 275 558 his
289 533 420 557 memorat
432 529 542 564 verbis?
559 538 567 554 ι
588 528 763 556 Parmenides
779 529 878 564 ignem,
896 529 940 563 qui
957 537 1015 556 mo—

231 570 292 593 veat
309 570 409 592 terram
422 585 429 597 ,
448 572 508 599 quae
525 564 560 591 ab
576 572 609 591 eo
626 565 750 590 lirmatur
771 564 804 589 ⁷⁸.
822 573 831 589 ι
858 563 1015 598 Respondet

230 598 654 640 aldobrandinus’Parmenidem
672 599 706 625 de
728 598 862 640 principio
884 600 1015 640 elliciente

230 636 363 663 duntaxat
379 635 464 670 loqui,
476 638 503 661 et
520 634 583 670 quia
598 639 697 670 terram
713 633 752 670 ab
764 633 829 670 igne
845 633 1014 670 [ormariad-

228 671 306 706 jecit,
324 671 397 697 aliud
415 668 449 697 ab
462 670 521 706 ipso
537 669 650 706 indicari
667 669 830 706 principium
846 669 880 696 ⁷⁷.
897 668 948 706 S_ed
960 669 1014 706 hac

230 704 411 740 responsione
427 705 515 732 nodus
537 704 702 731 dillicnltatis
715 705 805 738 potius
820 704 916 740 secari
941 704 1015 731 vide-

231 739 287 772 tur,
302 748 384 775 quam
401 740 468 768 solvi
482 749 490 773 ;
506 740 558 766 nisi
574 740 676 775 dixeris
692 743 791 775 terram
804 739 925 775 abigue,
944 739 1015 766 sicut

230 774 388 804 materiam.
406 779 435 802 ut
457 775 544 805 aiunt,
569 782 584 801 a
597 774 683 801 forma
705 774 746 800 sic
759 774 846 807 ellingi
859 794 865 805 ,
885 778 914 800 ut
932 775 966 801 ab
982 782 1015 801 eo

231 818 308 838 Suam
320 811 437 845 speciem
451 814 478 836 et
495 810 607 844 ﬁguram
626 809 749 845 accipiat.
765 808 821 835 llac
845 809 944 843 quippe
955 817 1015 845 Vex-

252 844 378 872 licatioue
403 845 510 872 facilius
541 844 687 878 intelliges,
712 844 812 878 ignem,
840 844 919 871 sicuti
945 844 1014 871 dixit

254 881 366 910 aertius,
377 879 482 914 opilicis
493 883 519 906 et
527 883 627 906 terram
641 879 762 906 materiei
775 884 866 906 tenere
880 879 1012 906 ordinem.
1030 887 1051 914 Β

232 915 285 942 Sed
302 919 425 943 nostrum
441 914 553 941 forsitan
570 914 597 940 in
611 914 693 941 hocoe
710 921 803 948 parum
818 914 869 941 sibi
885 918 1014 941 constan-

230 951 267 977 tis
285 951 402 977 hominis
421 957 515 976 errore
532 949 700 976 enucleando
718 950 818 976 frustra
834 950 930 976 teritur
946 953 1014 975 lem-

231 993 293 1020 pus.
314 984 409 1012 Plures
421 984 552 1018 siquidem
567 984 635 1020 alios
648 984 781 1020 deos,rvel
796 984 914 1020 deorum,
923 985 1014 1019 potius

231 1018 370 1050 inonstra,
396 1020 430 1046 ab
455 1020 500 1054 illo
517 1019 576 1054 ipso
590 1018 751 1046 Parmenide
770 1019 876 1046 invecta
894 1019 933 1046 sic
949 1020 1013 1046 alibi

231 1055 412 1082 docetCicero
424 1063 430 1080 :
446 1063 454 1080 ‹
468 1053 643 1082 Parmenides
655 1054 871 1081 commentltium
882 1054 1013 1088 quiddam

231 1097 340 1118 corome
369 1089 547 1117 similitudine
567 1089 667 1119 ellicit,
694 1089 856 1123 Stephanem
885 1089 1012 1123 appellat,

231 1126 415 1152 continentem
433 1125 530 1152 ardore
551 1124 620 1151 lucis
630 1124 734 1154 orbem,
751 1124 1012 1158 quieingitcmlum,

231 1167 311 1194 quem
323 1159 439 1194 appellat
449 1157 579 1186 Deum.ln
593 1167 647 1194 quo
659 1167 746 1192 neque
756 1157 868 1194 ﬁguram
881 1158 1013 1191 divinam,

230 1203 319 1229 neque
335 1202 445 1221 sensum
474 1195 618 1229 quisquam
644 1194 778 1228 suspicari
804 1197 903 1229 potest.
931 1194 1014 1220 Multa

230 1228 352 1262 ejusdem
371 1228 507 1265 monstra.
535 1228 634 1265 quippe
650 1229 695 1263 qui
715 1228 825 1260 bellum,
846 1229 892 1262 qui
909 1228 1014 1265 discor-

230 1265 314 1295 diam,
330 1264 376 1299 qui
394 1264 582 1299 cupiditatein,
601 1268 753 1298 caeteraque
769 1265 875 1299 generis
892 1264 1013 1297 ejusdem

231 1301 265 1326 ad
286 1299 370 1326 Deum
395 1304 513 1331 revoeat,
529 1308 590 1335 qua:
603 1300 646 1326 vel
663 1299 768 1331 morbo,
783 1300 823 1326 vel
841 1306 947 1335 somno,
972 1299 1015 1335 vel

230 1335 376 1365 oblivione,
391 1335 433 1361 vel
446 1334 580 1362 vetustate
597 1335 731 1361 delentur.
748 1334 901 1368 Eademque
921 1334 955 1361 de
975 1334 1014 1361 si-

230 1369 352 1398 deribus.
368 1377 427 1404 qua:
442 1371 604 1404 reprehensa
618 1370 674 1404 jam
699 1370 726 1395 in
742 1371 805 1400 alio,
827 1369 854 1395 in
869 1369 919 1395 hoc
935 1369 1015 1396 omit-

231 1408 324 1431 tantur
340 1405 373 1431 ⁷⁸.
396 1415 405 1430 ι
428 1404 548 1439 Denique
565 1410 664 1440 prazter
679 1404 912 1440 Aldobrandinum
932 1404 1015 1431 alios-

230 1448 284 1474 que
315 1439 416 1466 Lacrtii
442 1439 616 1468 scholiastas.
635 1439 737 1474 poteris
763 1439 888 1465 Vossium
912 1447 1014 1474 consu-

230 1473 286 1502 lere
298 1476 331 1505 7".
347 1479 429 1509 atque
449 1476 529 1502 etiam
547 1474 787 1509 Lescalopierium,
809 1474 854 1508 qui
870 1474 937 1500 hanc
950 1473 1015 1505 Par--

230 1510 348 1537 menidis
369 1517 500 1537 coronam
521 1511 548 1536 in
569 1511 666 1537 bonam
691 1513 794 1544 partem
816 1509 954 1544 explicare
969 1517 1016 1536 co-

230 1549 321 1571 "illi".

266 1580 324 1606 Non
351 1580 435 1607 alium
462 1579 584 1614 Hippaso
615 1579 799 1613 Metapontino
826 1583 853 1606 et
877 1578 1013 1607 Heraclito

230 1614 349 1649 Ephesio
366 1619 463 1649 praeter
486 1616 575 1646 ignem
587 1614 669 1641 Deum
688 1615 771 1641 fuisse
793 1615 872 1642 nobis
888 1615 1014 1642 Clemens

230 1649 406 1683 postmodum
424 1653 518 1677 auctor
534 1653 586 1677 est.
610 1649 697 1676 Simili
718 1657 827 1684 quoque
845 1649 924 1676 modo
944 1651 1014 1676 hanc

232 1685 375 1718 utriusque
401 1685 555 1719 philosophi
583 1685 739 1719 opinionem
767 1685 880 1719 exponit
907 1684 1014 1710 Plutar-

230 1719 300 1746 chus
317 1720 350 1752 ",
368 1724 394 1747 et
402 1718 443 1747 rex
459 1718 607 1746 Plutarcho
620 1719 769 1746 Eusebius:
792 1729 801 1744 ι
820 1718 972 1746 lleraclitus
988 1723 1015 1746 et

232 1753 370 1788 Hippasus
379 1754 580 1790 Metapontinus
590 1754 682 1789 (verba
695 1758 759 1781 sunt
768 1753 916 1789 Plutarchi)
927 1755 1013 1790 ignem

231 1790 351 1816 omnium
362 1797 423 1817 esse
433 1789 522 1817 rerum
535 1790 696 1824 principium
706 1790 909 1823 perhibuerunt.
919 1789 1014 1816 Omnia

231 1824 304 1859 enim
326 1824 421 1851 dicunt
437 1833 470 1852 ex
494 1825 556 1859 igne
581 1825 657 1851 nasci
671 1824 704 1850 '“.
725 1834 734 1849 ι
759 1825 793 1851 At
818 1825 845 1850 in
869 1824 1013 1859 Diogenem

231 1858 382 1891 Laertium,
402 1861 447 1894 qui
463 1860 495 1887 de
507 1858 621 1894 utroque
638 1860 784 1894 separatim
799 1858 964 1894 disputat",
978 1860 1015 1886 le-

230 1894 302 1928 gcsis
319 1895 432 1929 Menagii
453 1895 623 1929 aliorumque
640 1894 854 1922 observationes.
877 1894 930 1921 Nos
951 1902 1015 1921 vero

230 1929 264 1955 de
282 1927 418 1957 Heraclito
442 1936 468 1956 ct
493 1927 655 1964 Eiiipedocle
674 1949 680 1960 ,
706 1938 785 1963 quem
809 1930 870 1956 huic
889 1929 1014 1956 Clemens

231 1964 383 1999 subjunxit.
400 1972 431 1991 ac
448 1965 481 1992 de
495 1965 602 1992 illorum
620 1965 763 1992 sententiis
781 1972 932 1991 sermonem
951 1964 1014 1991 alibi

230 1999 347 2035 lit-cimus
360 2000 393 2027 ⁸³.
406 2000 577 2035 Quapropter
586 2000 675 2026 obiter
690 2000 732 2025 hic
750 2001 920 2026 mouebimus
942 1999 1013 2034 quod

230 2034 356 2063 Cle‘incns
373 2034 552 2069 adjunxitfct
581 2034 713 2065 llcrxetus
740 2035 791 2061 sibi
818 2035 1013 2068 incompertum

229 2077 290 2099 esse
303 2070 440 2101 declarat,
455 2070 615 2097 Macedones
631 2074 657 2096 et
670 2069 846 2097 Sauromatas
864 2070 950 2104 ignem
966 2077 1013 2096 co-

230 2104 331 2144 luisse}
357 2106 425 2144 illud
448 2113 462 2132 ιι
489 2105 585 2144 Vqssio
610 2105 791 2144 tam_d.iserte
808 2104 1015 2144 cxplatnarinut

230 2139 292 2166 inde
318 2141 380 2167 huic
397 2141 544 2168 Clementis
568 2140 655 2167 nostri
677 2139 737 2166 lo'co
761 2139 815 2166 n'on
833 2139 944 2166 minima
969 2139 1016 2166 lus

230 2174 359 2202 all'eratur
368 2176 400 2204 ³⁸⁸.

494 2209 693 2237 ARTlCULUS
715 2209 747 2236 il.

230 2244 269 2271 De
284 2246 396 2272 secunda
405 2246 490 2273 classe
499 2246 723 2280 philosophorum,
735 2246 779 2279 qui
788 2245 888 2280 aliquid
903 2245 1013 2272 elemen-

266 2280 299 2306 tis
314 2281 452 2308 sublimius
468 2282 589 2307 dixerunt
605 2289 660 2307 esse
678 2281 791 2314 primum
814 2289 900 2307 rerum
914 2281 1013 2314 princi-

264 2315 346 2351 pium,
364 2315 749 2351 de.opinioneAnaximandri,
769 2316 943 2349 Anaxagora},
962 2318 1013 2341 Αν-

264 2350 358 2382 chelai,
369 2351 503 2385 Leucippi.
515 2350 671 2383 Metrodori,
683 2351 834 2381 Democriti,
850 2351 1011 2382 Heraclidis,

263 2389 288 2410 et
297 2385 328 2421 tle
345 2388 479 2421 uniusque
493 2386 582 2416 idolis,
601 2394 646 2412 seu
661 2386 837 2420 imaginibus;
855 2391 943 2412 utrum
958 2386 1013 2412 Me-

264 2420 386 2448 trodorus
406 2422 484 2454 fuerit
503 2420 633 2447 Heracliti
653 2421 815 2454 discrpulus;
841 2421 872 2446 de
894 2422 1013 2454 opinione

266 2455 433 2487 Memacenis,
450 2455 617 2487 Xenocratis,
635 2456 824 2488 Chalcedonii,
851 2455 1011 2488 Stoicorum,

266 2490 426 2519 Aristotelis.
441 2491 622 2523 Theophrasti,
638 2496 661 2517 et
676 2490 793 2523 Epicuri.

266 2524 391 2552 Secunda
417 2526 639 2560 philosophorum
666 2526 692 2552 in
714 2526 802 2553 classe
818 2525 944 2553 Clemens
966 2533 1014 2553 eos

269 2601 292 2618 ⁷³
311 2602 400 2629 Laert.
419 2602 466 2629 lib.
485 2610 511 2630 ix
540 2602 577 2629 De
591 2603 655 2629 vitis
670 2606 697 2630 et
712 2603 803 2637 dogm.
821 2603 988 2637 philosoph.,

230 2638 252 2654 "’
272 2637 383 2665 Aldebr.
402 2637 429 2664 in
446 2638 520 2665 civit.
539 2637 629 2664 Lacrt.
649 2638 747 2664 locum.

229 2673 305 2704 lect.,
323 2681 348 2699 e.
362 2672 387 2699 7.
428 2672 453 2688 ⁸ο
471 2673 608 2699 Plutarch.
627 2673 674 2699 lib.
694 2680 701 2699 l
720 2672 747 2699 Di

299 2746 308 2756 ι
384 2743 407 2758 Μ
525 2743 530 2747 ¹

229 2814 292 2840 vitis
309 2818 335 2840 et
350 2813 440 2848 dogm.
460 2813 570 2848 philos,
590 2812 603 2847 §

229 2853 338 2883 quaast..
364 2857 390 2883 p.
407 2848 452 2875 ΞΔ.

230 2882 346 2919 Pra-par.
365 2882 471 2919 evang,
489 2891 513 2912 ε.
531 2883 575 2916 20,
601 2891 628 2918 p.
647 2883 707 2910 766.

710 2779 733 2793 AB

763 2778 829 2804 ibid.

748 2883 769 2899 η
788 2889 850 2921 pag.
873 2883 917 2911 is.

1028 1562 1049 1591 C

1029 2232 1051 2260 ι)

798 2624 803 2629 .
821 2603 988 2637 ρ11ἰι‹ιεοῃ11.,
1008 2602 1021 2637 §
1038 2602 1083 2629 21.
1144 2603 1166 2618 ⁷⁸
1186 2602 1273 2629 Cicer.
1293 2602 1328 2629 lib

797 2639 819 2653 ⁷⁸
839 2638 926 2664 Cicer.
946 2638 992 2664 lib.
1011 2646 1018 2664 1
1041 2638 1077 2664 De
1097 2641 1188 2664 natur.
1205 2638 1328 2668 deorum,

229 2673 305 2704 lect,
323 2681 348 2699 υ.
362 2672 387 2699 7.
428 2672 453 2688 ⁸ο
471 2673 608 2699 Plutarch.
627 2673 674 2699 lib.
694 2680 701 2699 l
720 2672 756 2699 De
772 2673 841 2707 plac.
855 2673 965 2707 philos..
979 2681 1005 2707 p.

228 2707 252 2724 ει
274 2707 352 2724 Lm...
382 2708 418 2724 in.
446 2715 493 2724 ν...
512 2707 548 2724 nn
564 2708 626 2724 “me
643 2711 666 2724 ιιι
686 2709 763 2724 am...
795 2708 882 2724 ..i.;i....
925 2707 937 2724 κ
957 2708 986 2724 ei

1067 2673 1080 2699 ’.
1116 2673 1137 2688 ⁸³
1157 2672 1255 2700 Ιειιεθὺ.
1273 2673 1291 2700 1.
1309 2670 1353 2699 xiv
1370 2673 1487 2706 Praepar.
1505 2679 1614 2705 e\'ang.,
1632 2679 1658 2697 ρ.
1680 2670 1723 2701 14,
1745 2678 1772 2704 p.
1792 2670 1851 2696 748.

1067 2708 1101 2724 In.
1130 2716 1154 2724 ..-
1181 2708 1214 2724 Rl
1235 2713 1258 2724 nl
1277 2716 1323 2724 ρηη
1373 2708 1395 2723 ea
1419 2709 1507 2724 Annrur
1536 2707 1573 2724 111.
1601 2714 1619 2724 11
1649 2706 1749 2724 [Περαιΐί
1780 2704 1800 2724 ι)
1825 2712 1840 2724 ρ

272 2707 362 2735 Laert.
382 2708 428 2734 lib.
446 2715 493 2735 vtu
512 2707 548 2734 De
564 2708 627 2734 vitis
643 2711 670 2734 ct
686 2709 775 2742 dogm.
795 2708 905 2742 philos.
925 2707 938 2743 ᾗ
956 2708 999 2739 8i,
1021 2712 1047 2735 et
1064 2708 1110 2736 lib.
1130 2716 1167 2739 Ix,
1181 2708 1215 2742 §l

272 2743 344 2777 §29.
384 2742 496 2776 ‘Z'Noss.
515 2743 561 2769 lib.
579 2751 597 2768 11
616 2742 651 2769 De
668 2743 736 2774 orig.
754 2747 780 2769 et
796 2750 885 2777 progr.
903 2744 1008 2776 idolol.,
1029 2751 1053 2770 c.
1070 2743 1104 2769 (il
1121 2746 1147 2769 ct
1164 2750 1221 2777 seq.

878 2780 900 2793 “9
920 2778 1008 2806 Cicer.
1030 2778 1076 2805 lib.
1095 2786 1122 2805 IV
1137 2778 1265 2806 Academ.
1283 2782 1392 2812 quaest.,
1411 2785 1437 2811 p.
1456 2777 1499 2804 ’55-

620 2812 654 2838 511
669 2816 698 2839 et
711 2813 764 2848 5L?
793 2812 935 2848 “Euseb.
953 2814 999 2840 lib.
1017 2821 1024 2840 1
1042 2813 1159 2848 Prarpar.
1177 2809 1326 2848 evang.,'c.
1343 2813 1370 2845 8,
1387 2809 1418 2847 pf
1430 2812 1474 2839 '24.
1493 2812 1530 2848 7”
1544 2811 1705 2848 Ciconlib.
1725 2818 1752 2848 iv
1766 2809 1850 2848 .Acad.

492 2848 515 2864 ⁸³
535 2847 624 2884 Laert.
641 2848 688 2884 lib.
707 2856 732 2874 1x
753 2847 789 2874 De
805 2847 867 2875 vitis
880 2852 908 2884 et
923 2849 1012 2884 dogm.
1032 2849 1131 2884 philos.
1150 2848 1177 2876 in
1194 2847 1257 2876 Vita
1272 2847 1503 2883 Anaximandri,§
1517 2847 1562 2874 ‘28.

1066 250 1165 276 uirentis
1187 247 1324 284 primuin—
1341 253 1495 277 statuerunt
1519 247 1581 277 esse
1605 256 1710 284 rerum
1727 247 1846 284 omnium

1067 282 1239 318 principium.
1258 283 1328 312 Tres
1342 288 1431 312 autem
1451 285 1491 312 eis
1502 285 1586 312 duces
1610 283 1735 319 prmiicit,
1748 282 1848 319 Anaxi-

1066 319 1220 349 mandrum.
1238 319 1424 354 Anaxagoram
1448 324 1474 347 et
1493 318 1655 346 Archelaum
1669 339 1676 350 ,
1695 319 1745 353 qui
1763 318 1848 352 primo

1066 361 1114 388 pro
1132 354 1265 389 principio
1282 355 1442 382 inﬁnitatem
1463 355 1626 387 habuerunt,
1643 355 1681 381 ita
1699 359 1802 389 tamen,
1815 357 1847 389 ut

1064 389 1118 424 duo
1133 388 1308 424 posteriores
1334 394 1450 416 mentem
1477 390 1515 416 illi
1528 397 1646 424 piwesse
1661 388 1802 424 voluerint
1814 388 1845 424 ν,

1065 423 1246 456 Quamobrem
1260 425 1303 451 ille
1318 424 1381 453 alibi
1394 425 1427 451 de
1442 423 1619 460 Anaxagora:
1634 434 1642 449 ι
1658 423 1782 460 Primus.
1800 423 1845 460 ait,

1065 460 1238 494 Anaxagoras
1250 464 1366 486 mentem
1380 460 1461 487 rebus
1475 458 1599 494 adhibuit
1615 460 1650 486 ⁸⁸.
1668 469 1678 485 ι
1698 458 1847 494 Enodatius

1064 502 1130 520 vero
1147 492 1216 521 hanc
1230 495 1302 522 illius
1321 495 1475 529 opinionem
1499 493 1590 522 narrat
1607 494 1706 522 Cicero
1720 494 1770 521 lib.
1790 500 1797 519 l
1813 492 1848 519 De

1065 533 1154 556 natur.
1185 529 1238 564 79
1258 528 1348 558 deor;
1369 537 1430 564 pag.
1456 530 1516 560 199,
1532 535 1558 557 et
1574 530 1621 556 lib.
1642 537 1668 555 1ν
1695 528 1846 564 Academia

1064 568 1170 598 qua‘st.,
1187 563 1247 599 pag.
1264 564 1312 598 55;
1331 563 1463 599 Diogenes
1479 564 1604 593 Laertius
1622 565 1670 591 lib.
1686 572 1706 590 11
1725 563 1766 599 De
1790 563 1849 590 ritis

1064 603 1088 625 ει
1105 598 1195 633 ᾱοθηιζ
1209 598 1422 633 philosophorum
1434 619 1442 631 ,
1469 600 1496 626 in
1515 608 1595 634 quem
1613 600 1718 627 videsis
1733 598 1848 632 Menagii

1065 634 1234 668 aliorumque
1247 635 1335 661 varias
1352 633 1622 668 animadversiones;
1640 634 1786 661 Plutarch.
1802 633 1848 661 lib.

1066 676 1073 694 1
1088 669 1126 704 ite
1142 669 1232 702 placit.
1245 670 1410 704 p/tilosoph.,-
1426 669 1538 697 Tertull.
1554 670 1601 696 lib.
1617 670 1654 696 De
1672 670 1846 704 anima,cap.

1066 703 1120 739 l2;
1140 704 1272 732 Eusebius
1292 705 1339 732 lib.
1356 713 1369 731 κ
1389 704 1538 738 Prmparat.
1555 705 1685 739 cvangrl.,
1705 712 1771 739 pag.
1788 703 1848 730 508.

1066 738 1102 774 De
1120 739 1174 766 illis
1190 740 1296 766 tandem
1314 740 1402 766 tribus
1422 740 1590 774 philosophis
1608 738 1658 767 nos
1675 738 1788 774 quoque
1800 738 1851 765 alio

1065 773 1091 800 in
1102 774 1174 809 libro
1186 775 1307 808 qlnedam
1325 773 1535 809 perstrinximus
1549 776 1583 802 ⁸⁷.

1102 808 1156 836 llos
1169 807 1258 836 alitem
1276 807 1346 843 apud
1371 809 1537 837 Clementem
1564 813 1692 836 nostrum
1709 807 1850 843 excipiunt

1065 843 1219 878 Leucippus
1239 848 1265 871 et
1283 843 1450 872 Metrodorus
1468 844 1552 872 Chius
1566 865 1572 876 ,
1590 845 1636 879 qui
1661 844 1767 879 duplex
1793 851 1852 870 esse

1066 879 1240 914 principium,
1255 880 1358 906 scilicet
1369 880 1477 913 plenum
1489 879 1809 914 etinane,opinabantur
1820 879 1849 904 ".

1065 914 1191 941 Clemens
1205 919 1294 941 tamen
1318 915 1345 941 id
1362 918 1489 949 tanquam
1506 922 1618 942 omnino
1630 919 1740 941 certum
1757 918 1785 940 et
1807 921 1852 949 ex-

1065 950 1200 983 ploratum
1224 957 1346 977 asserere
1362 948 1521 976 nou’audet.
1536 949 1637 976 Ibidem
1654 950 1731 976 enim
1749 948 1852 975 addidit

1064 985 1101 1015 ὡς
1116 984 1213 1015 ἔοικεν,
1232 994 1241 1009 ι
1262 988 1291 1011 ut
1307 985 1423 1011 videtur.
1444 995 1453 1010 ι
1472 984 1576 1011 Tullius
1594 992 1658 1011 vero
1671 985 1729 1010 ulla
1751 984 1850 1017 absque

1065 1019 1233 1046 limsitatione
1249 1020 1319 1046 hanc
1348 1020 1432 1046 fuisse
1457 1019 1584 1054 Leucippi
1599 1020 1782 1054 opinionem,
1805 1026 1849 1045 seu

1065 1055 1155 1088 potius
1169 1062 1288 1081 errorem
1304 1054 1422 1081 affirmat
1436 1055 1472 1088 ³⁹;
1484 1055 1609 1089 quantivis
1619 1055 1664 1081 illa
1677 1054 1764 1089 paulo
1779 1053 1851 1080 aliter

1065 1098 1081 1116 a
1105 1089 1223 1123 Diogene
1249 1089 1356 1116 Laertia
1382 1090 1455 1116 hunc
1483 1094 1632 1123 exponatur
1661 1090 1691 1116 in
1723 1089 1850 1116 modum:

1068 1133 1077 1150 ε
1097 1124 1260 1152 Universum
1282 1125 1415 1151 inlinitqu
1440 1125 1495 1151 ait:
1515 1124 1597 1158 hujus
1611 1128 1721 1159 partem
1746 1124 1851 1158 plenam

1065 1167 1135 1190 esse,
1153 1164 1255 1194 partem
1269 1159 1432 1192 inanem;et
1447 1160 1579 1186 elementa
1597 1160 1652 1191 ait,
1679 1159 1852 1193 mundosque

1065 1203 1095 1221 ex
1109 1195 1142 1221 iis
1154 1193 1280 1221 'inlinitos
1296 1202 1368 1226 esse,
1384 1198 1411 1221 et
1425 1194 1451 1220 in
1467 1194 1511 1220 illa
1526 1195 1638 1221 dissolvi
1656 1194 1692 1221 ’°.
1712 1203 1722 1219 ι
1742 1193 1851 1220 Plutar-

1065 1229 1133 1257 chus
1156 1237 1264 1264 quoque
1291 1229 1474 1256 Metrodorum
1493 1229 1555 1256 huic
1569 1230 1684 1256 omnino
1709 1228 1853 1263 suﬂ‘ragari

1065 1265 1135 1300 apud
1153 1264 1298 1291 Eusebium
1310 1269 1402 1300 aperte
1418 1264 1552 1300 signiticat
1568 1265 1602 1291 9‘.

1101 1299 1196 1326 Utrum
1221 1303 1310 1326 autem
1332 1299 1402 1327 idem
1426 1299 1470 1326 ille
1482 1299 1652 1326 Metrodorus
1670 1299 1699 1325 in
1725 1298 1780 1325 hac
1796 1305 1852 1325 sen-

1064 1335 1148 1361 tentia
1161 1334 1206 1361 diu
1224 1334 1446 1369 perseveraverit.
1459 1335 1486 1360 in
1498 1334 1610 1361 dubium
1626 1334 1703 1361 haud
1717 1334 1852 1369 immerito

1065 1370 1156 1397 vocari
1172 1373 1270 1404 potest.
1286 1369 1413 1402 Quaedam
1430 1370 1529 1399 etenim
1548 1370 1621 1396 illius
1636 1370 1722 1395 verba
1740 1376 1756 1394 a
1776 1368 1852 1404 Cice-

1065 1412 1131 1432 rone
1146 1403 1284 1434 citantur,
1301 1404 1400 1439 quibus
1418 1412 1468 1431 nos
1491 1404 1562 1431 scire
1584 1404 1687 1438 aliquid
1710 1403 1854 1439 praefracte

1065 1440 1195 1474 negabat:
1223 1449 1232 1465 ‹
1254 1438 1423 1466 Metrodorus
1440 1439 1534 1470 Chius,
1557 1449 1566 1465 1
1593 1440 1630 1465 ita
1650 1439 1788 1474 loquitur
1809 1438 1852 1465 Ci-

1066 1473 1140 1506 cero,
1158 1485 1167 1500 ‹
1183 1475 1260 1502 initio
1277 1475 1348 1505 libri,
1363 1474 1409 1508 qui
1426 1479 1467 1501 est
1476 1474 1508 1501 dc
1522 1479 1634 1501 natura:
1649 1473 1736 1508 Nego.
1754 1474 1852 1507 inquit.

1066 1510 1136 1537 scire
1150 1518 1209 1541 nos,
1229 1510 1382 1536 seiamusne
1397 1509 1507 1544 aliquid,
1531 1518 1564 1536 an
1577 1509 1645 1536 nihil
1666 1510 1805 1540 sciamus,
1823 1517 1854 1535 ne

1066 1545 1184 1579 idipsum
1201 1545 1310 1579 quidem
1335 1544 1450 1576 nescire,
1469 1545 1607 1573 autscire.
1622 1544 1696 1579 scire
1714 1551 1785 1579 nos,
1805 1550 1853 1570 nec

1067 1578 1189 1611 omnino,
1201 1580 1272 1607 sitne
1288 1579 1400 1613 aliquid,
1418 1587 1452 1605 an
1464 1579 1529 1605 nihil
1543 1580 1576 1605 sit
1591 1579 1624 1605 ".
1648 1589 1657 1604 ι
1676 1578 1758 1605 Unde
1773 1578 1855 1605 Laer-

1067 1615 1121 1642 tius
1146 1615 1180 1641 de
1193 1614 1286 1641 eodem
1303 1614 1473 1642 Metrodoro:
1495 1624 1503 1639 ι
1526 1614 1576 1640 llie
1592 1622 1621 1641 se
1638 1622 1673 1640 ne
1690 1615 1717 1641 id
1740 1613 1854 1648 quidem

1066 1650 1138 1676 Scire
1149 1650 1268 1679 dicebat,
1284 1649 1357 1683 quod
1376 1649 1443 1676 nihil
1467 1649 1549 1676 sciret
1567 1649 1599 1675 9’.
1615 1659 1630 1684 r
1644 1648 1790 1684 Meuagius
1811 1652 1855 1674 ta-

1066 1692 1126 1711 men
1142 1685 1198 1711 haec
1217 1685 1242 1711 in
1258 1684 1357 1711 Laertii
1370 1688 1473 1711 textum
1498 1691 1513 1710 a
1535 1684 1605 1711 male
1620 1683 1719 1711 feriato
1730 1683 1855 1718 quodam

1066 1721 1199 1754 scriptore
1224 1720 1328 1746 iutrusa
1352 1719 1452 1746 ideirco
1474 1719 1641 1754 suspicatur,
1669 1719 1742 1753 quod
1768 1719 1807 1746 ibi
1820 1718 1855 1745 de

1066 1754 1212 1786 Metrodori
1227 1754 1398 1789 dogmatibus
1414 1762 1504 1781 sermo
1515 1762 1569 1789 non
1584 1758 1667 1781 esset.
1683 1754 1719 1780 At
1740 1761 1806 1780 cum
1820 1761 1854 1780 ex

1065 1789 1197 1816 Cicerone
1223 1793 1330 1817 constet
1356 1789 1524 1816 hunel'uisse
1541 1788 1687 1816 Metrodori
1712 1796 1852 1820 errorem,

1067 1825 1168 1852 nullius
1183 1830 1256 1853 certe
1272 1825 1401 1852 momenti
1416 1829 1457 1851 est
1476 1824 1532 1852 hate
1549 1823 1664 1858 Menagii
1683 1825 1766 1850 ratio.
1782 1823 1855 1856 Quid

1065 1860 1138 1886 enim
1163 1860 1300 1894 prohibet,
1317 1860 1382 1894 quin
1409 1858 1551 1890 Laertius,
1576 1859 1622 1885 ubi
1640 1860 1666 1885 in
1695 1859 1854 1894 philosophi

1066 1895 1140 1922 illius
1154 1893 1317 1922 mentionem
1343 1894 1451 1925 incidit,
1469 1894 1539 1921 hanc
1554 1893 1700 1921 absurdam
1718 1894 1781 1927 ejus
1796 1894 1855 1927 opi-

1067 1930 1174 1956 nionem
1191 1930 1279 1959 obiter
1295 1929 1441 1956 crediderit
1455 1937 1517 1956 esse.
1530 1928 1696 1956 notandam?
1709 1928 1742 1955 Ut
1760 1933 1791 1955 ut
1805 1929 1854 1959 sit,

1065 1964 1215 1992 Aristocles
1228 1964 1299 1999 apud
1311 1964 1457 1991 Eusebium
1475 1964 1557 1991 refert
1573 1964 1698 1991 eumdem
1716 1963 1855 1990 Metrodw

1065 2008 1126 2026 rum
1153 2000 1186 2026 iis
1211 1999 1300 2026 adhuc
1325 1999 1539 2033 subscripsisse,
1564 2000 1611 2034 qui
1635 1999 1854 2029 somniaveram,

1069 2044 1078 2059 Ι
1097 2035 1248 2068 cujusmodi
1275 2034 1406 2069 quidlibet
1431 2038 1578 2068 appareat,
1605 2034 1740 2067 ejusmodi
1770 2034 1853 2069 etiam

1066 2070 1131 2096 illud
1157 2078 1226 2096 esse.
1246 2068 1404 2096 Derezeteris
1418 2069 1548 2096 al‘lirmari
1565 2077 1581 2095 a
1596 2069 1676 2096 nobis
1688 2073 1766 2095 certo
1785 2068 1855 2094 nihil

1066 2106 1185 2139 posse“.
1200 2115 1208 2130 |
1220 2104 1273 2131 Nec
1283 2104 1383 2131 morari
1393 2112 1555 2138 quemquam
1564 2104 1644 2131 debet
1656 2108 1730 2130 tanta
1740 2107 1855 2138 tamque

1066 2139 1198 2173 stupenda
1218 2140 1301 2166 hocce
1323 2141 1350 2166 in
1377 2139 1538 2174 philosopho
1564 2139 1747 2166 inconstanlis
1767 2139 1855 2165 animi

1067 2175 1172 2201 levitas.
1185 2175 1254 2207 Quid
1267 2175 1339 2201 enim
1359 2174 1457 2200 mirum
1473 2175 1495 2201 si
1509 2174 1553 2201 hic
1568 2174 1670 2207 aliique
1683 2174 1854 2208 phil050pbi,

1067 2217 1082 2235 a
1097 2210 1211 2237 veritate
1226 2214 1281 2236 toto
1298 2209 1367 2237 cwlo
1381 2210 1551 2240 aberrantes,
1567 2209 1594 2236 in
1611 2213 1667 2235 tam
1683 2209 1776 2236 varias
1789 2209 1856 2235 sibi-

1066 2245 1196 2280 queiadeo
1215 2248 1396 2280 repugnantes
1413 2245 1562 2280 sententias
1574 2244 1712 2271 abierint?

1102 2279 1230 2314 Majorem
1244 2277 1438 2307 'dillirultatem
1464 2279 1579 2314 llerreto
1602 2287 1633 2306 ea
1660 2286 1727 2305 sane
1749 2277 1855 2305 habere

1065 2315 1194 2342 videntur
1205 2334 1213 2346 ,
1234 2323 1294 2350 qua:
1310 2315 1436 2342 Clemens
1453 2314 1486 2341 de
1505 2313 1856 2350 Democrito_contiuenter

1066 2350 1221 2377 subnectit:
1243 2347 1312 2377 iAb
1335 2349 1377 2376 his
1394 2353 1483 2375 autem
1504 2349 1641 2380 duobus,»
1666 2347 1810 2382 Leucippo
1830 2352 1856 2375 et

1063 2385 1229 2415 Metrodoro,
1247 2395 1256 2410 ‹
1271 2389 1392 2412 matuata
1406 2384 1506 2417 adjecit
1520 2384 1678 2414 simulacra.
1694 2391 1743 2410 seu
1762 2391 1855 2409 rerum

1064 2421 1180 2454 species,
1195 2420 1228 2446 τὰ
1238 2420 1342 2450 εἴδωλα,
1359 2419 1527 2446 Democritus
1539 2419 1727 2454 Abderitanurs
1736 2418 1758 2432 ³⁵
1767 2425 1792 2441 .›
1805 2417 1856 2454 Fo-

1064 2453 1137 2483 tetur
1147 2456 1279 2490 siquidem
1295 2455 1428 2481 llerrctus
1441 2454 1525 2485 hunc,
1540 2457 1570 2479 ut
1584 2453 1747 2490 Aristoteles
1765 2453 1856 2490 perhi:

1065 2491 1120 2521 bet,
1136 2487 1215 2524 pleno
1228 2495 1253 2517 et
1271 2490 1344 2516 inani
1361 2497 1476 2523 corpora
1494 2489 1677 2524 insectiabilia,
1694 2496 1757 2521 quae
1770 2487 1856 2524 atomi

1065 2523 1205 2557 dicuntur,
1224 2525 1392 2560 adiunxisse.
1409 2525 1450 2551 Au
1467 2529 1559 2551 autem
1579 2523 1754 2550 Democritus
1771 2530 1806 2550 ea
1819 2523 1856 2549 ita

1144 2603 1166 2618 ⁷⁸
1186 2602 1273 2629 Cicer.
1293 2602 1340 2629 lib.
1360 2610 1387 2629 iv
1402 2601 1531 2628 Academ.
1548 2604 1658 2636 qutest..
1682 2608 1711 2635 p.
1729 2600 1777 2636 εΗ.1
1793 2599 1852 2627 init.

1347 2646 1371 2671 ῃ.
1386 2638 1448 2664 {99.
1487 2637 1510 2652 7"
1531 2636 1609 2663 Voss.
1627 2637 1676 2662 lib.
1695 2636 1734 2671 De
1755 2635 1852 2671 philos.

1373 2708 1395 2723 ⁸⁵
1415 2704 1516 2742 Ᾱῃρςιν.
1536 2704 1587 2732 lib.
1601 2714 1631 2742 ir,
1649 2706 1762 2732 dissert.

1471 2742 1494 2756 "°
1514 2742 1561 2768 l-ib.
1580 2749 1597 2767 11
1616 2741 1732 2777 Strom.,
1745 2749 1771 2774 p.
1790 2739 1851 2777 36A:

1471 2777 1499 2802 .5.
1554 2777 1577 2792 “°
1598 2776 1690 2802 Laert.
1708 2775 1755 2802 lib.
1773 2783 1799 2801 Ix
1818 2774 1853 2800 De

1620 2783 1690 2803 aert.
1708 2783 1755 2802 HD.
1773 2783 1799 2801 II

1181 2708 1194 2742 §
1206 2709 1215 2734 l
1235 2713 1260 2735 et
1277 2716 1333 2742 seq.

1266 2743 1289 2758 ⁸⁵
1310 2751 1370 2777 pag.
1387 2743 1431 2769 45.

1609 2847 1632 2862 ”³
1652 2845 1754 2873 Euseb.
1771 2846 1789 2872 ι.
1807 2851 1851 2872 nr
