1927 3073
76 135 132 164 949
353 137 443 165 ΑΙᾸᾸΞ
460 138 495 166 ΙΝ
513 137 807 167 COHORTATIONEM
827 137 870 165 ET

74 197 225 234 vocaverit
239 218 246 230 ,
270 199 313 225 vel
337 199 461 226 Clemens
474 199 619 226 luditieans
640 207 671 226 ea
697 199 872 234 appellaverit

74 232 194 269 εἴδωλα,
206 241 221 259 a
231 241 261 260 se
272 241 316 260 cer
322 239 347 261 to
359 234 486 261 allirmari
500 242 579 269 posse
589 232 739 269 inﬁcimur;
748 234 799 261 Sed
809 234 873 268 quid

75 267 123 307 his
136 267 285 307 Ciceronis
297 267 541 307 verbisclariuset
555 270 717 307 luculentius
729 267 740 292 Ἰ
751 279 760 294 ‹
777 267 874 307 Demo-

73 303 144 329 criti
160 304 262 340 atomi,
279 304 369 335 inane,
388 304 532 340 imagines,
549 312 608 340 quae
624 305 694 332 idola
713 305 852 340 nominant
864 324 871 334 .

72 345 202 371 quorum
218 339 375 366 incursione
391 339 451 366 non
462 341 549 367 solum
566 340 716 367 videamus.
731 339 778 366 sed
792 340 871 366 etiam

72 374 237 407 cogitemus
249 374 281 400 ".
301 384 310 400 ι
327 375 396 401 Alibi
415 383 495 402 vero:
523 384 531 399 ι
547 374 632 407 Quem
650 379 677 401 tu
704 375 815 401 Marium
834 377 873 401 vi-

72 415 144 444 suri}
157 417 173 435 τι
189 417 232 435 me
246 409 342 444 putas?
354 410 489 444 Speciem,
502 411 593 441 credo,
605 411 664 443 ejus
675 415 702 437 et
715 410 869 444 imaginem.

70 447 106 479 ut
129 443 290 471 Democrito
304 443 421 472 videtur.
438 444 515 472 Unde
536 446 685 479 profectam
703 443 870 479 imaginem?

68 477 97 514 ᾼ
118 479 289 513 corporibus
304 481 377 506 enim
391 480 502 511 solidis,
519 477 545 507 et
562 487 577 506 a
593 482 675 506 certis
694 477 796 514 ﬁguris,
813 480 872 506 vult

69 512 168 549 ﬂuere
178 512 317 548 imagines
330 515 363 541 ’⁷.
377 525 386 540 ι
406 514 504 542 Eadem
516 523 598 549 porro
614 523 668 541 non
680 512 766 542 solum
778 515 812 542 ab
826 515 872 542 illo

68 548 144 585 aliis
160 549 294 585 inlibris,
310 549 356 576 sed
373 551 453 576 etiam
470 551 504 576 ab
517 548 668 585 Augustino
682 551 826 577 traduntur
837 551 870 576 οε.

68 581 115 609 Ex
141 584 246 618 quibus
267 585 356 617 colligi
377 588 463 619 potest
485 581 593 612 idemVa
626 584 734 612 Laertio
759 586 800 611 his
819 586 871 612 etsi

68 619 166 655 paulo
187 619 394 647 obscurioribus
419 621 509 647 verbis
535 620 702 654 significari:
737 621 818 655 Ὀρᾷν
841 621 870 646 δὲ

67 654 156 689 ἡμᾶς
168 655 231 680 κατ’
242 654 358 681 εἰδώλων
369 654 531 689 ἐμπτώσεις,
550 664 558 679 ‹
575 655 674 682 intueri
689 663 737 682 nos
751 654 872 682 inciden-

68 688 155 724 tibus
172 697 265 716 rerum
283 688 446 724 imaginibus
457 690 489 715 ’9.
506 701 515 716 )
536 690 620 717 Porro
637 694 726 718 autent
745 691 870 718 Clemens

67 722 256 760 Heraclidem
272 722 413 752 Ponticum
429 725 462 751 ad
472 725 543 752 illam
555 725 701 752 Democriti
715 725 869 760 opinionem

67 759 238 786 accessisse
256 760 368 787 scribit:
386 769 395 784 ι
410 760 566 787 Heraclides
582 760 711 787 Ponticus
726 759 825 788 alicubi
836 761 870 788 ad

68 792 234 821 Democriti
251 795 384 829 abripitur
400 796 577 822 simulacra‘.
593 805 602 820 ι
626 795 659 822 Ει
673 797 744 822 hunc
759 796 869 830 quidem

67 836 147 856 Suos
171 830 323 863 puerilibus
340 830 438 858 fabulis
454 830 582 857 infecisse
602 830 685 858 libros
701 829 776 858 testis
791 829 869 859 nobis

66 868 117 890 est
133 863 258 891 Cicero'.

109 898 199 931 Quod
213 903 302 926 autem
319 899 419 926 ibidem
433 900 558 927 Clemens
575 899 756 926 Democritum
769 908 784 927 a
796 900 868 928 Leu-

67 933 161 970 cippo
187 939 214 961 et
238 934 390 963 Metrodoro
412 943 489 962 suam
505 935 660 969 opinionem
683 936 869 970 desumpsisse

68 969 208 1001 addidit,
229 970 368 1003 negotium
386 971 498 997 forsitan
521 970 602 997 alicui
619 970 745 997 fat-esset.
763 969 868 997 Etenim

68 1005 241 1040 nonisolum’
257 1004 354 1032 Suidas
370 1005 390 1036 ³,
406 1007 451 1033 sed
464 1006 577 1040 ipsemet
590 1005 714 1032 Clemens
725 1006 788 1032 alibi
800 1007 869 1032 serio

68 1039 114 1066 luit
133 1039 323 1066 Metrodorum
338 1040 421 1067 fuisse
434 1039 580 1067 Democriti
596 1041 747 1067 auditorem
761 1045 781 1067 δ.
797 1041 869 1073 Qua-

68 1078 197 1108 propter
211 1074 349 1108 Mcnagius
360 1076 441 1102 alium
455 1075 545 1102 Suida:
559 1076 659 1105 locum,
674 1076 720 1102 ubi
735 1076 774 1102 sic
785 1076 868 1102 habe-

68 1114 122 1145 tur
141 1118 149 1136 :
177 1109 352 1145 ’ᾼλεξάνδρου
370 1110 416 1136 τοῦ
435 1110 556 1145 μαθητοῦ
576 1110 623 1136 τοῦ
645 1111 711 1136 Χίου
729 1109 759 1136 οὗ
779 1111 868 1138 διδάσ-

67 1142 414 1180 καλοςγῆνγΜΞτρόδωρος
436 1142 451 1170 ὃ
473 1142 632 1180 Ἀϐδηρίτης
652 1146 677 1175 ⁵,
694 1150 786 1173 censet
807 1154 866 1173 esse

67 1168 305 1218 ςςιιρῖᾶιιῆᾱιιιιιί
326 1168 416 1214 ιι)ῑᾶιῶ
438 1168 580 1214 legenddln
608 1168 641 1218 ﬁt)
662 1168 835 1218 Ᾰῃμόκξιτοξ
854 1168 868 1207 Ξ

71 1211 298 1247 Ἀϐδηρίτης-[ιθ
312 1211 379 1241 sane
391 1211 549 1249 persuasum
565 1211 676 1242 omnino
687 1211 802 1242 habebat
817 1216 867 1243 De-

67 1251 230 1276 mocritum
248 1249 332 1276 fuisse
346 1249 492 1277 Metrodori
508 1250 567 1277 Chii
584 1255 787 1284 prmeeptorem.
808 1250 866 1278 Non

67 1284 98 1310 id
118 1289 217 1320 tamen
229 1285 296 1311 adeo
309 1289 413 1312 certum
430 1289 498 1315 erat,
515 1289 544 1311 ut.
558 1286 650 1314 nullus
663 1287 741 1320 plane
756 1285 867 1313 relictus

67 1324 152 1346 esset
166 1319 309 1346 dubitandi
326 1320 411 1347 locus.
431 1320 539 1347 Laertio
554 1321 625 1347 enim
641 1319 669 1348 si
684 1321 760 1347 tidem
785 1321 867 1348 liabe-

67 1362 151 1384 nius,
172 1355 256 1381 varia:
277 1358 354 1381 erant
375 1356 409 1382 de
423 1356 544 1389 ejusdem
568 1355 713 1382 Metrodori
738 1358 867 1390 magistro

67 1390 248 1423 opiniones:
279 1399 287 1414 ι
308 1390 490 1417 Metrodorum
518 1391 588 1421 alii,
617 1391 724 1425 inquit,
751 1390 866 1418 Nessum

67 1425 180 1450 Chium
195 1444 201 1454 .
219 1425 263 1451 alii
283 1424 464 1452 Democritum
479 1426 588 1452 audisse
603 1424 715 1453 tradunt
728 1425 737 1440 ε
747 1434 769 1451 .i
781 1427 867 1453 Czete-

67 1467 138 1486 rum
167 1461 293 1494 qllﬂ'llVlS
322 1459 503 1487 Democritum
532 1460 648 1488 audierit
674 1461 865 1493 Metrodorus,

67 1495 147 1522 nihil
179 1499 269 1521 tamen
296 1500 378 1526 vetat,
402 1498 549 1530 quominus
573 1501 740 1530 praeceptor,
766 1501 866 1528 reiecta

67 1530 172 1564 priore
196 1530 348 1560 sententia,
372 1531 452 1557 aliam
474 1531 616 1564 deinceps,
636 1539 716 1565 quam
734 1532 864 1558 veriorem

67 1565 206 1600 putabat,
221 1565 347 1600 diScipuli
363 1565 518 1600 opinionem
532 1566 673 1600 amplexus
688 1567 733 1592 sit.

108 1599 318 1634 lneonipertuin
345 1599 396 1627 sibi
421 1600 510 1627 adhuc
534 1599 595 1627 esse
614 1602 709 1628 scribit
733 1600 864 1628 Hervetus

67 1635 151 1661 unde
165 1635 292 1662 Clemens
309 1640 402 1662 uoster
420 1636 555 1669 acceperit
573 1635 753 1662 Alcmeonem
769 1635 865 1662 Croto-

67 1672 183 1697 niatein
197 1670 329 1706 docuisse
337 1675 420 1706 astra,
433 1674 527 1704 utpote
539 1678 598 1706 qua:
613 1672 664 1698 sint
679 1671 807 1701 animata,
824 1679 866 1698 re-

67 1713 141 1740 vera
157 1713 222 1732 esse
236 1706 310 1732 deos.
324 1705 396 1732 Nihil
410 1706 543 1740 siquidem
559 1706 596 1732 ait
608 1714 638 1732 ea
652 1706 685 1732 de
702 1714 730 1733 re
742 1713 756 1732 ς]
772 1706 866 1740 Dioge-

67 1748 107 1767 ne
123 1739 248 1771 Laertio,
265 1741 305 1767 vel
326 1739 472 1767 Plutarcho
486 1741 625 1768 traditum.
649 1741 718 1773 Quid
733 1748 797 1775 ergo
813 1739 866 1768 sibi

67 1775 164 1802 voluit
181 1775 316 1807 Laertius,
334 1784 395 1802 cum
411 1775 444 1803 de
458 1776 552 1802 eodem
568 1775 721 1803 Alcmmone
736 1776 860 1810 scripsit:

70 1821 81 1836 ‹
95 1810 209 1837 Lunam
220 1811 288 1837 hanc
300 1811 492 1845 sempiternam
505 1811 604 1837 habere
612 1816 735 1837 naturain
746 1808 861 1837 dixit”:

67 1845 144 1878 Quis
157 1866 163 1878 ,
183 1848 280 1872 amabo
297 1850 337 1875 te.
357 1847 550 1880 sempiternam
568 1850 655 1881 potest
671 1846 769 1872 habere
785 1849 865 1872 natu-

67 1889 148 1934 raliq,
165 1881 221 1907 nisi
237 1881 308 1909 Deus
323 1882 392 1917 ipse,
404 1882 446 1909 vel
459 1881 505 1916 qui
519 1882 610 1908 divina
623 1885 721 1908 natura
735 1881 864 1915 prmditus

67 1924 99 1934 nt:

66 1920 113 1943 est
124 1920 133 1942 Ἰ

108 1951 166 1978 Sed
187 1951 210 1978 si
228 1950 284 1977 lirec
303 1950 418 1978 llerveto
433 1959 486 1978 non
504 1951 648 1982 sufﬁciant,
665 1950 742 1977 adeat
755 1950 865 1978 Cicero-

68 1994 150 2019 nem,
167 1991 194 2013 et
207 1994 268 2013 cum
286 1986 363 2021 longe
376 1987 478 2014 clarius
490 1988 700 2021 expressiusque
713 1987 746 2012 de
759 1987 808 2012 hac
820 1987 864 2012 ἐλι-

68 2022 210 2048 cmzconis
229 2022 357 2055 opinione
374 2022 526 2056 loquentem
545 2022 651 2048 audiat:
672 2021 863 2048 (Crotoniates

68 2063 168 2083 autem
184 2056 312 2086 AlCIIIZOO,
331 2057 376 2090 qui
394 2058 444 2083 soli
460 2061 486 2083 et
501 2057 572 2083 luna:
586 2056 751 2090 reliquisque
766 2057 862 2083 sideri-

68 2092 138 2122 lius,
156 2092 304 2125 animoque
316 2095 443 2125 prtelerea
455 2092 624 2118 divinitatem
637 2091 721 2124 dedit,
737 2099 788 2117 non
803 2099 864 2117 sen-

69 2127 110 2153 sit
128 2134 192 2153 sese
215 2127 375 2154 mortalibus
390 2129 471 2154 rebus
492 2127 723 2153 immortalitatem
738 2126 803 2153 dare
816 2126 836 2153 ⁸.
851 2135 861 2151 ι

69 2161 139 2201 Haec
154 2167 230 2215 cert'e
252 2161 397 2189 llervetuni
418 2162 554 2197 quouiodo
578 2163 713 2196 fugerint,
731 2163 793 2196 quis
809 2170 863 2188 non

69 2201 193 2215 vnn-nlul-

68 2201 193 2223 :‘niretur
203 2201 212 2223 ’Ξ

896 136 1121 166 PIED‘AGOGUM
1142 135 1441 165 OBSERVATIONES.
1657 135 1710 167 95°

888 200 910 228 Α
924 207 980 226 seni
993 219 1000 230 ,
1018 196 1214 233 Χαλκηδόνιον,
1231 197 1316 224 fuisse
1342 197 1457 233 scribit.»
1472 196 1509 233 lit
1526 195 1710 233 Casauboaus

927 234 1035 268 quidem
1045 231 1218 264 observat,iu
1230 233 1350 267 antiquis
1360 231 1458 258 Laertii
1472 231 1532 268 libri
1544 231 1710 268 editionilius

927 267 1038 295 verbum
1050 269 1232 304 Καρχηδᾴνιος
1241 267 1504 304 repraaseniariLsed
1515 267 1627 304 omnino
1639 273 1713 304 men-

925 303 1002 334 dose,
1020 301 1100 338 eique
1112 301 1302 338 ‘Xalxr‘ﬁéwoq
1315 322 1322 332 ,
1341 301 1413 336 quod
1433 301 1573 338 Menagius
1593 302 1618 328 in
1636 302 1711 338 regio

926 338 1026 365 Lacrtii
1046 335 1140 366 codice
1155 335 1267 372 reperiri
1282 335 1384 366 mouet.
1402 345 1463 364 esse
1477 335 1709 364 substituemluni.

926 374 982 400 llac
1003 380 1092 400 ειυιριιι
1114 374 1240 400 codicum
1259 373 1388 401 varietate
1407 380 1437 398 ac
1455 372 1628 406 dissensione.
1645 372 1709 406 quid

925 409 1099 436 statuendum
1118 409 1154 435 sit
1191 409 1212 435 si
1226 415 1347 442 qiucras,
1364 415 1378 433 a
1395 408 1527 434 Cicerone
1543 404 1662 433 forsitan
1682 407 1709 433 id

925 444 1030 471 discere
1046 444 1146 478 poteris
1157 463 1164 473 ,
1178 443 1222 477 qui
1241 442 1650 478 XenocratemChalcedoniqu
1668 442 1709 468 sic

924 476 1057 514 appellati
1081 487 1089 503 ι
1107 476 1287 513 Speusippum
1303 478 1406 514 sororis
1422 477 1506 514 filiuni
1530 476 1605 503 Plato
1622 477 1710 511 philo-

924 512 1025 549 sophia:
1040 512 1268 549 quasi'litei'edem
1292 512 1418 549 reliquit:
1437 513 1505 549 i_l_uos
1525 517 1615 539 autem
1635 520 1710 549 pne-

924 546 1108 576 stautissiiuos
1117 548 1208 575 studio
1219 552 1299 584 atque
1309 546 1618 584 doctrinaXenocratein
1630 547 1710 584 Chal-

923 584 1079 613 cedonium,
1097 588 1124 609 et
1141 583 1312 609 Aristotelem
1331 582 1493 617 Stagyritem
1507 582 1538 609 ιθ.
1555 591 1566 607 ι
1582 582 1709 609 Ciceroni

924 618 1128 681 lvero‘AEll'ilap‘us
1142 639 1149 651 ,
1171 618 1270 645 Suidas
1288 622 1315 644 et
1332 616 1518 644 TheOdoretus
1534 621 1626 652 aperte
1650 617 1710 644 sut-

936 663 990 681 i-ae.
1002 663 1016 680 n
1059 662 1065 668 ·
1101 673 1108 680 .

936 658 1065 686 ragantiir
1077 658 1108 680 “.

957 690 1012 724 8ο
1021 688 1111 724 Neque
1127 694 1248 724 opponas
1269 687 1348 724 velim
1361 707 1369 718 ,
1385 686 1418 714 ab
1434 686 1551 724 ipsemet
1570 686 1711 724 Clemente

922 722 1015 751 nostro
1031 723 1209 750 Xenocratem
1227 723 1286 749 loco
1305 722 1398 753 citato,
1411 726 1437 749 et
1448 722 1472 748 al
1485 722 1511 748 bi
1524 722 1707 757 Καρχηδόνιον

922 758 1170 794 cognoziiinarizah
1180 758 1224 784 illo
1234 759 1305 784 enim
1318 757 1417 794 alicubi
1431 757 1609 794 Χαλκηδόνιος
1623 758 1706 794 etiam

921 791 1034 821 vocatur
1065 795 1097 820 ¹².
1129 792 1204 819 Illius
1230 799 1310 826 porro
1332 793 1366 819 de
1387 797 1450 818 octo
1468 791 1522 819 diis
1542 793 1675 818 sententia
1692 799 1708 819 a

923 829 1067 857 Cicerone.
1080 828 1136 862 jam
1155 827 1277 859 laudato,
1296 827 1366 854 hunc
1380 827 1523 862 exponitur
1537 827 1563 853 in
1577 828 1685 854 modum
1699 835 1706 862 ς

886 876 906 903 Β
922 873 933 903 μ
953 861 1123 903 Xenocrates
1133 863 1198 890 deos
1212 867 1273 903 octo
1289 870 1350 890 esse
1364 862 1440 894 dicit,
1452 862 1571 902 quinque
1586 861 1708 903 eosuqu

921 899 948 925 in
964 900 1048 926 stellis
1066 898 1141 933 vagis
1156 898 1347 929 nominantur,
1367 905 1451 924 unum
1469 897 1514 933 qui
1533 905 1565 926 ex
1580 898 1708 924 omnibus

920 934 1056 961 sideribus
1068 954 1076 967 ,
1095 941 1154 967 qua:
1169 934 1250 960 intlxa
1264 933 1333 960 cmlo
1347 936 1409 959 sunt
1420 953 1426 963 ,
1438 940 1470 959 ex
1487 932 1617 967 dispersis
1628 932 1708 967 quasi

919 969 1049 996 membris
1083 969 1196 1002 simplex
1225 968 1260 994 sit
1287 968 1423 1002 putandus
1449 967 1538 1000 Deus;
1561 968 1707 1001 septimum

919 1005 1003 1031 solem
1019 1004 1150 1039 adjungit.
1167 1009 1346 1038 octavamque
1361 1003 1452 1029 lunam
1471 1012 1476 1029 :
1493 1003 1608 1039 quiquo
1624 1009 1707 1029 sensu

919 1039 990 1066 beati
1006 1047 1067 1066 esse
1081 1038 1187 1073 pessiut
1199 1058 1205 1068 ,
1224 1038 1337 1073 intelligi
1353 1046 1412 1073 non
1423 1041 1512 1072 potest
1528 1038 1558 1063 η.
1580 1047 1589 1063 ι

955 1073 1007 1100 Sed
1028 1072 1100 1101 hunc
1120 1073 1261 1100 Ciceronis
1283 1072 1372 1100 locum
1393 1072 1526 1100 llervetus
1542 1079 1595 1098 non
1620 1072 1707 1106 magis

919 1108 1087 1136 intellexisse
1104 1109 1224 1138 videtur,
1253 1116 1334 1142 quam
1352 1115 1383 1135 ea
1395 1127 1402 1139 .
1420 1115 1480 1141 qua:
1500 1107 1534 1134 de
1551 1107 1706 1134 Stoicorum

919 1145 1046 1178 opinione
1061 1144 1186 1170 Clemens
1203 1145 1373 1170 continenter
1388 1143 1523 1169 subnectit
1542 1151 1548 1169 :
1567 1151 1575 1166 ι
1592 1142 1644 1178 Sed
1657 1148 1707 1168 nec

919 1177 1125 1213 pi-aitermittam
1142 1178 1248 1205 Stoicos
1261 1198 1267 1209 ,
1288 1179 1333 1213 qui
1352 1185 1457 1213 omnem
1476 1177 1651 1213 quantumvis
1665 1179 1706 1202 vi-

919 1212 970 1240 lem
986 1220 1012 1240 et
1026 1214 1158 1248 abjeetam
1178 1212 1317 1240 materiam
1334 1213 1428 1239 dicunt
1444 1212 1528 1248 Deum
1546 1212 1704 1247 pervadere,

919 1249 966 1282 qui
976 1247 1068 1283 aperte
1077 1256 1153 1276 suam
1163 1248 1361 1283 philosophiam
1373 1256 1386 1274 a
1392 1247 1636 1283 fticiuntrdedccore
1647 1247 1678 1274 “.
1693 1257 1704 1272 ι

918 1281 1002 1311 Recte
1011 1284 1119 1319 quidem
1129 1302 1137 1316 ,
1150 1281 1237 1318 inquit
1250 1281 1397 1315 llervetus,
1413 1283 1434 1310 si
1448 1282 1532 1319 Stoici
1546 1281 1629 1319 Deum
1643 1289 1707 1319 cor:

918 1326 999 1353 porca
1020 1317 1125 1349 forma,
1149 1317 1229 1345 secus
1251 1322 1340 1345 autem
1362 1319 1399 1349 si,
1422 1321 1450 1344 ut
1471 1317 1639 1350 probabilius
1654 1317 1706 1350 ipsi

918 1352 1039 1385 videtur,
1063 1355 1226 1388 incorporeo
1247 1358 1273 1380 ct
1293 1353 1426 1388 spirituali
1445 1352 1525 1379 modo
1544 1359 1593 1388 res
1610 1359 1706 1388 omnes

917 1389 1065 1424 pervadere
1080 1386 1254 1424 crediderint.
1272 1386 1437 1415 Clementem
1454 1387 1544 1424 itaque
1560 1386 1621 1424 falsi
1638 1386 1707 1413 insi—

918 1422 1018 1456 inulat,
1048 1431 1080 1453 ac
1106 1423 1212 1451 Stoicos
1237 1424 1271 1450 ab
1299 1423 1345 1450 illo
1366 1423 1501 1450 immerito
1524 1422 1706 1457 reprehensos

918 1459 1003 1486 fuisse
1019 1460 1156 1493 opinatur.

953 1491 1061 1521 Siccine
1075 1501 1140 1528 ergo
1157 1493 1305 1522 Hervetus,
1323 1500 1385 1519 cum
1409 1492 1466 1519 hate
1487 1491 1633 1528 scriberet,
1658 1499 1706 1519 eo-

917 1537 976 1555 rum
992 1529 1092 1557 oblitus
1107 1526 1273 1563 fuerat,qu:e
1284 1527 1411 1554 Clemens
1427 1528 1453 1554 iu
1468 1527 1526 1563 suis
1541 1526 1706 1563 sonantium

918 1565 994 1591 libris
1017 1569 1071 1591 tam
1090 1562 1247 1591 constanter
1267 1568 1359 1598 postea
1376 1562 1511 1590 asseruit?
1525 1571 1534 1587 ε
1549 1562 1705 1598 Quinetiam

917 1598 1001 1626 Stoici
1016 1607 1068 1626 non
1081 1603 1155 1626 recte
1170 1599 1264 1625 dicunt
1282 1598 1384 1628 Deum,
1399 1605 1460 1624 cum
1481 1598 1517 1624 sit
1533 1605 1648 1632 corpus.
1665 1597 1707 1622 vi-

917 1634 1048 1661 lissimam
1067 1634 1219 1668 pervasisse
1240 1633 1391 1660 materiam.
1409 1642 1424 1668 γι
1442 1632 1503 1659 Alio
1520 1637 1609 1668 autem
1628 1632 1655 1658 in
1672 1632 1706 1658 Ii-

917 1669 965 1695 bro
985 1679 991 1696 :
1015 1679 1024 1694 1
1047 1667 1107 1696 Non
1119 1673 1160 1696 est
1177 1668 1248 1696 Dctis
1265 1668 1384 1695 liuuiana
1403 1667 1488 1694 forma
1508 1667 1651 1701 praeditus.
1677 1670 1706 1693 ul.

916 1705 1023 1736 audiat,
1040 1712 1127 1739 neque
1140 1704 1164 1732 ei
1179 1704 1306 1731 sensibus
1319 1707 1361 1729 est
1376 1710 1459 1737 opus,
1475 1705 1506 1728 ut
1520 1703 1621 1739 placuit
1634 1701 1707 1728 Stoi-

915 1739 956 1766 cis
968 1759 975 1771 ,
1000 1737 1117 1766 maxime
1143 1739 1236 1766 auditu
1260 1742 1286 1765 et
1305 1739 1384 1770 visu;
1402 1745 1455 1764 non
1471 1745 1552 1772 posse
1567 1737 1707 1764 eiiiui‘uu-

915 1782 996 1808 quam
1017 1775 1096 1801 aliter
1120 1774 1322 1808 apprehendere
1343 1773 1375 1799 ”.
1397 1782 1406 1798 ι
1430 1772 1557 1807 Nunquid
1576 1772 1707 1808 igiturret

915 1806 952 1836 ibi
965 1809 1098 1836 Hervelus
1110 1806 1275 1838 Clementem
1287 1808 1390 1835 erroris
1398 1813 1424 1835 et
1433 1806 1525 1842 lapsus
1538 1806 1707 1842 postulabit?

915 1844 1042 1879 Ejusdem
1067 1852 1131 1879 ergo
1151 1845 1253 1871 erroris
1274 1843 1392 1879 postulet
1413 1843 1594 1873 Aristoclem,
1610 1843 1654 1877 qui
1674 1842 1707 1868 de

916 1878 1016 1906 Stoicis
1038 1878 1137 1906 hiec'in
1153 1879 1268 1912 septimo
1282 1878 1319 1904 De
1332 1878 1497 1912 philosophia
1518 1878 1588 1904 libro
1603 1885 1707 1903 memo-

914 1915 962 1941 ria:
983 1914 1100 1948 prodidit
1117 1923 1123 1940 :
1143 1924 1151 1938 ε
1172 1913 1272 1941 lterum
1289 1914 1466 1945 elementum,
1483 1913 1523 1940 uti
1540 1913 1705 1948 Heraclitus,

915 1947 1087 1984 ignemﬂesse
1107 1949 1220 1984 volunt,
1237 1949 1296 1982 ejus
1309 1948 1526 1984 vei-orpriueipia
1544 1947 1704 1984 materiam,

915 1983 995 2018 atque
1008 1983 1109 2015 Deum,
1124 1988 1153 2010 ut
1169 1983 1260 2015 Plato;
1273 1991 1365 2009 verum
1382 1983 1432 2009 lioc
1446 1983 1605 2010 discrimine
1615 2003 1621 2012 ,
1632 1983 1705 2017 quod

916 2019 1001 2046 Stoici
1022 2019 1102 2046 ambo
1121 2019 1180 2052 illa,
1197 2023 1252 2044 tam
1273 2018 1391 2045 ellicieus
1404 2026 1484 2052 quam
1503 2018 1608 2053 patiens
1620 2037 1627 2048 ,
1644 2025 1706 2053 cor-

915 2062 980 2089 pora
997 2062 1058 2081 esse
1074 2054 1179 2086 dicant;
1193 2053 1269 2079 Plato
1286 2058 1381 2079 contra
1403 2052 1519 2087 primum
1540 2052 1615 2089 illum
1637 2052 1704 2089 elle-

914 2086 1014 2116 ctorem
1032 2090 1220 2123 incorporeum
1239 2092 1375 2114 auctorem
1387 2086 1447 2115 esse
1461 2091 1563 2123 statuat
1579 2088 1610 2114 ι’.
1629 2097 1638 2113 ι
1654 2086 1705 2113 Er—

915 2125 985 2151 roi'is
1006 2122 1117 2159 quoque
1135 2129 1161 2151 et
1177 2131 1225 2151 eos
1245 2127 1375 2159 accuset,
1395 2123 1441 2157 qui
1457 2123 1528 2159 apud
1544 2122 1704 2159 Ciceronem

915 2161 991 2186 aiunt
1014 2157 1104 2186 omnia
1127 2168 1140 2185 ιι
1167 2158 1267 2185 Stoicis
1288 2158 1321 2184 ad
1346 2158 1450 2192 igneam
1471 2158 1524 2184 vim
1547 2157 1642 2184 referri
1670 2158 1702 2185 ".

916 2195 992 2222 Unde
1006 2195 1086 2221 etiam
1101 2193 1265 2220 Plutarchus
1282 2203 1288 2219 :
1306 2202 1314 2218 ι
1333 2192 1432 2223 Stoici,
1457 2193 1558 2227 inquit.
1581 2199 1704 2218 cominu-

108 2231 325 2266 Progrediamur
336 2252 342 2262 ,
368 2235 394 2259 et
413 2232 578 2259 Clementem
603 2236 727 2259 nostrum
748 2231 781 2258 de
801 2231 863 2258 aliis
879 2230 902 2259 l)
915 2231 977 2257 nius
993 2230 1075 2266 Deum
1092 2230 1268 2266 pronuntiant
1282 2236 1342 2255 esse
1361 2228 1647 2266 ignemartiﬁciosum,
1658 2227 1703 2266 via

69 2267 248 2302 philosophis
262 2267 444 2302 disputantem
462 2275 608 2301 sequamur
627 2277 632 2293 :
653 2277 662 2292 ‹
674 2267 840 2293 Xenocrates
854 2286 860 2297 .

69 2301 177 2336 inquit,
194 2302 245 2328 fuit
256 2302 300 2329 hic
312 2302 546 2336 Cartliagiucusis,
561 2307 661 2336 septem
676 2302 784 2337 quidem
796 2301 862 2329 deos

68 2339 219 2372 planetas,
242 2342 367 2364 Octavum
383 2346 447 2364 vero
459 2358 465 2368 ,
482 2337 527 2371 qui
542 2345 574 2363 ex
597 2338 638 2364 his
654 2337 780 2364 omnibus
794 2345 861 2362 con-

69 2378 142 2403 stat,
159 2373 292 2399 mundum
309 2373 390 2400 tacite
414 2373 578 2406 significat".
598 2382 607 2398 ι
632 2372 659 2398 Ιιι
680 2372 781 2398 nostris
799 2379 861 2398 cum

69 2409 158 2435 editis
169 2427 176 2438 ,
193 2414 248 2434 tum
269 2415 349 2434 manu
369 2409 486 2434 exaratis
503 2407 643 2434 codicibus
658 2408 772 2434 habetur
788 2407 862 2442 Καρ-

68 2443 211 2504 ἒὲδόνιης,
230 2442 360 2483 llci'vctiis
377 2447 465 2469 tanien
484 2443 625 2476 legendum
648 2446 725 2477 putat.
750 2441 861 2476 Χαλκή-

101 2486 172 2504 νιος.
190 2477 412 2504 uuandouutdem
432 2477 557 2504 Laertius
572 2478 644 2504 hunc
657 2478 861 2504 Chalcedonen-

101 2486 172 2510 νιος,
190 2477 412 2512 quandoquidem
432 2477 557 2505 Laci'tius
572 2478 644 2504 hunc
657 2478 862 2504 Chalcedonen-

916 2262 1109 2300 ingredientem
1123 2264 1156 2291 ad
1172 2264 1264 2290 mundi
1281 2264 1496 2300 procreationem
1508 2283 1514 2293 ,
1527 2263 1572 2297 qui
1586 2262 1704 2300 mundus

915 2297 985 2327 in'se
999 2300 1136 2326 contineat
1153 2306 1248 2325 omnes
1261 2299 1405 2325 seininales
1420 2298 1521 2324 formas
1532 2318 1538 2328 ,
1555 2306 1588 2325 ex
1603 2297 1704 2332 quibus

915 2336 1022 2370 singula
1037 2335 1090 2360 fato
1108 2339 1267 2370 nascantur.
1284 2333 1318 2360 At
1333 2334 1457 2370 spiritum
1476 2333 1584 2367 quidem
1599 2337 1704 2370 per_to-

914 2367 972 2396 tuui
989 2373 1130 2405 penetrare
1142 2369 1288 2401 mundum,
1301 2369 1516 2405 neminanautem
1530 2376 1553 2405 Va
1564 2367 1684 2405 materiae
1695 2388 1702 2400 ,

914 2402 996 2440 quani
1008 2404 1147 2439 pervadit,
1157 2411 1264 2431 sumere
1276 2403 1483 2430 mutationibus.
1497 2403 1536 2430 Ad
1549 2403 1606 2429 haec
1619 2402 1703 2429 Deum

914 2439 974 2468 esse
997 2440 1146 2470 mundum,
1169 2439 1263 2466 stellas
1276 2459 1282 2469 ,
1302 2443 1418 2468 terram,
1438 2445 1595 2472 supremum
1612 2443 1702 2465 autem

914 2475 1035 2503 omnium
1043 2475 1155 2501 deorum
1163 2481 1224 2502 esse
1232 2478 1350 2501 mentem
1361 2494 1367 2506 ,
1377 2481 1437 2508 qua:
1444 2474 1520 2501 estin
1530 2474 1632 2500 aethere
1645 2473 1677 2500 ¹⁸.
1690 2482 1700 2499 ι

112 2568 138 2585 ’⁸
152 2568 241 2595 Cicer.
256 2568 302 2594 lib.
317 2576 334 2594 ii
348 2567 386 2594 De
404 2568 478 2595 tinib.
495 2570 558 2594 bon.
579 2573 606 2594 et
621 2570 694 2600 mai.,
710 2576 769 2602 pag.
782 2565 829 2594 Ἀεὶ.
867 2568 888 2583 ’τ
902 2568 948 2594 lib.
965 2575 982 2593 ll
996 2568 1034 2593 De
1047 2566 1167 2598 divinat.,
1181 2573 1240 2602 pag.
1256 2566 1307 2593 ᾔεις)
1319 2565 1413 2602 iullllJ
1428 2563 1465 2602 De
1474 2572 1570 2602 natura
1582 2569 1704 2602 deorum.

73 2611 140 2640 pag.
159 2604 229 2640 200.
254 2608 281 2629 et
301 2603 368 2640 sie,
384 2603 444 2640 eiii.

73 2638 85 2657 ³
101 2638 164 2674 pag.
182 2639 228 2665 44.
266 2640 275 2653 ³
291 2638 377 2666 Cicer.
394 2638 439 2674 lib.
457 2646 465 2664 ι
484 2638 523 2664 Dc
541 2642 635 2674 natura
650 2639 779 2674 deorum,

75 2673 195 2703 Strom.,
211 2681 270 2708 pag.
286 2673 348 2699 501.
386 2674 395 2688 ⁵
410 2673 505 2699 Sniilas
524 2673 550 2699 in
567 2673 648 2700 verbo
664 2673 788 2708 Πύρρων.

73 2710 133 2737 cbi.

74 2746 85 2760 '
104 2752 169 2778 pag.
184 2744 228 2770 44.

74 2780 96 2795 ¹¹
113 2780 201 2806 (lieni.
221 2778 267 2805 lib.
285 2785 302 2803 ll
318 2778 429 2807 Strom.,

74 2815 97 2830 ιδ
113 2822 174 2848 pag.
191 2814 235 2840 46.
265 2812 297 2848 7""
311 2812 394 2838 Clem.
409 2812 508 2840 Strom.
525 2813 570 2839 lib.
594 2821 613 2843 ι,

73 2858 101 2884 p.
118 2847 182 2876 816.
226 2848 246 2863 ¹⁷
259 2847 345 2875 Cicer.
362 2847 406 2874 lib.
422 2856 450 2874 iu
465 2848 501 2875 De
518 2852 573 2875 nat.
588 2847 678 2881 deor,
688 2856 715 2883 p.
729 2848 790 2876 ‘2“.

269 2744 288 2758 ¹⁰
302 2742 386 2769 Cicer.
405 2743 450 2769 lib.
466 2752 472 2769 i
485 2743 611 2769 Academ.
626 2748 732 2776 qumst.,
748 2751 806 2777 pag.
820 2744 845 2770 6.

451 2786 477 2812 p.
498 2778 559 2808 419,
576 2782 603 2804 et
620 2778 665 2805 lib.
680 2787 706 2810 v,
723 2786 748 2810 p.
767 2778 817 2805 590
839 2782 866 2804 ct

483 2603 505 2618 ⁸⁸
519 2603 632 2637 August.
650 2604 729 2637 epist.
752 2603 817 2634 “9,
834 2602 866 2629 ad
881 2602 982 2634 Diosc,
1002 2610 1051 2636 pag

793 2646 852 2672 pag.
867 2638 929 2664 200.
994 2638 1090 2664 Suidas
1108 2638 1141 2664 ad
1162 2638 1274 2663 verbum
1291 2638 1467 2675 Δημόκριτοςἶ
1505 2638 1614 2674 ⁸τςᾷιριιι.
1633 2638 1678 2661 tib.

827 2674 837 2688 °
851 2673 941 2699 Laert.
960 2673 1006 2699 lib.
1024 2681 1048 2699 ix
1067 2673 1103 2699 De
1120 2673 1181 2699 vitis
1197 2677 1224 2699 et
1237 2672 1326 2705 dogm.
1347 2670 1445 2704 philos.
1462 2678 1489 2696 in
1509 2669 1568 2696 Vita
1583 2669 1691 2705 Anaxar

175 2709 184 2723 ⁷
199 2707 288 2734 Laert.
309 2708 356 2743 lib.
378 2716 403 2734 ix
427 2708 464 2734 De
486 2707 546 2734 vitis
568 2713 594 2734 et
611 2708 699 2743 dogm.
724 2708 833 2742 philos,
856 2707 869 2742 ᾗ

633 2821 692 2848 pag.
707 2813 769 2843 293i,
787 2818 813 2839 et
832 2812 878 2848 lib.
895 2820 930 2839 vu
942 2833 949 2844 ,
962 2820 979 2846 p

832 2848 852 2863 ’⁸
868 2844 1005 2875 Plutarch.
1022 2847 1067 2874 lib.
1083 2855 1090 2874 I
1105 2847 1141 2874 De
1153 2847 1249 2882 placit-
1261 2846 1370 2881 philos,
1382 2854 1405 2873 c.
1422 2847 1445 2878 7,
1462 2853 1488 2880 p.
1509 2844 1570 2872 881.

1179 2587 1306 2628 έῗὶἶήἑὲῖἶ
1320 2587 1413 2626 libi-ix-
1428 2587 1704 2626 ἷηᾞίἶᾶὗρῖἠόζςῖἷίίξ

1505 2634 1516 2649 ⁸
1531 2634 1614 2661 Clem.
1632 2635 1678 2661 lib.
1698 2642 1704 2656 I

967 2622 982 2634 .,
1002 2610 1060 2636 pag.
1079 2604 1142 2629 540.
1179 2604 1201 2617 ⁹¹
1217 2604 1304 2628 Laert.
1321 2604 1366 2626 lib.
1384 2608 1411 2626 ix
1429 2604 1454 2626 in

967 2638 977 2652 ³
994 2638 1090 2664 Suidas
1108 2638 1141 2664 ad
1162 2636 1274 2663 verbum
1291 2635 1467 2670 Δημόκριτος.

893 2708 936 2734 85.
974 2708 984 2723 ⁸
999 2707 1098 2738 Cleon,
1113 2707 1138 2733 in
1156 2708 1224 2733 libro
1239 2703 1297 2733 1D}:
1312 2703 1406 2732 natura
1426 2705 1548 2735 deorum.
1566 2713 1626 2739 pag.
1643 2703 1703 2731 199.

886 2743 905 2757 “
918 2743 1015 2769 Ailian.
1025 2743 1070 2768 lib.
1086 2750 1131 2769 xui
1141 2751 1148 2772 ;
1160 2742 1222 2769 Var.
1233 2741 1307 2771 bisL,
1323 2740 1335 2775 §
1348 2742 1379 2773 9;
1394 2740 1496 2766 Theod.
1510 2744 1529 2766 t.
1542 2739 1586 2771 IV,
1601 2748 1628 2773 p.
1642 2739 1703 2775 52!).

883 2777 916 2804 60
924 2778 943 2804 l.
983 2778 1004 2792 ¹³
1019 2777 1118 2806 Cicer..
1135 2778 1161 2804 in
1177 2777 1246 2803 libro
1260 2784 1267 2802 l
1282 2774 1430 2802 De'iiatura
1449 2777 1560 2802 deorum
1572 2794 1578 2805 ,
1597 2782 1622 2808 p.
1639 2774 1702 2801 200.

984 2833 989 2838 .
1005 2812 1064 2839 720.
1104 2813 1125 2827 ¹⁶
1141 2812 1238 2838 liuseb.
1256 2810 1300 2837 lib.
1318 2819 1351 2837 xv
1366 2811 1481 2844 Pra‘par.
1497 2817 1582 2843 evang
1596 2829 1603 2841 ,
1619 2817 1643 2836 c.
1659 2808 1703 2841 14,
