1927 3073
243 134 292 162 971

570 134 603 162 ΙΝ
623 134 833 163 CLEMENTth
854 134 955 162 ALEX.
978 135 1008 162 D.
1031 135 1073 162 LE
1093 135 1233 164 NOURIH
1257 135 1517 164 DlSSERTATlOl.

1829 136 1876 163 972

242 195 369 231 Attamen
386 194 419 221 de
438 194 522 230 priori
539 194 720 231 gladiatorum
738 202 836 229 genere
850 194 1026 230 explicandan

1090 196 1124 222 ad
1154 196 1265 224 verbum
1291 196 1547 231 Περιαγειρόμενοι,
1577 194 1711 231 lsidorum
1746 195 1801 222 lib.
1835 204 1875 224 xu

242 238 304 258 esse
318 229 466 257 Clementis
481 235 597 256 mentem
621 230 699 257 nobis
715 231 820 257 videtur
841 229 1033 258 verosimilius.

280 266 371 300 Neque
387 272 468 299 porro
484 265 531 292 abs
548 272 577 291 re
594 269 688 300 nostra
703 266 810 300 penitus
829 266 948 292 alienum
974 273 1035 293 esse

243 302 373 328 duximus
391 301 443 327 huc
459 300 561 327 i'el'eri‘e
575 308 636 333 qua
649 308 663 326 a
680 299 788 327 Laertio
803 300 837 328 (le
853 300 963 327 athletis
978 308 1035 328 nie-v

244 337 336 362 moria:
352 336 459 370 prodita
484 339 558 371 sunt.
582 335 621 362 Ex
647 335 680 361 iis
700 336 811 367 etenim,
838 340 865 363 et
879 343 939 370 quae
958 336 1034 371 prior

242 379 336 398 eorum
350 371 456 397 vivendi
473 370 554 401 ratio,
569 373 596 397 et
609 379 624 396 ιι
638 371 848 405 quoiniinutata
864 370 963 403 fuerit,
974 373 1033 405 pla-

242 414 308 434 num
323 407 449 433 omnibus
465 406 509 432 liet
522 409 549 432 et
565 404 758 440 perspicuum:
783 415 793 431 ι
808 405 916 438 Fertur,
932 404 1032 441 inquit,

242 441 408 478 Pythagoras
422 441 525 476 primus
542 440 658 478 athletas
675 441 776 478 aluisse
789 440 1031 478 carnibus,7an’tea,

242 475 272 504 ut
286 478 312 503 in
328 475 407 504 tertio
418 475 612 503 commentario
627 476 664 502 ait
678 475 839 508 Favorinus,
858 477 957 504 caricis
975 477 1031 504 sic-

241 513 280 539 cis
296 516 323 538 et
339 511 477 547 mollibus.
501 515 529 538 et
552 511 644 538 tritico
669 511 766 540 solitos
781 519 896 547 corpora
913 513 1030 544 nutrire,

242 552 271 573 ut
285 547 323 573 ait
340 547 410 574 idem
420 545 571 573 Favorinus
586 547 612 573 in
622 551 719 574 octavo
726 545 890 574 Omnim'adze
899 547 1028 576 historiw.

241 582 293 609 Alii
320 590 384 609 vero
405 581 600 617 Pythagoram,
622 582 705 608 alium
730 583 876 617 quemdam
901 583 1028 617 Alipteni,

241 618 358 645 athletas
373 617 411 644 ita
427 618 537 643 solitum
554 617 670 651 nutrire,
688 617 793 648 dicunt,
812 625 865 644 non
880 618 954 644 hunc
969 618 1001 645 ¹⁰.
1016 629 1025 645 ι

276 652 397 687 Denique
412 651 536 679 Clemens
551 652 679 680 otnnibus
695 653 737 680 his
751 653 920 688 ganeonibus
935 657 962 680 et
973 653 1029 680 hel-

215 704 218 705 ν
240 689 367 715 Iunonibus
382 687 450 714 dicit
471 694 588 721 praeesse
609 687 860 720 ventridaemonem,
887 688 1030 715 κοιλιοδαίο

241 731 321 758 μονα.
340 722 375 750 lis
391 727 491 754 autem,
510 723 608 756 inquit.
632 724 678 757 qui
696 723 729 750 ad
752 723 844 750 luxum
871 731 1028 751 mensarum

239 759 370 793 propensi
396 761 480 793 sunt,
500 761 527 784 et
558 765 623 785 suos
654 758 706 785 sibi
734 759 845 785 morbos
871 759 1026 792 enutriunt,

239 792 339 828 praeest
353 793 459 820 daemon
476 792 566 819 helluo
577 794 727 828 maximus,
745 801 825 827 quem
842 801 893 828 ego
909 801 964 821 non
980 802 1028 822 vc-

239 827 320 855 i‘ebor
330 828 466 863 appellare
478 827 891 863 ventridiemoneni,rdzeinonuin
903 829 1026 857 omnium

238 862 388 899 pessimum
401 867 428 890 ct
442 863 714 899 perniciosissimum.
732 862 756 890 ls
768 867 858 890 autem
875 867 917 891 est
932 872 1026 892 revera

239 897 338 926 similis
352 899 388 930 ei,
405 897 451 933 qui
467 897 566 925 dicitur
579 899 823 933 ventriloquus”.i
834 899 1028 927 ACasaubono

239 933 463 961 animadversum
478 939 520 960 est
542 934 677 968 parasilas
697 934 724 960 in
748 934 889 968 Eupolidis
904 935 1029 963 dramate

239 968 451 1004 κοιλιοδαῐμονας
458 969 615 1003 appellatos,
624 969 669 996 sed
684 969 852 996 hocverbum
865 977 879 996 a
889 969 1029 998 Clemente

239 1008 336 1032 nostro
361 1011 412 1054 piro
441 1004 562 1031 daemone
587 1011 740 1039 ganeonum
767 1005 882 1040 prazside
908 1015 917 1031 ι
934 1014 1024 1033 nove)

240 1047 367 1066 ιιςιιπιιειτι
377 1047 382 1054 ¹
388 1047 408 1066 ³.

276 1047 509 1109 lilepaii‘entriloquo
530 1079 620 1102 autem
639 1074 746 1110 ilegesis
771 1074 872 1103 Leonis
887 1075 979 1103 Allatii
994 1076 1029 1104 de

239 1109 456 1145 engastrimytho
473 1114 622 1144 syntagina.
639 1109 759 1145 Denique
775 1111 817 1137 his
832 1115 892 1145 quae
902 1111 1028 1140 Clemens

240 1144 463 1172 de'helluonibus
479 1149 504 1171 et
517 1145 587 1179 gulae
605 1144 763 1180 ventrisque
776 1144 849 1173 vitio,
859 1146 960 1173 deditis
978 1147 1028 1173 ho-

240 1180 361 1207 minibus
381 1180 502 1215 scripsit,
530 1181 618 1207 lucem
642 1181 762 1215 aliquam
779 1188 834 1208 non
858 1182 946 1209 solum
963 1181 1027 1208 Sto-

239 1215 326 1248 bazus,
344 1215 392 1242 sed
409 1219 436 1242 et
451 1214 569 1242 Basilius
592 1219 674 1250 atque
690 1214 856 1244 ’Ambrosius
872 1216 1026 1244 aﬂ‘erent“.

506 1271 706 1300 ARTICULUS
725 1271 769 1300 Vl.

239 1317 278 1345 De
293 1326 452 1345 coronarum
466 1317 575 1352 origine.
593 1326 734 1352 earumque
744 1318 772 1343 in
785 1318 908 1344 conviviis
922 1325 982 1349 usu,
996 1317 1028 1345 de

274 1358 393 1380 mortuos
407 1353 553 1380 coronandi
566 1361 653 1388 rmore,
664 1358 688 1379 et
700 1353 766 1379 hanc
782 1353 813 1388 iit
823 1361 876 1380 rem
891 1353 1027 1388 Sophoclis

273 1393 298 1416 et
312 1388 433 1423 Sapphu;
440 1387 606 1419 testimoniis;
619 1396 665 1415 cur
677 1396 780 1415 corona:
794 1387 954 1415 Christianis
965 1396 1028 1423 pro-

274 1423 375 1456 hibitw,
389 1428 414 1449 et
430 1427 461 1449 de
475 1423 597 1457 ﬂoribus.

275 1470 430 1497 lnvaluerat
446 1469 474 1496 iii
499 1476 667 1504 paganorum
682 1469 814 1497 conviviis
829 1469 903 1496 aliud
919 1469 1026 1502 vitium,

237 1505 292 1541 vel;
306 1506 407 1541 potius,
424 1508 455 1531 ut
468 1504 617 1541 Clementis
636 1504 721 1531 nostri
744 1505 839 1541 _verbis
861 1505 1020 1540 loquamur,

241 1551 251 1567 ι
272 1539 530 1577 Usus_coronariim
556 1539 590 1566 ad
605 1539 844 1577 eo_ines_satione_m,
860 1545 888 1567 et
914 1540 941 1567 in
963 1540 1028 1566 vino
1041 1548 1062 1577 ο

238 1575 404 1610 proterviam
419 1578 595 1610 comparatus
609 1574 712 1602 eliluxit
724 1574 755 1602 “.
769 1584 778 1600 ›
795 1575 919 1603 Coronos
934 1578 1027 1602 autem

238 1609 311 1642 illas,
326 1619 359 1638 ex
374 1609 652 1641 ﬂoribns’cnntextas,
668 1610 768 1644 priscis
779 1610 936 1637 hominibus
950 1610 1028 1637 inco-

239 1647 330 1681 gnitas
346 1646 430 1673 fuisse
446 1645 544 1672 ibidem
560 1645 685 1672 Clemens
699 1644 790 1676 docet,
805 1648 833 1671 et
847 1646 961 1680 primam
979 1652 1028 1672 eo-

239 1680 370 1708 ronarum
385 1681 506 1707 omnium
519 1680 650 1715 originem
664 1680 706 1715 sic
720 1681 855 1714 explicat:
871 1689 880 1705 ι
893 1681 1027 1707 Czeterum

239 1723 291 1744 nec
305 1715 376 1750 apud
393 1715 521 1750 antiquos
531 1714 644 1750 quidem
657 1714 766 1742 Graecos
784 1715 834 1741 fuit
850 1715 921 1742 ullus
939 1715 1028 1742 adhuc

238 1749 404 1778 coronarum
420 1749 496 1777 ustis.
513 1749 605 1785 Neque
618 1751 691 1776 enim
708 1750 794 1784 proci,
812 1757 861 1777 nec
886 1750 932 1785 qui
950 1751 1029 1785 luxu-

239 1787 341 1814 riosam
367 1786 451 1812 vitam
477 1784 594 1820 agebant
617 1785 755 1816 theaces,
780 1785 822 1812 eis
839 1785 881 1812 usi
895 1784 981 1812 ’sunt.
998 1784 1028 1812 ln

239 1821 438 1849 certaminibus
452 1824 543 1847 autem
561 1821 648 1855 primo
663 1821 714 1847 l'uit
731 1820 834 1847 donum
850 1821 1026 1853 athletarum,

240 1855 362 1884 secundo
377 1859 467 1883 autem
483 1857 595 1890 plausus
607 1860 633 1883 et
647 1856 787 1888 excitatio,
804 1856 886 1883 tertio
901 1855 1028 1882 foliorum

239 1891 385 1926 conjectio,
402 1892 498 1926 ultimo
521 1895 611 1918 autem
637 1891 687 1918 fuit
709 1898 822 1921 corona,
839 1898 902 1918 cum
917 1891 1028 1918 Graeciaa

238 1925 301 1962 post
316 1931 438 1959 tempora
451 1925 556 1962 Medica
578 1934 674 1961 magna
690 1926 723 1952 ad
739 1926 850 1962 delicias
868 1927 938 1953 facta
953 1930 1028 1953 esset

239 1961 364 1989 accessio
375 1962 429 1988 ³⁵.»
450 1961 557 1989 Plinius
582 1963 663 1996 paulo
690 1961 834 1989 enodatius
860 1969 1026 1988 coronarum

238 1997 367 2025 edisserit
390 1997 540 2032 primordia
565 2001 593 2022 et
618 1996 800 2024 inventionem
819 2006 824 2023 :
845 1996 1026 2032 (Antiquitas

238 2033 324 2063 nulla,
341 2030 442 2066 inquit,
459 2032 512 2059 nisi
528 2031 583 2059 Deo
603 2032 721 2058 dabatur
739 2039 850 2058 corona.
871 2032 912 2058 0b
924 2030 951 2058 id
970 2030 1027 2058 llo-

238 2075 332 2094 inerus
347 2068 417 2095 emlo
432 2070 535 2094 tantum
551 2075 598 2094 cas
619 2071 646 2094 et
664 2067 755 2101 praelio
771 2068 901 2094 universo
916 2067 1025 2100 tribuit;

237 2103 341 2130 viritim
356 2110 422 2130 vero
437 2111 471 2130 ne
493 2103 520 2129 in
541 2103 691 2129 certamine
706 2103 814 2136 quidem
831 2102 889 2128 ulli.
907 2101 1025 2129 Ferunt-

236 2146 290 2173 que
306 2138 424 2173 primum
447 2137 722 2173 umniumiLiberum
744 2142 845 2173 patrem
863 2137 1026 2171 imposuisse

237 2171 320 2208 capiti
334 2180 384 2201 suo
400 2181 433 2200 ex
450 2173 560 2200 hedera.
578 2172 811 2208 Posteardeorum
826 2171 1026 2208 liciiori_sacri-

237 2206 353 2236 ﬁcantes
366 2216 518 2243 sumpsere,
533 2207 660 2243 victimis
669 2207 749 2234 simul
763 2208 914 2234 coronatis.
927 2206 1024 2234 Novis-

237 2243 308 2271 sime
317 2248 344 2270 et
358 2244 385 2270 in
401 2242 489 2271 sacris
509 2242 705 2270 certaminibus
719 2249 865 2276 usurpatae.
883 2243 1025 2277 inquibus

237 2278 373 2313 hodieque
387 2286 443 2305 non
461 2278 560 2306 victori
579 2277 669 2309 datur,
686 2276 734 2304 sed
749 2278 862 2312 patriam
877 2278 911 2304 ab
927 2276 960 2305 eo
975 2285 1024 2304 co-

237 2314 561 2348 ronarirpronuntiatur.
587 2313 652 2340 inde
680 2317 775 2340 natum
803 2316 863 2344 est,
889 2317 920 2339 ut
942 2313 1024 2340 etiam

237 2347 449 2383 triumphaturis
469 2348 672 2381 conferrentur,
702 2348 729 2374 in
755 2347 863 2382 templis
886 2348 1023 2381 dicandae;

238 2391 301 2410 mox
317 2387 347 2410 ut
360 2388 388 2411 et
399 2384 471 2412 ludis
490 2383 767 2418 darenturtLonguin
782 2388 824 2410 est
840 2391 889 2410 nec
905 2383 1024 2410 instituti

237 2418 330 2454 operis
345 2417 481 2447 disserere
494 2419 621 2454 quisnam
631 2417 816 2445 Romanorum
830 2418 934 2454 primus
945 2426 1024 2446 acce-

276 2452 320 2485 rit,
334 2461 423 2488 neque
436 2452 511 2481 enini
523 2454 591 2482 alias
605 2458 735 2481 noverant
750 2461 832 2487 quam
850 2453 962 2480 bellicas
973 2454 1021 2480 ιε.»

262 2495 328 2518 raco
343 2492 434 2515 tamen
452 2489 613 2524 Corcyraeus
633 2489 708 2524 apud
724 2488 883 2515 Athenaeum
909 2492 1025 2516 testatur

236 2522 396 2558 Januiii,_nt
414 2524 484 2550 fama
501 2522 571 2555 erat,
601 2522 686 2551 fuisse
709 2531 873 2551 coronarum
903 2528 1022 2558 reperto~

237 2557 338 2585 rem".
353 2556 408 2585 Sed
423 2559 456 2586 de
472 2559 515 2587 his
530 2559 606 2594 plura
621 2558 673 2594 legi
683 2563 809 2594 poterunt
826 2559 898 2594 apud
911 2556 1024 2586 Siiidaiii

1091 231 1194 265 Origin.
1228 239 1290 266 cap.
1319 230 1373 263 '50;
1405 230 1570 266 Polydorum
1599 230 1761 266 Vergiliumr
1782 231 1831 258 lib.
1858 241 1874 258 ιι

1086 266 1124 293 De
1146 265 1272 293 inventor;
1298 275 1362 297 rer.,
1388 265 1515 300 capfl7;
1535 265 1662 292 Stukium
1683 266 1732 292 lib.
1745 265 1874 300 Antiquit.

1085 302 1184 363 conﬁngi.
1199 309 1260 336 cap.
1280 302 1322 334 l6,
1335 305 1362 329 et
1376 300 1496 328 Plinium
1513 302 1558 328 lib.
1576 309 1611 328 xv
1628 300 1701 328 Hist.
1720 305 1796 332 παι..
1808 309 1835 329 c.
1851 304 1873 334 ί,

1086 344 1110 363 ι).
1166 347 1191 363 ο.

1106 357 1110 364 .
1129 337 1191 363 2⁸25.

1106 357 1110 364 .
1129 344 1145 362 2
1185 357 1191 362 .

1086 344 1102 371 Ρ
1120 344 1349 398 ῡὲἰοηνὶνίιιιιιιι
1365 376 1454 398 autem
1467 370 1576 398 coronis
1592 370 1667 403 audi,
1683 370 1707 398 si
1721 370 1814 401 lubet,
1828 371 1875 399 ἢ.

1084 407 1182 434 let-ium
1197 405 1343 433 Maximum
1364 406 1397 433 de
1410 406 1520 433 civitate
1543 405 1678 440 Spartana
1699 407 1742 433 sic
1764 407 1875 441 loquen-

1083 446 1136 469 tem
1148 451 1154 468 :
1165 451 1175 467 ι
1186 441 1338 468 Audierunt
1351 441 1413 469 inde
1425 441 1558 478 lautitiam
1568 445 1594 468 et
1606 441 1776 478 immodicos
1793 450 1875 478 sump-

1083 482 1127 504 tus
1153 481 1180 504 et
1207 477 1299 504 omnia
1326 484 1381 503 non
1401 477 1568 512 iieCessaria:
1597 476 1751 511 voluptatis
1781 476 1875 512 geneia

1081 512 1203 545 ﬂuxisse,
1219 513 1378 548 primosque
1400 511 1478 539 Ionas
1501 512 1631 548 unguenti
1649 511 1874 548 coronarumque

1082 548 1108 574 in
1122 548 1249 582 convivio
1264 547 1428 579 dandarum,
1438 551 1464 573 et
1479 547 1607 574 secunda:
1626 554 1732 574 mensae
1747 547 1876 582 ponenda

1080 581 1308 610 consuetudinem
1322 582 1394 609 haud
1411 590 1492 616 parva
1508 582 1623 608 luxuria
1638 582 1820 610 irritamenta
1835 591 1874 611 re-

1080 618 1246 652 perisse‘°.i
1277 616 1418 652 Frequens
1445 625 1528 652 porro
1557 617 1629 651 apud
1662 618 1875 651 antiquissimos

1080 654 1229 688 scriptores
1242 652 1276 679 de
1289 653 1336 680 illo
1352 659 1517 688 coronarum
1534 660 1586 678 usu
1603 659 1705 679 sermo.
1728 652 1798 679 [\am
1814 661 1876 688 pra-

1079 692 1121 714 ter
1136 687 1236 715 citatos
1259 688 1292 714 ab
1315 689 1444 715 Athenaeo
1459 687 1648 722 Phylenideni,
1664 687 1873 722 Apollodorum,

1079 722 1194 756 (lilium,
1211 723 1445 756 Asclepiadein",
1461 727 1488 749 et
1509 731 1524 748 a
1550 722 1640 748 Plinio
1662 723 1873 754 Menesitheum.

1077 758 1273 785 Callimachum
1282 758 1334 792 91
1353 762 1381 785 et
1395 757 1650 792 Theophrastem",
1660 765 1788 792 quorum
1798 759 1874 793 aliqui

1077 793 1162 820 libros
1187 793 1221 820 de
1247 794 1357 820 coronis
1385 793 1538 823 ediderant,
1561 793 1618 819 hate
1647 793 1684 819 de
1713 794 1774 821 illis
1800 794 1875 821 habit

1077 827 1264 856 Tertullianiis
1284 838 1290 856 :
1310 837 1318 853 ι
1347 828 1428 854 Plura
1460 828 1644 863 quaerentibus
1671 829 1773 855 omnia
1804 830 1874 856 exhi-

1078 863 1153 891 bebit
1167 864 1299 891 Claudius
1315 863 1493 891 Saturninus.
1509 862 1578 890 Nam
1593 867 1636 890 est
1651 862 1730 890 illius
1745 863 1783 890 de
1802 871 1874 891 coro-

1080 898 1123 926 nis
1145 899 1223 931 liber,
1249 903 1276 926 et
1302 899 1433 934 origines,
1460 902 1490 934 et
1516 905 1627 931 causas,
1650 901 1678 925 et
1704 899 1829 933 species,
1846 905 1870 926 et

1079 934 1265 962 solemnitates
1287 933 1382 961 earum
1404 934 1440 960 ita
1459 933 1624 965 edisserens,
1642 938 1673 959 ut
1688 933 1798 960 nullam
1815 942 1872 968 gra-

1078 969 1144 996 tiam
1161 969 1246 1000 lloris,
1255 970 1356 996 nullam
1366 969 1484 996 laetitiam
1493 968 1613 1004 frondis,
1619 967 1729 1004 nullum
1746 967 1872 1004 cespitem

1079 1008 1126 1030 aut
1147 1005 1284 1038 palmitem
1309 1012 1364 1031 non
1393 1004 1510 1038 alicujus
1534 1003 1616 1037 capiti
1637 1003 1768 1030 invenies
1783 1012 1873 1031 (aonie-

1078 1040 1249 1066 cratuin“.i
1277 1039 1346 1072 Quia
1370 1044 1462 1066 tamen
1488 1039 1586 1065 horum
1612 1038 1871 1072 antiquissimorum

1079 1079 1222 1102 auctorum
1252 1075 1356 1110 scripta
1370 1075 1427 1108 jam
1444 1082 1460 1101 a
1476 1074 1556 1108 longo
1573 1076 1698 1110 tempore
1723 1074 1871 1108 perierunt,

1079 1110 1102 1137 si
1116 1118 1150 1137 ex
1167 1109 1212 1141 iis,
1231 1117 1291 1144 qua:
1310 1108 1459 1137 etiamnum
1475 1112 1595 1139 exstant,
1616 1108 1711 1142 aliqua
1729 1110 1801 1136 velis
1812 1117 1871 1136 eon-

1078 1145 1180 1176 sulere,
1192 1150 1290 1178 pra‘ter
1303 1146 1358 1177 jam
1370 1152 1383 1170 a
1398 1145 1477 1171 nobis
1489 1145 1568 1177 paulo
1585 1147 1648 1170 ante
1666 1144 1799 1171 laudatos
1809 1146 1871 1172 scri-

1079 1182 1172 1219 ptores
1182 1178 1224 1219 adi
1233 1178 1392 1219 Athenaeum
1401 1178 1420 1205 l.
1431 1186 1474 1212 xv,
1481 1186 1509 1219 ε.
1519 1179 1535 1206 5
1545 1183 1671 1219 et_seqq.,
1683 1178 1867 1219 ῼρὶριιωορρ..

1080 1222 1108 1248 p.
1121 1214 1174 1240 675
1185 1218 1213 1241 et
1226 1221 1313 1248 seqq.,
1325 1218 1352 1240 et
1363 1214 1390 1240 in
1402 1221 1464 1240 eum
1478 1213 1631 1241 Casauboni
1652 1213 1868 1241 animadversio-

1080 1257 1130 1275 nes
1145 1249 1191 1275 lib.
1210 1257 1254 1280 xv,
1273 1257 1296 1274 (τ.
1311 1249 1327 1275 5
1339 1254 1367 1284 et
1381 1257 1469 1284 seqq.;
1482 1249 1612 1276 Jacobuni
1626 1249 1788 1283 Philippum
1802 1249 1869 1276 Tho-

1080 1284 1245 1319 massiniim.
1264 1284 1310 1310 lib.
1333 1283 1370 1310 De
1394 1285 1495 1310 tesseris
1515 1284 1720 1319 hospitalitatis,
1747 1292 1810 1319 cap.
1831 1286 1867 1313 i8.

1080 1324 1160 1353 atque
1188 1318 1612 1355 StaiiislauniiCobierzyckium,
1640 1319 1687 1354 qui
1712 1318 1795 1353 plura
1821 1328 1868 1346 non

1080 1355 1167 1381 solum
1191 1354 1225 1381 de
1249 1354 1295 1383 iis.
1323 1354 1369 1380 sed
1396 1354 1429 1381 de
1449 1362 1555 1381 summo
1577 1355 1659 1381 etiam
1683 1355 1867 1382 conviviorum

1080 1388 1146 1416 luxu
1160 1389 1279 1420 disputat
1294 1389 1338 1415 lib.
1353 1397 1372 1416 ιι
1385 1389 1422 1415 De
1439 1389 1502 1416 luxu
1513 1388 1638 1420 Romam.
1651 1397 1713 1421 cap.
1731 1390 1768 1417 10
1778 1396 1806 1417 et
1816 1398 1868 1422 sesi.

1112 1422 1168 1452 Nec
1188 1426 1265 1453 vivos
1289 1429 1406 1456 tantum,
1423 1426 1470 1451 sed
1495 1429 1576 1451 etiam
1600 1425 1667 1452 deos
1686 1432 1737 1452 seu
1752 1425 1870 1452 honiinu

1077 1465 1202 1487 mortuos
1217 1461 1315 1495 pagani
1334 1460 1528 1487 coronabant:
1549 1467 1559 1484 ι
1580 1458 1707 1495 Mortuos
1743 1463 1870 1490 quoque,

1079 1495 1167 1530 inquit
1178 1494 1314 1527 Clemens,
1362 1498 1506 1526 coronant,
1519 1501 1574 1529 quo
1588 1494 1702 1521 nomine
1715 1495 1813 1529 reipsa
1825 1501 1870 1521 suo

1080 1529 1237 1558 testimonio
1256 1531 1328 1558 idola
1356 1535 1462 1556 mortua
1488 1537 1550 1556 esse
1568 1532 1708 1557 asserunt.
1726 1529 1784 1562 Qui
1805 1530 1871 1556 enini

1079 1566 1258 1598 bacchantur,
1271 1573 1320 1593 nec
1333 1565 1436 1599 absque
1446 1565 1556 1591 coronis
1565 1565 1641 1597 orgia
1652 1572 1705 1591 sua
1715 1565 1871 1596 celebrant;

1080 1605 1224 1635 postquam
1247 1606 1338 1628 autem
1355 1599 1437 1628 ﬂores
1454 1599 1717 1635 circuinposuerint,
1735 1604 1871 1634 postremo

1079 1634 1234 1662 mirandum
1258 1636 1286 1663 in
1305 1635 1417 1662 modum
1444 1634 1669 1661 incenduntur".
1703 1644 1713 1660 ι
1744 1635 1872 1661 Ειιιιιιιῖοε

1079 1670 1172 1705 itaque
1187 1671 1277 1705 arguit
1291 1670 1429 1702 Clemens,
1446 1671 1519 1704 quod
1537 1670 1618 1704 impia
1634 1677 1766 1704 vanaque
1784 1677 1872 1704 super-

1079 1706 1190 1733 stitione
1218 1706 1271 1740 ipsi
1300 1711 1409 1732 uiortua
1435 1705 1549 1732 deorum
1575 1712 1705 1740 suorumr
1726 1706 1872 1732 simulacra

1079 1745 1160 1776 atque
1186 1739 1356 1768 exsecranda
1384 1740 1455 1767 idola
1473 1743 1659 1776 reoronarent.
1688 1739 1783 1776 Quam
1815 1747 1870 1776 ver.

1079 1781 1169 1803 autem
1184 1781 1257 1803 esset
1270 1776 1327 1803 haec
1344 1775 1494 1803 Clementis
1510 1775 1662 1806 accusatio,
1679 1775 1779 1802 disces
1788 1783 1822 1802 ex
1835 1775 1870 1800 his

1078 1810 1159 1838 Plinii
1173 1812 1263 1838 verbis
1280 1821 1286 1838 τ
1307 1820 1316 1836 ι
1334 1810 1366 1838 Ει
1379 1811 1435 1845 jam
1452 1815 1518 1837 tune
1529 1817 1639 1837 corona:
1654 1811 1777 1837 deorum
1792 1811 1871 1837 bonos

1079 1850 1169 1878 erant,
1192 1850 1219 1873 et
1237 1847 1335 1873 larium
1364 1845 1538 1881 publicorum
1561 1846 1817 1881 Aprivatoruiiique,
1843 1852 1869 1870 ac

1079 1882 1267 1916 sepulcrorum
1288 1885 1316 1908 et
1340 1879 1500 1908 inanium”.
1521 1890 1530 1905 ι
1553 1879 1641 1913 Quem
1664 1880 1693 1907 in
1719 1881 1815 1916 locum
1837 1881 1871 1905 vi-

1078 1915 1174 1944 denda:
1197 1916 1329 1943 Hai'duini
1356 1916 1574 1943 observationes.
1592 1916 1652 1948 Quo
1669 1917 1750 1942 circa
1769 1915 1871 1942 Tertul-

1079 1952 1168 1979 lianus
1184 1959 1236 1978 non
1250 1951 1347 1978 minori
1359 1952 1514 1981 severitate.
1528 1958 1610 1984 quani
1622 1950 1758 1978 Clemens
1771 1956 1869 1979 noster.

1079 1987 1151 2014 hunc
1162 1994 1274 2021 pravum
1286 1994 1388 2013 morem
1400 1990 1505 2021 respu.t
1520 1991 1547 2012 et
1565 1986 1705 2021 exagitat:
1720 1995 1729 2011 ι
1742 1986 1869 2018 Quidtaui

1078 2020 1220 2057 indignum
1239 2021 1396 2056 Deo,quain
1413 2022 1484 2056 quod
1503 2020 1677 2057 idolo‘iQuid
1689 2026 1747 2047 tain
1765 2021 1869 2056 dignum

1077 2055 1162 2089 idolo,
1179 2065 1261 2092 quam
1283 2055 1358 2091 quod
1377 2061 1404 2084 et
1423 2055 1558 2083 mortuo?
1572 2055 1640 2082 Nam
1655 2061 1684 2092 et
1701 2060 1869 2092 mortuorum

1077 2097 1119 2120 est
1135 2093 1171 2119 ita
1186 2090 1372 2119 ἕξοι-σηπίη.»
1389 2091 1522 2118 Minutius
1536 2098 1646 2125 quoque
1664 2090 1746 2118 Felix
1765 2100 1771 2117 :
1793 2101 1801 2116 ι
1822 2091 1867 2116 .\ec

1077 2133 1212 2158 mortuos.
1239 2128 1287 2157 ait,
1314 2135 1489 2154 coronamus.
1513 2126 1569 2161 Ego
1594 2134 1643 2153 vos
1664 2127 1694 2152 in
1719 2127 1773 2153 hoc
1791 2133 1869 2161 magis

1077 2163 1162 2190 miror
1176 2162 1405 2197 quemadmodum
1420 2163 1548 2189 tribuatis
1561 2165 1608 2188 aut
1622 2162 1758 2188 sentienti
1777 2161 1867 2189 facem.

1077 2201 1104 2224 et
1117 2205 1171 2224 non
1182 2197 1311 2225 sentienti
1327 2205 1466 2229 coronam,
1481 2205 1543 2223 cum
1556 2201 1582 2223 et
1598 2197 1697 2223 beatus
1714 2204 1772 2223 non
1789 2200 1868 2231 egeat,

1077 2236 1105 2260 et
1119 2233 1203 2259 miser
1219 2240 1273 2259 non
1286 2233 1405 2267 gaudeat
1415 2232 1571 2259 lluribus“.
1594 2241 1603 2257 ι

1113 2267 1228 2295 Omnem
1247 2266 1329 2303 igitur
1342 2275 1506 2295 coronarunt
1521 2273 1645 2303 usumrea
1662 2266 1698 2293 de
1712 2273 1800 2303 causa
1815 2266 1867 2303 C'e-

1078 2309 1156 2330 mens
1168 2304 1280 2330 vetitum
1293 2311 1354 2330 esse
1366 2303 1496 2333 ostendit,
1515 2311 1523 2327 ι
1540 2302 1612 2336 quod
1625 2311 1650 2333 ,ι
1667 2306 1696 2327 ιιι
1714 2302 1777 2336 ipse
1788 2302 1868 2335 inqui-

1079 2341 1133 2369 lur.
1150 2347 1159 2363 ι
1181 2345 1282 2364 corona
1298 2338 1333 2365 sit
1350 2338 1474 2364 dedicata
1486 2336 1686 2364 simulacris".
1710 2348 1719 2361 ι
1738 2336 1811 2362 llluii
1827 2344 1868 2362 au-

1078 2377 1132 2408 teiu
1145 2381 1207 2400 cum
1218 2372 1362 2407 Sophoclis
1371 2378 1427 2400 tum
1440 2372 1567 2408 Sapphus
1578 2372 1747 2408 auctoritate
1760 2372 1866 2406 probat:

1081 2418 1089 2433 ε
1112 2407 1262 2443 Sophocles
1282 2413 1358 2436 certe
1373 2407 1527 2435 narcissum
1546 2407 1866 2443 antiquanrmagnoruin

1077 2441 1191 2470 deorum
1208 2450 1338 2470 coronam
1354 2443 1510 2478 appellavit,
1526 2442 1554 2470 id
1572 2441 1669 2469 dicens
1685 2441 1722 2469 de
1736 2446 1867 2470 terrestri-

1077 2478 1129 2506 bus
1145 2488 1152 2506 ;
1170 2477 1280 2513 Sappho
1294 2477 1513 2506 antein'coronat
1528 2485 1623 2504 musas
1634 2484 1701 2504 rosa
1720 2486 1727 2504 :

1149 2534 1210 2562 Non
1223 2543 1250 2562 es
1264 2543 1385 2562 rosarum
1401 2534 1552 2562 Pieriarum
1566 2535 1699 2569 particeps
1709 2535 1732 2550 ²⁷
1743 2542 1753 2562 :
1773 2544 1783 2560 ι

275 2670 437 2706 ’°_Laert._l.
456 2677 503 2697 vni
519 2669 556 2697 De
571 2669 634 2697 vitis
646 2669 777 2706 etdogm.
791 2669 890 2705 philos.
902 2671 963 2706 9.1,
978 2669 1006 2697 in
1014 2669 1069 2697 vita
1085 2669 1198 2706 Pythag.
1233 2670 1253 2686 “
1267 2670 1339 2698 Paed.
1354 2671 1373 2698 I.
1393 2671 1422 2703 ii,
1439 2679 1464 2698 ς.
1481 2671 1508 2703 1,
1525 2678 1552 2706 p.
1568 2669 1630 2696 H8.
1662 2670 1684 2685 “
1703 2669 1862 2706 Casmbqyl.

241 2714 271 2734 iii
296 2704 422 2733 Animad.
442 2705 469 2732 in
496 2705 607 2736 Atlien.,
623 2712 649 2732 c.
665 2705 710 2736 20,
722 2712 748 2739 p.
766 2704 828 2732 197.

242 2741 302 2769 Elia
315 2746 342 2768 et
352 2741 453 2776 jejun.,
470 2748 496 2768 c.
512 2740 546 2767 10
555 2744 582 2767 et
596 2747 654 2774 seq.
695 2741 715 2755 “
727 2739 799 2776 Paed.
818 2740 865 2768 lib.
882 2748 912 2771 ii.
926 2748 951 2767 c.
967 2740 995 2771 8.

867 2705 888 2721 ¹³
901 2704 1014 2737 διοὺειιη

1081 2704 1114 2733 ιι(
1126 2707 1158 2733 l7
1172 2704 1210 2733 De
1223 2706 1373 2736 incontin.;
1385 2706 1480 2735 Basil..
1502 2704 1610 2736 homil.,
1634 2710 1662 2732 et
1676 2706 1776 2732 Ambr.
1800 2707 1817 2732 Ι.
1833 2704 1862 2730 De

242 2741 302 2769 Elia
315 2746 342 2768 et
352 2741 453 2776 jejun.,
470 2748 496 2768 c.
512 2741 546 2767 10
555 2744 582 2767 et
596 2747 654 2774 seq.
695 2741 715 2755 “
727 2741 799 2767 Paed.
818 2741 865 2768 lib.
882 2748 912 2771 ii.
926 2748 951 2767 c.
967 2741 995 2771 8.
1011 2748 1026 2775 p

242 2786 267 2804 σε
280 2779 350 2816 tu):
363 2776 426 2803 227-
466 2776 486 2791 ”
503 2775 675 2816 etiamne!!-
691 2783 733 2816 κγ.
746 2775 895 2816 Renes.
913 2784 940 2810 ι)-
955 2776 1019 2816 εἳέδὲε

1080 2741 1119 2768 19.
1169 2742 1190 2757 ¹⁵
1204 2741 1270 2768 ibid.
1289 2749 1314 2777 p.
1331 2742 1392 2768 iSl.
1443 2742 1464 2757 ¹⁶
1477 2741 1560 2772 Plin.,
1575 2741 1600 2766 lil

1091 2776 1473 2816 Valer._l_lax.,‘linl_i.ii,pc.
1574 2775 1600 2802 1.

1169 2742 1190 2757 ¹⁵
1204 2741 1270 2768 ibid.
1289 2749 1314 2772 ιι.
1331 2742 1392 2768 181.
1443 2742 1464 2757 ¹⁶
1477 2741 1560 2772 Plin.,
1575 2740 1622 2767 lib.
1636 2745 1681 2765 XVI
1702 2739 1775 2767 Hist.
1802 2745 1860 2769 nat.

1289 2742 1392 2777 p.l81.

1656 2776 1676 2791 ιθ
1689 2776 1806 2815 Atticm.
1821 2775 1859 2815 m3.

244 2821 288 2841 xv.
304 2809 444 2846 Dcipnos.,
460 2819 488 2846 p.
505 2811 558 2838 675
570 2814 596 2837 et
614 2810 676 2837 676.
712 2811 734 2825 ³⁰
746 2809 828 2846 Plini.
842 2812 888 2838 tib.
902 2818 946 2837 xxi
963 2810 1033 2838 ilist.
1058 2816 1163 2843 nat.,c.
1185 2812 1230 2839 50.
1269 2812 1289 2827 "
1307 2811 1411 2839 Tertul.
1440 2812 1487 2839 lib.
1519 2809 1556 2846 lie
1573 2817 1670 2837 eoron.
1697 2811 1756 2837 mil.
1791 2819 1815 2837 c.
1839 2809 1859 2834 7-

242 2848 266 2863 ⁶¹
280 2846 364 2879 Paed,
381 2847 427 2874 lib.
443 2855 473 2878 Il,
486 2854 511 2874 ιε.
525 2846 554 2877 8.
567 2853 601 2881 ,p.
621 2846 682 2881 i8l.

242 2882 362 2915 milit.,c.
377 2883 420 2911 10.
476 2883 498 2898 ’⁵
512 2882 607 2910 Minui.
621 2882 647 2908 in
664 2880 771 2914 0ctav.,
785 2889 810 2916 p.
823 2882 866 2908 45.

732 2846 755 2861 ’³
766 2845 850 2876 Plin..
870 2847 915 2873 lib.
934 2854 989 2876 im,
1003 2846 1062 2874 llist
1105 2852 1174 2877 nat.,
1202 2855 1263 2881 cap.
1283 2847 1310 2879 5,
1330 2856 1357 2882 p.
1371 2848 1430 2875 108.

733 2889 771 2914 v.,
785 2889 810 2916 p.
823 2882 866 2908 45.
915 2882 937 2897 ’θ
952 2881 1017 2909 ibid.
1035 2889 1061 2918 p.
1079 2882 1139 2910 181.
1177 2883 1197 2897 ⁸⁷
1214 2882 1278 2910 ibid.

1488 2848 1510 2862 “
1520 2845 1624 2874 Tertul.
1633 2865 1640 2878 ,
1654 2846 1702 2874 lib.
1720 2846 1758 2873 De
1769 2851 1858 2874 cum

1177 2883 1197 2897 ¹⁷
1214 2882 1278 2910 ibid.
