1927 3073
31 184 90 213 077

33 251 73 271 ex
89 241 194 270 vicinis
210 243 319 269 arteriis
335 243 436 270 emisso
454 244 583 277 agitatus,
607 243 698 269 alhntn
714 247 834 270 mutetur
849 247 872 273 Α

36 279 69 305 in
86 279 223 305 colorem.
242 277 369 304 Huribus
383 283 472 304 autem
489 278 513 304 id
531 278 626 312 probat
643 279 783 312 exemplis.
801 278 828 305 In

36 313 189 352 ulceribus
211 313 285 340 enim
310 313 463 352 satigttisin
480 321 531 352 pus
543 314 633 352 album
652 313 828 352 convertitur;

36 349 122 376 Mare
139 352 240 379 autem,
258 352 390 383 ventoﬁet
415 347 542 375 ﬂuctibus
563 349 705 383 agitatum,
723 349 830 382 exspuit

37 384 114 410 salis
138 383 320 417 asperginem.
345 382 431 409 Fluvii
455 382 637 417 quoque;qu
662 390 758 417 magno
779 383 829 409 im-

37 423 112 453 petu
137 417 273 448 feruntur.
291 418 488 453 interceptionc
513 418 585 445 aeris
600 417 745 448 verberati,
760 426 828 452 spu-

37 452 119 480 inani
137 453 304 487 exprimunt.
323 452 444 487 Denique
462 453 534 487 quod
556 453 584 480 in
608 460 655 479 ore
679 457 773 480 nostro
789 457 831 480 est

37 488 203 518 humidum.
222 488 318 522 spiritu
333 488 455 514 albescit.

79 522 148 549 Hazc
171 521 253 557 porro
270 523 304 550 de
324 530 356 549 eo
382 523 474 554 modo,
492 529 546 556 quo
569 522 612 548 lac
635 521 701 549 emci
718 522 828 554 dicitur,

37 557 198 585 Clementis
211 558 302 591 opinio
314 558 419 584 etiamsi
436 557 633 584 recentioribus
646 558 758 584 medicis
775 566 829 584 non

38 592 191 627 probetur,
213 593 286 619 illam
303 598 392 619 tamen
407 600 438 619 ex
460 593 581 626 antiquis
597 596 623 618 et
641 593 830 620 celeberrimis

39 626 78 653 ab
94 628 159 662 ipso
180 635 273 654 revera
289 631 427 662 acceptam
443 626 527 654 fuisse
541 632 618 654 extra
638 627 750 654 dubium
771 635 831 654 om-

38 663 130 689 nibus
151 670 213 689 esse
230 662 318 689 debet.
340 662 410 694 Quid
430 662 568 689 enimvero
588 662 630 689 bis
646 662 751 690 Galieni
770 670 831 690 ver—

38 697 87 724 bis
100 697 205 724 clarius
217 701 243 724 ct
258 698 414 731 expressius
430 707 437 723 :
455 706 464 722 (
480 697 616 732 Sanguine
630 697 750 731 quidem,
766 698 830 724 dum

39 732 139 758 adhuc
155 734 182 758 in
201 736 279 758 utero
294 736 441 766 gestantur,
460 732 494 758 ali
513 740 562 759 nos
577 736 702 759 Constat:
717 739 749 759 ex
766 740 831 759 san-

39 767 132 801 guine
145 774 210 794 vero
225 767 265 792 lac
281 768 409 801 gignitur,
432 767 557 801 exiguam
575 767 604 793 in
626 767 755 794 mamillis
775 775 832 794 ntu-

38 801 181 828 tationem
222 801 385 836 adepto°°in
414 801 512 829 Fusius
549 805 638 829 autem
668 801 828 828 Aviccnna:

43 846 54 862 ί
69 836 195 863 Mamilla
208 841 249 862 est
265 845 363 870 corpus
382 837 562 871 compositum
579 844 611 864 ex
626 837 701 863 venis
717 841 743 863 et
758 842 831 863 art»:-

40 871 96 898 riis
118 875 148 898 et
175 871 278 901 nervis.
294 872 365 898 inter
382 879 442 906 quae
464 871 573 899 exsistit
595 872 730 902 vacuitas,
749 880 830 907 quant

40 913 113 933 caro
129 907 216 941 replet
228 906 369 940 glandosa.
381 907 425 933 cui
439 915 493 933 non
510 910 552 933 est
567 914 675 937 sensus.
690 907 741 933 albi
757 907 831 933 colo-

41 942 97 973 ris,
116 945 146 968 et
168 947 279 976 propter
292 949 368 968 suam
386 941 549 974 albedinem,
566 941 676 975 quando
695 942 831 968 assimila-

41 980 92 1002 tur
105 977 131 1002 ei
151 977 274 1010 sanguis,
293 977 445 1003 albificatur
460 976 526 1003 illud
540 977 612 1007 quod
626 978 713 1003 nutrit
730 977 829 1010 ipsam,

40 1016 70 1045 et
88 1010 246 1037 alliiﬁcatur
259 1011 324 1038 illud
346 1012 417 1045 quod
432 1011 574 1045 superﬂuit
589 1019 621 1038 ex
635 1020 678 1042 ea,
696 1015 723 1037 et
737 1013 766 1038 li:
777 1013 829 1040 lac.

41 1044 77 1074 Et
97 1046 160 1081 ejus
182 1046 292 1080 quidem
313 1044 481 1080 comparatio
497 1045 531 1072 ad
561 1046 603 1073 lac
621 1050 779 1081 generatum
797 1054 831 1074 ex

41 1080 184 1114 sanguine
199 1085 240 1108 est
252 1081 420 1116 comparatio
439 1082 546 1116 hepatis
561 1081 595 1108 ad
612 1080 772 1116 sanguinem
788 1089 832 1116 ge-

40 1120 174 1151 neratum
187 1124 220 1142 ex
235 1116 325 1151 chylo,
341 1117 368 1142 in
385 1117 435 1143 hoc
446 1116 518 1151 quod
534 1116 747 1151 unumquodque
761 1124 830 1143 con-

41 1151 127 1177 vertit
147 1150 337 1178 bmnidttatem
355 1151 388 1178 ad
412 1150 616 1178 similitudinem
638 1150 715 1178 suam
740 1152 767 1178 in
782 1159 831 1178 na-

40 1189 105 1212 tura
121 1189 150 1212 et
171 1186 272 1212 colore.
288 1185 354 1212 Nam
369 1186 452 1220 hepar
467 1187 593 1214 rubdicat
605 1186 713 1221 chylum
727 1186 829 1218 album,

38 1225 68 1248 et
84 1220 155 1247 facit
168 1228 230 1247 eum
254 1221 431 1256 sanguinem;
447 1225 474 1249 et
493 1221 612 1248 mamilla
633 1220 751 1256 albiticat
765 1230 831 1248 sati-

39 1256 158 1289 guinem
175 1256 300 1286 rubcum,
317 1256 420 1282 etfacit
435 1257 524 1291 ipsum
537 1256 620 1283 lac“.
637 1265 645 1281 ι
660 1255 757 1284 Plures
772 1257 829 1288 alii,

38 1290 63 1317 si
76 1291 148 1325 quid
160 1297 229 1324 opus
238 1294 320 1322 esset,
335 1291 448 1324 hujusce
463 1292 600 1326 opinionis
611 1292 718 1325 patroni
732 1297 758 1318 et
768 1291 830 1319 fau—

38 1330 119 1353 tores
135 1329 248 1359 possent
265 1333 280 1352 a
295 1327 373 1353 nobis
391 1327 486 1359 citari;
504 1326 551 1353 sed
573 1334 689 1361 quormn
708 1327 830 1354 testimo-

37 1360 89 1396 nia
103 1361 280 1396 protulimus.
295 1361 327 1387 ad
344 1361 560 1388 continuandam
585 1360 830 1396 explicandamque

35 1395 197 1422 Clementis
212 1396 299 1422 nostri
316 1396 479 1423 sententiam
492 1395 615 1423 sullicere
632 1395 810 1424 credidimus.

75 1430 254 1465 Quapropter
266 1431 313 1466 ille
329 1432 462 1458 rationem
479 1431 541 1458 inde
556 1431 627 1458 sumi
646 1439 725 1465 posse
741 1436 828 1466 putat.

36 1473 92 1492 cur
118 1466 243 1492 nutrices
264 1465 352 1492 hieme
372 1467 500 1496 maxime.
525 1470 603 1493 aetate
628 1473 693 1493 vero
718 1465 830 1494 minime

36 1501 115 1526 lacte
131 1500 273 1528 abundent
281 1501 312 1526 ⁸³.
329 1500 429 1528 lliemis
446 1501 546 1536 quippe
561 1505 681 1536 tempore
697 1501 771 1528 calor
792 1503 830 1528 in-

35 1540 87 1562 tus
104 1535 239 1567 inclusus,
254 1535 383 1562 alimento
394 1537 490 1563 melius
501 1535 633 1563 concocta
648 1540 675 1563 et
691 1537 828 1570 confecto,

35 1578 98 1597 non
116 1571 220 1604 praebet
234 1570 349 1602 exitum,
366 1574 448 1604 atque
468 1571 571 1598 idcirco
595 1579 669 1598 vena:
686 1576 750 1598 tunc
765 1579 823 1598 sau-

34 1605 127 1640 guine
144 1605 302 1640 implentur.
318 1605 377 1638 Quo
396 1611 485 1632 autem
512 1607 600 1640 major
623 1609 665 1632 est
688 1607 828 1641 sanguinis

35 1641 134 1673 copia,
148 1641 235 1675 magis
247 1641 299 1671 lac.
315 1641 388 1675 quod
402 1641 469 1667 nihil
481 1645 524 1668 est
540 1641 625 1672 aliud,
640 1642 678 1668 uti
694 1642 739 1668 ille
751 1642 829 1671 dixe-

36 1680 96 1706 rat,
115 1682 199 1710 quam
213 1677 325 1710 sanguis
339 1684 372 1702 ex
387 1677 470 1704 rubro
484 1676 512 1703 in
528 1677 619 1703 album
634 1676 754 1704 colorem
770 1685 830 1704 mu-,

35 1715 128 1741 tatus,
144 1710 224 1737 debet
243 1711 391 1738 abundare.

77 1745 191 1772 Scimus
203 1745 312 1780 quidem
329 1747 407 1773 aliter
426 1745 514 1772 visum
536 1745 617 1779 hujus
630 1750 731 1774 nostra:
741 1747 829 1775 aetatis

35 1779 169 1816 medicis,
187 1779 241 1816 qui
252 1785 348 1814 putant
364 1781 522 1807 muliebrem
537 1781 658 1816 chylum,
679 1782 713 1808 ab
729 1783 829 1809 arteria

37 1813 460 1845 subclaviaundiuaiinnariani.
477 1819 504 1843 ct
519 1816 553 1842 ab
575 1813 632 1842 'liac
659 1824 706 1850 per
729 1817 830 1845 ductus

37 1858 111 1876 suos
139 1850 174 1876 ad
201 1850 354 1884 glandulas,
382 1856 412 1877 ut
440 1851 485 1877 ubi
514 1851 680 1884 perficiatur.
699 1851 838 1884 delatum,-

37 1885 175 1920 ﬁerirlac,
202 1885 275 1919 quod
297 1885 324 1911 in
353 1886 517 1912 lactantibus
544 1887 689 1920 ipsummet.
716 1887 829 1916 infantis

36 1919 241 1946 nutrimentum
259 1928 353 1947 revera
364 1920 488 1947 ctlieitur.
506 1919 562 1947 Sed
580 1921 638 1948 lucc
652 1929 722 1948 nova
737 1929 830 1949 recen-

36 1955 144 1990 tiorum
159 1954 326 1981 medicorum
350 1955 547 1983 sententia'aut
567 1963 674 1990 parum.
691 1960 739 1983 aut
756 1957 826 1984 nihil

38 1989 73 2015 ad
92 1993 219 2016 nostrum
229 1993 333 2024 spectat
349 1990 526 2022 Clementem,
542 1989 588 2025 qui
603 1999 632 2018 se
645 1998 677 2017 ex
691 1992 829 2019 constanti

37 2029 67 2051 et
82 2027 223 2060 communi
234 2025 276 2051 sui
289 2026 419 2059 temporis
433 2025 598 2060 scriptorum
608 2026 736 2060 opinione
750 2027 828 2059 illud,

38 2059 116 2093 quod
144 2060 327 2097 probanduni_
342 2059 510 2097 susceperat,
522 2061 597 2097 satis
623 2059 759 2097 superque
782 2062 830 2090 de-

38 2095 242 2122 monstravisse
257 2095 328 2121 haud
343 2095 478 2122 imn‘ierilo
488 2096 638 2123 arbitratus
653 2095 704 2123 est.

78 2129 170 2167 Minus
190 2130 288 2167 itaque
302 2130 434 2167 usitatum
451 2137 483 2157 ac
493 2131 623 2167 fortassis
640 2132 719 2166 plane
735 2132 830 2167 singu-

37 2165 100 2203 lare
114 2164 248 2203 idinultis
265 2165 415 2203 videbitur,
427 2165 507 2203 quod
520 2166 565 2203 ille
579 2164 659 2203 paulo
679 2172 739 2200 post
754 2164 826 2202 adje-

36 2200 97 2237 cit:
118 2199 214 2226 «Nunc
222 2208 330 2237 quoque
345 2200 466 2237 nutrices
482 2201 508 2227 id
522 2199 610 2232 lactis,
623 2199 695 2236 quod
712 2199 828 2237 primum

37 2236 72 2261 ad
93 2238 187 2270 potum
203 2235 362 2267 effunditur,
380 2236 474 2262 eodeni
490 2244 544 2270 quo
556 2237 620 2263 illud
631 2235 740 2264 nomine
751 2246 827 2266 nian-

36 2278 83 2307 ιιξιΔ
113 2270 336 2304 appellaverunt,
364 2270 451 2304 μάννα
476 2271 691 2307 κεκλήκασιω.»
721 2272 824 2300 Nomen

36 2305 126 2342 enitn_
147 2309 429 2342 (mannaumatrem
456 2305 603 2340 aliquando
627 2307 826 2342 significavisse

36 2339 164 2374 Cangius
187 2339 346 2376 observat“)
360 2349 366 2366 :
380 2339 425 2367 sed
450 2348 466 2367 a
489 2339 589 2376 quibus
612 2339 751 2376 eafquam
768 2343 826 2371 Cle-

37 2383 121 2401 mens
139 2375 232 2406 tradit,
251 2374 625 2414 sigt‘tiftcationeusurpatum
651 2374 743 2410 fuerit,
762 2386 827 2414 pou.-

36 2418 88 2446 cos
105 2417 173 2437 sane
187 2417 220 2446 ac
233 2410 277 2436 vix
293 2410 409 2437 fortasse
422 2410 492 2437 ullos
507 2410 638 2446 reperias.

74 2445 164 2471 Porro
185 2445 312 2484 Clemens
332 2445 427 2472 scribit
443 2446 522 2484 Iactis
539 2445 646 2482 adipem
667 2454 729 2484 esse
742 2447 824 2484 buty-

37 2488 114 2510 rum.
132 2487 188 2515 quo
204 2480 280 2506 multi
297 2487 346 2507 sua
362 2485 442 2507 tetale
457 2481 489 2507 ad
507 2480 646 2511 lucernam
659 2480 824 2510 utebantur:

40 2525 49 2540 ι
63 2514 142 2552 Multi
155 2515 235 2549 adipe
250 2515 436 2552 lactis_,_quod
446 2515 572 2552 butyrum
587 2521 695 2549 vocant,
712 2522 826 2545 utuntur

37 2552 73 2576 ad
98 2551 237 2586 lucernam
249 2549 283 2576 ".
300 2559 308 2575 ι
329 2549 404 2577 Unde
422 2549 515 2585 liquet,
531 2552 559 2578 in
581 2559 622 2586 ea,
639 2553 684 2579 ubi
701 2552 826 2580 Clemens

37 2586 98 2624 lnge
123 2584 277 2624 scribebat.
305 2586 417 2621 regione
448 2587 596 2616 maximam
615 2584 708 2616 fuisse
733 2588 826 2624 butyri

36 2619 248 2648 abundantiam.
340 2619 349 2621 ἡ
785 2619 794 2627 τ

74 2765 97 2780 ⁸⁸
113 2763 221 2792 Galien.
239 2764 287 2792 lib.
305 2772 313 2791 ι
330 2765 367 2792 De
379 2765 470 2792 tuend.
489 2766 584 2798 sanit.,
596 2773 621 2793 c.
636 2766 660 2792 7.

37 2801 59 2815 "
75 2801 142 2827 ibid.
157 2808 182 2834 p.
199 2799 263 2835 10⁸³2.
298 2800 326 2835 f‘
340 2800 424 2835 Cang.
443 2801 468 2827 in
484 2800 573 2828 Gloss.
587 2800 672 2829 Grtcc.

38 2837 58 2851 "
69 2833 276 2867 Strab.,lib.xv
293 2833 411 2869 Geogrj
422 2844 448 2870 p.
469 2835 520 2862 ’ῖυὸ
537 2842 563 2863 et
579 2836 640 2863 706.

36 2876 129 2906 etscq.
198 2876 214 2885 "

37 2906 124 2938 ιιιωγ,
137 2905 156 2942 ι
168 2905 214 2933 ιτ.

317 185 409 223 ΔΙ..ιῶ
431 185 464 212 lN
484 184 779 213 COHORTATIONEM
797 184 840 212 ET
862 183 1087 213 PEDAGOGUM
1106 183 1401 212 OBSERVATIONES.

720 2767 868 2802 “Avicen.
883 2767 931 2795 lib.
948 2777 978 2796 ιιι
993 2768 1068 2802 Fer.,
1085 2777 1110 2798 c.
1130 2770 1156 2798 l.

712 2801 858 2840 ῘῘλΡίνίέἓξῧο
877 2803 923 2840 ιιι),
940 2812 965 2836 ι,
981 2812 1006 2832 c.
1029 2801 1098 2840 6,7p.
1116 2806 1177 2832 107.

568 2836 640 2875 _706.
657 2871 663 2875 _
679 2835 850 2875 “Plin.,_lib.
866 2835 962 2875 ιιΝιιιζ
973 2835 1090 2872 1ιὶεῑ.,’ἑ.
1107 2841 1152 2870 13.
1166 2848 1192 2875 p.
1209 2841 1271 2868 150.

196 2870 400 2910 ζ”ΑιιΙιοινειιιιιἸ
420 2871 467 2899 lib.
480 2879 496 2898 v
510 2870 548 2899 De
567 2871 694 2904 insectis.
707 2879 766 2907 cap.
791 2873 816 2905 1,
831 2881 856 2907 p.
874 2873 925 2902 5l5
936 2880 962 2902 ct
977 2883 1034 2910 seq.

1615 185 1667 214 978

1148 241 1346 269 ARTlCULUS
1367 241 1399 269 ll.

881 290 921 317 De
935 298 1001 317 aura
1023 288 1092 324 quod
1113 288 1230 323 [οι-πήρα·
1253 288 1382 322 εΙΓοάὶυηι
1406 292 1430 315 et
1446 292 1563 324 gryphas
1580 293 1668 315 custo-

916 324 1042 355 diu1t1.de
1054 324 1270 358 Pacloliﬂuentis
1286 324 1385 355 aureis,
1400 328 1424 350 ιιι
1441 324 1524 358 Lydia
1537 329 1665 355 ramento,

916 365 1016 394 quanta
1031 359 1184 394 profusione
1196 363 1221 384 et
1237 358 1300 384 luxu
1327 358 1425 393 pagani
1441 366 1469 385 eo
1485 358 1665 394 abuterentur,

917 393 947 421 oc
958 393 1101 421 masticlten
1115 393 1245 426 roderent,
1259 398 1283 421 et
1292 398 1339 420 cur
1355 394 1531 428 metoposcopi
1548 393 1666 421 dicereu-

917 434 968 457 tur.

917 486 1019 512 Aurum
1037 485 1064 511 in
1083 488 1162 512 terrae
1175 484 1250 511 venis
1270 491 1331 511 esse
1344 485 1513 512 reconditum
1525 492 1575 520 pro
1590 489 1666 512 certo

882 520 1009 548 Clemens
1036 522 1111 554 ponit
1126 529 1132 546 :
1147 520 1195 546 sed
1226 520 1252 546 id
1276 521 1448 547 continenter
1475 520 1599 547 addidit:
1615 521 1665 547 Διὰ

882 556 961 582 τοῦτό
977 564 1018 582 τοι
1035 555 1177 590 μύρμηκες
1194 555 1414 590 χρυσωρυχοῦσι,
1425 556 1472 582 καὶ
1483 555 1587 590 γρύπες
1600 563 1666 590 χρυ-

881 591 1085 624 σωφυλακοῠσιο
1103 600 1111 616 ι
1127 590 1159 616 Et
1185 590 1246 616 ideo
1272 598 1368 616 aurutn
1397 590 1516 617 formica:
1546 590 1664 621 fodiunt.

882 634 978 653 aurum
995 625 1111 660 gryphes
1126 624 1285 652 custodiunt
1295 625 1327 651 °°.
1341 635 1351 651 ι
1364 625 1398 652 At
1417 633 1482 660 quo,
1497 626 1615 660 inquies.
1631 633 1665 652 ex

881 659 1039 688 auctore’id
1055 659 1181 687 Clemens
1198 661 1313 694 accepit,
1330 665 1377 686 aut
1391 659 1453 694 quis
1472 668 1520 695 pro
1536 659 1571 688 eo
1585 662 1664 688 testis

882 696 996 731 produci
1021 695 1128 730 potest?
1149 694 1264 731 Quidam
1278 700 1352 731 certe
1373 703 1422 722 nec
1434 695 1482 722 tibi
1498 696 1582 731 ignoti
1614 703 1666 722 nec

883 729 997 765 prorsus
1020 729 1130 758 incertae
1154 730 1215 766 fidei
1226 729 1293 766 dari
1318 735 1444 765 possunt,
1457 729 1623 766 quiquidem
1637 734 1666 758 et

883 767 978 800 quales
1002 766 1058 793 sint
1080 766 1132 792 illa:
1152 765 1282 796 formicae,
1297 771 1324 792 et.
1341 766 1440 800 quibus
1464 765 1490 792 in
1506 765 1666 800 regionibus

882 809 979 828 aurum
995 801 1132 833 eﬂ‘odiant,
1149 802 1287 827 memoria:
1301 801 1487 835 prodiderunt.
1503 800 1611 827 Primus
1625 801 1664 826 si—

882 836 992 869 quidem
1016 840 1112 863 testem
1137 836 1186 861 tibi
1208 835 1355 862 citabinms
1380 836 1553 867 Strabonem,
1568 836 1613 870 qui
1629 836 1663 862 de

884 871 938 897 illis
947 871 986 898 sic
992 871 1089 897 scribit
1097 871 1118 886 ⁸⁷
1130 879 1137 896 :
1151 879 1159 895 α
1176 869 1361 898 Formicarum
1372 878 1467 898 aurum
1479 869 1665 898 ell'odientium

883 907 967 941 pelles
982 905 1143 941 (Nearchus)
1161 905 1261 933 vidisse
1282 906 1330 937 ait,
1356 906 1474 939 pardalis
1498 906 1559 941 pelli
1577 908 1666 940 persi-

882 940 970 968 iniles.
997 941 1185 975 Mcgasthenes
1206 941 1240 968 de
1261 941 1385 968 formicis
1403 942 1442 968 ait
1457 940 1530 975 apud
1548 940 1663 972 Derdas,

881 983 942 1010 quae
966 984 1063 1011 magna
1094 983 1160 1010 gens
1187 981 1229 1003 est
1254 975 1382 1002 Indorum
1409 980 1613 1006 montanorttm.
1631 976 1666 1002 ad

881 1010 1019 1037 orientem
1040 1011 1237 1045 expositorum.
1255 1011 1396 1045 planitiem
1422 1010 1567 1045 quamdam
1584 1019 1664 1038 ιιιοιι-

882 1050 972 1073 tanam
990 1053 1051 1072 esse
1070 1051 1110 1073 ter
1125 1046 1199 1072 mille
1218 1046 1369 1073 stadiorum
1392 1047 1505 1075 ambitu.
1527 1051 1553 1073 et
1568 1046 1620 1073 sub
1633 1053 1667 1073 ea

881 1081 941 1107 auri
961 1080 1078 1116 fodinas.
1094 1089 1164 1115 quas
1175 1080 1295 1108 formicae
1309 1081 1448 1113 elfodiant,
1462 1081 1590 1116 vulpibus
1607 1087 1667 1107 ma-

881 1115 1023 1149 gnitudine
1041 1123 1096 1142 non
1117 1116 1247 1144 minores.
1261 1117 1329 1143 mira
1344 1116 1493 1147 celeritate,
1510 1117 1613 1142 victum
1633 1123 1666 1143 ex

881 1151 1023 1186 venatione
1029 1155 1229 1185 comparantes.
1239 1150 1341 1178 Fodere
1349 1155 1439 1177 autem
1449 1156 1548 1178 terrain
1557 1149 1612 1186 94
1619 1158 1668 1185 per

882 1185 997 1212 hiemem
1019 1189 1046 1213 et
1059 1185 1093 1212 ad
1108 1186 1209 1212 ostium
1228 1187 1402 1213 accumulare
1412 1207 1419 1219 ,
1433 1185 1667 1220 quemadmodum

882 1221 970 1247 solent
987 1221 1075 1255 talpae.
1091 1220 1178 1254 llujus
1196 1221 1257 1247 auri
1281 1225 1416 1252 ramenta,
1440 1222 1465 1248 id
1490 1221 1565 1248 enim
1588 1225 1664 1251 sunt,

881 1263 964 1290 parva
987 1255 1146 1283 decoctione
1165 1260 1253 1290 egent.
1276 1255 1365 1282 Vicini
1389 1256 1520 1289 jumentis
1541 1264 1573 1282 ea
1594 1256 1666 1282 clam

881 1290 1004 1328 rapiunt,
1021 1295 1112 1328 aperte
1135 1293 1206 1317 enim
1229 1299 1284 1318 non
1309 1295 1433 1328 possunt,
1457 1291 1666 1328 prohibentibus

881 1325 1015 1357 formicis,
1030 1325 1090 1361 quae
1101 1331 1127 1352 et
1141 1330 1272 1361 pugnant,
1288 1325 1315 1353 et
1336 1325 1472 1361 tugientes
1485 1326 1665 1356 insectantur,

880 1368 949 1394 quos
965 1368 1026 1387 cum
1042 1360 1281 1395 deprehenderint,
1298 1369 1352 1388 una
1366 1360 1427 1388 cum
1442 1362 1574 1395 jutncntis
1592 1361 1664 1388 intc-

880 1396 993 1423 rimunt.
1017 1395 1052 1422 Ut
1074 1404 1140 1430 ergo
1159 1396 1219 1423 illos
1244 1397 1356 1427 lateant,
1380 1396 1481 1423 ferinas
1498 1404 1596 1423 carnes
1618 1403 1666 1430 per

881 1431 940 1456 loca
958 1431 1074 1466 plurima
1086 1431 1245 1465 disponunt.
1266 1432 1357 1466 itaque
1368 1431 1401 1457 ad
1415 1432 1531 1465 praedam
1545 1430 1665 1462 dissipa-

881 1466 952 1500 patis
970 1466 1103 1497 formicis,
1118 1467 1178 1492 auri
1194 1471 1317 1493 ramenta
1340 1467 1390 1500 ipsi
1410 1470 1562 1501 asportant,
1580 1470 1607 1492 et
1623 1466 1666 1492 fu-

880 1501 965 1562 gionis
994 1501 1092 1536 ignari,
1111 1502 1267 1536 cuicunque
1294 1502 1442 1529 mercatori
1467 1502 1546 1528 rudia
1569 1502 1665 1528 diven-

900 1540 956 1562 lllll.
970 1544 979 1560 Ι

900 1540 956 1562 11111.
970 1544 979 1560 Ι

917 1568 1027 1601 Eadem.
1040 1569 1087 1597 sed
1099 1570 1160 1597 aliis
1174 1570 1273 1601 verbis.
1288 1574 1382 1597 narrat
1405 1570 1526 1598 Plinius:
1543 1580 1552 1596 ι
1563 1570 1664 1599 Indicae

882 1605 1002 1632 formica
1020 1613 1116 1632 aurmu
1128 1613 1164 1641 rex
1181 1606 1303 1641 cavernis
1321 1610 1434 1640 egerunt
1445 1611 1523 1633 terra:
1538 1606 1564 1632 in
1577 1607 1668 1641 regiov

881 1648 915 1667 ne
928 1640 1183 1675 septentrionalium
1199 1640 1337 1671 ludorum.
1354 1642 1400 1675 qui
1414 1641 1508 1668 Darda:
1522 1640 1665 1668 vocantur.

881 1674 1049 1711 IJJSis’color
1075 1675 1179 1711 fclium,
1203 1674 1369 1711 magmttulo
1388 1675 1498 1711 Egypti
1528 1677 1665 1711 luporum.

881 1683 888 1700 ι
911 1683 949 1703 Sis
973 1683 1049 1702 color
1075 1683 1179 1706 tcuum,
1203 1683 1362 1710 magnituoo
1388 1683 1456 1711 [ιω
1479 1683 1498 1703 ιι
1528 1683 1665 1711 luporum.

880 1683 993 1737 h’i-utum
1010 1710 1062 1738 hoc
1077 1710 1112 1737 ab
1126 1710 1166 1736 eis
1183 1715 1303 1745 tempore
1325 1709 1438 1737 hiberno
1460 1684 1517 1738 rndi
1540 1712 1667 1739 furantur

879 1746 973 1772 aestivo
989 1746 1104 1777 ferv0re,
1115 1745 1233 1772 conditis
1249 1750 1358 1780 propter
1372 1753 1499 1780 vaporem
1516 1746 1544 1772 in
1556 1747 1667 1773 cunicu-

880 1780 921 1807 los
937 1780 1071 1814 formicis;
1087 1788 1147 1815 quae
1159 1786 1246 1807 tamen
1259 1781 1342 1807 odore
1355 1782 1506 1808 sollicitata:
1514 1783 1666 1815 pervolant,

880 1815 1029 1850 crebroque
1045 1816 1176 1846 lacerant,
1193 1815 1318 1849 (μιίυιιγίδ
1339 1817 1533 1849 ρπιιγειοοίιιιιε
1555 1817 1668 1844 camelis

881 1849 1015 1885 fugientes
1028 1851 1060 1876 ⁵⁸.
1079 1860 1087 1876 ›
1102 1850 1179 1883 Quod
1195 1851 1303 1884 quidem
1319 1851 1363 1877 ille
1382 1851 1542 1879 deliberavit
1557 1859 1591 1878 ex
1614 1851 1668 1878 llc-

881 1885 988 1916 rodom.
1005 1886 1051 1920 qui
1066 1885 1122 1912 haec
1139 1885 1226 1912 fusilis
1247 1890 1421 1920 prosequitur
1440 1887 1472 1914 θ’.
1487 1886 1577 1918 llunc,
1590 1887 1613 1914 si
1627 1888 1668 1913 lu-

880 1919 934 1952 bet,
951 1919 1021 1947 sicut
1037 1924 1063 1947 et
1091 1920 1212 1948 Solinum
1229 1919 1260 1946 ac
1274 1919 1381 1952 Melan],
1407 1926 1486 1955 atque
1502 1923 1570 1949 alios
1592 1921 1668 1948 adire

880 1955 982 1989 poteris
993 1955 1092 1982 citatos
1103 1956 1137 1982 ab
1149 1955 1332 1987 Aldrovando,
1341 1956 1387 1990 qui
1399 1961 1488 1983 utrum
1498 1956 1564 1984 illud
1576 1964 1668 1985 verum

880 1991 916 2017 sit
930 1990 989 2017 fuse
1005 1991 1126 2024 disputat
1139 1991 1173 2016 7°.
1358 2003 1362 2007 ε

916 2024 1052 2064 ῼιιῖιςίιὶοι·
1065 2029 1154 2053 autem
1163 2024 1197 2064 de
1208 2024 1356 2064 gryphibus
1371 2029 1457 2064 potest
1469 2033 1529 2064 esse
1542 2026 1666 2064 (ιιιξη-ειὶοἴ

879 2059 931 2092 Qui
944 2061 1017 2086 enim
1044 2067 1141 2086 aurum
1168 2060 1201 2086 ab
1227 2061 1260 2087 iis
1278 2059 1415 2086 "custodiri
1444 2059 1564 2091 tradunt.
1581 2061 1608 2088 hi
1625 2061 1668 2088 vel

880 2095 939 2124 solo
954 2095 1060 2123 Aristaei
1076 2094 1252 2123 Proconnesii
1267 2100 1351 2129 poeta:
1362 2095 1517 2123 testitnonio
1532 2096 1668 2128 nituntur,

879 2131 921 2157 vel
939 2129 965 2156 id
981 2130 1091 2156 dubium
1108 2134 1134 2157 et
1157 2131 1236 2164 plane
1256 2131 1388 2157 incertum
1405 2131 1574 2158 existimant.
1585 2131 1666 2162 Audi,

879 2172 983 2200 quaeso,
1011 2164 1195 2192 Herodotum:
1209 2174 1218 2189 ι
1235 2165 1275 2191 Ad
1298 2166 1510 2199 septentrionem
1541 2166 1666 2200 Europte,

880 2201 978 2234 inquit.
1001 2201 1229 2235 quampluritnatll
1251 2201 1310 2226 auri
1327 2201 1380 2226 vim
1397 2208 1458 2228 esse
1477 2205 1595 2229 constat.
1613 2201 1666 2228 Sed

879 2236 1017 2269 quomodo
1031 2237 1086 2267 tiat.
1100 2243 1133 2262 ne
1149 2237 1199 2262 hoc
1215 2235 1323 2269 quidem
1340 2243 1388 2270 pro
1409 2241 1548 2270 comperto
1575 2235 1668 2263 dicere

879 2278 960 2305 queo.
974 2270 1106 2298 Dicuntur
1119 2277 1208 2297 tamen
1223 2271 1249 2296 id
1258 2279 1273 2296 a
1287 2271 1434 2306 gryphibus
1445 2272 1552 2298 auferre
1560 2271 1668 2297 Arima-

879 2306 921 2340 spi
946 2306 997 2332 viri
1024 2306 1149 2338 unoculi;
1167 2307 1239 2340 quod
1265 2313 1315 2332 nec
1338 2307 1427 2340 ipsum
1443 2307 1622 2337 crediderim,
1638 2310 1668 2333 ut

878 2341 930 2367 viri
947 2344 1095 2367 nascantur
1110 2341 1230 2371 unoculi,
1248 2345 1373 2367 caeterum
1395 2345 1521 2368 naturam
1536 2341 1668 2368 habentes

879 2376 1105 2403 aliishominibus
1113 2383 1203 2410 parem
1216 2377 1266 2402 “.1
1281 2375 1312 2402 Et
1326 2380 1419 2410 postea
1433 2377 1503 2404 libro
1519 2377 1644 2410 sequenti
1658 2384 1666 2402 :

882 2420 893 2437 ι
909 2411 1040 2438 Arist-atus
1052 2411 1162 2445 quidam
1189 2410 1389 2438 Proconnesius
1408 2412 1579 2438 versiﬁcator
1591 2430 1598 2442 .
1615 2414 1669 2438 L‘a-

879 2446 975 2473 strobii
993 2445 1075 2478 ﬁlius,
1094 2449 1252 2473 memoravit
1272 2453 1302 2474 se
1318 2445 1420 2474 Phoebo
1442 2447 1603 2474 instinctum
1620 2454 1667 2474 ve-

879 2481 954 2508 nisse
970 2481 1003 2507 ad
1015 2481 1178 2514 issatdonas,
1189 2486 1215 2508 et
1227 2489 1308 2516 supra
1317 2481 1366 2508 hos
1376 2482 1495 2510 incolere
1509 2482 1668 2516 Arimaspos

881 2516 953 2543 viros
970 2517 1114 2549 unoculus,
1123 2521 1150 2543 ct
1166 2517 1230 2546 item
1242 2524 1325 2551 supra
1339 2517 1389 2544 hos
1397 2525 1458 2544 esse
1466 2517 1595 2552 gryphas,
1604 2517 1669 2552 γρύ-

880 2559 944 2582 πας,
962 2552 1008 2585 qui
1027 2559 1124 2578 aurum
1137 2557 1274 2579 asservent
1286 2552 1318 2578 7’.
1339 2561 1348 2577 ι

916 2586 1066 2622 Pausanias
1078 2594 1142 2613 vero
1154 2587 1234 2621 paulo
1246 2586 1426 2621 explicatius:
1447 2596 1456 2612 ι
1470 2586 1604 2622 Grypbes,
1629 2588 1668 2615 in-

879 2621 948 2655 quit,
966 2629 1028 2648 cum
1052 2621 1212 2656 Arimaspis,
1231 2629 1278 2656 qui
1304 2629 1388 2656 supra
1413 2621 1562 2650 Issa‘doues
1591 2628 1666 2656 sunt,

880 2657 940 2683 auri
954 2664 1039 2684 causa
1055 2656 1165 2684 assidue
1188 2657 1288 2684 bellare
1312 2657 1441 2685 Aristzeas
1464 2657 1667 2686 Proconnesius

881 2692 1052 2719 carminibus
1076 2696 1192 2720 testatus
1207 2697 1270 2726 est;
1287 2695 1314 2719 et
1339 2700 1437 2720 aurum
1461 2693 1571 2728 quidem
1594 2694 1666 2729 quod

1214 2770 1236 2806 ξ’
1255 2769 1360 2806 Pmdag.
1374 2770 1422 2798 lib.
1439 2779 1458 2803 ι,
1471 2778 1497 2798 c.
1511 2770 1538 2804 6.
1561 2771 1664 2806 p.101.

1218 2805 1241 2821 “
1254 2805 1360 2840 Patdag.
1371 2806 1418 2833 lib.
1432 2813 1462 2838 tt,
1474 2814 1499 2832 c.
1513 2805 1663 2840 12,7p.207.

1218 2841 1271 2868 [51).
1310 2841 1331 2876 θεῖ
1349 2841 1449 2868 Herod.
1463 2841 1513 2876 lib.
1527 2848 1569 2872 tu.
1585 2840 1599 2876 §
1613 2841 1668 2867 1113

1121 2861 1300 2908 ὅίἳὲτὶιῖιᾘιη
1315 2861 1513 2911 ίυίὲζξῖίέῖ”’
1527 2861 1569 2892 ’δ’
1581 2861 1663 2909 aa};
