1927 3073
58 185 109 213 981

330 186 420 215 ALle
435 186 469 214 ΙΝ
487 185 782 215 COHORTATIONEM
801 185 844 214 ET
866 186 1091 215 PzEDAGOGUM
1112 185 1408 214 OBSERVATIONES.

1638 183 1692 213 989

57 247 223 278 narrantur,
240 251 273 271 ea
287 243 343 277 jam
357 251 372 271 a
395 244 475 272 nobis
487 251 562 271 more
575 244 658 271 solito
671 243 852 270 examinanda
868 246 890 274 Α
905 244 1020 278 amplius
1036 244 1158 277 tradidit,
1168 244 1212 271 illa
1227 251 1260 271 cx
1273 243 1364 271 citatis
1376 251 1391 269 a
1402 242 1536 270 Bocharto
1547 245 1573 269 et
1588 242 1691 270 Cotcle-

60 285 140 308 sunt.
167 281 302 307 ()hsewat
327 283 417 306 autem
432 279 614 314 quorunulam
644 279 729 306 fuisse
745 279 852 314 opinio-

60 323 138 346 nem,
170 324 179 340 ι
192 315 316 349 hyaenam
334 315 457 342 vicissim
482 315 599 349 singulis
627 314 708 349 annis
727 314 854 341 masculi-

59 358 132 378 num
146 358 239 378 sexum
255 353 361 377 mutare
375 350 403 376 in
423 348 583 377 femininum
598 349 648 376 “.1
665 348 718 376 Sed
733 349 778 376 ille
793 352 855 383 post

61 386 214 413 Diodorum
231 384 367 417 Siculum,
378 392 393 411 a
411 384 508 412 Photio
522 385 636 412 citatum
651 384 685 416 9‘,
704 384 730 411 id
744 385 854 419 penitus

61 421 166 449 falsum
195 427 257 448 esse
283 419 434 451 contendit,
465 420 518 447 hac
546 420 674 446 nimirum
699 419 798 446 ductus
812 428 855 446 ra-

60 457 157 484 tione:
176 464 185 481 ‹
201 455 346 490 Nunquam
359 459 464 482 natura:
477 455 518 483 vis
530 458 619 490 potest
636 453 738 487 ati'erri,
751 459 780 481 ut
795 463 855 482 mu-

61 495 151 519 tetur.
160 490 237 523 Quod
254 495 343 517 autem
356 490 440 517 semel
454 490 480 517 in
495 490 554 525 ipsa
564 490 690 525 effectum
706 495 760 521 est,
778 490 856 517 nefas

60 531 107 554 est
120 526 263 553 aﬂectione
280 526 306 552 in
335 524 514 552 contrarium’
526 525 636 560 reﬁngi;
654 524 761 552 affectio
781 525 854 552 enim

60 569 121 588 non
139 565 182 588 est
198 566 295 587 natura
312 560 347 589 “.
379 570 388 586 ι
408 561 430 586 Α
453 561 553 595 quibus
571 565 661 587 autem
678 560 734 586 haec
751 562 792 587 vel
812 561 855 587 illa

59 596 161 632 opinio
171 599 276 623 asserta
290 598 317 622 et
335 595 610 632 propugnatafuerit,
632 596 691 622 fuse
709 595 789 632 docet
806 596 857 622 Bo-

61 630 194 662 chartus,
206 634 231 658 et
243 634 304 666 post
323 638 384 658 eum
399 630 561 662 Cotelerius,
576 638 645 665 quos
660 631 785 659 curiosus
795 631 856 666 qui-

60 667 133 694 libet
147 666 230 693 homo
247 665 324 692 adire
340 665 438 700 poterit
453 672 480 693 et
494 667 638 693 consulere
647 665 679 692 9‘.

102 702 139 729 At
156 702 200 728 hic
212 708 294 735 porro
310 702 436 736 opinatus
444 705 486 728 est
497 701 663 728 Clementem
678 704 803 728 nostrum
819 701 856 728 ibi

61 737 100 764 ad
115 736 248 763 Baruabse
263 736 417 770 respexisse
431 736 590 771 epistolam;
607 739 633 763 et
646 736 710 770 quia
722 736 782 770 ejus
794 744 857 764 seu-

61 773 159 799 tentia:
173 771 346 799 subscribere
375 778 429 797 non
453 775 569 806 poterat,
586 771 621 798 ob
645 779 779 798 summam
804 772 857 799 viri

60 807 213 841 apostolici
241 806 432 836 reverentiam,
465 807 538 834 illius
564 807 718 840 pepercisse
739 807 853 834 nomini.

60 842 121 870 Nec
134 843 170 869 ab
185 842 259 868 omni
273 848 386 875 prorsus
400 841 637 868 verisimilitudine
650 841 707 868 haec
717 841 858 875 conjectu-

61 886 95 905 ra
109 878 249 904 abhorret.
262 876 332 908 Quid
347 876 420 903 enim
437 881 509 903 vetat
522 877 670 912 quominus
687 876 732 903 ille
746 877 779 904 ad
795 885 854 904 eam

60 912 256 950 rolliucaverit
271 911 425 950 epistulari),
449 920 529 946 quam
550 912 584 950 ab
608 911 668 950 ipso
690 912 789 950 s_t_epius
805 913 858 940 lec-
876 921 896 950 Β

60 952 133 979 tam,
158 947 289 981 pluraque
313 947 388 974 illius
411 946 561 982 fragmenta
577 947 604 973 in
622 947 680 974 suis
694 947 858 982 Stromalum

61 983 147 1010 libris
164 982 303 1016 descripta
327 981 412 1008 fuisse
439 981 623 1009 certissimum
647 981 708 1009 est?
731 983 858 1010 Attamen

62 1026 130 1046 cum
139 1018 198 1051 ipse
207 1020 302 1044 auctor
310 1020 403 1043 uoster
416 1017 452 1044 ibi
460 1017 613 1044 Aristotelis
620 1017 781 1044 sententiam
790 1019 859 1046 κατὰ

65 1053 155 1084 πόδας
165 1053 242 1086 sequi
259 1052 392 1081 videatur,
410 1052 443 1078 ad
457 1053 528 1079 hunc
543 1052 644 1087 potius,
655 1060 736 1086 quam
752 1052 785 1078 ad
797 1053 859 1080 Bar-

62 1093 186 1118 nauam,
217 1088 279 1122 vel,
303 1087 326 1114 si
354 1087 438 1118 velis,
468 1087 500 1114 ad
530 1092 675 1121 utrumque
704 1088 859 1122 respexisse

153 1130 243 1173 “aegre
269 1121 386 1150 forsitan
421 1130 583 1158 persuasum
617 1121 758 1150 nonnulli’
776 1123 858 1151 babe—

85 1162 138 1184 llnl
153 1162 187 1184 ".

101 1193 170 1226 Quae
184 1199 249 1220 vero
273 1191 307 1219 ad
330 1200 406 1220 suam
433 1192 590 1227 opinionem
615 1193 804 1220 stabiliendam
824 1193 859 1221 ab

61 1230 164 1268 eodem
177 1227 316 1268 Clemente
331 1227 472 1268 profertur
485 1227 566 1259 ratio,
583 1227 653 1268 hanc
673 1227 816 1260 llervetus,
835 1230 858 1257 si

61 1263 101 1290 ad
116 1263 236 1290 litteram
252 1263 412 1297 accipiatur,
425 1270 518 1290 veram
529 1263 640 1290 omnino
654 1271 715 1291 esse
729 1271 784 1290 non
794 1272 859 1291 cen-

61 1303 118 1327 set.
127 1297 208 1334 Falsa
218 1299 318 1334 quippe
325 1298 445 1332 etgratis
457 1298 518 1325 ticta
531 1305 592 1326 esse
606 1306 661 1326 non
677 1302 765 1333 putat,
773 1307 834 1334 quae
844 1307 859 1327 a

62 1334 158 1360 Plinio
173 1333 210 1360 de
226 1333 334 1369 feminis
347 1333 376 1361 in
397 1341 487 1369 mares
507 1333 619 1361 mutatis
640 1333 856 1369 mentoriaa’pro-

62 1370 124 1396 dita
152 1372 228 1397 sunt.
253 1367 344 1395 Variis
374 1368 507 1403 siquidem
542 1369 730 1403 hujuscemodi
758 1367 858 1397 inlinu-

61 1404 183 1431 tationis
199 1404 330 1439 exemplis
347 1404 381 1439 ab
397 1404 453 1435 illo,
470 1403 539 1431 adde
563 1405 585 1431 si
602 1404 678 1435 velis,
691 1409 718 1431 et
742 1405 776 1432 ab
794 1404 859 1439 Hip-

62 1443 181 1476 pocrate
198 1439 271 1476 etab
286 1438 427 1476 11_ard_uino
442 1439 530 1476 allatis
545 1439 577 1472 ’⁷,
591 1439 663 1476 aliud
677 1439 735 1476 ipse
745 1438 859 1476 subjun-

61 1473 106 1510 gn
132 1474 277 1506 cujusdam
303 1473 410 1510 femina:
431 1482 492 1508 quae
518 1475 546 1501 in
572 1475 672 1510 oppido
693 1473 857 1509 Campaniae,

61 1508 143 1544 Quod
161 1510 309 1536 Vitriacum
326 1508 437 1543 dicitur,
452 1510 479 1536 in
500 1508 722 1537 marem’mutata
745 1508 859 1539 barbam

61 1545 209 1580 produxit,
222 1544 352 1578 duxitque
365 1549 458 1579 postea
475 1552 598 1580 uigorem.

106 1580 281 1614 Quapropter
295 1580 368 1606 hunc
391 1579 463 1606 idem
487 1579 618 1607 llervetus
639 1580 697 1607 vult
722 1588 784 1608 esse
801 1580 860 1608 Cle-

61 1613 268 1643 mentis’nostri
288 1622 409 1642 sensum.
426 1613 556 1641 Naturam
575 1614 686 1650 quidem
704 1616 790 1650 ipsam
805 1624 859 1643 non

61 1650 183 1681 mutari,
194 1650 241 1677 sed
253 1650 383 1676 nonnulla
398 1650 544 1684 aliquando
553 1655 650 1684 praeter
661 1654 786 1678 naturam
803 1652 861 1678 licri

61 1693 131 1721 qua:
148 1689 272 1712 monstra
289 1691 354 1712 sunt
369 1689 395 1712 et
410 1685 541 1720 prodigia.
571 1684 670 1712 Verum
686 1685 861 1714 dissimulare

62 1720 123 1749 non
146 1728 293 1755 possumus
307 1722 378 1746 hanc
404 1720 653 1754 interpretationem
681 1721 715 1748 ab
741 1722 862 1749 auctoris

62 1754 160 1783 nostri
172 1762 263 1782 mente
278 1763 340 1782 esse
354 1762 468 1789 prorsus
483 1755 612 1782 alienant.
629 1754 712 1783 Plane
723 1757 862 1784 enimvero

63 1791 236 1826 penitusque
250 1796 330 1825 negat
346 1790 402 1817 lieri
416 1798 535 1826 unquam
552 1799 632 1824 posse
647 1795 676 1817 ut
698 1791 862 1826 hymnaiuas

63 1824 96 1853 in
110 1826 240 1861 feminam
255 1824 441 1852 convertatur.
458 1834 467 1850 ι
481 1824 657 1860 Nequaquam
669 1824 733 1861 ergo
747 1824 862 1854 creden-

63 1864 135 1888 dum
152 1865 205 1895 est,
221 1860 319 1895 inquit,
333 1861 455 1895 hyaenam
467 1868 585 1894 unquam
608 1860 716 1888 mutare
735 1866 862 1888 naturam

63 1897 102 1924 ’⁸.
120 1905 130 1921 ι
145 1894 226 1928 Quod
240 1894 399 1929 quidetn’ab
410 1895 455 1922 illo
468 1903 522 1922 non
537 1896 587 1922 alia
605 1896 656 1922 nisi
674 1896 724 1923 hac
744 1897 863 1931 generali

63 1931 179 1958 ratione
209 1931 340 1965 probatur
355 1940 362 1957 :
379 1940 388 1955 ‹
406 1930 549 1965 Nunquam
581 1936 684 1958 nalur:e
708 1930 754 1958 vis
776 1936 863 1964 potest

65 1966 176 1999 aﬂ'erri,
199 1971 228 1993 ut
243 1970 373 2001 mutetur.
390 1976 399 1992 ι
416 1965 508 2001 Neque
522 1973 604 2000 porro
619 1967 741 2001 ext-inpia
751 1974 765 1993 a
775 1966 864 1994 Plinio

66 2006 156 2036 atque
175 2001 256 2028 etiam
286 2000 402 2028 Iierveto
425 2005 452 2028 et
471 2001 532 2028 aliis
559 2000 709 2036 proposita,
731 2002 794 2029 huic
820 2010 864 2031 ra-

67 2035 141 2064 tioni
161 2037 274 2063 omnino
288 2035 395 2063 oilicere
409 2036 546 2063 videntur.
564 2035 629 2062 Nam
650 2037 684 2063 iis
699 2037 808 2071 quidem
823 2042 864 2064 et-

66 2073 91 2100 si
110 2072 348 2098 detnoustraretur
370 2079 404 2098 ex
428 2071 527 2098 femina
555 2071 657 2098 factum
674 2080 735 2099 esse
750 2080 864 2104 marem,

65 2107 136 2134 inde
150 2111 241 2134 tamen
255 2105 353 2133 eonlici
368 2114 423 2133 non
439 2110 528 2141 potest
549 2107 609 2134 vice
635 2115 713 2134 versa
734 2115 766 2134 ex
790 2115 865 2135 mare

64 2143 176 2169 factam
199 2149 260 2168 esse
276 2141 416 2168 feminam.
434 2142 499 2169 Sine
521 2147 625 2168 natura:
640 2143 740 2170 etenim
767 2143 865 2169 immu-

65 2178 179 2205 tatione
193 2184 226 2203 ex
240 2176 342 2204 femina
357 2184 415 2204 mas
429 2177 486 2204 ﬁeri
506 2177 605 2210 potuit,
623 2185 685 2204 eum
707 2178 864 2204 membrana

64 2212 210 2248 quaedam,
226 2211 277 2238 sub
289 2220 343 2246 qua
356 2211 472 2239 virilitas
485 2212 599 2244 latebat,
621 2212 792 2247 postmodum
808 2213 866 2241 dis-

64 2253 152 2283 rupta
162 2251 220 2283 est.

106 2274 140 2309 λι
157 2280 295 2313 Clemens,
306 2281 423 2322 inquies,
442 2290 495 2309 non
514 2283 626 2317 putabat
635 2282 760 2322 hyaenam
787 2282 864 2322 femi-
880 2274 902 2302 ί)

65 2325 135 2346 nam
154 2325 235 2352 posse
245 2325 355 2352 quoque
375 2317 403 2344 in
419 2325 521 2345 marem
543 2319 653 2345 mutari.
678 2317 778 2345 Vocem
790 2318 861 2345 enim

65 2353 197 2380 Graecam
210 2352 333 2385 ἐναλλὰξ.
346 2353 373 2379 id
385 2356 427 2380 est
441 2353 607 2385 alternatim,
618 2353 750 2384 vicissim,
764 2357 792 2380 et
806 2353 864 2380 vice

64 2395 151 2415 versa
176 2387 289 2415 addidit.
317 2387 540 2422 Negarequidem
568 2389 595 2416 id
620 2396 674 2416 non
706 2396 862 2423 possumus.

65 2422 257 2456 Quamobrem
271 2423 390 2458 ingenue
414 2422 554 2450 fatendum
574 2428 617 2451 est
642 2422 791 2450 memorata
810 2424 863 2450 hu-

61 2459 150 2493 jusce
181 2458 341 2494 mutationis
360 2459 484 2493 exempla
514 2459 566 2492 ipsi
588 2459 700 2486 omnino
726 2459 864 2494 incognita

63 2494 171 2521 fuisse.
201 2493 326 2529 Attamen
355 2501 416 2529 non
446 2493 538 2521 minus
572 2494 677 2521 clarum
704 2499 732 2521 et
762 2493 864 2529 perspi-

64 2536 156 2555 cuum
181 2532 224 2555 est
248 2528 325 2554 illum
343 2528 377 2556 de
400 2536 432 2556 ea
459 2529 630 2563 potissimum
651 2529 802 2556 mutatione
824 2528 863 2556 lo-

64 2563 129 2604 qiii,
139 2570 206 2598 qua,
218 2563 314 2597 utipse
329 2564 378 2595 ait.
396 2563 510 2599 «Eigura
519 2569 633 2597 mutata,
645 2564 690 2593 ﬁat
704 2571 762 2593 mas
777 2572 809 2591 ex
826 2565 864 2591 l‘e-

64 2606 158 2626 1111113.
179 2607 188 2624 ι

102 2633 193 2661 Porro
201 2637 292 2660 autem
310 2641 370 2668 qua:
385 2633 422 2660 ibi
435 2633 560 2662 Clemens
571 2634 605 2662 de
620 2633 714 2669 bymna
728 2638 756 2661 et
772 2634 863 2669 lepore

105 2711 129 2727 νε
144 2709 233 2743 Paed,
248 2710 297 2738 lib.
311 2718 342 2743 ιι,
353 2718 381 2746 γε.
397 2711 440 2741 10.
453 2719 480 2746 p.
494 2710 556 2739 188.

611 2711 935 2739 ⁹³λΡ1ιοι.Βιιι1ιοιΙι.οο(1.
952 2711 1016 2745 2M,
1038 2720 1065 2747 p.
1090 2712 1170 2740 2050.

904 279 946 305 rio
959 279 1118 307 auctoribus
1135 279 1213 306 facile
1237 279 1370 314 explicari
1394 282 1530 314 poterunt,
1540 286 1645 314 nosque
1656 278 1691 305 de

904 314 937 341 iis
949 314 1116 349 aliquidjam
1134 315 1272 349 attigimus
1290 315 1322 341 9'.

939 347 1036 378 Multas
1050 347 1148 377 dehinc
1162 347 1232 376 id'em
1253 350 1312 385 ipse
1335 353 1431 376 auctor
1452 352 1546 376 noster
1567 347 1691 384 perhibet

904 391 965 412 csse
979 392 1043 412 aves
1057 392 1127 419 quat.
1143 385 1285 412 immutata
1307 388 1415 417 natura,
1434 388 1461 411 et
1477 391 1571 411 vocem
1584 387 1691 410 mutant

904 424 931 446 et
942 420 1071 448 colorem.
1089 429 1099 445 ι
1113 419 1226 453 Merula,
1241 420 1382 454 inquit,ex
1399 420 1474 454 nigra
1487 419 1596 453 quidem
1610 419 1689 450 flava,

905 462 936 482 ex
952 462 984 482 ea
999 459 1089 482 autem
1103 463 1164 489 quae
1187 455 1308 482 suaviter
1328 455 1454 486 canebat,
1476 455 1634 489 obstrepera
1664 457 1691 480 et

904 490 1091 517 turbulentum
1101 498 1197 517 sonum
1208 490 1291 517 edens
1304 489 1361 517 fieri
1377 490 1487 516 dicitur.
1499 489 1593 517 itidem
1609 489 1691 516 etiam

905 525 1021 552 luscinia
1037 529 1063 552 et
1077 525 1193 552 colorem
1208 530 1234 552 et
1256 533 1347 552 vocem
1360 525 1472 551 alternis
1487 528 1594 551 mutare
1616 531 1692 551 asse-

906 561 985 588 ritttr.
1003 560 1136 587 Czetcrum
1152 568 1206 587 non
1224 565 1330 587 mutant
1346 561 1432 595 ipsam
1451 563 1575 586 naturam
1591 560 1612 586 ί.
1625 569 1634 584 ι
1649 557 1693 585 Vi-

906 595 987 623 detur
1001 599 1090 622 autem
1102 595 1228 624 Clemens
1251 595 1315 623 illud
1341 594 1467 622 hausisse
1480 603 1512 622 ex
1533 594 1691 625 Aristotele,

906 631 953 665 qui
969 630 1002 658 de
1015 635 1129 665 utraque
1144 631 1187 658 illa
1205 638 1254 658 ave
1269 630 1394 658 similiter
1411 630 1522 657 disserit
1541 629 1600 665 lib;
1611 637 1636 656 ix
1655 629 1693 656 De

906 664 1000 694 Iiistor.
1018 664 1100 693 anini.
1115 673 1174 699 cap.
1190 665 1236 699 19,
1248 673 1297 693 nec
1311 665 1401 692 minus
1421 665 1563 699 perspicue
1588 664 1694 691 Plinius

907 701 954 728 lib.
973 709 989 728 ιι
1006 701 1078 728 Hist.
1097 705 1164 732 nat.,
1180 709 1241 735 cap.
1252 701 1297 730 29,
1313 708 1374 735 pag.
1390 700 1441 727 419
1456 706 1483 727 et
1502 708 1571 735 seq.,
1586 707 1693 727 necnon

907 741 933 763 et
951 735 1051 763 Elian.
1071 735 1119 763 lib.
1135 744 1173 762 xu
1205 736 1241 763 De
1255 736 1376 766 animal.,
1400 743 1460 770 cap.
1475 735 1520 762 27.
1537 735 1575 762 De
1589 735 1693 762 merula

907 779 972 798 vero
985 771 1174 798 Aldrovandus
1185 772 1231 798 lib.
1242 779 1285 798 xvt
1297 770 1440 805 0rnithol.,
1449 778 1510 804 cap.
1521 770 1546 797 6.
1560 777 1620 805 pag.
1631 770 1693 801 610,

907 814 939 833 ac
963 806 1073 869 uigilem
1090 807 1123 834 de
1138 807 1254 834 luscinia
1267 807 1313 834 lib.
1333 813 1398 834 xvnt
1420 804 1565 838 0rn£thol.,
1585 804 1645 840 cap.
1662 805 1692 837 2,

909 849 969 869 patr.
1039 863 1046 869 .

928 849 969 874 ag.
983 843 1046 870 280.

909 849 1080 904 pagi-iisin
1094 877 1165 904 libro
1179 877 1304 912 sequenti
1315 876 1442 904 Clemens
1454 884 1509 904 non
1523 876 1640 903 obscure
1656 875 1695 902 si-

911 912 1023 948 gniﬁcat
1037 913 1170 940 luscinias
1187 912 1318 948 quasdam
1343 920 1417 940 more
1431 912 1552 948 humano
1578 912 1693 948 locutas.

912 947 962 975 Ubi
977 948 1048 974 enim
1064 948 1191 975 mulieres
1214 956 1274 983 qua:
1291 955 1403 981 magnos
1428 947 1456 974 in
1482 947 1575 974 simias
1590 947 1697 983 aliaque

910 983 1037 1009 animalia
1053 983 1148 1009 alenda
1163 981 1288 1017 sumptus
1299 983 1444 1012 faciebant.
1459 982 1558 1009 acriter
1569 981 1695 1016 castigat,

910 1018 966 1045 hanc
984 1017 1120 1045 subnectit
1137 1026 1143 1042 :
1160 1027 1169 1043 ‹
1190 1016 1259 1045 Cum
1277 1022 1414 1052 oporteret
1437 1025 1517 1045 senes
1533 1017 1641 1043 alere...
1659 1016 1698 1052 si-

910 1053 972 1080 miis
996 1053 1180 1085 formosiores,
1207 1057 1234 1080 et
1252 1051 1325 1086 loqui
1347 1057 1462 1087 possunt
1488 1052 1585 1079 melius
1611 1051 1696 1078 lusci-

909 1089 962 1116 niis
975 1089 995 1115 ¹.
1016 1098 1025 1114 ι
1055 1088 1095 1114 Ad
1123 1095 1247 1116 magnam
1269 1095 1331 1114 vero
1348 1086 1564 1114 admirationem
1593 1086 1698 1113 nullum

909 1131 975 1150 sane
992 1123 1135 1150 traducere
1151 1121 1180 1150 id
1192 1123 1279 1150 debet.
1296 1121 1400 1150 Plinius
1418 1122 1550 1157 siquidem
1566 1122 1598 1148 de
1614 1121 1697 1148 lusci-

910 1159 973 1190 niis,
991 1157 1085 1185 Grteco
1095 1163 1122 1185 et
1130 1157 1226 1185 Latino
1238 1166 1364 1185 sermone
1373 1158 1445 1192 loqui
1454 1156 1565 1185 'edoctis
1579 1156 1619 1183 sic
1629 1156 1699 1183 scri-

909 1193 949 1220 bit
980 1194 1010 1220 ³;
1028 1202 1036 1218 ι
1056 1193 1197 1221 Habebunt
1218 1197 1246 1220 et
1267 1194 1390 1221 Cmsares
1413 1194 1529 1226 juvenes
1559 1196 1697 1223 sturnum,

910 1230 974 1255 item
992 1229 1134 1261 luscinias,
1152 1227 1246 1255 Grzcco
1260 1233 1341 1263 atque
1355 1228 1452 1254 Latino
1469 1234 1594 1263 sermone
1619 1226 1697 1253 doci-

909 1264 964 1297 les;
981 1268 1110 1298 praeterea
1125 1262 1336 1291 meditantes’in
1358 1264 1428 1290 diem
1454 1267 1481 1290 et
1497 1262 1606 1298 assidue
1629 1268 1698 1288 nova

909 1297 1051 1333 loquentes
1064 1298 1246 1334 longiore96
1259 1299 1340 1326 etiam
1355 1301 1494 1325 contextu.
1506 1297 1641 1334 vocentur
1655 1303 1699 1323 se-

909 1331 996 1365 creto,
1007 1338 1034 1361 ct
1047 1334 1091 1361 ubi
1101 1331 1174 1360 nulla
1181 1331 1241 1360 alia'
1241 1341 1291 1360 vox
1300 1334 1458 1365 misceatur,
1468 1332 1576 1359 assidue
1584 1331 1633 1367 qui
1643 1339 1700 1359 cre-

909 1369 959 1396 bro
979 1369 1053 1404 dicat
1066 1376 1097 1396 ea
1111 1377 1172 1404 qua:
1188 1369 1295 1396 condita
1312 1369 1384 1404 velit,
1400 1376 1440 1404 aer
1460 1368 1530 1395 cibis
1555 1366 1700 1404 blandien—

909 1407 952 1431 tes
981 1424 987 1431 .
1010 1413 1019 1430 ι
1043 1402 1127 1431 Extra
1150 1404 1229 1431 fidem
1255 1405 1356 1431 etenim
1377 1403 1444 1430 illud
1465 1410 1519 1430 non
1534 1409 1594 1429 esse
1618 1402 1701 1429 docet

909 1438 1123 1469 Aldrovandus‘,
1133 1439 1213 1466 trium
1225 1439 1339 1465 aliarum
1363 1439 1541 1466 lusciniarum
1562 1437 1697 1471 exemplo,

910 1475 989 1509 longe
1002 1475 1088 1509 magis
1103 1474 1229 1506 mirabili,
1239 1474 1311 1509 quod
1326 1474 1397 1510 apud
1411 1473 1514 1506 eum,si
1528 1472 1601 1499 lubet
1614 1477 1641 1499 ct
1654 1480 1699 1498 νει-

910 1514 964 1546 cat,
981 1510 1069 1546 legere
1082 1509 1195 1544 poteris.
1290 1544 1295 1546 _
1349 1509 1352 1510 ⁷
1433 1543 1438 1546 _
1677 1541 1683 1546 _

947 1544 975 1571 In
989 1543 1104 1571 aliarum
1124 1552 1233 1579 quoque
1255 1544 1344 1571 avium
1368 1543 1563 1571 nutrimentum
1578 1549 1632 1569 non
1648 1543 1700 1579 mi-

911 1587 963 1607 nus
986 1577 1387 1617 inhumanasquanriuutiles
1407 1579 1586 1617 quarumdam
1603 1577 1700 1617 mulie-

912 1622 973 1642 rum
988 1616 1127 1652 impensas
1144 1615 1244 1652 ibidem
1258 1615 1385 1652 Clemens
1400 1615 1700 1652 arguit-atque‘exagi-

912 1653 970 1676 tat:
986 1660 996 1676 ε
1015 1648 1081 1682 Qua:
1102 1654 1177 1679 sunt.
1202 1651 1301 1685 inquit,
1324 1658 1356 1676 ex
1381 1650 1421 1677 eis
1436 1648 1524 1684 paulo
1550 1648 1698 1679 civiliores,

912 1693 975 1712 aves
994 1685 1101 1713 Indicas
1118 1684 1291 1723 pavonesque
1307 1685 1425 1723 Medicos
1441 1684 1701 1723 nutriunt.....pue-

913 1728 973 1746 rum
990 1725 1080 1748 autem
1095 1721 1247 1755 orphanum
1262 1728 1316 1748 non
1330 1721 1486 1751 admittunt,
1501 1727 1560 1754 quae
1568 1721 1700 1755 psittacos

912 1759 939 1782 et
955 1753 1136 1787 charadriosf
1158 1766 1167 1783 ι
1184 1757 1211 1783 in
1239 1756 1366 1783 versione
1390 1753 1517 1787 llerveti,’
1535 1763 1544 1780 ε
1561 1753 1698 1789 graculos,

913 1791 1081 1826 enutriunt'.
1096 1791 1188 1823 )Quas
1204 1792 1331 1826 superius
1346 1799 1355 1815 ι
1374 1798 1437 1818 aves
1452 1790 1597 1826 1ndicas,_}
1612 1788 1700 1824 ὄρνεις

919 1825 1056 1858 Ἰνδικούς,
1079 1828 1215 1860 posterius
1239 1824 1386 1861 ψιττακοὺς
1415 1824 1701 1861 ιιρριειιιιικΕιιινρςω

913 1861 1033 1894 quidem.
1050 1859 1186 1890 Psittacus
1202 1859 1341 1888 enimvero
1353 1862 1410 1888 avis
1432 1859 1523 1888 iudica
1545 1859 1700 1887 dicebatur.

915 1896 992 1924 Unde
1011 1896 1116 1924 Plinius
1138 1906 1144 1924 :
1166 1906 1175 1922 ι
1199 1897 1286 1928 ludia.
1310 1897 1408 1930 inquit,
1429 1897 1498 1926 hanc
1512 1902 1589 1922 avem
1603 1894 1700 1930 mittit,

916 1930 1037 1958 Sittaccn
1053 1937 1130 1958 vocat
1146 1932 1166 1959 ⁸.
1180 1941 1190 1957 ι
1209 1931 1245 1959 De
1257 1932 1300 1958 illa
1314 1929 1416 1958 vidcsis
1427 1931 1566 1958 {Elianum
1581 1929 1629 1955 lib.
1645 1937 1689 1955 xvi

915 1966 954 1993 De
965 1967 1088 1998 animat.,
1105 1974 1166 2001 cap.
1182 1967 1214 1998 2;
1228 1966 1430 1993 Aldrovandum
1445 1967 1493 1993 lib.
1510 1973 1528 1993 ιι
1554 1964 1700 2001 ΟνιιξζΙιοζη

915 2009 974 2036 cap.
994 2002 1039 2034 12,
1055 1999 1147 2037 atque'
1160 2003 1187 2029 in
1212 2002 1309 2037 primis
1336 2001 1501 2028 Bochartum
1531 2005 1597 2037 tom:
1612 1999 1634 2026 1|
1664 1999 1702 2026 bc

915 2035 1026 2072 animal.
1042 2035 1101 2064 suc:
1109 2035 1274 2072 scriptuﬁlib.
1285 2045 1314 2068 ll,
1327 2044 1387 2070 cap.
1407 2037 1452 2068 50,
1470 2043 1535 2072 pag.
1549 2035 1611 2062 542.

951 2071 1025 2109 Quos
1036 2074 1117 2109 etiam
1130 2072 1255 2109 Clemens
1270 2080 1344 2099 nunc
1361 2071 1469 2109 τᾳῷνᾳς
1479 2071 1617 2109 Μηδικοῇς
1631 2077 1702 2109 nun-

916 2111 997 2142 cupat
1010 2108 1032 2139 ⁷,
1053 2108 1117 2134 alibi
1129 2108 1292 2142 simplicius,
1306 2111 1332 2134 et
1345 2107 1460 2134 sublatis
1474 2106 1700 2142 duabusrlitteris,

916 2141 982 2171 dieit
995 2141 1208 2178 Μῆδοκινταῶνόι,
1221 2152 1231 2168 ι
1248 2143 1353 2170 Medum
1371 2141 1538 2178 pavonem},
1556 2141 1635 2178 rhoc
1648 2143 1700 2170 est,

916 2183 1011 2204 natum
1030 2175 1058 2205 in
1076 2177 1162 2204 Media
1177 2181 1204 2205 et
1219 2178 1283 2205 inde
1298 2175 1480 2212 asportatum.
1498 2175 1535 2203 De
1554 2176 1617 2212 aliis
1629 2183 1709 2212 vero.

917 2213 996 2245 locis,
1022 2213 1068 2240 ubi
1110 2220 1210 2240 avones
1230 2210 1350 2243 aluntur,
1366 2213 1444 2247 plura
1459 2212 1582 2246 congerit
1604 2210 1703 2238 Aldro—

917 2247 1039 2275 vandus:
1053 2221 1108 2275 sed)
1120 2248 1154 2275 de
1169 2248 1266 2275 Media.
1283 2248 1388 2274 nullum
1401 2248 1495 2275 alium.
1508 2247 1563 2274 nisi
1577 2245 1703 2273 Clemen-

917 2247 1039 2280 vandus;
1053 2245 1102 2275 sed
1120 2248 1154 2275 de
1169 2248 1266 2280 Media,
1283 2245 1388 2274 nullum
1401 2248 1495 2279 alium,
1508 2245 1563 2274 nisi
1577 2245 1703 2273 Clemen-

917 2287 971 2310 tem
982 2287 1107 2310 nostrum
1117 2304 1124 2316 ,
1147 2287 1244 2311 testem
1259 2284 1371 2318 protulit
1386 2283 1407 2310 ³.
1423 2282 1529 2318 Addere
1549 2286 1639 2318 tamen
1655 2288 1704 2315 po-

916 2322 988 2346 terat
1007 2318 1119 2345 Suidam
1140 2319 1186 2353 qui
1204 2319 1238 2346 ad
1256 2316 1368 2346 verbum
1383 2317 1504 2353 Μηδιχός
1518 2317 1577 2346 hate
1596 2316 1677 2353 habet
1693 2323 1700 2341 :

917 2353 1035 2390 Μηδικὺς
1055 2350 1157 2390 ὅρνιςὸ
1178 2353 1262 2385 ταώς,
1283 2363 1292 2379 ι
1320 2350 1428 2390 Medica
1446 2354 1504 2390 avis
1520 2360 1598 2387 pavo.
1617 2361 1625 2376 ι
1644 2350 1704 2378 Non

917 2389 1036 2416 absurde
1061 2388 1134 2415 enim
1160 2396 1305 2423 possumus
1333 2389 1396 2416 inde
1423 2388 1551 2423 colligere
1576 2394 1703 2421 magnam

918 2424 1006 2461 fuisse
1018 2425 1046 2451 in
1062 2423 1148 2461 Media
1160 2422 1299 2458 pavonum
1320 2424 1427 2461 turbam
1441 2426 1468 2461 et
1487 2422 1701 2461 multitudinem,

917 2459 1136 2494 quandoquidem
1161 2457 1195 2486 ex
1215 2467 1247 2487 ea
1268 2467 1367 2487 nomen
1393 2458 1504 2486 Medicae
1531 2458 1589 2485 avis
1613 2457 1705 2485 sortiti

917 2500 990 2522 sunt.

952 2529 993 2557 Ad
1010 2529 1067 2556 hare
1083 2536 1148 2557 vero
1164 2528 1290 2557 Clemens
1306 2529 1334 2556 in
1353 2528 1706 2563 delicatiorismajorisque

917 2565 998 2600 pretii
1014 2565 1083 2592 cibis
1099 2572 1231 2599 pavonem
1247 2564 1364 2600 reponit.
1381 2564 1414 2591 Et
1429 2564 1456 2591 id
1469 2564 1587 2600 quidem
1603 2563 1705 2600 contir-

916 2598 985 2627 inari
1000 2603 1090 2634 potest
1100 2598 1161 2627 ’uon
1177 2600 1264 2627 solum
1278 2598 1314 2627 ex
1332 2599 1451 2631 AElia‘no,
1469 2598 1592 2626 Varrone
1606 2603 1633 2625 et
1645 2598 1703 2625 Ma-

917 2635 1022 2668 crobio,
1040 2635 1087 2662 sed
1110 2636 1192 2662 etiam
1209 2636 1349 2669 Athenaeo,
1372 2635 1418 2662 lib.
1437 2642 1483 2662 xtv
1516 2634 1703 2668 Deipnosoph.,

1226 2714 1248 2729 ⁹⁸
1263 2712 1347 2745 Ρτεᾰη
1368 2712 1415 2740 lib.
1432 2721 1462 2745 ιι,
1486 2719 1511 2740 c.
1525 2712 1570 2745 10,
1595 2719 1622 2746 p.
1639 2711 1707 2741 188.,

57 2748 89 2763 ε’
101 2746 234 2773 Bocbart.
250 2746 337 2783 lib._|u
350 2745 386 2783 De
395 2745 475 2783 anim.
487 2754 547 2783 sae.
556 2747 663 2783 εει-ιρι,
673 2748 777 2782 c.11,p.
788 2747 852 2783 852.
865 2747 984 2783 Coteler.
1000 2745 1058 2774 not.
1069 2748 1095 2774 in
1108 2747 1225 2775 Barnab.
1239 2756 1266 2783 p.
1275 2748 1321 2780 it,
1333 2748 1368 2775 25
1377 2767 1383 2774 .
1404 2745 1658 2783 l““Aristoteluglib.
1671 2754 1703 2774 ιιι

64 2783 108 2809 De
124 2786 249 2815 generat.
263 2781 375 2808 animal.
398 2789 422 2809 c.
435 2782 462 2813 6,
477 2787 504 2808 et
521 2782 568 2808 lib.
585 2790 609 2808 νι
624 2782 658 2809 De
669 2781 845 2813 hist.'anim.,
862 2790 887 2808 c.
911 2782 955 2809 52.

64 2817 148 2845 duit].
170 2817 197 2843 in
215 2817 289 2843 hunc
304 2816 382 2843 Plinii
399 2817 498 2843 locum.

64 2854 76 2869 ‘
95 2851 233 2879 Paed.lih.
251 2859 293 2884 Ill,
309 2852 370 2882 0-4,
388 2860 414 2886 p.
433 2852 494 2879 231.

63 2888 75 2903 '
90 2887 204 2922 Pwdag.
228 2886 372 2922 11b.rlll.(‘.
388 2887 414 2918 4,

63 2930 93 2959 p.
109 2922 174 2951 140.

552 2817 574 2833 9‘
605 2817 656 2844 loc.
675 2818 734 2849 cit.,

752 2825 777 2851 p.
796 2817 855 2843 189.

433 2895 459 2922 p.
472 2886 535 2914 251.

534 2852 544 2867 ³
560 2851 642 2882 Plin.,
660 2852 719 2878 Nat.
734 2853 798 2878 hist.
816 2852 833 2877 1.
845 2859 859 2877 Χ

926 2851 1042 2884 42,Ᾰὸ5.
1081 2855 1092 2870 δ
1107 2853 1217 2881 Aldrov.
1237 2854 1282 2881 lib.
1304 2861 1371 2881 xvln
1389 2853 1509 2885 Ornitb.,
1523 2859 1548 2879 c.
1560 2852 1587 2883 2,

575 2887 585 2924 9
597 2887 667 2924 run.
685 2887 731 2924 lib.
751 2894 767 2914 χ
782 2886 842 2924 Nat.
860 2887 971 2924 histum
992 2888 1036 2921 ιι»,
1053 2896 1079 2924 p.
1094 2889 1157 2917 451.

216 2923 226 2939 θ
242 2921 354 2950 Aldrov.
376 2922 421 2950 lib.
449 2930 498 2950 xui
515 2922 635 2956 0rnith.,
653 2929 677 2950 c.
696 2923 719 2955 1,
737 2930 764 2958 p.
781 2922 815 2958 11,
827 2926 853 2950 et
871 2922 913 2950 ιθ.

1011 2783 1033 2798 ⁸⁷
1050 2783 1132 2834 ΡΙὲιι..
1184 2791 1221 2834 ζιι
1239 2780 1248 2783 ’
1344 2787 1458 2834 infame.
1475 2783 1508 2814 4,
1525 2781 1618 2834 phil;
1636 2780 1704 2834 1.1:;-

1299 2819 1371 2846 i’asd.
1389 2819 1435 2845 lib.
1453 2826 1482 2849 ιι,
1497 2826 1522 2845 c.
1540 2817 1583 2848 18,
1596 2823 1621 2850 p.
1640 2816 1702 2843 188.

1304 2861 1371 2881 xviii
1389 2853 1509 2885 Ornitb.,
1523 2859 1548 2879 e.
1560 2852 1587 2883 2,
1604 2851 1701 2885 p.782.

1197 2890 1205 2904 ⁷
1223 2890 1274 2917 loc.
1293 2889 1340 2916 cit.
1377 2888 1386 2903 '
1402 2887 1507 2923 Pardag.
1524 2886 1573 2915 lib.
1591 2893 1621 2918 u,
1635 2893 1660 2914 c.
1676 2887 1704 2920 1,

912 2818 935 2833 9"
951 2825 1058 2850 sup.,c.
1076 2818 1101 2850 5,
1115 2822 1166 2845 art.
1184 2819 1210 2845 5.
