1927 3073
69 141 127 170 975

345 139 435 167 ALiIE
453 139 487 167 ΙΝ
504 138 805 168 ‘COIIORTATIONEM
825 138 869 167 ET
886 137 1115 167 PzEDAGOGUM
1134 137 1433 167 OBSERVATIONES.

1646 142 1700 171 θτι

70 198 207 232 Quamvis
223 203 313 234 autem
333 198 464 226 Hervetus
477 198 611 226 Clementi
627 202 731 230 nostro,
749 198 807 226 haac
823 198 861 225 ita
877 202 898 231 Α
913 198 992 225 derio
1015 198 1112 233 pagani
1135 197 1314 231 tenebantur;
1330 199 1381 234 sed
1398 202 1474 225 tanta
1498 202 1608 234 tamque
1627 200 1698 228 insa-

72 235 184 265 citanti,
198 234 278 261 ﬁdem
293 233 425 268 derogare
439 241 494 260 non
519 234 751 265 videatur,monet
768 238 858 261 tamen

74 277 106 297 se
132 270 214 296 allata
236 269 271 296 ab
295 277 328 296 eo
347 270 489 303 utriusque
505 270 658 304 scriptoris,
673 277 789 304 quorum
805 277 859 296 non

72 305 194 339 amplius
221 308 330 331 exstant
357 305 430 335 libri,
459 305 614 331 testimonia
639 312 694 331 non
710 305 857 332 invenisse.

75 339 177 366 Verum
193 339 218 375 si
231 339 288 366 hac
302 339 330 366 in
347 339 494 374 deperditis
504 347 598 375 eorum
616 340 726 375 scriptis
740 340 860 374 reperire

72 383 131 402 non
146 374 243 409 potuit,
259 379 332 401 certe
346 374 391 401 illa
406 375 463 409 ipsa
479 374 550 409 apud
564 374 632 402 alios
649 374 776 409 antiquos
791 374 860 402 scri-

72 414 170 445 ptores
186 410 297 437 inventu
321 409 440 436 diﬂicilia
456 413 614 445 nonierant.
628 409 746 436 Gitatum
770 410 859 436 enim-

72 444 143 471 vero
159 453 175 471 a
188 445 326 472 Clemente
342 452 397 471 non
414 445 493 471 modo
506 444 643 479 Sapphus,
658 445 705 472 sed
730 445 860 479 praevium

71 480 157 506 etiam
175 479 318 514 Sophoclis
332 480 518 506 testimonium
533 481 573 506 sic
584 479 746 507 Plutarchus
758 479 858 507 refert:

74 525 85 540 ι
103 515 176 541 Sane
193 515 278 542 musis
293 519 480 542 consecratam
502 514 587 542 fuisse
603 522 709 542 roseam
730 521 859 542 coronam

70 551 188 576 memini
213 557 256 576 me
277 550 367 584 legere
394 550 421 576 iu
442 550 597 584 Sapphonis
610 551 744 581 versibus,
760 551 860 585 quibus

69 585 214 612 indoctam
229 586 374 619 quamdam
386 585 526 612 mulierem
545 585 580 611 ita
600 585 748 620 alloquitur
765 596 772 613 :

184 629 219 658 Te
233 631 313 658 simul
329 631 409 658 letum
425 632 518 665 rapiet,
530 630 643 665 jaceb-‘a,

182 666 238 693 Nec
256 675 304 693 sua
319 667 456 701 quisquam
471 667 610 693 celebrabit
627 673 688 697 ore;

71 700 213 736 Particeps
233 710 285 728 non
306 700 332 728 es
352 700 476 737 quaniam
498 709 619 728 rosarum
637 701 788 728 Pieriarum
797 700 830 727 ".
848 710 858 728 ι

70 760 107 786 Et
122 760 181 787 hzec
195 745 304 794 quidem
317 759 344 786 in
364 759 526 794 quibusdam
541 758 773 786 Clementinorum
796 766 863 794 ope-

69 803 135 822 rum
151 795 262 822 scholiis
278 793 406 821 adnotata
429 799 504 821 sunt.
528 793 625 821 Mirum
654 795 756 828 itaque,
777 802 827 821 cur
846 802 862 822 a

70 831 151 858 nullo
166 831 220 857 alio
235 830 361 857 similiter
375 830 549 857 observatum
567 829 649 856 fuerit
670 829 743 856 aliud
756 828 861 864 Sopho-

912 233 1000 260 tiabili
1028 237 1229 268 unguentorum
1255 233 1406 268 cupiditate
1422 233 1450 260 in
1462 233 1699 268 primis’muliercs

910 268 1073 303 ﬂagrabant,
1085 272 1114 295 ut
1128 276 1197 295 nova
1213 269 1240 295 in
1255 269 1315 296 dies
1325 269 1579 303 cxcogitarent,nec
1594 271 1700 298 inﬁnita

910 311 1005 330 eorum
1029 304 1167 338 varietate
1181 309 1293 338 possent
1306 303 1419 338 expleri.
1437 303 1621 337 Quamobrem
1634 306 1694 333 Cle-

910 345 988 374 mens
1000 342 1114 365 noster:
1132 347 1142 364 ‹
1162 339 1276 370 Horum,
1296 339 1396 373 inquit,
1411 343 1614 374 unguentorum
1635 345 1701 369 sunt

911 373 1023 400 inﬁnitae
1045 373 1216 405 differentiae,
1233 374 1394 404 brinthium,
1412 373 1573 406 metallium,
1596 379 1623 402 et
1655 383 1702 404 re~

910 408 995 469 Eium,
1009 408 1182 443 plangonium
1194 412 1221 436 et
1231 409 1338 450 psagdze
1348 408 1527 450 (Egyptian...
1543 410 1699 451 bacebaris.

933 450 1051 469 vunum.
1067 443 1171 469 nardus
1181 443 1468 469 ".mtc.Disnntatde
1481 445 1523 469 lus
1540 450 1698 469 unguentis-

924 443 1468 480 Iypriunbﬁnardusr",ietc.Disputatde
1481 445 1523 472 his
1540 447 1698 480 unguentis.

913 477 1014 515 praeter
1029 477 1146 515 Plinium
1157 479 1272 515 lib._xtu
1293 477 1392 506 Natitr.
1407 477 1620 515 histor.,cap.'l,
1635 480 1701 508 Dio-

912 513 1048 549 s_coridem
1065 518 1094 549 et
1109 513 1279 549 Mathiulum,
1292 513 1577 549 aliosque,Athenmus
1591 515 1639 543 lib.
1652 524 1688 543 xv

911 547 1098 586 Deipnosoph.,
1106 557 1131 584 p.
1141 548 1203 586 688,
1214 548 1276 579 689,
1285 549 1348 586 6.90,
1358 547 1506 586 priusvero
1514 550 1532 577 Ι.
1541 558 1590 580 xu.
1600 558 1627 586 p.
1637 551 1699 583 555,

913 584 959 611 ubi
975 583 1008 611 de
1024 583 1151 611 bacchari
1164 584 1237 611 hunc
1248 583 1367 612 exhibet’
1377 585 1556 620 Cephisodori
1572 583 1701 614 versum:

947 641 1072 669 Searsum
1089 649 1177 669 autem
1191 641 1299 676 pedibus
1321 649 1452 670 mercator
1467 643 1628 671 baccharim.

911 697 965 736 92
973 697 1078 736 Plinius
1087 701 1177 736 autem
1186 698 1304 736 monitos
1314 706 1363 726 nos
1376 698 1609 736 facit_baccl_iarim
1617 707 1632 727 a
1640 701 1702 736 qui-

912 732 1025 760 busdam
1043 741 1053 758 σ
1067 733 1180 768 nardum
1197 734 1329 761 rusticum
1348 743 1358 760 ι
1375 734 1505 768 appellari
1526 734 1559 762 “.

947 767 981 804 At
1004 768 1076 803 quod
1102 767 1130 794 in
1158 767 1253 795 Graeco
1280 767 1428 804 Clementis
1452 772 1527 795 textu
1559 769 1701 804 μετάλλων

912 802 1023 837 legitur,
1041 806 1068 830 et
1085 804 1264 837 manuscripti
1288 804 1377 830 nostri
1394 803 1480 830 Graeci
1501 811 1516 830 a
1532 802 1640 832 metallo
1657 805 1701 832 di-

913 837 1233 875 ctum»observant,»_d1:6
1247 847 1319 870 τινος
1333 839 1462 875 μετάλλομ
1477 838 1549 875 οὕτω
1563 839 1699 875 καλουμέ-

70 866 130 909 alii
140 865 338 909 rlésumﬂllﬂn
361 865 396 892 ab
404 865 512 909 “(Elidem
526 864 704 909 ‘Plr‘fmffhﬂr
717 865 863 909 ίῙξ-νεηῆξ
878 875 900 902 Β
913 881 971 905 νου,
991 864 1051 900 liocv
1064 864 1431 909 nonnulliramantieitsium
1446 864 1551 901 incuria

71 900 177 928 ibidem
206 899 346 936 proferri:
373 909 382 924 ι
404 899 536 936 Dixerunt
562 904 590 926 et
616 900 781 931 narcissum,
798 900 864 935 quia

70 935 225 971 torporem,
253 935 302 970 qui
328 943 414 971 narrar
430 935 611 971 Graacisrest,
629 936 719 971 nervis
732 935 862 967 incutiat,

70 969 304 1006 gravedinemque
329 970 474 1005 torpidam.
494 969 570 997 Unde
585 975 612 997 et
628 970 778 1005 Sophocles
800 978 863 998 eum

69 1005 193 1034 veterem
208 1012 366 1041 magnorum
375 1006 490 1041 deorum
507 1013 637 1032 coronam
647 1006 774 1040 appellat,
784 1005 865 1032 nimi-

69 1049 134 1068 rum
161 1039 324 1068 maniuin“.
344 1050 352 1066 ι
374 1040 410 1068 De
424 1039 552 1075 Sapphus
575 1039 770 1075 porro’ietate,
789 1045 818 1068 ut
836 1041 864 1068 id

69 1077 161 1104 obiter
188 1076 321 1105 dicamus.
339 1076 395 1102 hzec
413 1076 547 1103 Eusebius
571 1077 597 1102 in
616 1075 745 1103 Chronico
764 1075 797 1102 ad
813 1083 864 1102 an-

69 1119 139 1138 num
153 1111 222 1138 MM
232 1111 344 1138 tradidit
357 1121 363 1138 :
379 1120 387 1135 ι
409 1110 519 1145 Sappho
531 1114 559 1137 et
573 1111 680 1138 Alcaeus
695 1116 782 1146 poetae
796 1111 864 1138 clari

71 1147 220 1173 habentur.
235 1156 244 1171 ι
264 1146 349 1178 Quem
376 1147 404 1173 in
431 1146 521 1173 locum
536 1147 638 1174 videsis
659 1146 789 1181 Scaligeri
804 1146 865 1173 ani-

70 1182 291 1208 madversiones.

108 1217 232 1251 Denique
248 1215 434 1244 Tertullianus
451 1215 545 1252 eadem
561 1216 718 1252 severitate.
738 1223 791 1252 qua
805 1215 864 1252 Cle-

68 1259 162 1283 mens,
175 1259 337 1278 coronarum
349 1259 428 1278 usum
440 1251 606 1278 Christianis
615 1251 771 1278 interdixit:
786 1261 795 1276 ι
809 1251 865 1279 (ἰθέα

69 1293 161 1314 terum
183 1288 210 1313 in
226 1287 315 1321 capite
333 1287 394 1321 quis
410 1294 492 1322 sapor
504 1286 599 1314 ﬂoris?
615 1288 661 1322 qui
677 1294 786 1314 coronae
799 1295 864 1314 seu-

69 1323 140 1349 sus?
156 1322 208 1349 nisi
224 1322 325 1349 vinculi
341 1326 457 1352 tantum,
474 1329 528 1357 quo
540 1330 627 1357 neque
640 1322 716 1349 color
731 1322 862 1353 cernitur,

68 1364 163 1392 neque
187 1357 256 1384 odor
276 1357 396 1389 ducitur,
413 1365 462 1384 nec
492 1357 624 1385 teneritas
645 1358 861 1385 commendatur.

67 1391 141 1419 Tam
164 1398 261 1419 contra
285 1397 410 1419 naturam
437 1397 478 1420 est
509 1391 602 1419 ﬂorem
638 1393 728 1426 capite
752 1393 862 1424 sectari,

67 1435 154 1462 quam
163 1435 260 1455 sonum
269 1435 334 1454 nare
342 1427 374 1454 ‘°.
390 1438 398 1452 ι
414 1427 469 1454 Cur
485 1435 549 1454 vero
562 1427 711 1454 Christiani
727 1427 862 1462 ejusmodi

68 1470 192 1498 coronas
217 1463 327 1498 penitus
352 1463 500 1497 rejiccreut
527 1466 554 1498 et
575 1467 800 1497 aspernarentur,
825 1463 863 1489 ita

67 1497 204 1525 Minutius
218 1496 304 1525 'Felix
324 1496 470 1525 edisset-uit
485 1506 491 1524 :
506 1503 515 1520 ε
527 1496 599 1525 Sane
607 1496 677 1531 quod
701 1501 784 1532 caput
808 1505 863 1525 nou

66 1541 249 1564 Coronamus,
278 1533 421 1568 ignoscite.
447 1533 547 1559 Auram
572 1533 634 1559 boni
656 1532 731 1559 ﬂoris
746 1533 860 1560 naribus

66 1569 185 1598 ducere,
201 1576 254 1595 non
266 1569 393 1603 occipitio
411 1568 573 1602 capillisque
587 1568 707 1595 solemus
716 1568 750 1603 “.7
766 1577 775 1593 ι

109 1604 197 1630 Unam
210 1607 300 1631 tamen
317 1602 410 1631 iisdem
422 1602 587 1630 Christianis
599 1610 727 1630 coronam
736 1602 862 1630 Clemens

68 1639 200 1666 lubenter
213 1639 357 1665 concedit:
380 1648 388 1664 ι
405 1637 532 1669 Pulchra,
549 1638 647 1673 inquit,
664 1639 804 1673 amaranti
815 1645 862 1665 co-

68 1682 142 1700 rona
165 1674 190 1701 ei
214 1678 256 1700 est
284 1674 412 1708 reposita,
431 1673 477 1708 qui
496 1680 525 1700 se
539 1678 612 1700 recte
638 1675 762 1707 gesserit.
784 1672 863 1700 Hunc

68 1709 167 1736 florem
197 1712 271 1736 terra
300 1708 371 1736 ferre
387 1716 440 1736 nou
457 1712 556 1743 potest,
571 1709 671 1735 coelum
690 1708 862 1735 solummodo

69 1752 136 1771 eum
156 1748 246 1778 potest
272 1744 422 1778 producere
431 1745 463 1771 3‘.
484 1753 493 1768 ι
511 1743 559 1771 His
573 1744 699 1770 Clemens
715 1743 862 1778 verbisiad

68 1777 246 1805 amarantuni
266 1777 412 1814 allegorice
435 1779 541 1811 alludit,
559 1779 735 1814 quippegqiti,
759 1782 788 1805 ut
808 1777 864 1805 Pli-

69 1815 137 1840 nius
155 1815 208 1844 ait,
228 1823 237 1838 ‹
257 1812 400 1848 postquam
418 1814 543 1841 defecere
558 1812 650 1840 cuncti
663 1812 753 1845 ﬂores,
770 1813 863 1840 made-

70 1850 164 1876 factus
183 1856 253 1883 aqua
275 1849 423 1880 reviviscit,
439 1853 466 1875 et
492 1849 620 1876 hibernas
640 1856 756 1876 coronas
785 1848 861 1876 facit.

70 1884 189 1911 Summa
209 1884 270 1917 ejus
284 1888 382 1910 natura
400 1884 427 1911 in
445 1884 555 1918 nomine
571 1889 622 1914 est,
635 1883 782 1918 appellato,
794 1891 863 1918 quo-

69 1920 148 1946 niam
166 1926 219 1946 non
239 1919 429 1947 marccscat".
439 1926 447 1941 ι
456 1917 662 1953 Sensusitaque
672 1917 863 1945 ’auctoris’nu—

69 1955 123 1981 stri
139 1959 179 1981 est
196 1961 253 1985 eos.
270 1955 315 1988 qui
333 1962 362 1982 se
377 1959 450 1981 recte
468 1955 495 1980 in
517 1954 569 1980 hac
584 1955 639 1979 vita
654 1954 800 1988 gesserint,
816 1960 863 1980 co-

69 1996 171 2016 ronam
188 1989 334 2020 amaranti,
348 1989 374 2016 id
393 1995 445 2020 est,
463 1989 529 2015 nulli
546 1995 666 2023 unquam
691 1988 862 2023 corruptioni

69 2024 221 2051 obnoxiam
247 2025 274 2050 in
298 2025 369 2051 caelo
383 2029 580 2058 reportaturus.
596 2024 656 2056 Quo
680 2024 761 2050 etiam
780 2031 863 2051 sensu

69 2060 108 2086 ab
124 2059 310 2094 apostolorum
328 2060 451 2094 principe
466 2059 568 2086 dictum
587 2059 702 2093 legimus
719 2068 725 2085 :
744 2068 752 2084 ι
771 2058 864 2086 Perci-

71 2095 157 2130 pietis
181 2095 445 2123 immarcessibilem.
462 2094 764 2130 ἀμαράντινονκειοι-ιω
783 2101 864 2121 coro-

71 2129 179 2157 nant".
204 2139 214 2154 ι
231 2129 297 2162 Quae
313 2137 395 2164 porro
417 2130 451 2156 de
473 2130 586 2156 ﬁoribus
601 2129 713 2156 tradidit
726 2129 862 2164 Clemens,

71 2164 209 2192 Illustrari
231 2172 263 2191 ea
279 2163 394 2199 possunt
409 2172 424 2191 a
443 2164 588 2191 Plutarcho
608 2164 655 2190 lib.
668 2172 698 2191 ιιι
728 2163 862 2199 Sympos..

70 2207 136 2234 cap.
155 2200 167 2226 1
187 2204 214 2227 et
237 2194 375 2233 2;'P|inio
392 2200 439 2228 lib.
454 2207 500 2226 χχι
530 2194 817 2234 Ηίδιοτ.παιαι·.,ἐιῲ.
830 2194 863 2226 18

70 2239 101 2261 et
112 2242 184 2269 seq.,
203 2234 250 2262 lib.
265 2243 320 2267 xvt,
336 2242 395 2270 cap.
419 2235 466 2269 54;
481 2235 608 2270 Mathiolo
630 2235 658 2270 iu
675 2233 862 2270 Dioscorideni

191 2277 252 2304 cap.
269 2270 331 2303 102,
347 2269 395 2297 lib.
411 2277 441 2302 ιι,
461 2277 521 2304 cap.
539 2269 600 2302 ΠΒ,
617 2269 664 2296 lib.
682 2277 719 2302 IV,
735 2277 795 2305 cap.
809 2269 862 2296 117

71 2309 101 2331 et
119 2306 183 2332 155.

333 2359 529 2388 ARTICULUS
554 2359 611 2387 ΥΠ.

72 2410 115 2438 De
129 2413 321 2444 unguentorum
335 2408 429 2439 abusu,
444 2412 469 2434 et
486 2405 693 2444 uariisrillorttrn
714 2404 860 2444 generibus.

109 2445 156 2471 ubi
167 2439 206 2470 ~de
228 2443 362 2474 bacchari,
376 2448 400 2469 et
417 2443 545 2473 metallio,
561 2443 592 2468 de
607 2441 690 2474 pulsis
706 2447 738 2467 ea:
753 2439 862 2466 urbibus

108 2479 305 2514 unguentariis,
327 2483 351 2514 et
372 2479 495 2514 lanarum
518 2476 704 2514 infectoribus,
732 2475 863 2509 quomodo

110 2511 245 2549 un'guento
264 2518 288 2540 et
303 2513 367 2540 allio
383 2512 523 2549 utendum,
534 2520 565 2538 ac
580 2511 612 2549 de
625 2518 765 2549 puerorum
776 2518 864 2537 recens

111 2546 237 2577 naiorum
250 2549 422 2582 expositione,
433 2551 456 2574 et
473 2547 504 2573 de
515 2547 568 2581 lege
580 2546 726 2573 Scantinia.

110 2596 172 2623 Non
187 2595 277 2623 solum
295 2599 385 2622 autem
404 2601 473 2629 pene
486 2590 642 2620 incredibili
666 2590 764 2618 ﬂorum
790 2590 864 2618 desi-

112 2666 136 2682 "
151 2664 305 2697 Plutarch.,
320 2663 369 2691 lib.
385 2670 404 2690 ιι
417 2662 558 2713 SVmpos.,
574 2669 602 2696 p.
614 2660 677 2688 616.
716 2660 738 2676 ’³
753 2659 819 2687 ibid.
831 2667 858 2694 p.
877 2658 940 2685 647.
987 2658 1010 2673 ³ο
1023 2658 1141 2697 Τςτιιιῐ..
1157 2658 1196 2682 lib
1226 2658 1264 2694 De
1276 2660 1370 2680 coron.
1392 2658 1482 2683 ηιιιιι..
1495 2659 1521 2679 c.
1535 2658 1562 2679 θ.
1617 2658 1639 2667 ἰ
1654 2658 1697 2680 λιιι·

116 2706 135 2722 l,
153 2702 179 2722 in
191 2700 299 2722 Oetam,
313 2707 341 2722 n.
355 2699 400 2722 £5.
438 2692 460 2714 ξ’
475 2697 547 2722 Imd.
561 2697 607 2722 lib.
624 2704 655 2722 ιι.
667 2703 681 2722 c
701 2695 728 2722 8.
745 2703 771 2722 ι),
785 2694 846 2722 182.
902 2694 924 2709 ’³
936 2692 1020 2722 Plin.,
1033 2692 1081 2718 lib.
1094 2699 1140 2718 xxi
1157 2689 1219 2716 Nat.
1232 2689 1311 2720 hist.,
1328 2696 1353 2716 c.
1368 2689 1396 2719 8,
1407 2695 1435 2722 p.
1453 2687 1516 2714 125.
1552 2686 1578 2722 7³⁸
1597 2687 1607 2712 l
1623 2686 1697 2714 Petr.

661 2721 684 2746 θὶ
699 2721 769 2757 bini.
785 2730 834 2757 lib.
850 2736 888 2756 xu
902 2727 973 2755 Hist.
989 2721 1057 2758 nat.,
1073 2734 1099 2753 c.
1118 2726 1162 2757 η,
1180 2733 1206 2759 ρ.
1226 2724 1270 2755 l9.
1295 2728 1321 2751 ct
1343 2723 1393 2759 lib:
1409 2721 1510 2759 me.
1529 2721 1573 2752 is.
1591 2722 1698 2759 p.115.

313 2707 341 2734 p.
355 2699 400 2726 45.
438 2692 607 2734 ⁵²γῐδωᾱςιξιι
624 2703 682 2734 u,_c_
700 2695 771 2734 §_._p.

72 2706 137 2730 nut.
153 2702 179 2728 in
191 2700 301 2732 0clav.,

72 2746 101 2769 v,
117 2738 143 2764 ι.
193 2736 216 2751 ³⁵
228 2735 302 2762 Paed.
314 2731 367 2761 lib.
383 2741 414 2765 ιι,
429 2741 454 2760 c.
466 2733 493 2765 8,
507 2731 607 2769 p.177.

72 2766 100 2789 ³⁷⁷
110 2771 183 2799 Plin.
201 2771 250 2798 lib.
265 2777 315 2797 ιιιιι
333 2769 404 2796 Hist.
429 2773 499 2797 nal..
515 2775 541 2794 c.
560 2768 585 2798 l,
609 2775 635 2801 p.
656 2766 699 2792 55.

73 2845 101 2876 8,
119 2850 145 2878 p.
160 2837 226 2870 177.
250 2840 305 2878 __"
320 2839 430 2871 Athen.,
463 2847 490 2865 c.
510 2837 552 2869 l5,
575 2844 600 2872 p.
619 2838 680 2863 ϋδϋ.

749 2765 771 2781 ³⁸
789 2765 887 2791 Athen.
905 2764 953 2790 lib.
970 2771 1003 2790 xv
1022 2762 1160 2796 Deipnus..

73 2816 99 2835 c.
201 2794 417 2837 VSliidas
430 2794 465 2830 ad
480 2794 756 2835 ιίοοθιιιίιίεγαλείον.
781 2800 802 2816 ⁸⁸
819 2799 862 2826 Ph:

73 2845 101 2869 8.
119 2850 145 2869 o.
164 2815 226 2869 1³97.
283 2840 305 2856 δ’
320 2839 430 2869 Athen.,
463 2847 490 2865 c.
510 2837 552 2869 l5,
576 2844 600 2869 p.
619 2838 680 2863 ϋδϋ.

915 2797 1045 2826 Biblioth.
1062 2794 1123 2824 cod.
1139 2794 1202 2827 ‘279,
1221 2803 1246 2830 p.
1266 2794 1343 2822 1586.

914 911 984 944 tum,
1002 912 1112 943 tamque
1127 909 1153 934 in
1166 908 1248 936 editis
1265 916 1346 944 quam
1369 909 1397 936 in
1412 908 1611 944 manuscriptis
1625 911 1701 937 codi-

915 943 994 979 cibus
1010 944 1138 978 μεγάλιον
1152 947 1179 970 et
1190 943 1321 979 μεγαλίου
1334 945 1519 979 reponendum
1531 943 1700 974 eXistimant.

914 978 1106 1012 Conjecturam
1126 986 1191 1005 vero
1214 987 1291 1006 suam
1314 979 1476 1007 conﬁrmare
1500 984 1634 1007 conantur
1650 981 1701 1008 hac

913 1012 994 1040 Plinii
1026 1014 1211 1051 auctoritate;
1229 1013 1352 1051 «Postea
1374 1014 1461 1051 multo
1487 1018 1550 1049 post
1578 1018 1702 1051 tempore

915 1049 1049 1076 successit
1061 1052 1172 1083 propter
1187 1049 1302 1083 gloriam
1323 1050 1488 1084 appellatum
1507 1049 1653 1084 megalium
1667 1059 1702 1079 ex

914 1084 976 1111 oleo
991 1084 1137 1120 balaximo,
1152 1084 1420 1120 balsamotcalamo,
1434 1085 1530 1119 junco,
1542 1085 1703 1120 xylobalsa-

914 1126 970 1150 ma,
996 1119 1082 1155 casia,
1105 1119 1237 1146 resina".
1252 1129 1261 1145 ι
1291 1119 1345 1146 Sed
1367 1119 1514 1147 Atlienteus
1540 1119 1624 1155 hujus
1649 1130 1702 1148 un-

914 1153 1007 1191 guenti
1030 1154 1290 1191 nomenclationem,
1310 1158 1381 1191 teste
1407 1154 1527 1191 Sosibio.
1541 1153 1702 1191 rab'Megalo

915 1189 1045 1223 quodam,
1072 1196 1153 1223 quem
1179 1189 1225 1216 alii
1254 1189 1398 1222 Siculum,
1428 1190 1475 1217 alii
1504 1189 1701 1219 Atheniensem

915 1224 1002 1252 fuisse
1028 1224 1211 1255 tradiderunt.
1245 1229 1332 1251 ortam
1360 1232 1421 1252 esse
1450 1225 1491 1251 sic
1518 1225 1699 1253 testiﬁcatur:

918 1268 927 1284 ι
942 1259 1068 1286 Sosibius
1082 1259 1109 1286 in
1122 1259 1348 1287 Similitudinibus
1363 1260 1447 1287 refert
1457 1260 1617 1294 megaleium
1629 1269 1701 1288 nun-

914 1298 1043 1329 cupatum
1062 1302 1077 1321 a
1094 1294 1197 1330 Megale
1209 1295 1523 1330 Siculo;Atheniensem
1538 1303 1599 1330 eum
1617 1295 1702 1324 fuisse

915 1328 1026 1363 quidam
1044 1328 1181 1357 dicunt“.
1199 1340 1207 1356 ι
1223 1329 1291 1357 Huic
1315 1330 1458 1357 sententiae
1479 1328 1568 1358 Julius
1590 1329 1699 1363 Pollux,

938 1365 1070 1399 uidasque
1084 1368 1110 1392 et
1118 1365 1163 1391 alii
1179 1369 1275 1400 sponte
1286 1364 1550 1400 subscripserunt”.
1585 1364 1700 1393 Verum-

915 1405 1005 1436 tamen
1027 1400 1179 1436 Hesychius
1195 1399 1285 1436 atque
1303 1401 1383 1427 etiam
1395 1399 1547 1427 'Helladius
1564 1399 1592 1427 in
1609 1400 1700 1429 Photii

915 1434 1091 1467 Bibliotheca;
1109 1436 1155 1471 ubi
1184 1434 1332 1462 nonnullas
1363 1439 1563 1471 unguentorum
1594 1437 1701 1471 species

915 1475 1057 1506 recenset,
1081 1471 1114 1497 ad
1139 1470 1304 1498 Clemenlini
1322 1474 1425 1500 textus,
1439 1470 1651 1506 Gratoorumque
1667 1473 1702 1499 il-

916 1505 969 1532 lius
986 1506 1395 1541 codicumrmanuscriptorumr
1412 1506 1569 1537 lectionem,
1588 1505 1701 1541 propius

912 1540 1017 1577 accedit
1031 1550 1036 1567 :
1049 1540 1196 1577 Μεταλείρν
1205 1539 1357 1577 γᾷπερίεῦρξ
1371 1540 1492 1573 Μέταλος
1506 1539 1699 1576 Συραιὶούάιος,

915 1575 1075 1611 ίΜειιιίίιιιιι
1100 1576 1174 1610 quod
1204 1575 1507 1611 Metalus'Syracusius
1530 1575 1672 1611 reperit“.
1688 1588 1698 1604 ι

913 1609 981 1643 Quia
997 1615 1088 1637 tamen
1106 1609 1160 1637 non
1181 1612 1276 1638 eodem
1293 1609 1408 1646 prorsus
1425 1611 1506 1638 modo
1520 1609 1578 1638 haec
1595 1619 1646 1639 vox
1664 1614 1700 1639 ab

913 1646 978 1676 illis,
995 1653 1076 1680 atque
1089 1653 1104 1672 a
1119 1646 1258 1674 Clemente
1273 1651 1366 1673 nostro
1383 1647 1482 1680 scripta
1490 1646 1620 1678 occurrit,
1637 1648 1700 1675 inde

912 1680 986 1708 haud
1003 1681 1121 1708 absurde
1135 1681 1247 1716 colligas
1265 1681 1325 1709 illos
1341 1682 1462 1716 aliusque
1477 1689 1492 1708 a
1508 1682 1587 1709 nobis
1603 1683 1699 1710 hacte-

913 1724 966 1743 nus
980 1716 1105 1743 laudatos
1120 1717 1269 1751 scriptores
1282 1718 1315 1745 de
1327 1724 1381 1744 uno
1397 1717 1547 1752 eodemque
1560 1723 1700 1752 unguento

913 1751 1020 1778 locutos
1036 1759 1107 1778 esse.

949 1786 1125 1821 lnexplebilis
1142 1793 1225 1820 porro
1239 1787 1284 1813 illa
1300 1791 1500 1822 unguentorum
1516 1786 1652 1822 cupiditas
1666 1795 1700 1815 eo

914 1828 1002 1856 usque
1026 1828 1148 1856 paganos
1176 1822 1323 1851 invaserat,
1355 1826 1383 1849 ut
1410 1826 1479 1850 teste
1502 1822 1619 1856 ipsumet
1635 1823 1700 1850 Cle-

914 1861 1005 1883 mente
1022 1863 1126 1887 nostro,
1151 1857 1336 1892 unguentarii,
1363 1858 1463 1891 quibus
1482 1857 1618 1892 plermque
1632 1858 1700 1885 civi-

914 1895 984 1926 tates
998 1891 1113 1926 oppletaa
1129 1891 1218 1923 erant,
1242 1893 1276 1919 ab
1300 1892 1353 1919 illis
1373 1897 1489 1922 tantum,
1511 1901 1520 1917 ‹
1535 1900 1596 1926 qua:
1619 1892 1700 1921 bonis

914 1925 1023 1962 legibus
1033 1931 1060 1953 et
1076 1926 1209 1962 institutis
1224 1931 1364 1961 reguntur,
1379 1937 1388 1953 ›
1406 1927 1477 1962 pulsi
1491 1925 1626 1962 ejectique
1640 1929 1698 1954 lue-

914 1961 984 1994 rint;
1010 1965 1111 1996 «atque
1133 1961 1201 1996 adeo
1225 1962 1276 1996 ipsi
1295 1962 1376 1988 etiam
1400 1961 1558 1988 floridarum
1574 1963 1698 1990 lanarum

914 1995 1106 2024 infectores“.
1119 2006 1128 2022 ι
1142 1995 1220 2023 llunc
1235 1995 1324 2023 autem
1338 1996 1365 2023 in
1380 1997 1470 2023 locum
1488 1997 1584 2023 scribit
1597 1997 1698 2024 llerve-

914 2035 960 2058 tus
981 2031 1048 2066 bene
1064 2039 1093 2059 se
1109 2031 1182 2058 illius
1207 2031 1376 2064 meminisse,
1392 2031 1464 2066 quod
1485 2032 1557 2066 apud
1577 2031 1696 2059 Plinium

914 2067 1013 2101 legitur
1027 2065 1056 2093 P.
1078 2065 1212 2101 Licinium
1238 2065 1368 2093 Crassum
1394 2070 1421 2093 et
1445 2065 1546 2093 Julium
1562 2066 1697 2095 Caesarem

914 2100 1043 2129 censores
1064 2109 1136 2128 anno
1160 2100 1241 2129 Urbis
1258 2109 1327 2128 Dva
1342 2101 1461 2137 edixisse
1480 2110 1489 2126 ι
1504 2110 1539 2129 ne
1553 2103 1614 2137 quis
1630 2110 1698 2129 ven-

914 2137 991 2164 deret
1006 2140 1145 2172 unguenta
1170 2137 1288 2168 exotica,
1302 2145 1311 2161 ι
1339 2136 1386 2163 sed
1407 2136 1494 2172 ipsius
1514 2144 1547 2164 ex
1561 2136 1698 2165 'memoria

915 2179 966 2199 sua
983 2171 1091 2206 penitus
1107 2171 1244 2199 effluxisse
1258 2178 1382 2206 quaenam
1394 2171 1524 2206 civitates
1546 2176 1696 2206 unguenta,

915 2204 1172 2243 unguentorumque
1194 2204 1314 2243 artiﬁces
1338 2209 1365 2233 et
1389 2204 1696 2243 ﬂoridarumﬁlanarnm

914 2241 1061 2271 infectores
1080 2243 1242 2277 expulerint.
1263 2242 1338 2269 Itane
1353 2249 1419 2269 vero
1439 2247 1492 2269 tam
1510 2242 1587 2269 facile
1600 2241 1699 2269 oblitus

913 2279 986 2306 illius
1009 2278 1113 2310 fuerat,
1138 2278 1161 2304 si
1186 2281 1278 2304 tamen
1295 2277 1329 2304 ab
1352 2277 1410 2310 ipso
1435 2278 1533 2304 lectum
1558 2277 1699 2311 aliquando

914 2314 963 2345 sit,
978 2313 1051 2348 quod
1074 2313 1146 2348 apud
1169 2313 1330 2340 Athenagum
1353 2311 1427 2339 hisce
1451 2312 1541 2348 verbis
1567 2312 1699 2348 scriptum

914 2346 1030 2376 habetur
1044 2357 1050 2375 ς
1071 2358 1080 2374 ι
1092 2346 1293 2375 Lacedaemonii
1309 2347 1501 2382 unguentarios
1521 2346 1631 2382 Sparta’
1642 2346 1699 2381 eje-

913 2388 1023 2416 cerunt,
1039 2384 1112 2418 quod
1133 2383 1222 2411 oleum
1237 2381 1471 2418 corrumpantset
1488 2381 1609 2409 lanarum
1619 2381 1691 2418 iinfe

913 2423 1019 2451 ctores,
1044 2417 1116 2453 quod
1146 2418 1291 2446 candorem
1322 2417 1391 2453 lanae
1419 2417 1585 2444 ublitterent.
1615 2417 1699 2453 Solon

913 2454 1022 2489 sapiens
1040 2452 1143 2489 legibus
1170 2453 1228 2480 suis
1246 2453 1333 2489 vetuit
1353 2452 1425 2480 viros
1447 2457 1583 2489 unguenta
1596 2452 1699 2479 vende—

912 2487 1002 2516 re'"?
1021 2498 1030 2515 ι
1050 2487 1220 2523 Quapropter
1240 2487 1369 2523 Clemens
1375 2492 1478 2523 rnoster
1496 2488 1521 2514 in
1544 2488 1597 2514 alio
1616 2494 1699 2522 opere

913 2524 973 2552 haec
991 2524 1089 2551 litteris
1107 2522 1275 2558 consignavit
1299 2532 1305 2549 :
1331 2533 1340 2549 ι
1360 2522 1531 2556 Unguentum
1552 2527 1579 2549 et
1595 2530 1699 2558 purpu-

912 2567 970 2586 ram
986 2565 1092 2586 veteres
1115 2557 1311 2586 Lacedtemonii
1332 2559 1489 2592 repudiant,
1508 2558 1614 2585 dolosas
1638 2558 1699 2592 qui-

913 2594 974 2622 dem
989 2599 1092 2626 vestes,
1108 2598 1136 2621 et
1156 2593 1262 2621 dolosas
1286 2593 1427 2620 unctiones
1445 2597 1520 2620 recte
1540 2597 1700 2627 reputantes

987 2657 1010 2673 ³ο
1023 2655 1141 2684 Tertul..
1156 2655 1196 2682 lib
1225 2653 1264 2681 De
1276 2660 1370 2680 coron.
1392 2652 1482 2683 milit..
1495 2659 1521 2679 c.
1535 2651 1562 2679 5.
1617 2651 1639 2667 "
1654 2652 1700 2680 Μία

1337 2759 1361 2774 ⁸³
1380 2757 1452 2797 Peli“.
1535 2755 1698 2797 vt.‘_0notn.,

1399 2794 1419 2810 λι
1434 2792 1540 2827 Padus.
1559 2792 1606 2818 lib.
1624 2799 1655 2819 ιι.
1671 2798 1698 2819 c.

1199 2779 1205 2786 .
1223 2759 1286 2787 690.
