1927 3073
231 136 285 164 9ἶῦ

543 135 575 163 IN
596 135 809 164 CLEMENTEM
829 137 931 165 ALEX.
953 137 985 166 D.
1005 137 1049 164 LE
1068 134 1214 165 NOUBRY
1235 135 1466 165 DlSSERTATIO
1483 137 1504 164 1.

1818 133 1871 165 υτῦ

232 198 259 222 et
275 193 453 222 nominantes
464 194 496 221 ".
509 203 517 219 I
539 193 587 221 [iis
602 202 694 228 porro,
711 194 734 222 si
755 195 840 227 lubet,
859 195 1022 229 adjiciamus
1038 197 1060 225 Α
1075 195 1110 222 ad
1132 194 1244 229 Dionys.
1271 194 1424 226 Usserium,
1441 199 1468 221 et
1491 193 1632 221 Godefridi
1658 194 1870 229 observationes

232 230 321 266 Lysim
335 234 454 257 oratoris
472 230 565 260 verba.
578 230 679 264 quibus
707 229 868 257 [Escltinem
900 230 1021 257 Socrati-

233 274 307 297 cum,
331 266 384 292 arti
403 265 591 299 unguentaria:
608 273 669 292 sese
685 265 794 293 tradere
815 266 961 297 volentem,
981 267 1021 293 sic

234 301 384 328 insectatur
399 310 406 327 :
423 309 432 325 1
448 299 594 327 Pulchrum
619 300 723 327 scilicet
741 301 826 328 beata:
841 301 905 328 vitae
925 301 1017 332 linem,

232 341 259 363 et
282 335 444 370 philosopho
466 336 577 371 dignum
595 335 618 362 is
632 336 776 363 constituit
790 339 876 363 artem
894 344 1020 371 unguen-

233 373 341 404 tariam,
371 370 493 398 Socratis
520 370 699 406 philosophia:
722 370 944 401 convenientem,
973 371 1018 406 qui

233 414 312 434 nsum
333 410 535 441 unguentorum
556 406 732 440 vituperavit,
749 411 853 434 cumet
878 407 1020 442 legislator

233 442 316 468 Solon
333 446 418 469 artem
446 442 519 468 illam
547 449 676 469 exercere
703 442 778 469 viros
801 449 897 469 omnes
925 446 1019 470 vetue-

231 477 305 504 rit“.
321 486 330 502 1

267 512 400 540 ϐιηιετιιπι
428 519 482 538 non
510 511 639 539 omnibus
664 512 776 539 omnino
790 513 938 547 unguentis
953 512 1017 539 Cle-

231 555 309 575 mens
323 548 381 574 vult
397 546 563 574 Christianis
577 555 638 575 esse
653 546 854 575 interdictutn’:
874 557 883 573 ι
897 547 950 575 Sed
966 555 1018 574 un—

230 587 342 617 gucnto,
368 582 466 616 inquit.
485 586 615 617 tanquam
641 583 842 610 medicamento
859 587 887 610 et
916 583 1019 609 auxilio

231 618 361 645 utendum
377 623 429 650 est,
445 617 478 644 ad
493 618 566 645 vires
582 618 742 652 languentes
759 618 929 650 excitandas,
947 622 974 646 et
985 618 1018 645 ad

230 653 384 684 catarrhos,
396 657 424 679 et
440 653 473 679 ad
490 652 724 688 relrigerationes,
739 657 766 680 et
774 654 806 680 ad
821 653 1015 680 fastidium".i

230 688 360 715 Eamdem
381 689 460 723 plane
484 688 520 715 ob
545 696 657 715 causam
683 688 716 716 de
738 689 803 716 allio
825 688 926 715 alicubi
948 689 1018 716 dixit

229 723 392 751 Ambrosius
407 733 413 750 :
431 733 441 749 1
456 723 556 750 Alliam
587 729 712 751 sumatur
733 731 783 758 pro
805 724 1016 754 medicamento.

230 767 284 786 non
307 767 357 794 pro
377 758 460 791 cibo;
476 763 602 794 sumatur
618 759 653 786 ab
673 759 885 794 regrotantibus,
906 767 959 786 non
982 760 1018 786 ab

229 793 443 829 epulantibus".
464 803 473 819 ›
500 793 611 821 Scilicet
631 793 798 829 ltazc’prima
825 794 1018 829 generalisque

231 832 378 858 Clctnentis
404 831 572 864 aliorumque
592 836 746 858 sanctorum
770 832 878 858 Patrum
899 832 940 858 lex
958 832 1018 864 fuit,

232 871 262 892 ut
290 867 408 900 legitimo
419 874 508 892 rerum
531 867 716 893 tantummodo
739 867 953 894 necessariarum
967 875 1018 894 usu

231 901 391 938 Christianis
408 908 551 938 concesso,
565 908 612 927 eos
629 901 663 928 ab
677 902 750 928 omni
766 910 877 937 prorsus
893 902 1020 938 volupta-

232 937 267 964 tis
282 944 363 964 sensu
381 941 409 963 et
424 936 549 962 illecebra
565 941 701 963 arcerent.

266 968 404 1000 Quantum
420 976 484 1004 vero
498 969 532 994 ab
548 968 598 995 hac
615 977 684 995 vera:
699 969 838 1004 religionis
854 976 949 996 norma
965 969 1016 996 ab-

230 1007 324 1030 essent
345 1003 452 1037 pagani,
474 1003 617 1038 perspicue
640 1003 766 1032 Clemens
785 1005 945 1036 ostendit",
969 1005 1016 1032 ubi

230 1038 294 1064 data
312 1038 468 1074 occasione,
493 1039 521 1065 in
546 1046 681 1066 summam
708 1040 750 1066 sui
781 1041 914 1074 temporis
939 1040 1017 1066 luxu-

230 1074 310 1104 riam,
329 1080 381 1108 qua
397 1073 435 1099 illi
455 1073 481 1100 in
497 1081 578 1100 omne
592 1074 673 1101 etiam
694 1073 910 1102 ell'renatissiuun
925 1075 1016 1102 libidi-

230 1109 273 1136 nis
285 1107 370 1141 genus
383 1107 471 1142 legum
487 1116 598 1144 suarum
616 1110 750 1143 permissu
768 1110 878 1144 impune
892 1118 953 1138 sese
968 1118 1016 1137 vo-

229 1143 362 1181 lutabant,
378 1144 512 1181 acerrime
527 1143 674 1181 invehitur.
691 1144 729 1171 ibi
744 1143 844 1177 anteiit,
863 1150 945 1181 atque
963 1146 1014 1173 ite-

229 1186 289 1206 rum
314 1179 367 1205 alio
396 1179 423 1206 in
451 1179 510 1206 loco
531 1180 751 1209 crudelissimum
775 1181 882 1207 illorntn
902 1179 1014 1207 'morem

228 1213 388 1248 exagitat",
413 1221 468 1250 quo
496 1222 595 1249 pueros
621 1223 686 1242 suos
706 1215 780 1242 domi
797 1220 876 1244 natos
897 1223 1016 1250 expone-

229 1249 304 1280 bant,
319 1257 381 1276 eum
395 1249 460 1276 vilia
472 1250 618 1284 mancipia,
631 1256 659 1277 et
675 1250 816 1281 tbersitas,
830 1251 855 1278 id
871 1256 923 1283 est,
933 1249 1015 1278 sum-

229 1292 278 1321 nne
291 1284 474 1312 deformitatis
490 1285 615 1312 homines
625 1301 632 1314 ν
643 1290 725 1320 atque
745 1287 888 1321 psittacos,
908 1287 1013 1319 simias,

228 1320 335 1356 aliaque
349 1327 404 1347 non
423 1321 481 1347 sine
493 1327 591 1355 magno
600 1327 709 1356 sumptu
722 1320 828 1348 alerent
844 1322 972 1348 animalia
980 1321 1013 1347 δ’.

228 1354 294 1381 Tam
319 1356 465 1383 horrendae
482 1354 647 1390 penitusque
663 1354 826 1384 inhumana:
843 1357 1014 1384 crudelitatis

228 1391 335 1418 l'acinus
360 1391 596 1427 iisdenrpaganis
612 1392 658 1418 alii
678 1399 787 1427 quoque
802 1392 898 1419 l‘atres
915 1393 1015 1426 strpius

227 1427 438 1462 exprobtarttnt.
461 1425 587 1453 Justinus
613 1425 714 1462 quippe
743 1425 846 1462 inartyr
870 1425 1014 1454 sanctissi-

227 1469 289 1488 mus
303 1469 309 1486 :
326 1471 334 1486 1
348 1461 412 1493 Nos,
431 1462 531 1496 inquit,
547 1461 647 1496 pueros
664 1461 747 1489 etiam
764 1461 859 1490 recens
874 1467 952 1489 natos
966 1470 1015 1489 ex-

228 1504 327 1530 ponere
350 1497 536 1531 improborutn
565 1496 683 1525 dicimus
708 1505 771 1525 esse
797 1498 938 1525 hominum
948 1497 982 1524 '°.
1000 1507 1012 1523 ι

227 1531 414 1559 Tertullianus
437 1540 501 1559 vero
527 1540 532 1558 ς
555 1532 606 1559 1111
631 1533 728 1567 primis
758 1533 828 1560 (ilius
860 1534 1010 1567 exponitis,

227 1567 420 1603 suscipietulos
450 1567 484 1593 ab
508 1567 599 1602 aliqua
631 1561 824 1603 'prmtereunte
851 1561 1008 1596 misericor;
1026 1561 1047 1589 (ἶ

227 1602 270 1628 dia
284 1602 317 1628 δι.
334 1612 343 1627 1
370 1602 502 1629 lllinutius
526 1602 731 1637 quoque’Felix
755 1613 762 1631 :
789 1613 798 1628 1
813 1603 910 1631 Merito
932 1603 1015 1638 igitur

227 1637 362 1664 incestum
388 1645 471 1672 penes
496 1645 544 1664 vos
566 1646 637 1672 saepe
654 1638 927 1673 deprehenditur.....
944 1637 1011 1665 dum

226 1673 308 1699 etiam
327 1673 400 1699 domi
425 1676 506 1708 natos
529 1673 624 1700 aliena:
639 1673 834 1700 misericordia
851 1674 1011 1708 frequenter

226 1708 364 1742 exponitis
375 1707 408 1735 ".
422 1717 431 1732 )
450 1707 612 1735 Lactantius
628 1709 773 1736 similiter:
794 1718 802 1734 I
815 1709 867 1741 Qui
889 1707 968 1736 natos
981 1716 1015 1735 cx

227 1750 257 1769 se
279 1749 379 1777 pueros
395 1746 442 1770 aut
463 1745 646 1778 strangulant,
666 1748 713 1770 aut
730 1744 752 1770 si
771 1743 884 1770 nimium
903 1744 939 1778 pii
955 1744 1014 1770 l'ue-

226 1778 292 1808 rint,
321 1781 463 1812 exponunt
472 1778 506 1805 ⁵³.
522 1787 531 1804 ι
551 1779 583 1805 Et
607 1779 661 1805 alio
680 1779 707 1805 in
730 1780 799 1806 libro
815 1788 822 1805 :
839 1789 848 1804 1
864 1778 935 1811 Quid
961 1778 1011 1810 illi,

226 1820 296 1846 quos
316 1811 384 1840 falsa
400 1813 488 1848 pietas
502 1815 574 1848 cogit
587 1815 744 1849 exponere?
760 1813 819 1841 Non
838 1817 954 1849 possunt
969 1815 1013 1840 in-

227 1852 357 1876 nocentes
381 1849 546 1880 existimari,
572 1849 619 1883 qui
642 1850 746 1876 viscera
768 1857 819 1878 sua
841 1851 868 1876 in
888 1849 1009 1884 przedam

227 1884 344 1920 canibus
361 1883 504 1918 objiciunt,
522 1889 548 1911 et
564 1888 696 1919 quantum
715 1885 743 1911 in
761 1885 828 1920 ipsis
843 1883 896 1920 est,
914 1885 1014 1912 crude-

226 1917 280 1955 lius
301 1917 399 1945 necant
413 1927 496 1954 quam
509 1919 533 1947 si
548 1917 825 1954 st‘rangulassentL...
842 1919 908 1947 Tam
930 1920 1014 1955 igitur

227 1953 362 1990 nefarium
379 1953 576 1990 est’exponere
596 1953 679 1990 quam
704 1963 812 1983 necare.
832 1964 841 1981 1
868 1955 920 1982 Adi
943 1953 1014 1989 prae-

227 1993 300 2016 terea
314 1988 423 2017 Justum
440 1989 563 2025 Lipsium
594 1988 615 2017 t'.
631 1989 664 2023 ll,
685 1995 793 2019 centur.
811 1991 839 2024 1,
861 1988 1013 2026 ερ1δῑξ85,

1075 231 1102 257 111
1122 230 1183 257 cod.
1202 225 1351 263 Theodos.,
1363 225 1430 258 toni.
1446 231 1468 261 1,
1484 230 1543 265 lege
1559 230 1571 256 1
1589 234 1618 258 et
1626 229 1656 262 2,
1668 228 1709 258 De
1725 231 1868 264 expositis.

1074 274 1136 301 pag.
1158 266 1211 293 445
1227 270 1253 292 et
1273 273 1330 300 seq.

1107 301 1167 334 Quo
1184 307 1274 328 autem
1292 301 1382 331 modo,
1399 304 1425 327 et
1439 300 1539 334 quibus
1553 301 1627 327 notis
1650 300 1734 335 pueri
1745 308 1867 335 expone-

1071 341 1176 368 rentur,
1195 335 1373 363 manil‘eslum
1393 335 1497 362 faciunt
1524 336 1667 362 variarunt
1693 336 1869 363 animadver-

1071 372 1163 399 siones
1181 371 1209 398 in
1226 371 1292 398 illud
1310 371 1430 398 Terentii
1444 378 1555 398 carmen
1569 380 1575 397 :

1071 418 1121 445 Abi
1139 424 1176 451 tu,
1194 417 1325 444 cistellam
1352 416 1464 452 Pythias
1493 417 1571 444 doma
1602 417 1869 488 cﬂ‘erlntizmipt-e‘in.

1070 499 1164 539 Longe
1180 498 1223 539 liis
1238 499 1374 539 aequiores
1397 502 1477 525 erant
1493 499 1598 533 antiqui
1620 498 1801 539 legislatures
1814 498 1867 525 Ro-

1069 534 1156 565 mani,
1172 534 1205 561 de
1227 534 1328 569 quibus
1345 534 1471 561 Clemens
1488 539 1599 561 noster:
1614 543 1624 560 ‹
1635 535 1771 561 Admiror
1795 539 1868 561 vete-

1070 577 1114 597 res
1132 569 1317 596 Romanorum
1333 569 1551 603 legislatorcs;.ii
1567 569 1704 597 muliebre
1719 575 1746 597 et
1760 570 1866 596 eiii-mi-

1070 611 1166 640 natum
1190 605 1253 632 vita:
1277 605 1397 632 studium
1416 603 1479 640 odi‘o
1506 604 1674 636 habuerunt,
1694 609 1722 632 et
1738 613 1866 640 corporis

1069 647 1131 667 cum
1156 639 1257 667 femina
1278 639 1505 667 consuetudinem
1522 643 1621 674 praeter
1638 644 1749 667 natura‘
1775 641 1863 675 legem

1069 679 1149 703 term
1173 675 1258 703 inl‘odi
1286 683 1319 702 ex
1351 675 1409 710 lege
1433 675 1547 709 justitiae
1564 683 1688 710 aequum
1722 675 1866 702 existima-

1068 711 1175 738 runt".
1190 720 1199 736 1
1217 710 1271 738 Lex
1286 709 1450 740 autem’illa.
1466 718 1546 744 quant
1563 709 1700 738 Ilervetus
1716 711 1819 738 nullibi
1836 719 1866 738 se

1069 746 1168 781 legisse
1179 745 1318 781 declarat,
1335 753 1350 772 a
1367 745 1532 780 quibusdam
1559 745 1703 772 Scantinia
1729 754 1797 773 esse
1815 754 1867 780 pu-

1067 785 1152 808 tatur.
1170 780 1228 814 Qua
1246 781 1356 816 quidem
1372 788 1405 807 oe
1424 781 1481 815 lege
1497 781 1620 815 disputat
1646 781 1793 808 Antonius
1811 781 1867 807 Au-

1069 817 1195 850 gustinus
1208 817 1242 843 ab
1260 824 1314 843 uno
1328 817 1420 850 aliquo
1438 816 1589 844 Clementis
1608 818 1699 843 nostri
1717 817 1867 844 scholiaste

1069 852 1206 883 laudatus,
1224 856 1250 878 et
1271 855 1402 886 pt'tetcrca
1418 850 1596 884 Prudentius,
1615 853 1663 887 qui
1679 852 1718 880 de
1738 852 1788 879 illa
1804 859 1867 886 quo-

1031 881 1052 908 Β
1066 895 1120 922 qtte
1137 887 1177 914 sic
1191 881 1292 914 cecinit
1305 896 1311 913 :

1105 933 1158 960 Sed
1174 933 1250 960 credo
1267 933 1357 968 magni
1374 933 1454 960 limen
1470 934 1616 968 amplector
1632 932 1723 960 Jama.

1104 969 1158 1001 Qui
1173 969 1196 995 si
1214 969 1309 995 citetur
1326 968 1425 1003 legibus
1439 971 1529 995 uestris
1543 977 1614 1000 reus,

1103 1003 1217 1037 Laqueis
1234 1004 1344 1030 minacis
1359 1004 1511 1038 implicatus
1527 1003 1620 1031 Julim.

1102 1039 1168 1066 Lnrt
1185 1047 1300 1066 seret-am
1319 1040 1402 1066 rictus
1418 1044 1443 1065 et
1461 1040 1639 1070 Scantiniam,

1104 1074 1140 1101 Te
1153 1075 1296 1109 cognitore,
1312 1074 1408 1109 dignus
1423 1075 1461 1101 ire
1475 1075 1502 1100 in
1515 1082 1648 1102 carcerem
1658 1075 1696 1102 ".

1067 1119 1148 1148 Prius
1160 1129 1226 1148 vero
1238 1120 1381 1148 Juvcnnlis
1395 1130 1401 1148 :

1103 1166 1181 1199 Quod
1197 1167 1220 1194 si
1238 1172 1364 1194 vexentur
1380 1167 1447 1201 leges
1465 1175 1495 1193 ac
1507 1166 1584 1201 jura,
1602 1167 1685 1194 citari

1102 1204 1171 1229 Ante
1186 1211 1274 1230 comes
1291 1202 1364 1229 debet
1382 1202 1522 1229 Scantinia
1534 1202 1617 1230 ".....

1068 1248 1106 1275 Eo
1127 1253 1218 1276 autem
1242 1248 1354 1275 nomine
1367 1248 1492 1274 nonnulli
1510 1248 1629 1284 legemha
1647 1247 1800 1277 Scantinia
1808 1251 1865 1284 ejus

1067 1288 1181 1311 auctore
1202 1284 1365 1319 appellatam
1381 1284 1493 1316 volunt;
1508 1283 1554 1310 alii
1570 1290 1585 1309 a
1599 1282 1634 1319 (Σ.
1652 1284 1804 1312 Scantinia
1815 1282 1864 1312 Ca-

1066 1319 1190 1354 pitolino,
1217 1320 1263 1353 qui
1286 1326 1349 1345 cum
1372 1323 1497 1353 stuprum
1525 1318 1582 1345 lilio
1610 1318 1737 1354 Marcelli
1765 1320 1862 1347 inferre

1066 1358 1210 1383 tentasset,
1226 1354 1280 1389 93
1295 1361 1341 1389 "ea
1370 1354 1517 1389 damnatus
1545 1357 1598 1380 est.
1625 1353 1752 1381 Narrant
1774 1361 1863 1382 autem

1066 1388 1277 1416 Plutarcltus’et
1294 1388 1419 1416 Valerius
1439 1388 1577 1415 Maximus
1591 1390 1739 1423 quomodo
1755 1390 1864 1418 Scanti~

1066 1425 1130 1452 nius
1146 1425 1202 1456 ille,
1218 1425 1270 1452 etsi
1285 1424 1414 1451 tribunus
1431 1425 1530 1460 plebis,
1549 1432 1604 1451 uno
1627 1429 1740 1452 tantum
1757 1427 1806 1452 illo
1818 1427 1857 1460 ju-

1067 1467 1135 1487 vene
1147 1463 1217 1487 teste
1242 1467 1274 1486 ac
1294 1459 1354 1486 solo
1367 1459 1524 1486 verecundo
1538 1460 1625 1493 ipsius
1640 1461 1759 1488 silentio
1773 1459 1864 1488 scelus

1066 1495 1374 1544 apcttsatus,
1388 1495 1423 1521 ab
1439 1495 1568 1522 omnibus
1581 1496 1681 1522 merito
1693 1497 1864 1524 condemna-

1065 1533 1110 1558 tus
1128 1530 1253 1557 fuerit".

1100 1566 1204 1593 Contra
1224 1572 1302 1598 vero,
1329 1565 1436 1600 inquiet
1464 1566 1575 1600 aliquis,
1600 1566 1746 1601 quomodo
1768 1567 1827 1594 haec
1850 1575 1865 1593 a

1064 1600 1205 1628 Clemente
1221 1605 1318 1628 nostro
1332 1602 1379 1636 lex,
1390 1601 1467 1628 citari
1483 1602 1581 1636 potuit,
1596 1600 1658 1636 qua:
1674 1602 1780 1628 nullam
1792 1603 1866 1636 peni-

1063 1641 1110 1664 tus
1124 1637 1235 1671 capitis,
1260 1644 1275 1663 a
1297 1637 1355 1671 lege
1371 1635 1443 1663 Julia
1466 1635 1492 1663 in
1515 1635 1659 1664 adulteros
1677 1635 1863 1671 postmodum

1065 1671 1216 1702 decretam.
1239 1671 1287 1699 sed
1308 1671 1423 1698 modica:
1441 1673 1634 1698 tantummodo
1660 1674 1804 1706 pecunia,
1833 1677 1862 1698 ut

1084 1707 1176 1733 uidam
1201 1707 1290 1739 aiunt,
1306 1714 1414 1742 poenam
1439 1707 1576 1743 indixerat
1589 1708 1646 1733 YAt
1662 1708 1730 1734 huic
1748 1715 1865 1743 respon-

1084 1715 1176 1733 uiuam
1201 1715 1290 1739 aiunt,
1306 1715 1414 1742 poenam
1439 1715 1576 1734 indixerat
1591 1715 1646 1733 nu
1662 1715 1730 1734 nunc
1748 1715 1864 1743 respon-

1064 1715 1123 1769 deri
1142 1746 1233 1777 potest
1250 1743 1322 1769 banc
1344 1743 1430 1777 legem
1449 1743 1477 1769 in
1494 1741 1563 1768 illud
1579 1743 1684 1768 crimen
1705 1751 1805 1770 revera
1826 1743 1864 1769 la-

1065 1781 1120 1804 tam
1133 1778 1229 1807 tuisse.
1247 1777 1320 1812 quod
1334 1785 1349 1804 a
1363 1778 1503 1805 Clemente
1519 1777 1744 1805 notarividetur.
1760 1778 1864 1805 Deinde

1064 1820 1131 1839 vero
1156 1811 1297 1840 Juvenalis
1315 1818 1342 1840 et
1359 1812 1536 1844 Prudentius,
1559 1819 1573 1838 a
1595 1813 1679 1839 nobis
1697 1813 1757 1847 jam
1777 1814 1864 1842 citati.

1065 1855 1120 1874 non
1132 1848 1250 1875 obscure
1264 1850 1382 1875 innuunt
1398 1848 1449 1874 hac
1466 1847 1608 1875 Scantinia
1625 1847 1686 1881 lege
1697 1850 1787 1876 multo
1801 1857 1863 1883 gra-

1065 1884 1168 1909 viorem
1182 1891 1264 1918 quam
1284 1884 1543 1919 paucaeucujusdam
1568 1884 1720 1919 tenuisque
1742 1885 1865 1919 pecunia:

1066 1919 1179 1945 multam
1217 1917 1344 1953 irrogari.
1378 1917 1485 1946 Videsis
1510 1922 1610 1952 praeter
1624 1918 1686 1953 jam
1723 1917 1863 1947 laudatum

1067 1953 1131 1980 Ant.
1152 1952 1335 1987 Augustinum
1363 1954 1410 1981 lib.
1425 1953 1464 1980 De
1487 1953 1599 1988 legibus,
1622 1952 1745 1981 Paulum
1772 1955 1864 1982 Manu-

1067 1989 1135 2015 tiutn
1150 1988 1189 2015 De
1207 1989 1306 2024 legibus
1324 1989 1412 2021 Rom.,
1429 1996 1491 2024 cap.
1507 1989 1553 2016 ‘29.

861 2111 1051 2158 CAPUT
1087 2109 1234 2154 XIII.

739 2192 786 2222 De
803 2191 900 2222 rebus
920 2188 1064 2230 physicis
1080 2192 1111 2220 et
1127 2186 1340 2219 naturalibus.

500 2309 701 2338 ARTICULUS
721 2310 744 2339 1.

229 2363 366 2400 Quomodo
393 2363 434 2390 lac
451 2363 509 2398 ﬁat,
522 2369 551 2400 et
563 2364 590 2391 in
600 2365 722 2393 mammis
740 2365 879 2400 formetur,
894 2366 926 2393 de
939 2366 1016 2394 lactis

322 2399 409 2434 adipe,
427 2399 526 2427 scilicet
543 2399 649 2435 butyro,
668 2401 694 2427 in
706 2401 821 2428 lucerna:
836 2410 924 2429 usum.

265 2445 328 2482 Etsi
340 2445 466 2473 Clemens
494 2446 580 2473 libros
595 2447 739 2482 Pa’dagogi
765 2448 798 2474 ad
827 2448 1016 2476 informandus

227 2481 448 2509 Christianorum
466 2489 556 2509 mores
573 2486 601 2510 et
626 2481 758 2510 tradenda
775 2484 836 2510 vita:
852 2483 1017 2511 Cbristianze

228 2520 362 2550 praecepta
384 2516 511 2550 ediderit,
528 2518 605 2551 plura
622 2521 714 2545 tamen
733 2518 904 2546 intermiscet
921 2520 954 2546 ad
971 2528 1017 2547 res

228 2551 357 2589 physicas
374 2556 401 2589 et
425 2554 568 2580 naturales
596 2554 761 2587 spectantia,
772 2562 833 2588 quae
849 2561 911 2581 cum
927 2555 1016 2589 expli-

227 2587 336 2614 catione
358 2587 449 2622 aliqua
471 2591 518 2614 aut
544 2589 752 2616 conlirtllalione
777 2587 872 2617 inultis
893 2587 1015 2625 indigere

263 2665 286 2680 ⁸³
302 2663 350 2691 lib.
370 2672 377 2690 1
396 2663 511 2695 81111111..

230 2699 318 2736 ξ-Ἱθιη
330 2699 358 2736 ,⁸⁵
372 2700 506 2736 _Atnbros.
525 2700 665 2732 Hexaem.,
682 2702 728 2728 lib.
749 2710 786 2729 rt.
800 2710 824 2728 (ι.
842 2702 870 2731 4.
889 2702 903 2736 §
919 2702 964 2729 28.

529 2672 554 2698 p.
574 2665 635 2692 594.

695 2665 717 2681 “
731 2665 829 2693 Athen.
849 2666 895 2693 lib.
915 2675 964 2693 xnt
982 2667 1122 2702 Dcipnos.,

1004 2703 1024 2718 ⁸⁷
1044 2703 1140 2738 1³11111113
1163 2704 1210 2731 1111.
1226 2711 1268 2734 111,
1279 2711 1303 2730 c.
1319 2704 1346 2736 5,
1363 2703 1388 2738 11⁷.
1402 2704 1464 2730 2‘26.

1031 2266 1064 2274 -‹

1030 2319 1053 2347 ι)
1067 2310 1223 2347 videantur,
1241 2317 1256 2336 a
1275 2309 1354 2347 nobis
1379 2309 1465 2336 omitti
1482 2316 1544 2347 non
1569 2309 1680 2347 debent.
1699 2307 1802 2336 Primo
1816 2310 1862 2336 ita-

1069 2353 1122 2380 que
1141 2345 1183 2371 lae
1193 2345 1272 2379 juxta
1286 2345 1359 2372 illius
1370 2345 1533 2372 sententiam
1547 2350 1589 2371 est
1607 2344 1726 2380 ipsemet
1738 2346 1861 2380 sanguis.

1069 2379 1102 2407 ex
1119 2381 1204 2407 rubro
1218 2381 1310 2407 colore
1326 2380 1352 2407 in
1365 2380 1455 2407 album
1476 2387 1636 2406 conversus.
1653 2379 1804 2412 Quomodo
1819 2388 1863 2406 1111-

1071 2419 1124 2443 tem
1142 2415 1188 2442 liat
1203 2415 1260 2442 haec
1272 2415 1435 2448 immutatio,
1453 2415 1493 2442 sic
1508 2415 1553 2441 ille
1565 2415 1721 2449 exponit":
1734 2415 1861 2450 Sanguis.

1070 2451 1170 2484 inquit,
1183 2456 1270 2477 matre
1281 2455 1448 2485 przegnante,
1465 2450 1497 2477 ad
1510 2450 1688 2485 nutriendum
1701 2450 1766 2483 ejus
1780 2451 1861 2477 letum

1070 2493 1118 2520 per
1134 2484 1293 2512 umbilicum
1309 2484 1514 2512 transmittitur.
1529 2484 1583 2511 Sed
1598 2489 1661 2519 post
1673 2489 1790 2519 parturn
1800 2493 1862 2512 con-

1070 2521 1147 2548 tinuo
1165 2521 1288 2555 ejusdem
1313 2521 1454 2555 sanguinis
1480 2520 1634 2547 obstruitur
1661 2526 1794 2553 meatus;
1811 2528 1861 2554 quo

1070 2556 1099 2582 ﬁt
1114 2560 1143 2583 ut
1155 2556 1277 2590 sanguis,
1294 2557 1388 2583 clauso
1404 2557 1490 2586 aditu,
1508 2555 1604 2582 reﬂuat
1615 2574 1622 2586 ,
1638 2560 1666 2582 et
1679 2555 1709 2581 in
1727 2556 1860 2581 mamilla-

1070 2599 1130 2618 rum
1145 2592 1270 2619 cavernis
1287 2592 1456 2624 transl‘usus,
1472 2599 1505 2618 ac
1524 2590 1605 2618 unda:
1621 2590 1712 2618 instar
1727 2598 1744 2617 a
1764 2591 1859 2625 spiritu

1468 2669 1492 2684 “
1503 2668 1609 2702 Paedag.
1627 2667 1675 2695 lib.
1696 2676 1727 2700 11,
1746 2675 1773 2694 c.
1791 2669 1818 2697 8.
1834 2676 1858 2702 ρ.

1142 2677 1169 2703 p.
1196 2669 1244 2695 (ili
1280 2673 1307 2695 et
1337 2676 1396 2704 seq.
1468 2669 1492 2684 “
1503 2669 1609 2702 Paedag.
1627 2669 1675 2695 lib.
1696 2676 1727 2700 11,
1746 2675 1773 2694 c.
1791 2669 1818 2697 8.

1163 2704 1210 2731 lib.
1226 2711 1303 2734 Ill,c.
1319 2704 1346 2736 5,
1363 2713 1388 2737 p.
1402 2704 1464 2730 226.
1505 2705 1527 2719 ⁸⁸
1541 2704 1604 2730 ibid.
1621 2711 1646 2730 ε.
1665 2704 1693 2735 4,
1714 2712 1742 2737 p.
1760 2703 1823 2730 251.

230 2730 253 2774 "_
289 2731 394 2774 Yidesis
427 2735 547 2774 Casaub.
565 2736 591 2762 in
607 2730 743 2774 _S_uet.,_p.
758 2737 822 2774 166.
862 2730 1178 2774 ""JnstinrApologfj,
1196 2747 1221 2766 c.
1238 2730 1268 2766 9:
1308 2730 1452 2766 “Tenui.
1469 2739 1595 2774 Apolog.,
1611 2746 1635 2766 c.
1653 2730 1693 2766 9.,
1714 2730 1857 2774 "‘_Minut.

246 2769 275 2808 in
289 2769 386 2798 Octav.
410 2770 449 2808 _"
465 2770 588 2808 Lactant.
605 2770 659 2808 lib;
672 2780 688 2798 ν
757 2772 856 2808 instit.,
872 2780 898 2799 c.
916 2773 942 2804 8,
956 2781 983 2807 p.
997 2769 1060 2801 484.
1101 2769 1123 2789 ίδ
1137 2769 1247 2802 Terent.
1260 2774 1398 2807 Eunuclt.,
1417 2778 1470 2801 art.
1486 2769 1530 2807 l‘\,',
1541 2769 1617 2801 scen.
1635 2781 1672 2800 vx.
1713 2774 1737 2790 ⁸⁸
1748 2769 1856 2808 Pierias.

249 2805 295 2840 lib.
314 2812 355 2836 Ill,
371 2814 396 2832 c.
409 2805 436 2838 5,
453 2813 480 2840 p.
493 2805 553 2832 2‘27.

233 2876 260 2907 ti,
273 2883 299 2910 ρ.
316 2876 367 2904 100
383 2881 409 2904 et
426 2875 488 2903 101.

604 2805 772 2844 ⁵⁵..Ριιιιάο11μ
793 2807 859 2844 11ερὶ
877 2805 1025 2844 στξφᾶνων,
1042 2816 1128 2836 carm.
1144 2809 1178 2836 dc
1195 2808 1273 2837 Rom.
1291 2810 1380 2844 suppl.

233 2839 256 2879 ff
271 2839 408 2879 Plinarcb.
425 2839 521 2879 invita
536 2840 667 2874 Marcelli,
684 2850 710 2876 p.
729 2841 780 2875 29;
796 2839 883 2869 Valer.
902 2839 1011 2870 lliaxim.
1031 2843 1078 2871 lib.
1097 2852 1123 2871 vx
1138 2843 1175 2871 De
1193 2839 1376 2879 pudicitia,'c.
1395 2845 1420 2876 l,
1433 2852 1459 2879 p.
1476 2845 1502 2871 6.

1429 2809 1450 2824 ⁵⁷
1467 2809 1564 2837 .luven.
1582 2813 1665 2843 satyr.
1682 2816 1713 2839 11,
1731 2816 1758 2834 v.
1778 2809 1821 2836 45.

1552 2845 1576 2861 ’ν
1590 2843 1699 2880 Ρωαεε.
1718 2843 1768 2871 lib.
1783 2851 1804 2877 I,
1816 2850 1842 2871 ε.
