1927 3073
91 148 150 177 ιουι

673 146 716 173 DE
737 141 848 174 monts
870 137 1096 175 sraoua’ruai.

1628 144 1698 178 400i

119 206 210 235 Paucis
223 205 320 244 dehinc
334 205 380 233 ille
394 206 522 244 explicat,
539 213 588 232 cur
601 205 635 244 ad
662 206 713 244 hoc
739 207 862 244 scribcnf
875 209 899 237 Α
913 206 954 235 lex
964 206 1101 244 vetusiati
1114 206 1173 244 _veri
1192 206 1374 244 Deigcrultnm,
1399 213 1545 244 veramque
1557 207 1695 244 pietatem.

88 243 146 271 dum
168 249 234 276 opus
253 242 372 268 animum
396 241 539 276 appulerit,
562 241 664 275 quique
693 241 794 268 fuerint
817 242 860 270 sui

88 281 265 313 praeceptores,
279 284 312 303 ex
325 277 427 313 quibus
443 284 474 303 ea
490 277 697 313 ipseAhauserat
710 285 770 310 qua:
783 277 861 305 dein-

89 310 147 347 ceps
161 310 221 340 sunt
236 310 362 339 dicenda.
375 311 532 347 Nequersibi
547 310 661 347 dubium
675 312 786 347 omnino
800 320 862 340 esse

89 345 125 374 aii
135 347 196 377 fore,
210 351 238 373 ut
253 346 279 373 hi
291 345 479 373 commentarii
499 350 525 373 et
540 345 679 380 magistris
695 346 753 373 suis
777 348 859 381 grati,

88 386 112 410 et
123 383 273 417 lectoribus,
284 381 384 416 quibus
398 386 487 417 tamen
503 381 630 417 omnibus
645 381 736 417 omnia
754 382 863 417 religio‘

89 418 127 445 nis
138 416 260 453 mysteria
275 417 355 451 pandi
372 424 426 443 non
442 416 551 453 debent,
573 416 629 442 sint
647 416 793 453 aliquando
809 418 860 444 uti-

89 453 124 480 les
138 450 170 480 “I
195 450 305 478 Fatetur
325 455 414 478 tamen
431 458 488 482 eos,
505 451 526 477 si
542 458 603 477 cum
619 450 716 477 tradita
732 459 746 478 a
762 459 862 485 prame-

88 487 202 522 ptoribus
210 486 267 514 suis
278 486 403 513 doctrina
413 490 620 522 componantur,
631 488 815 522 esseromnino
825 488 861 514 in.

89 521 173 549 firmos
186 525 211 548 et
224 522 324 554 exiles;
338 529 370 548 ac
385 528 435 549 cur
450 521 512 548 illos
523 521 631 548 tandem
650 521 801 556 scripserit,
820 530 863 549 ra-

88 558 167 584 tiones
179 557 263 584 affert.

118 592 236 619 Posthazc
250 599 315 618 vero
329 591 374 618 ille
392 595 487 618 narrat
502 591 567 625 quid
582 591 608 617 in
625 591 675 622 eis,
691 595 717 618 et
739 599 791 626 qua
806 599 863 619 me-

87 626 163 655 thodo
176 627 211 654 sit
225 627 413 661 disputaturus
422 627 455 654 de
471 626 547 653 falsis
558 627 707 653 errantium
724 630 861 653 sectarum

87 662 260 698 dogmatibus,
277 662 329 698 aiia
340 662 449 698 quidem
469 661 592 698 celando,
608 662 659 698 alia
675 669 812 698 veroqna:
829 670 863 688 ει

86 695 230 724 veneranda
241 695 406 728 traditionis,
419 697 453 723 ab
470 697 529 731 ipso
545 697 638 723 mundi
654 700 715 722 ortu
730 695 862 728 deductae,

86 733 170 767 regula
197 733 229 759 ad
256 737 378 759 nostram
412 731 594 766 cognitionem
610 736 803 766 pervenerunt,
820 732 862 759 vel

86 766 224 794 obscurius
243 767 283 794 vel
298 767 399 794 clarius
414 767 574 801 explicando
588 775 595 798 ;
612 767 649 793 ita
666 771 694 793 ut
709 766 752 794 his
768 767 865 801 praelu-

86 803 201 830 sionibus
217 802 250 829 ad
268 801 414 836 perfectam
430 801 545 836 θεωρίαν
564 806 591 828 et
607 802 864 835 contemplationem

88 837 256 864 deducamur.
272 837 352 863 Addit
364 842 393 864 se
408 836 519 864 minime
534 837 685 863 veriturum
711 844 742 862 ea
769 837 863 864 iisdem

913 249 946 277 ac
959 242 1062 269 Christi
1087 241 1166 269 fidem
1179 242 1380 277 suscipiendam
1405 242 1441 268 ita
1464 241 1643 276 praeparabat,
1669 246 1699 272 ut

912 276 1070 303 etiamnunc
1095 276 1263 313 Christianis
1286 277 1319 303 ad
1348 276 1410 313 fidei
1427 284 1492 313 suae
1508 278 1634 313 dogmata
1651 278 1698 306 des

913 311 1158 362 mnqqzstqationibus
1187 313 1333 340 asserenda
1362 311 1435 338 haud
1457 311 1555 346 paraui
1568 313 1699 348 prodesse

931 350 1000 375 ossit
1013 350 1045 374 ".

913 353 1124 417 po'sl‘siiinrautem
1143 381 1279 414 Clemens,
1308 381 1402 409 dilutis
1431 390 1491 417 qua:
1520 385 1614 409 contra
1640 383 1699 411 haec

913 415 1123 452 proferebantur
1146 417 1325 452 argumentis.
1352 415 1447 444 monet
1467 417 1571 445 homini
1595 418 1622 444 in
1647 419 1699 446 hac

913 451 1005 492 gentili
1024 451 1195 492 philosophia
1210 460 1265 479 non
1282 452 1481 492 immorandum
1497 458 1523 480 et
1536 460 1700 492 permanent-

914 486 997 521 dum;
1015 493 1047 513 ac
1068 486 1157 521 variis
1183 493 1305 515 veterum
1327 487 1555 521 patriarcharum,
1572 488 1698 520 Abraha-,

913 520 1006 547 Jacobi
1021 525 1048 548 et
1062 520 1138 548 Iuda:
1152 523 1282 556 exemplis
1304 520 1414 556 pianum
1430 522 1529 549 ibidem
1549 522 1612 549 facit
1627 523 1699 550 hanc

914 556 1112 590 philosophiam
1130 565 1200 584 verte
1224 558 1373 592 sapientiae,
1395 558 1622 591 quemadmodum
1636 559 1698 592 phi-

915 591 1044 628 losophiae
1057 592 1126 628 alias
1153 591 1310 627 disciplinas
1339 592 1514 628 ancillari“.
1533 592 1572 619 Ex
1599 591 1699 628 quibus

916 626 960 653 ille
972 626 1075 661 colligit
1090 628 1212 654 eamdem
1225 626 1301 654 illam
1325 627 1523 661 philosophiam
1540 626 1641 660 studio,
1658 629 1700 655 la-

915 661 981 688 bore
995 665 1022 688 et
1033 663 1226 689 exercitatione
1241 667 1318 697 aptos
1343 663 1466 689 homines
1480 662 1603 694 reddere,
1620 667 1649 690 ut
1664 664 1699 691 ad

916 697 1002 731 ipsam
1014 697 1164 732 veritatem.
1181 705 1242 732 qua:
1254 698 1380 724 Christus
1394 701 1446 730 est,
1472 697 1516 732 aiii
1534 697 1643 732 quidem
1659 699 1700 725 fa-

916 731 1006 762 cilius,
1021 731 1068 758 alii
1091 731 1228 760 difficilius
1254 732 1411 767 perveniant
1426 732 1458 758 θ’.
1472 766 1475 767 ν
1488 731 1550 758 Non
1572 732 1700 760 diffitetur

916 770 1006 802 tamen
1022 767 1128 801 aliquos
1143 768 1202 794 sine
1229 766 1325 794 litteris
1350 775 1382 793 ac
1406 766 1498 801 gentili
1516 767 1559 794 illa
1577 768 1700 802 philoso-

916 800 978 834 phia
993 800 1073 836 posse
1099 802 1283 829 Christianam
1299 800 1417 836 assequi
1431 800 1588 835 veritatem}
1602 803 1649 830 sed
1665 803 1700 830 ad

917 836 1068 872 hanc,qua
1083 838 1266 871 sophistarum
1292 837 1406 863 fallacia:
1419 837 1498 872 plane
1515 837 1696 872 dissipentur,

85 873 138 900 suis
162 872 366 899 commentariis
386 872 517 903 inserere,
535 879 595 906 quae
622 872 648 898 in
665 871 863 906 philosopliicis
879 880 900 907 Β
916 876 942 897 et
954 870 1062 898 facilius
1074 876 1100 898 et
1114 870 1266 907 promptius
1294 870 1516 907 comparandam,
1541 870 1601 900 illas
1619 870 1700 900 utiles

85 907 232 942 Graecorum
254 907 407 942 disciplinis
422 907 574 941 antiquiora
592 907 752 942 verioraque
765 915 862 934 occur-

85 946 144 970 runt
159 943 190 968 ".
206 941 246 968 Ex
268 942 312 969 his
325 941 396 969 enim
412 945 488 976 putat
503 942 618 976 gentiles
638 941 799 976 Graecosque
815 942 864 968 ho-

85 978 165 1004 mines
178 985 258 1012 posse
277 976 384 1004 facilius
400 977 434 1004 ad
446 977 632 1004 Christianam
658 977 800 1004 veritatem
815 976 864 1004 ad-

85 1013 152 1039 duci.

117 1047 183 1080 Quia
197 1054 263 1074 vero
286 1047 390 1082 plures,
413 1046 458 1081 qui
483 1047 610 1081 gentilem
631 1045 833 1081 philosophiam
848 1054 863 1074 a

85 1082 242 1110 Christianis
263 1081 401 1113 omnibus,
414 1087 542 1116 tanquam
560 1081 684 1108 inutilem
705 1083 751 1108 aut
766 1082 864 1108 exitio-

85 1123 138 1144 sam
152 1122 178 1144 et
195 1125 209 1143 a
227 1118 300 1144 malo
314 1122 426 1144 auctore
441 1117 590 1147 inventam,
608 1116 686 1151 plane
702 1117 864 1151 penitusque

85 1153 256 1186 rejiciendam
286 1160 347 1180 esse
377 1152 534 1182 censebant,
563 1151 614 1179 sibi
642 1151 864 1179 contradicturos

85 1187 148 1214 haud
176 1188 282 1215 incerto
310 1186 495 1223 prmvidebat;
516 1191 659 1223 eapropter
685 1193 735 1223 eos
758 1190 864 1223 tantum

84 1223 228 1250 audiendos
244 1221 475 1253 esse‘contendit,
497 1223 543 1256 qui
565 1221 663 1248 merito
682 1221 744 1254 jure
761 1221 864 1256 aliquid

84 1259 289 1292 reprehensione
312 1257 423 1292 dignum
449 1257 536 1291 reipsa
562 1256 737 1292 coarguerint
753 1257 786 1283 ³⁸.
804 1256 864 1283 Pri-

87 1291 154 1319 mum
171 1295 243 1320 enim
258 1293 333 1320 hisce
345 1291 376 1319 in
393 1292 470 1319 libris
482 1292 580 1318 malam
592 1299 652 1319 esse
663 1291 721 1318 vitii
738 1296 864 1319 naturam

85 1327 117 1354 ita
143 1336 171 1356 se
191 1328 443 1355 demonstraturum
472 1335 532 1354 esse
560 1327 721 1362 pollicetur,
745 1331 776 1354 ut
801 1327 864 1354 inde

84 1363 170 1398 quivis
186 1363 316 1398 colligere
338 1363 424 1398 possit
439 1362 561 1398 eamdem
588 1362 788 1398 philosophiam
802 1369 865 1398 esse

85 1398 176 1426 divinae
205 1397 388 1426 Prdvidentia‘:
419 1397 620 1432 quodammodo
639 1404 726 1432 ropus.
761 1397 863 1424 Deinde

84 1434 185 1461 etiamsi
201 1433 310 1460 inutilis
325 1436 399 1461 esset
417 1431 601 1467 philosophia,
620 1431 646 1458 id
668 1436 758 1467 tamen
779 1432 801 1459 si
817 1433 865 1459 tle-

84 1473 258 1499 monstretur,
283 1469 350 1495 utile
372 1466 432 1496 esse
449 1467 595 1494 convincit.
621 1467 699 1501 108
715 1466 783 1493 Tum
801 1474 865 1494 vero

84 1511 201 1538 magnam
213 1504 337 1537 ejusdem
354 1503 532 1538 philosophiae
545 1501 731 1538 utilitateuieo
748 1501 793 1538 ille
808 1503 866 1528 col~

84 1537 148 1576 figit,
175 1540 249 1574 quod
266 1537 381 1576 eerjus
404 1537 622 1576 probationibus,
648 1537 682 1576 ab
697 1537 864 1576 experientia
879 1546 901 1576 ρ

83 1571 191 1607 ιιέιὶιὶς,’
204 1578 231 1601 et
252 1571 373 1609 perfecta
398 1571 489 1600 rerum
506 1571 713 1604 demonstratio,
741 1575 767 1599 et
789 1577 864 1599 ccrta

84 1615 167 1635 rermu
185 1608 307 1644 cognitio
319 1608 462 1644 habeatur.

116 1644 183 1676 Quid
197 1641 276 1676 vEro,
298 1644 369 1678 quod
396 1643 442 1670 illa
465 1649 518 1669 non
536 1641 624 1678 soium
640 1641 861 1678 catechumenos,

83 1678 108 1704 in
121 1679 161 1706 sui
189 1676 398 1706 admirationem
425 1682 527 1712 raptos.
546 1676 579 1703 ad
602 1677 743 1712 veritatem
766 1677 863 1710 praeci-

83 1720 248 1748 puorumque
267 1714 422 1748 dogmatum
439 1711 642 1748 persuasionem
654 1711 752 1748 allicit;
771 1716 863 1748 veruin

82 1746 172 1776 omnes
200 1746 286 1776 etiam
305 1746 497 1779 Christianos,
526 1754 558 1773 ne
588 1747 767 1773 fraudulentae
797 1746 864 1773 artis

82 1784 224 1819 prtestigiis
255 1783 360 1818 decepti
388 1783 470 1819 article
492 1781 628 1819 excidant,
653 1782 712 1819 ipsa
737 1781 864 1819 prohibet

82 1816 212 1854 efficitque
230 1823 260 1845 ut
275 1819 304 1850 ii,
324 1816 445 1844 adhibita
463 1816 566 1854 majori
587 1817 724 1848 cautione,
743 1816 863 1850 aliquam

82 1852 322 1880 demonstrativam
339 1853 399 1880 fidci
427 1852 649 1879 exercttationem
666 1856 803 1885 utcunque
819 1858 864 1877 as-

82 1889 246 1923 sequamur?
261 1888 302 1915 Ad
315 1889 372 1925 haec
389 1894 519 1925 porroex
540 1886 735 1925 pli‘ilos‘opliicis
750 1887 863 1925 dogma-

81 1921 151 1951 tibus
165 1925 253 1960 inter,
268 1931 306 1960 se,
321 1921 439 1960 collatis
450 1922 556 1956 sibique
573 1921 689 1948 invicem
717 1921 863 1960 oppositis,

82 1960 181 1993 eruitur
196 1958 324 1986 veritatis
339 1957 469 1993 cognitio,
488 1960 636 1993 nostraque
650 1957 792 1991 persuasio
803 1963 863 1982 ina-

81 1992 211 2030 gisnfirma
230 1998 258 2021 et
275 1991 603 2030 stabili§_i'edditur_”.__
718 2025 743 2030 __
789 2025 795 2030 _
832 2025 848 2030 υ

114 2028 245 2055 Omnibus
264 2035 345 2063 porro
362 2028 489 2063 Clemens
515 2026 649 2063 significat
671 2033 705 2063 se
718 2025 761 2053 his
789 2025 816 2063 in
832 2025 864 2052 li-

82 2061 135 2090 bris
149 2061 335 2098 variajecisse
350 2062 507 2097 multiplicis
524 2062 597 2098 illius
612 2061 732 2098 scientia?
747 2061 861 2090 sentina,

83 2101 134 2124 tum
153 2104 180 2124 ιιι
197 2096 301 2126 veritas
322 2106 355 2125 eo
381 2097 417 2124 sit
444 2098 554 2124 inventu
566 2096 723 2131 jucundior,
741 2103 796 2130 quo
811 2104 865 2122 ina-

81 2132 130 2166 jori
152 2133 247 2160 labore
262 2134 376 2168 quaesita
400 2132 495 2168 fuerit;
514 2137 570 2168 tum
592 2139 657 2168 vero
674 2131 801 2168 maxime,
830 2137 864 2157 ne

83 2175 149 2194 vera:
162 2176 209 2194 seu
227 2166 390 2195 Christianae
421 2167 600 2202 philosophiae
616 2167 741 2202 dogmata
758 2166 792 2202 iis
807 2173 864 2202 ma-

82 2203 176 2230 nifesta
193 2203 271 2235 fiant,
289 2203 336 2238 qui
365 2200 459 2237 iniquo
485 2200 607 2237 litigandi
625 2200 724 2238 studio
747 2200 862 2234 abrepti,

83 2244 112 2273 ac
125 2239 274 2273 mancipati
289 2237 484 2272 voluptatibus,
503 2245 590 2273 neque
605 2237 656 2273 ulli
668 2243 787 2270 unquam
805 2242 865 2262 cre-

83 2272 144 2300 dere
160 2271 294 2304 volentes,
309 2271 451 2300 veritatem
468 2271 583 2298 irrident
605 2279 636 2297 ac
650 2271 741 2298 inania
758 2274 863 2296 tantum

82 2308 224 2335 verborum
256 2309 390 2335 lenocinia
416 2311 559 2334 venantur.
591 2305 671 2333 Tales
699 2310 788 2332 autem
805 2312 866 2331 esse

84 2341 145 2369 dicit
166 2351 220 2369 non
239 2351 289 2370 eos
301 2342 499 2372 tantummodo,
516 2342 561 2376 qui
580 2349 594 2368 a
611 2341 761 2368 Democrito
774 2340 866 2376 Abde-

84 2377 131 2414 rite
145 2378 300 2414 ἐριὸἁντεες
325 2378 372 2404 καὶ
400 2375 600 2414 ιμαινῖελιᾷςτέες
623 2376 800 2414 appellantur
822 2375 864 2414 'f';

84 2412 128 2438 sed
143 2409 295 2448 sophistas
310 2414 391 2439 etiam
406 2409 539 2448 infelices,
566 2415 592 2438 et
607 2409 867 2448 cicadis___loquacio-

84 2454 136 2475 res.
151 2446 221 2482 quos
250 2452 377 2482 tanquam
405 2454 489 2473 vanos
508 2447 634 2473 humame
647 2446 806 2482 inutilisque
823 2451 866 2471 sa-

84 2483 188 2516 pientiaa
205 2481 361 2519 venatores,
377 2481 480 2519 tamab
492 2481 616 2519 ipsismet
639 2481 786 2519 gentilibus
802 2486 866 2519 poe-

85 2518 118 2544 tis
134 2526 214 2551 quam
237 2525 253 2544 a
279 2518 366 2545 sacris
393 2517 575 2551 scriptoribus
599 2516 703 2543 nostris
721 2516 820 2542 mirutn
838 2516 866 2540 in

85 2552 192 2590 modum
210 2553 344 2590 exagitari
361 2552 441 2590 plane
456 2551 587 2578 ostendit.
676 2585 681 2590 _
723 2584 740 2590 Α

116 2585 304 2623 Αιίιιιηνῃοιῖτο
317 2585 614 2623 ιιιέόιείινθδεθμνενιιιη
626 2585 865 2623 sapientiam.qu:e

84 2620 129 2649 Dei
144 2628 186 2650 est
200 2620 317 2653 donum,
333 2626 360 2649 et.
374 2622 408 2648 ab
436 2622 469 2648 iis
481 2621 526 2656 qui
552 2628 582 2647 se
609 2621 721 2647 idoneos
736 2620 870 2656 pnestite—

84 2658 137 2684 rint
152 2657 238 2684 variis
266 2657 347 2684 etiam
373 2657 460 2692 modis
490 2654 643 2692 comparari
660 2659 755 2692 potest1
766 2655 807 2692 "._
820 2654 870 2692 sa-

84 2693 191 2727 pientia:
207 2700 286 2723 vero,
302 2700 348 2719 seu
364 2691 527 2718 Christiantc
543 2689 681 2723 religionis
692 2689 866 2727 professioni,

86 2725 170 2762 pergit
184 2731 285 2754 auctor
294 2730 398 2762 noster,
414 2728 485 2753 viam
500 2726 638 2752 sternebat
658 2725 766 2760 gentilis
781 2725 868 2759 pliilo«

85 2763 190 2798 sophia,
205 2770 270 2797 quae
282 2761 382 2788 Graecis
396 2762 460 2788 olim
475 2762 642 2793 necessaria,
668 2768 716 2787 eos
740 2765 869 2794 tanquam

119 2838 142 2855 ’δ
156 2847 183 2874 ρ.
199 2838 256 2865 275
269 2837 384 2874 ets-:6,
408 2839 430 2854 ιιι
444 2846 469 2873 ρ.
482 2838 547 2866 277.
586 2838 609 2857 η

85 2873 107 2890 ι’
120 2873 217 2910 p.285
237 2879 265 2900 et
276 2873 339 2900 9.86.
377 2873 399 2888 ³³
413 2881 438 2908 p.
455 2874 517 2900 237.
558 2873 619 2908 ιιι».
635 2873 698 2900 ass.

248 2922 385 2951 PATROL.
408 2922 465 2951 Gn.
491 2922 548 2952 ΣΧ.

627 2845 653 2873 p.
665 2837 728 2866 27s.
762 2838 784 2852 ’τ
799 2845 828 2874 p._
840 2835 902 2874 279.

737 2874 758 2889 ευ
774 2871 867 2908 p;289
881 2875 908 2899 et
922 2871 985 2900 290:

914 913 975 942 esse
990 907 1131 934 contendit
1155 907 1187 942 ³ξ.
1219 908 1254 933 At
1278 907 1492 942 cei-teibujusce
1522 907 1701 942 philosophiae

914 941 1058 968 utilitatem
1091 942 1128 969 ibi
1160 941 1316 969 Anaxarchi
1347 941 1513 975 Hesiodique
1542 941 1699 970 testimonio

913 976 1058 1002 confirmat
1073 977 1201 1011 quidem;
1217 977 1264 1004 sed
1291 977 1325 1004 iis
1354 978 1421 1004 solis
1447 976 1617 1010 profuturam
1639 986 1702 1006 esse

914 1012 1020 1045 probat,
1034 1012 1079 1046 qui
1096 1016 1224 1046 tanquam
1241 1017 1313 1039 terra
1330 1012 1400 1039 bona
1412 1012 1526 1039 imbrem
1541 1016 1568 1039 ct
1583 1013 1701 1048 agriculd

913 1050 1002 1082 turam
1017 1048 1197 1082 susceperint.

949 1080 1034 1107 Porro
1046 1080 1135 1108 autém
1163 1081 1340 1116 philosophia:
1369 1082 1479 1111 nomine
1503 1090 1558 1110 non
1583 1081 1702 1110 Platoni-

913 1123 984 1153 eam,
1001 1117 1043 1142 vel
1057 1115 1325 1153 Aristotelicam,’vel
1352 1118 1501 1151 quamlibet
1512 1118 1593 1145 aliam
1610 1118 1703 1153 singu‘

915 1151 998 1177 larem
1012 1156 1114 1188 sectam
1130 1152 1335 1188 seintelligere
1349 1153 1470 1180 declarat
1484 1162 1491 1187 ;
1515 1160 1608 1180 verum
1627 1151 1701 1188 quires

914 1193 1021 1220 cunque
1044 1187 1072 1213 in
1101 1187 1230 1214 omnibus
1258 1188 1482 1221 philosophorum
1506 1188 1588 1215 sectis
1612 1193 1697 1220 recte,

913 1221 957 1255 pie
973 1225 1000 1248 et
1012 1221 1086 1256 juste
1110 1221 1212 1257 tradita
1237 1225 1301 1248 sunt
1317 1222 1350 1248 ⁸⁷⁵.
1367 1221 1451 1250 Plane
1463 1231 1529 1250 vero
1539 1222 1701 1257 praefracte.

935 1263 967 1282 ue
982 1260 1062 1290 negat
1073 1264 1104 1283 ex
1120 1256 1153 1283 iis
1168 1257 1201 1283 ab
1217 1257 1272 1283 ullo
1288 1257 1397 1284 homine
1411 1262 1472 1292 post
1488 1263 1602 1284 mortem
1619 1265 1701 1292 posse

928 1294 1032 1327 ructum
1063 1291 1180 1327 aliquem
1197 1292 1316 1326 percipi,
1349 1291 1415 1327 nisi:
1428 1294 1502 1327 prius
1526 1293 1554 1319 in
1583 1291 1633 1319 hac
1646 1293 1701 1319 vita

914 1325 1205 1362 Christianamr’fidem’
1213 1329 1383 1362 profiteatur.
1405 1325 1497 1362 Neque
1522 1328 1605 1354 ullam
1622 1335 1702 1362 prore

915 1368 963 1388 sus
972 1361 1058 1397 hujus
1076 1361 1136 1397 fidei
1151 1367 1213 1388 ante
1225 1361 1326 1397 Christi
1351 1366 1441 1388 ortum
1456 1361 1590 1397 ignoratae
1604 1361 1670 1389 sinit
1685 1370 1701 1389 a

915 1396 1036 1430 quolibet
1047 1396 1147 1423 infideli
1162 1396 1249 1431 accipi
1278 1396 1492 1424 excusationem.
1508 1397 1574 1424 Nam
1591 1403 1702 1431 praeter-

915 1438 995 1465 quam
1011 1431 1154 1466 quodiilla
1183 1439 1216 1458 ex
1243 1432 1329 1458 sacris
1358 1431 1508 1466 Scripturis
1533 1432 1560 1459 in
1576 1432 1700 1459 Graecum

915 1473 1068 1502 sermonem
1094 1465 1274 1502 longemantea
1297 1465 1437 1494 conversis
1464 1468 1576 1502 agnosci
1601 1468 1700 1502 potuit,

1032 1509 1141 1552 quoque
1165 1501 1224 1528 aliae
1248 1502 1298 1528 vim
1320 1502 1354 1528 ad
1380 1510 1440 1529 eam
1457 1501 1581 1530 homines
1601 1501 1702 1537 perdu-

933 1544 947 1562 e
967 1553 974 1562 .
1058 1556 1066 1562 .

916 1537 1014 1562 cebant
1032 1537 1066 1563 ".

951 1570 1184 1603 Quemadmodum
1206 1578 1271 1598 vero
1294 1570 1418 1599 Clemens
1431 1571 1508 1605 jubet
1525 1571 1701 1606 sophisticam

916 1605 1039 1641 iitigandi
1054 1610 1081 1632 et
1100 1606 1253 1640 decipiendi
1277 1612 1373 1638 artem,
1391 1615 1451 1641 qua:
1474 1611 1528 1632 tota
1555 1605 1701 1634 verborum

915 1640 1052 1668 lenocinio
1067 1645 1228 1676 occupatur,
1252 1648 1268 1667 a
1293 1640 1458 1669 Christianis
1479 1641 1578 1668 liuibus
1605 1641 1703 1676 procul

914 1676 1078 1711 penitusque
1090 1676 1189 1707 arceri,
1206 1677 1242 1702 ita
1255 1676 1312 1702 vult
1330 1684 1424 1704 omnes
1442 1677 1503 1706 soli,
1521 1677 1628 1703 etiamsi
1643 1677 1703 1710 plu-

915 1711 991 1737 ribus
1006 1719 1059 1737 non
1076 1711 1191 1745 placeat,
1215 1711 1326 1738 studere
1351 1711 1468 1738 veritati.
1495 1711 1573 1743 Quod
1591 1711 1702 1746 quidem

913 1749 969 1781 tam
985 1746 1106 1781 Apostoli
1133 1746 1295 1772 auctoritate
1320 1754 1400 1780 quatit
1418 1746 1558 1779 gentilium
1582 1746 1704 1781 philosoa

914 1780 1029 1814 phorum
1042 1784 1068 1808 et
1080 1785 1219 1814 poetarum
1231 1781 1387 1808 testimonio
1398 1782 1511 1815 pulchre
1523 1780 1702 1808 demonstrat.

914 1815 1095 1847 Quamobrem
1111 1816 1295 1848 Christianos,
1309 1817 1391 1842 etiam
1408 1817 1500 1843 minus
1517 1817 1645 1848 disertos,
1656 1824 1704 1850 qut

913 1855 940 1876 et
952 1850 1063 1886 faliaces
1077 1850 1137 1877 illas
1156 1850 1312 1886 Graecorum
1328 1851 1514 1885 sepliistaruin
1529 1855 1603 1878 artes
1624 1855 1705 1886 plana

913 1885 1069 1920 repudiarit,
1100 1889 1126 1912 et
1154 1885 1278 1920 pluribus
1302 1886 1409 1919 placere
1439 1894 1494 1912 lion
1520 1885 1630 1918 curant,
1655 1886 1706 1913 do-

913 1919 1046 1980 1ctissimis
1062 1920 1229 1954 quibuslibet
1245 1920 1363 1947 ethnicis
1386 1920 1482 1955 probat
1497 1929 1553 1948 non
1575 1929 1636 1948 esse
1662 1921 1706 1948 ini

926 1962 1038 1980 errores.

926 1962 1038 1981 errores.

950 1986 1071 2016 Subinde
1086 1996 1151 2016 vero
1167 1989 1251 2016 variis
1272 1990 1409 2024 agricolae,
1428 1989 1537 2021 medici,
1552 1989 1660 2017 athletae
1678 1993 1707 2017 et

915 2024 1104 2058 gubernatoris
1120 2024 1257 2059 exemplis
1282 2026 1404 2052 occurrit
1421 2025 1529 2052 illorum
1545 2025 1703 2059 objectioni,

914 2059 960 2093 qui
972 2058 1143 2093 philosophia
1172 2059 1286 2093 aliisque
1301 2059 1459 2087 liberalibus
1473 2059 1627 2094 disciplinis
1642 2067 1701 2086 om-

915 2095 980 2120 nino
1003 2094 1124 2128 rejectis,
1158 2094 1244 2120 solam
1272 2094 1350 2121 fidem
1371 2096 1405 2121 ab
1420 2095 1531 2121 homine
1546 2095 1705 2123 Christiano

915 2129 1090 2164 requirebant
1109 2129 1141 2156 ".
1167 2128 1195 2155 In
1215 2128 1352 2164 opinionis
1371 2134 1460 2156 autem
1478 2137 1534 2157 suae
1560 2130 1706 2156 confirma-

915 2163 1016 2191 tionem
1028 2169 1120 2198 aperte
1136 2165 1255 2191 ostendit
1272 2163 1317 2191 Dei
1335 2166 1495 2198 potentiam,
1511 2164 1564 2191 nisi
1581 2164 1705 2199 philoso—

918 2198 1025 2233 phando
1036 2206 1090 2225 non
1102 2199 1170 2225 bene
1185 2199 1299 2234 percipi,
1321 2207 1354 2226 ac
1381 2200 1508 2227 liberales
1532 2198 1704 2233 disciplinas,

918 2239 947 2260 ut
974 2242 1038 2261 vera
1065 2234 1257 2260 discernantur
1285 2241 1300 2260 ιι
1326 2234 1412 2266 falsis,
1430 2238 1457 2262 et
1479 2238 1509 2261 ut
1525 2234 1598 2261 dubii
1620 2237 1708 2261 saerata

919 2269 1066 2304 Scriptura:
1087 2276 1185 2304 sensus
1208 2269 1260 2295 rite
1283 2269 1480 2304 intelligantur,
1511 2269 1582 2296 haud
1607 2277 1705 2303 parum

917 2303 1074 2330 esse'utiles
1096 2303 1129 2329 ".
1156 2303 1190 2330 Et
1213 2311 1278 2330 vero
1303 2303 1429 2332 Christus
1446 2305 1579 2339 triplicem
1605 2304 1707 2331 diaboli

918 2339 1120 2374 tcntationem,
1136 2346 1169 2365 ex
1201 2346 1287 2374 sacrae
1314 2339 1464 2374 Scriptura:
1478 2339 1641 2366 testimoniis
1658 2339 1707 2366 de«

918 2379 1082 2408 promptam,
1098 2373 1159 2409 aliis
1172 2373 1293 2408 ejusdem
1310 2373 1460 2409 Scriptura:
1478 2374 1569 2401 verbis
1582 2374 1706 2401 funditus

918 2409 1050 2435 evertisse
1062 2408 1232 2443 perhibetur.
1247 2409 1286 2435 lbi
1304 2408 1394 2436 autem
1420 2413 1517 2436 auctor
1536 2412 1631 2436 noster
1646 2409 1708 2436 illo-

919 2450 979 2479 ruin
995 2443 1111 2479 castigat
1140 2443 1333 2479 temeritatem,
1349 2445 1395 2478 qui
1422 2444 1560 2471 diabolum
1585 2444 1707 2479 philoso-

919 2478 990 2512 phia;
1012 2482 1038 2505 et
1061 2464 1210 2515 dialecticae
1236 2464 1406 2506 invent'orieiii
1422 2464 1642 2515 essevaI'peiram
1662 2464 1708 2507 ξιξ-ι

920 2521 1011 2540 serere
1027 2513 1172 2540 audebant.

956 2547 1015 2574 Non
1030 2556 1078 2575 eos
1093 2549 1183 2583 itaque
1209 2547 1359 2575 audiendos
1380 2555 1441 2575 esse
1466 2552 1554 2583 putat,
1568 2549 1614 2583 qui
1630 2557 1710 2583 urge-

923 2583 989 2610 bant
1012 2583 1158 2618 prophetas
1169 2586 1196 2610 et
1212 2584 1359 2618 apostolos,
1376 2586 1427 2610 etsi
1442 2583 1538 2610 barum
1550 2583 1710 2618 disciplina-

923 2625 983 2644 rum
1000 2618 1111 2644 minime
1125 2625 1235 2653 gnaros,
1249 2622 1456 2653 optimeitamen
1470 2626 1567 2645 omnes
1582 2620 1710 2646 cauuisse

923 2660 1008 2680 sacrm
1036 2652 1185 2688 Scriptura:
1214 2661 1323 2680 sensus.
1351 2652 1508 2687 Respondet
1541 2655 1614 2680 enim
1638 2654 1709 2680 hanc

922 2688 1002 2722 plane
1014 2689 1180 2722 singularem
1200 2688 1408 2722 intelligentiam
1430 2693 1456 2715 et
1472 2688 1659 2722 cognition-in
1676 2689 1710 2714 iis

923 2723 1191 2750 divinitustraditam
1219 2723 1302 2750 fuisse
1330 2727 1357 2749 et
1384 2723 1515 2750 infusam.
1538 2723 1710 2758 Quapropter

925 2758 971 2784 alii
998 2759 1091 2785 divino
1118 2758 1215 2793 spiritu
1233 2766 1287 2785 non
1304 2758 1397 2792 amati,
1433 2759 1467 2785 ad
1490 2758 1583 2785 divina
1608 2761 1709 2792 Scripta

941 2836 964 2852 η
976 2845 1002 2872 p.
1015 2836 1068 2864 280
1083 2840 1111 2872 et
1124 2836 1186 2864 28L
1226 2836 1248 2852 η
1264 2835 1367 2872 ρῇεειλ.

1406 2836 1428 2852 ³ο
1439 2843 1465 2871 p.
1477 2835 1540 2863 “285.

1025 2872 1047 2888 =°
1063 2881 1089 2908 p.
1101 2871 1164 2899 391.
1198 2871 1219 2887 ιτ
1234 2879 1261 2906 p.
1275 2871 1335 2897 292.

1580 2835 1601 2851 ³¹
1617 2843 1644 2870 p.
1658 2831 1710 2861 288

1524 2917 1563 2946 39
