1927 3073
84 161 148 190 1009

654 162 697 189 DE
717 162 828 190 LIBRiS
847 162 1072 191 S'I'ROMATUM.

1621 165 1694 193 1010

82 225 106 248 ta
117 220 185 257 stylo
203 219 281 257 plane
295 218 422 257 simplici,
436 219 582 257 nullisque.
600 220 698 254 quibus
712 229 852 255 nunquam
868 223 890 250 Α
904 229 1029 248 reversus
1043 222 1075 251 9‘.
1094 220 1223 257 ejusdem
1236 220 1357 249 Platonis
1379 222 1535 250 testimonio
1550 223 1644 257 probat
1657 225 1689 252 ﬁ-

82 253 190 287 studiﬁt,
204 253 378 290 eloquentiae
393 253 504 281 ﬁoribus
525 253 551 281 et
571 253 711 290 lenociniis
725 263 739 282 a
757 253 786 283 se
798 264 855 290 per-

81 290 218 319 tractanda
235 297 294 316 esse
308 289 422 324 ingenue
437 289 587 324 proﬁtetur.
602 289 654 322 Qui
671 291 742 317 enim
758 289 855 318 dictio-

82 333 142 353 nunt
158 325 288 351 inhaerent
310 325 429 355 ornatui.
446 325 497 351 hoc
517 332 561 351 res
576 325 650 359 ipsas
665 325 783 360 effugere
793 334 854 354 cum

84 360 158 395 no
178 360 274 394 triplici
300 361 512 395 comparatione,
540 363 596 386 tum
612 359 758 387 llermae’et
775 359 853 388 Salo-

81 394 165 422 monis
179 394 333 421 testimonio
347 399 439 428 aperte
455 395 587 428 planeque
600 396 759 429 comprobat
772 396 804 421 ⁸³.

114 430 215 463 Quibus
225 430 261 457 ita
277 429 408 463 praefatis,
427 429 552 456 Clemens
575 434 762 464 argumentum
775 439 854 458 suum

79 472 230 500 aggressus,
245 472 276 491 ex
289 465 411 500 pluribus
425 465 564 500 sapientia:
574 465 636 500 viis,
652 465 720 492 duas
736 473 797 492 esse
810 474 855 493 as-

82 499 152 531 serit,
178 500 257 527 ﬁdem
283 499 397 529 scilicet,
413 508 466 534 qua
482 499 578 526 divinae
601 499 779 527 Providentia:
799 509 853 529 non

81 535 213 567 reluctari,
231 538 257 562 et
272 533 318 560 Dei
334 533 468 565 timorem,
485 543 539 568 quo
561 540 700 568 peccalmn
716 535 854 564 declinare

79 571 231 598 edocemur.
255 569 370 605 Etuhrec
386 569 494 603 quidem
522 577 584 596 cum
600 579 614 596 a
629 570 756 601 barbara,
771 579 853 605 quam

80 605 224 640 sequimur,
255 603 425 638 philosophia
449 604 597 636 discamusI
621 605 685 632 hinc
701 603 853 634 illam-Cle-

78 639 151 667 mens
161 647 251 667 veram
270 643 298 666 et
313 640 461 673 perfectam
484 647 545 666 esse
558 640 686 675 ostendit.
704 639 853 675 Postquam

77 676 210 703 enimvero
224 678 298 701 recta
321 674 492 702 institutione
508 674 589 701 fuerit
600 675 759 706 exercitata.
772 674 822 703 nos
837 683 852 702 a

77 718 162 737 rerum
186 717 379 744 corporearum
405 710 557 744 cognitione
581 709 614 736 ad
637 709 779 744 ipsiusmet
805 711 852 739 Dei

77 745 160 772 evehit
174 743 326 772 scientiam.
340 743 512 778 Verum'quia
522 743 626 771 inﬁnita
637 743 678 771 est
687 745 757 772 inter
768 745 852 773 Demn

77 781 219 816 ingenitum
245 784 272 816 et
303 781 442 816 genitum”
458 779 594 816 hominem
625 779 766 812 distantia,
795 781 854 815 ipso

77 813 142 842 Deus
152 815 184 842 ad
199 813 336 842 hominem
352 814 466 845 accedit.
478 815 514 841 ita
528 820 616 842 tamen
627 819 657 842 ut
669 815 730 842 talis
745 816 780 843 ab
795 813 851 848 illo,

76 850 160 883 qualis
174 853 225 882 est,
242 850 373 885 cognosci
392 850 556 884 nequeat“.
576 849 757 882 Quamobrem
778 852 851 878 veri-

905 257 966 283 dem
982 262 1034 292 tam
1052 257 1079 283 in
1091 256 1162 283 bello
1178 264 1259 290 quam
1275 257 1302 284 iti
1321 265 1396 291 pace,
1414 262 1495 292 atque
1509 256 1591 285 etiam
1609 259 1690 289 rebus

905 291 933 329 i_n
948 291 1076 329 omnibus
1101 299 1161 319 esse
1183 291 1262 329 plane
1286 291 1478 329 necessariam.
1506 292 1538 319 Et
1557 294 1613 321 haec
1628 295 1690 329 qui-

905 326 966 362 dem
987 327 1118 353 virtutum
1136 326 1255 353 maxima
1272 334 1286 352 a
1309 326 1453 354 Salomone
1469 329 1611 362 sapientia.
1630 326 1657 356 et
1673 338 1690 358 ιι

907 360 1058 387 Xenocrate
1083 362 1231 395 pritnarum
1260 369 1405 389 causarum
1437 360 1550 390 scientia
1577 364 1687 392 dicitttr.

904 396 1034 428 Quamvis
1046 400 1136 423 autem
1150 396 1206 427 illa,
1222 404 1282 430 qua:
1297 396 1347 423 ﬁde
1361 397 1477 424 habetur
1491 399 1617 430 scientia,
1633 407 1688 426 non

905 431 940 458 sit
963 430 1071 465 pr0pr‘re
1097 431 1169 467 dicta
1195 431 1402 464 demonstratio,
1430 433 1515 459 nihilo
1535 437 1626 467 tamen
1642 435 1690 460 mi-

906 473 958 492 nus
971 473 1102 504 assensus
1121 465 1376 504 ei_pr'¢eberi_debet.
1396 467 1463 493 Nam
1479 468 1501 494 si
1519 465 1688 504 lfytliagorazi

906 501 1038 533 magistro
1053 500 1153 527 dicenti
1170 500 1333 527 credendum
1347 510 1407 528 esse
1422 500 1684 535 contenduntfnun-

903 534 967 569 quid
983 543 1089 570 aequum
1112 539 1154 570 est
1171 535 1258 566 ﬁdem,
1284 544 1344 570 qua:
1358 544 1390 563 ex
1404 537 1497 564 auditu
1513 542 1618 565 tantum
1632 541 1689 566 ori-

905 574 959 601 tur,
978 569 1110 597 servatori
1134 569 1188 597 Deo
1210 578 1263 596 non
1287 569 1396 601 habere.
1419 576 1445 598 ct
1459 572 1493 598 ab
1503 581 1536 599 eo
1551 574 1687 601 dictorum

904 612 1015 632 suorum
1028 604 1136 642 exigere
1149 605 1323 642 probationes
1340 605 1376 631 9’?
1401 606 1434 642 Et
1449 615 1513 634 vero
1528 609 1572 634 ubi
1590 609 1688 642 praedi-

903 643 997 667 cantes
1020 640 1158 701 apostolos
1175 640 1311 672 audimus,
1334 644 1399 667 tunc
1423 641 1488 669 ﬁdes
1505 643 1537 669 ad
1561 640 1688 671 DeiVer-

903 674 966 701 btun
987 678 1014 701 et
1056 674 1131 701 ilium
1143 682 1193 701 nos
1207 675 1315 701 quidem
1331 676 1438 701 attollit.
1455 677 1502 701 sed
1517 678 1636 701 nandum
1649 679 1688 701 in.

902 674 966 701 bum
987 678 1014 702 et
1032 674 1131 701 Filium
1143 682 1193 701 nos
1207 675 1315 709 quidem
1331 676 1438 708 attollit,
1455 677 1502 704 sed
1517 678 1636 705 nondum
1649 679 1688 706 in-

903 709 1050 744 telligimus
1072 709 1123 735 hoc
1144 709 1262 736 Verbum
1281 718 1342 737 esse
1361 711 1630 741 demonstrationem.
1648 714 1688 742 Ne

903 743 971 783 quis
989 752 1069 783 porro
1095 744 1172 770 iidem
1193 743 1222 783 lin
1247 749 1379 783 potestate
1404 754 1452 773 sua
1477 755 1537 774 esse
1563 749 1687 783 negando

903 778 1062 815 ignorantiae
1078 779 1280 815 excusationem
1296 779 1413 813 allen-ret,
1435 782 1544 815 planum
1561 778 1686 811 ClEInens

903 814 969 852 facit
985 821 1080 841 omnes
1096 821 1116 852 a_
1129 813 1185 852 Deo
1198 822 1258 852 esse
1275 819 1395 852 vocatos,
1422 813 1503 850 atque
1529 817 1589 845 ideo
1606 826 1686 852 posse

903 849 982 876 iidem
1009 849 1128 883 assequi.
1166 848 1217 881 Qui
1244 850 1334 884 itaque
1359 850 1413 877 Deo
1439 848 1545 878 vocanti
1572 848 1687 880 crédunt

76 888 114 912 tas
128 886 154 912 in
171 884 320 919 Scriptura:
335 892 421 913 sacrae
445 885 557 912 latebris
571 885 660 912 adhue
675 885 849 919 delitescens,
867 890 888 917 Β
904 891 1060 918 moremque
1076 889 1184 918 gerunt,
1202 884 1230 910 hi
1250 889 1424 919 peccatorum
1451 893 1563 913 suorum
1587 895 1619 914 ea
1635 889 1686 915 du-

75 921 187 947 nondum
202 920 282 947 nobis
296 921 375 954 plane
384 923 522 954 comperta
541 923 592 947 est.
608 919 673 947 Jure
693 920 776 955 igitur
795 929 851 948 mc-

75 955 123 982 rito
132 956 149 982 ii
166 955 296 982 laudandi
321 959 395 990 sunt,
412 956 457 989 qui
469 955 497 981 in
516 962 547 982 ea
560 955 722 982 invenienda
740 964 852 990 operam

75 997 146 1017 suam
158 990 305 1017 collocant.
324 989 375 1017 Sed
391 990 458 1016 nulli
476 997 542 1017 sane
559 990 660 1017 inﬁdeli
677 989 776 1017 arcana
790 992 852 1018 reli-

91 1024 155 1052 ionis
168 1030 271 1052 nostrae
286 1026 414 1060 mysteria
431 1028 493 1052 sunt
509 1025 704 1059 patefacienda,
720 1033 780 1060 quae
793 1027 853 1054 sine

91 1033 155 1052 lonls
168 1033 271 1052 nasum
286 1033 414 1060 mysreria
431 1033 493 1052 sunt
509 1033 648 1059 pateiaciet

74 1033 121 1088 iide
131 1060 271 1095 percipere
283 1068 361 1088 nemo
374 1068 499 1095 unquam
511 1061 608 1094 poterit
616 1060 649 1087 ⁸⁸,

103 1094 141 1122 Ad
154 1096 312 1122 inchoatum
328 1094 427 1129 itaque
439 1095 472 1122 de
488 1094 539 1121 ﬁde
550 1103 703 1122 sermonem
727 1095 789 1123 inde
805 1095 847 1123 de-

75 1130 169 1165 lapsus,
197 1130 442 1165 refertrquasdam
459 1130 532 1165 illius
555 1138 588 1157 ex
609 1130 740 1165 Apostolo
769 1135 851 1165 atque

73 1167 147 1193 etiam
164 1173 196 1192 ex
208 1165 271 1192 aliis
284 1164 465 1192 deﬁnitiones.
484 1164 565 1192 Fides
582 1164 682 1195 autem.
693 1166 780 1199 inquit
795 1164 849 1199 ille.

73 1209 127 1235 qua:
137 1201 300 1235 principium
312 1200 430 1227 actionis
443 1203 470 1227 et
485 1200 625 1235 prudentis
635 1201 776 1228 electionis
790 1201 851 1228 fun-

73 1234 288 1266 damentutuest,
305 1234 527 1262 meditatione’ﬁt
539 1235 663 1267 scientia,
682 1243 712 1262 ac
728 1237 852 1263 certissi-

73 1279 127 1298 tnas
142 1278 175 1298 ex
189 1270 343 1304 Scripturis
363 1270 450 1297 sacris
469 1270 502 1297 de
517 1270 584 1302 Deo,
599 1270 754 1297 earumdem
776 1271 852 1298 Scri-

91 1310 206 1332 turarum
222 1310 345 1337 auctore,
356 1305 603 1332 demonstrationes
622 1305 733 1339 colligit.
750 1306 851 1333 Contra

93 1341 248 1368 asilidiauos
266 1347 341 1371 vero,
358 1340 405 1375 qui
423 1339 502 1367 ﬁdem
519 1340 598 1368 nobis
620 1347 634 1367 a
647 1345 756 1371 natura.
768 1345 795 1368 et
808 1349 851 1368 se-

72 1376 183 1404 cundum
202 1376 344 1402 naturales
359 1375 577 1410 uniuscujusque
601 1375 796 1410 dispositiones
809 1376 850 1403 in-

73 1411 146 1438 sitam
173 1410 355 1445 garriebant;
377 1417 410 1437 ac
436 1409 540 1437 contra
554 1409 770 1443 Valentinianos,
803 1411 850 1445 qui

72 1446 240 1480 simplicium,
261 1445 311 1472 hoc
324 1451 365 1472 est
381 1445 604 1477 orthodoxormn,
618 1454 671 1473 non
684 1454 747 1472 vero
763 1447 850 1480 perle—

72 1479 171 1508 etorum
187 1488 301 1508 suorum
322 1484 487 1507 sectatorum
507 1479 586 1507 ﬁdem
603 1488 663 1508 esse
676 1479 848 1514 jactitabant,

71 1516 188 1543 Clemens
200 1516 285 1542 variis
300 1515 396 1549 probat
411 1516 577 1549 argumentis
588 1522 647 1542 eam
661 1516 687 1542 in
704 1516 786 1542 libera
799 1524 848 1543 uo-

72 1556 123 1578 stra
142 1551 275 1578 electione
301 1555 336 1577 ita
363 1558 425 1577 esse
444 1549 571 1584 positam.
585 1556 613 1576 ut
640 1550 686 1577 Dei
706 1553 795 1577 tamen
814 1553 848 1578 sit

72 1586 165 1613 donum
175 1587 208 1613 ⁸⁸.
239 1585 343 1612 Dehinc
369 1585 412 1612 ille
430 1585 547 1620 explicat
574 1585 711 1619 quomodo
726 1593 773 1619 per
788 1594 847 1613 eam

71 1629 101 1648 ex
123 1621 164 1652 iis,
191 1629 253 1656 qua:
278 1621 458 1649 demonstrari
485 1620 691 1656 nequeantLad
723 1621 750 1646 id
776 1620 849 1655 quod

72 1658 145 1690 plane
157 1655 272 1690 simplex
286 1660 313 1682 et
328 1655 402 1682 omni
423 1663 536 1689 prorsus
553 1655 672 1691 materia:
688 1660 730 1682 cst
740 1663 848 1691 expers,

72 1691 119 1718 hoc
142 1695 194 1721 est,
218 1691 253 1717 ad
271 1691 370 1717 divina:
395 1694 501 1716 natura:
515 1690 697 1724 cognitionem
715 1691 849 1724 perduca-

71 1734 136 1752 tnur.
152 1727 242 1760 Atque
261 1725 297 1752 ibi
312 1725 468 1752 incredulos
477 1733 524 1752 seu
538 1725 663 1752 ethnicos
674 1725 849 1760 philosophos

70 1761 153 1788 obiter
176 1761 304 1795 castigat,
330 1761 377 1794 qui
406 1760 473 1786 nihil
497 1761 626 1791 omnino,
654 1760 707 1787 nisi
734 1761 850 1787 materia

71 1796 266 1830 compositum,
292 1800 399 1822 exstare
426 1802 567 1829 perperam
594 1795 787 1822 existimabant
815 1796 848 1822 “’.

71 1829 149 1858 Porro
171 1837 263 1858 autem
291 1830 423 1864 quidquid
443 1829 584 1864 spirituale
595 1835 646 1860 est,
661 1830 711 1856 hoc
724 1829 849 1857 Clemens

71 1866 142 1893 docet
155 1867 213 1893 sola
232 1866 286 1892 ﬁde
299 1870 326 1892 et
340 1864 518 1900 intelligentia
532 1865 736 1899 comprehendi.
756 1865 848 1892 Fidem

72 1900 165 1935 itaque.
184 1908 269 1935 quam
285 1899 442 1934 conjectura
457 1899 637 1934 nequidquaui
656 1900 755 1926 imitari
768 1908 850 1926 cona-

70 1940 120 1967 tur,
132 1936 255 1963 scientia:
270 1939 400 1970 praestare
415 1939 441 1961 et
466 1935 540 1962 illius
556 1942 617 1962 esse
628 1935 759 1969 judicent,
780 1935 851 1969 ipso—

70 1975 119 1997 tnet
130 1972 208 1998 etiam
226 1971 382 1998 Aristotelis
399 1970 553 1997 testimonio
566 1970 713 1996 concludit.
729 1970 850 1996 Subinde

71 2013 130 2040 vero
145 2006 298 2033 luculenter
314 2006 372 2040 ipse
388 2005 498 2040 exponit
512 2012 572 2039 quae
596 2005 676 2032 fuerit
690 2004 800 2040 Epicuri
824 2009 850 2032 et

71 2039 191 2067 Heracliti
203 2041 237 2068 de
264 2040 314 2067 ﬁde
327 2039 472 2072 Sententia,
495 2047 526 2066 ac
544 2040 630 2066 virum
646 2048 677 2066 ea
695 2039 848 2073 pratditum,

70 2077 162 2110 quippe
172 2076 218 2111 qui
235 2076 272 2103 sit
292 2075 414 2111 veritatis
432 2075 580 2109 particeps.
607 2083 621 2100 a
644 2074 755 2111 Platone
770 2079 850 2109 atque

69 2109 145 2138 etiam
160 2109 343 2146 a‘Speusippo
360 2114 387 2137 et
399 2109 654 2146 Stoicistbcalum,
669 2110 797 2145 regalem,
812 2111 851 2136 le-

70 2153 176 2180 gemque
190 2147 339 2173 aniinatam
353 2149 426 2172 recte
442 2145 573 2180 appellari
588 2145 621 2171 ⁸³.

100 2179 142 2213 At,
160 2182 261 2216 pergit
274 2184 370 2207 auctor
393 2179 497 2216 noster,
526 2179 572 2216 qui
603 2180 687 2216 legem
705 2179 809 2214 implet,
827 2179 850 2206 is

69 2214 131 2251 ipse,
145 2214 374 2251 quemadmodum
400 2214 744 2251 olimVLacedannoniorum
759 2218 850 2249 scyta-

70 2249 108 2281 la:,
120 2249 272 2278 inﬁexcclso
290 2250 362 2284 ligno
391 2250 552 2284 inscriptus,
569 2250 667 2276 divinae
686 2250 794 2277 virtutis
805 2255 847 2276 est

70 2286 212 2320 exemplar,
236 2289 264 2312 et
292 2285 480 2320 ipsexutpote
509 2285 554 2319 qui
583 2286 658 2312 solus
679 2286 786 2320 sapiens
799 2285 844 2317 sit,

69 2319 161 2347 cuncta
177 2319 343 2348 possidet".
358 2319 421 2346 Haec
436 2324 525 2347 autem
541 2320 631 2346 omnia
643 2319 729 2347 Cra-ci
746 2320 783 2346 illi
799 2320 846 2346 lio-

69 2329 161 2347 cuncta
196 2329 343 2348 ossuuct
358 2329 421 2346 nate
436 2329 525 2347 autem
541 2329 631 2346 omnia
643 2329 729 2347 ora-c7
746 2329 783 2346 nn
799 2329 846 2346 no-

69 2355 152 2382 mines
175 2329 328 2383 iiauserunt
342 2363 374 2382 ex
402 2354 504 2389 Moyse,
530 2355 577 2389 qui
602 2363 658 2382 non
675 2356 746 2382 sicut
759 2355 846 2381 Minos

69 2397 126 2416 cum
137 2389 214 2422 Jove,
229 2390 278 2418 sed
290 2398 352 2417 cum
375 2391 491 2424 ipsomet
511 2389 576 2420 Deo,
590 2398 644 2417 non
671 2398 750 2418 secus
765 2394 846 2424 atque

69 2425 167 2453 amicus
181 2434 245 2453 cutn
264 2426 352 2452 amico
371 2423 543 2459 loquebatur.
568 2423 592 2451 Is
622 2429 712 2452 autem
738 2423 847 2459 sapiens

68 2459 182 2493 quidem,
199 2469 248 2488 rex
258 2464 285 2487 et
300 2461 437 2495 legislator
451 2460 520 2492 I'uit;
538 2460 585 2487 sed
608 2461 653 2487 illo
669 2460 847 2495 praestabilior

68 2499 123 2530 erat
137 2495 266 2523 Servator
281 2501 384 2527 noster,
411 2495 458 2530 qui
484 2503 566 2530 supra
579 2503 675 2522 omnes
694 2495 806 2530 pulcher
821 2498 847 2521 et

69 2529 148 2561 dives.
177 2531 236 2565 ipse
264 2538 312 2557 rex
330 2538 345 2556 a
369 2528 461 2564 pueris
488 2528 636 2557 et'Judazis
664 2528 846 2561 reiiuntiatus,

69 2566 265 2600 pradictusquc
280 2573 295 2592 a
308 2566 458 2600 prophetis,
472 2567 547 2592 solus
557 2565 688 2600 pontifex.
699 2574 745 2592 rex
761 2565 848 2591 maxi—

68 2607 125 2636 uius
141 2604 168 2628 et
196 2600 346 2636 lcgislator,
360 2600 460 2636 cujus
472 2601 646 2636 paterisolus
673 2600 744 2627 Dctts
760 2604 801 2626 est
812 2600 845 2626 νο.

68 2632 203 2670 Platonem
223 2632 313 2670 'porro
339 2632 415 2662 hisce
445 2632 620 2669 dogmatibus
649 2635 847 2669 subscripsisse

68 2668 208 2705 ipsiusmet
222 2668 322 2697 evincit
345 2670 446 2701 verbis,
463 2668 563 2704 quibus
581 2671 624 2697 ille
641 2668 789 2705 sapientem
802 2678 846 2695 so-

69 2703 119 2730 lmn
136 2712 198 2732 esse
225 2705 348 2736 divitem,
379 2703 505 2736 liberum,
532 2703 686 2739 pulchrum,
718 2709 744 2732 ct
759 2711 847 2739 regem

68 2744 224 2766 constanter
240 2742 389 2767 asseverat.

867 2241 887 2267 D

904 924 1004 954 cuntur
1021 919 1190 953 pmnitentia,
1210 927 1270 954 quae
1280 925 1306 946 et
1318 920 1376 954 ipsa
1392 920 1453 947 ﬁdei
1471 921 1588 948 cilicium
1599 927 1640 949 est
1651 923 1684 951 ’3.

939 953 1115 988 Perspicuum
1131 953 1240 988 quoque
1255 953 1380 982 Clemens
1403 960 1495 982 noster
1511 955 1575 983 facit
1591 964 1623 983 ex
1640 966 1687 985 ea-

903 988 963 1025 dem
981 988 1031 1016 ﬁde
1048 989 1197 1025 consistere
1213 997 1298 1024 spem,
1326 998 1386 1023 qua:
1402 995 1442 1017 cst
1460 992 1520 1017 boni
1538 992 1685 1025 acquiren-

903 1024 930 1049 di
947 1025 1123 1058 exspectatio.
1145 1024 1214 1056 Quia
1230 1027 1318 1060 autem
1345 1026 1400 1051 lucc
1416 1024 1586 1060 exspectatio
1601 1027 1686 1054 ﬁdelis

902 1065 962 1095 esse
980 1059 1144 1095 debet,ripse
1159 1059 1327 1095 enucleatius
1343 1059 1470 1087 edisserit
1489 1061 1552 1095 quid
1570 1062 1605 1088 sit
1622 1062 1687 1089 lide-

903 1092 936 1120 lis
952 1097 978 1121 et
994 1094 1149 1130 inﬁdelitas,
1176 1094 1241 1128 quid
1259 1095 1324 1122 lides
1341 1095 1375 1122 ab
1392 1092 1519 1128 opinione
1535 1097 1614 1130 plane
1629 1097 1687 1124 dis-

902 1136 1027 1162 crepans,
1052 1128 1117 1166 quid
1144 1129 1311 1166 exspectatio
1335 1133 1374 1166 eti
1389 1130 1495 1158 ﬁducia.
1532 1128 1569 1158 Ex
1586 1133 1686 1166 quibus

902 1169 997 1197 postea
1021 1164 1124 1198 colligit
1150 1171 1200 1191 nos
1225 1163 1351 1190 ﬁduciam
1369 1165 1396 1191 in
1414 1167 1472 1192 solo
1488 1163 1660 1193 habere'Deo
1677 1176 1684 1194 :

905 1207 914 1222 ι
934 1198 1019 1235 Quem
1036 1199 1138 1235 scimus
1153 1207 1210 1235 non
1223 1202 1457 1233 transgressurum
1474 1209 1504 1227 ea
1515 1221 1521 1232 ,
1547 1209 1607 1235 quae
1623 1206 1686 1228 sunt

902 1233 980 1271 nobis
997 1234 1108 1271 pulchre
1125 1234 1258 1271 promissa
1269 1254 1276 1264 ,
1286 1235 1392 1271 Aetrideo
1408 1240 1498 1261 creata
1508 1233 1563 1271 ,Vet-
1576 1237 1610 1262 ab
1626 1237 1686 1271 ipso

902 1267 1030 1295 benevole
1047 1267 1163 1296 nobis?"
1173 1269 1261 1296 data.)
1280 1269 1348 1303 Quid
1368 1270 1403 1296 sit
1420 1274 1509 1296 autem
1523 1267 1685 1298 benevolen—

901 1304 950 1338 tia,
968 1303 1068 1331 ibidem
1085 1303 1130 1330 ille
1145 1304 1265 1337 exponit.
1281 1305 1414 1338 docetque
1430 1305 1452 1331 si
1463 1305 1583 1332 credenti
1598 1306 1685 1332 Abra-

901 1337 942 1375 ha:
973 1342 1155 1375 trepidatum
1171 1342 1221 1375 est
1253 1339 1286 1365 ad
1310 1337 1444 1373 justitiam
1460 1361 1468 1372 ,
1489 1350 1498 1365 ι
1533 1341 1613 1367 nobis
1638 1342 1685 1375 qui

902 1372 1031 1399 Israelita:
1055 1378 1081 1400 et
1096 1373 1211 1399 Abrabm
1238 1382 1328 1401 semen
1354 1382 1460 1403 sumus.
1486 1383 1547 1402 esse
1571 1372 1685 1402 creden—

900 1407 965 1434 dttm
980 1408 1019 1444 9".
1036 1407 1242 1444 EtenimAVetus
1258 1407 1415 1444 Nuvmnquc
1431 1409 1633 1436 Testamentum
1651 1411 1685 1437 ab

900 1450 955 1469 uno
971 1443 1119 1478 eodemque
1144 1442 1198 1469 Deo
1222 1451 1270 1477 per
1286 1442 1382 1470 Filium
1409 1445 1469 1477 ejus
1485 1445 1613 1471 traditum
1631 1450 1682 1472 est.

900 1477 1070 1513 Quapropter
1093 1478 1200 1512 justilia
1226 1479 1283 1508 Dei.
1308 1482 1335 1504 ut
1350 1479 1387 1504 ait
1405 1479 1564 1513 Apostolus,
1582 1488 1613 1506 ex
1633 1481 1685 1507 ﬁde

900 1512 928 1548 in
955 1513 1033 1539 ﬁdem
1060 1513 1208 1547 patefacta,
1234 1521 1267 1541 cx
1292 1512 1432 1548 prophetia
1458 1516 1587 1548 manavit,
1614 1517 1684 1543 etin

902 1547 1046 1582 Evangelio
1061 1548 1209 1582 perlicit-ir.

935 1582 1015 1619 Fides
1032 1583 1122 1616 itaque
1138 1591 1193 1609 non
1206 1587 1247 1619 est
1262 1583 1420 1619 humanum,
1440 1584 1529 1619 inquit
1544 1584 1683 1614 Clemens,

900 1617 948 1644 sed
971 1618 1091 1644 divinum
1114 1617 1226 1652 aliquid,
1251 1618 1323 1652 quod
1340 1626 1389 1645 nec
1407 1617 1542 1646 mundana
1567 1621 1686 1648 amicitia

899 1652 1054 1684 divellitur,
1085 1660 1134 1679 nec
1166 1658 1298 1687 praesente
1325 1653 1420 1680 timore
1445 1655 1614 1681 dissolvitur.
1648 1655 1685 1682 Ea

900 1687 971 1714 enim
981 1688 1123 1714 charitatis
1139 1695 1201 1714 cum
1219 1688 1270 1714 ﬁde
1285 1692 1326 1714 est
1347 1690 1494 1721 connexio,
1513 1694 1541 1715 ut
1558 1691 1602 1715 illa
1619 1690 1684 1716 lide-

899 1722 939 1749 les
965 1723 1056 1753 faciat,
1080 1723 1138 1749 hate
1163 1730 1228 1750 vero
1245 1723 1318 1750 illius
1334 1723 1369 1750 sit
1387 1724 1461 1751 basis
1480 1729 1507 1751 et
1523 1725 1684 1751 fundamen—

900 1761 967 1784 tum.
1003 1757 1079 1792 Quod
1098 1757 1206 1791 quidem
1224 1758 1267 1785 his
1282 1759 1412 1792 gradibus
1438 1759 1494 1786 ﬁeri
1519 1761 1559 1786 sic
1577 1761 1620 1786 illc
1636 1759 1684 1786 de-

900 1796 1043 1828 monstrat.
1074 1792 1292 1828 Primapinquit,
1318 1794 1350 1819 ad
1365 1794 1479 1821 salutem
1501 1794 1641 1821 inclinatio
1655 1795 1686 1820 ﬁ-

899 1826 947 1853 des
963 1831 1084 1863 apparet.
1110 1827 1210 1854 Deinde
1229 1826 1320 1858 timor.
1333 1836 1394 1862 spes
1411 1834 1436 1855 et
1452 1830 1610 1863 pomitentia
1622 1837 1685 1856 cum

899 1863 1066 1889 continentia
1084 1866 1111 1889 et
1120 1863 1263 1893 tolerantia
1276 1864 1459 1898 proﬁcientes,
1478 1873 1528 1891 nos
1545 1865 1577 1891 ad
1591 1865 1684 1891 chari-

900 1900 981 1923 taleni
1002 1897 1248 1932 cognitionemque,
1270 1897 1380 1931 γνῶσιν,
1405 1900 1556 1932 perducunt
1568 1899 1601 1926 °“.
1619 1899 1685 1926 Dav-

899 1933 976 1958 nabm
1001 1940 1082 1969 porro
1107 1933 1390 1969 auctoritate_istlia:c
1417 1935 1531 1966 stabilit,
1561 1935 1685 1969 sciteque

900 1967 1068 2001 comprobat,
1081 1971 1162 2001 atque
1185 1967 1247 1994 inde
1274 1967 1352 1995 ﬁdem
1379 1970 1500 1996 veritatis
1521 1970 1607 1996 basim
1623 1967 1684 1996 esse

900 2002 1045 2028 concludit.

935 2035 1058 2064 Posthaec
1074 2045 1138 2064 vero
1152 2040 1245 2064 contra
1269 2036 1330 2063 illos
1354 2037 1399 2071 qui
1422 2037 1546 2065 timorem
1573 2046 1681 2072 respue-

899 2071 965 2098 bant
980 2072 1129 2108 _legemque
1153 2074 1264 2098 omnino
1286 2073 1512 2108 aspernabantur,
1539 2073 1578 2099 sic
1594 2071 1684 2108 dispu-

900 2111 949 2134 tat.
971 2106 1022 2140 Qui
1036 2107 1119 2142 legem
1138 2107 1236 2141 rejicit,
1250 2108 1274 2134 is
1291 2106 1374 2133 Deum
1390 2107 1462 2135 illitis
1476 2112 1613 2135 auctorem
1626 2106 1683 2142 pla-

900 2150 935 2168 ne
958 2142 1121 2176 despicicns,
1150 2143 1208 2169 sine
1233 2142 1328 2168 timore
1354 2143 1452 2176 impius
1467 2147 1494 2170 et
1512 2143 1632 2177 iniquus,
1650 2144 1684 2170 ab

901 2177 959 2212 ipsa
986 2178 1098 2203 veritate
1121 2179 1229 2212 penitus
1252 2177 1389 2204 abhorret.
1413 2177 1510 2204 Verum
1529 2180 1620 2209 timor.
1639 2179 1683 2204 in-

901 2212 1041 2248 quieban},
1058 2216 1109 2248 est
1134 2213 1280 2239 declinatio
1294 2220 1308 2237 a
1325 2212 1430 2240 ratione
1442 2217 1469 2239 et
1483 2214 1565 2239 animi
1581 2218 1684 2248 pertur-

902 2247 984 2273 batio.
1015 2246 1066 2273 Sed
1090 2247 1159 2274 hanc
1178 2248 1274 2274 falsam
1291 2254 1351 2274 esse
1370 2248 1475 2274 timoris
1498 2246 1683 2275 deﬁnitionem

901 2281 962 2308 itide
976 2282 1072 2316 probat
1087 2282 1222 2313 Clemens,
1242 2283 1313 2317 quod
1331 2287 1492 2316 praeceptum
1506 2284 1684 2317 praevarican-

901 2317 919 2343 ti
948 2317 1077 2343 timorem'
1095 2318 1249 2350 incutiens,
1276 2317 1373 2344 rationi
1397 2323 1610 2345 consentaneum
1636 2318 1682 2345 sit.

901 2352 978 2386 Quod
995 2353 1017 2379 si
1032 2352 1133 2388 iustetit
1161 2353 1233 2379 hunc
1246 2353 1420 2388 rrtituorcmra
1435 2352 1603 2388 philosophis
1618 2361 1684 2380 cau-

901 2388 1002 2423 tionem
1019 2386 1160 2413 εὐλάϐειαν
1176 2387 1316 2422 appellari,
1332 2395 1365 2414 ex
1380 2386 1498 2415 Critolao
1513 2386 1557 2415 ille
1570 2395 1684 2423 respon-

900 2421 945 2449 det
969 2422 1066 2449 bonam
1091 2430 1151 2449 esse
1172 2421 1244 2449 illam
1273 2423 1426 2449 cautionem
1451 2423 1483 2450 ³⁷.
1513 2423 1583 2456 Quid
1607 2421 1683 2455 vero,

900 2456 972 2491 quod
985 2456 1129 2484 Salomone
1141 2460 1286 2484 attestante
1297 2458 1342 2489 9",
1359 2459 1439 2485 timor
1455 2457 1562 2485 Domini
1577 2462 1619 2485 est
1639 2467 1684 2486 sa-

899 2492 1008 2532 pienti-.e
1037 2493 1164 2532 initium?
1192 2492 1246 2520 Lex
1272 2492 1409 2532 itaquesi
1430 2494 1555 2532 timorem
1578 2493 1681 2524 aﬂ‘erat,

899 2527 985 2563 ipsius
1002 2527 1121 2561 cognitio
1138 2531 1179 2554 est
1197 2535 1304 2562 quoque
1320 2528 1425 2554 initium
1441 2529 1590 2563 sapientiae,
1603 2532 1684 2563 atque

899 2562 1002 2599 idcirco
1013 2563 1051 2588 illi
1061 2569 1174 2596 prorsus
1184 2563 1261 2597 111
1272 2562 1431 2598 insipientes
1441 2562 1553 2599 etitnpii
1566 2569 1628 2591 sunt
1637 2562 1689 2598 qui.

900 2597 984 2631 legem
1000 2602 1136 2624 recusant.

933 2631 1038 2664 Quibus
1052 2633 1090 2658 ita
1105 2632 1232 2659 stabilitis
1244 2637 1270 2660 et
1281 2635 1404 2665 assertis,
1420 2634 1497 2660 docet
1509 2633 1634 2661 Clemens
1650 2634 1683 2659 ti—

897 2667 995 2703 menda
1009 2668 1149 2703 esse‘vitia
1164 2669 1266 2699 omnia,
1281 2670 1344 2703 quia
1359 2670 1420 2703 jure
1436 2670 1534 2695 merito
1548 2670 1605 2703 lege
1621 2676 1684 2703 pro—

900 2701 1038 2739 hibentur.
1062 2701 1244 2739 Quamobrem
1267 2701 1410 2739 h'mreticos
1434 2705 1559 2739 corripit,
1576 2701 1628 2738 ‘qui
1650 2711 1682 2730 ex

902 2737 1082 2774 his_Apostoli
1108 2738 1197 2774 verbis
1215 2748 1221 2765 :
1242 2747 1251 2763 ι
1267 2738 1318 2766 Per
1340 2740 1422 2774 legem
1447 2737 1566 2773 cognitio
1588 2737 1683 2772 pecca-

100 2774 138 2801 Ad
153 2775 330 2810 interruptam
348 2776 381 2802 de
398 2774 448 2802 ﬁde
464 2775 615 2802 orationem
641 2775 702 2802 inde
725 2773 851 2802 Clemens
902 2772 924 2798 ti
939 2771 972 2805 ⁸⁸,
992 2781 1002 2798 ι
1021 2772 1096 2799 illam
1110 2773 1207 2799 malam
1224 2781 1285 2800 esse
1301 2771 1464 2801 int'er'ebant.
1479 2771 1545 2800 {\am
1561 2771 1597 2800 ibi
1613 2774 1684 2808 Apo-

99 2851 121 2867 ⁸⁸
134 2860 159 2887 p.
171 2853 234 2879 560.
251 2850 376 2885 “p.561.
393 2853 415 2869 ³⁸
432 2862 457 2888 p.
476 2854 537 2881 562.

99 2853 121 2867 ιι
134 2860 159 2887 ρ.
171 2853 234 2879 560.
251 2853 376 2885 “p.561.
393 2853 415 2869 ευ
432 2862 457 2888 p.
476 2854 537 2881 sos.
577 2854 599 2869 ω
617 2862 643 2888 ρ.
659 2853 721 2883 565,
735 2853 796 2881 564.

69 2885 88 2902 ¹¹
105 2887 203 2921 ρ.5ῗυ.
225 2888 286 2922 ⁹³ρ.
301 2888 361 2914 571.
382 2889 403 2905 9"
417 2887 495 2916 Rom.
510 2889 581 2921 tv,9.
621 2889 642 2905 ’⁸
659 2897 685 2922 p.
704 2889 765 2917 5'12.

621 2889 642 2905 νε
659 2897 685 2924 μ.
704 2889 765 2917 572.

836 2853 858 2869 θ’
874 2862 901 2889 p.
919 2854 981 2882 565.
1014 2854 1036 2870 εε

1052 2854 1155 2895 mw-
1166 2855 1252 2895 .p-
1269 2855 1330 2895 ξδτ-
1366 2855 1431 2895 ξοηρ-
1450 2855 1512 2895 ea
1543 2855 1564 2870 ἰ
1578 2862 1604 2889 ρ·
1621 2853 1681 2895 59?..-

804 2890 826 2906 νθ
844 2897 870 2924 ρ.
888 2890 949 2917 575.
989 2890 1010 2905 υτ
1022 2897 1048 2924 ρ.
1065 2889 1126 2916 574.

1166 2890 1200 2906 ’7'
1217 2888 1301 2918 Eccli.
1327 2898 1345 2922 t,
1369 2888 1411 2917 16.
1452 2890 1474 2905 ⁸³
1490 2888 1628 2922 Ronniu,
