1927 3073
71 147 135 181 1017

663 151 707 179 DE
725 151 837 180 LlBBlS
855 152 1078 181 STROMATUM.

1603 156 1672 185 1018

69 209 161 246 quarto
188 203 300 244 denique
313 202 379 238 quia
393 203 424 234 in
450 208 651 239 resurrectione
674 209 779 237 nullum
794 210 845 238 erit
860 212 883 240 Α
897 210 940 238 nis
953 214 1007 246 est,
1020 210 1069 238 sed
1084 209 1207 245 spiritus,
1219 210 1260 238 uti
1271 218 1305 239 ex
1318 210 1448 246 Apostolo
1470 211 1542 239 haud
1556 211 1674 242 obscure

69 239 184 276 amplius
192 239 250 276 conj
256 239 357 276 ugium.

100 274 138 303 Ad
153 275 219 314 alios
230 274 404 314 ipde_t_ran_sit
421 276 563 314 haereticos
576 279 622 313 qui
638 278 778 307 Christum
793 287 845 307 ca:-

69 312 144 339 libem
160 310 298 348 sejmitari
309 311 475 348 jactitantes,
485 310 785 348 diaboleitnnuptiarum
799 322 846 342 au<

71 351 166 384 etorem
176 345 265 373 dicere
278 347 512 384 nonuve_rebantur
522 349 556 376 θθ.
573 345 678 375 [lorum
695 355 784 376 autem
797 350 844 384 qui

70 389 96 419 se
109 380 200 419 melius
219 388 298 419 quam
313 381 358 419 alii
371 381 549 419 _Evangelium
572 384 722 419 intelligere
745 380 844 419 gloria-

70 392 96 409 se
109 392 200 408 melius
219 392 298 416 quali!
313 392 358 408 illi
375 392 549 417 evangelium
572 392 655 410 llllf‘lll
677 392 722 411 ere
745 392 843 419 gIOI'Iﬂ-

70 417 171 452 bantur,
190 417 251 444 inde
268 417 422 450 superbiam
439 418 644 452 retundit;quia
656 392 781 446 Christus
796 419 843 446 Dei

70 451 159 482 Filius.
175 452 226 479 etsi
249 452 274 478 in
292 452 342 478 hoc
365 452 466 479 mundo
490 461 539 480 nec
559 451 693 486 adiutore,
715 462 764 480 nec
782 455 844 482 [iliis

71 496 132 523 opus
143 487 261 518 haberet,
272 494 399 520 sponsam
411 490 501 514 tamen
518 488 611 515 habuit
626 488 786 520 Ecrlesiam,
797 497 844 516 nu-

71 522 186 559 ptiasque
209 522 406 559 comprobavit.
438 522 623 559 Quamobrem
650 524 686 550 ibi
718 524 843 559 Clemens

71 557 187 585 edisserit
206 557 228 572 “
243 564 296 591 quo
322 564 404 584 sensu
421 557 456 583 ab
480 557 573 584 eodem
593 558 704 586 Christo
729 558 844 586 Domino

71 592 211 628 dictumﬁsit
222 591 353 626 quosdam
372 599 433 620 esse
447 593 588 620 eunuchos
611 594 657 627 qui
679 599 786 628 propter
801 601 844 621 re-

70 636 145 662 gnum
157 627 202 654 Dei
218 634 247 662 se
256 630 420 662 castrarunt.
428 635 460 654 ae
471 627 692 661 pluriumathleta
698 627 766 658 rum.
778 637 843 662 prte-

71 661 209 697 sertimque
222 661 301 697 Astili
316 665 343 688 et
356 661 489 694 Crisonis.
502 671 607 690 necnon
621 663 742 691 Ammbei
754 661 842 690 citha-

71 698 138 729 roedi,
161 696 240 731 atque
255 696 406 733 Aristotelis
432 697 552 733 Cyrenmi
575 699 699 732 exemplo
724 699 843 726 ostendit

71 732 162 759 bonam
176 739 238 759 esse
249 732 413 768 castitatem.
423 732 476 760 nisi
492 734 527 760 ob
539 733 624 768 ipsam
640 733 667 760 in
683 733 766 761 Deum
782 734 843 761 cha-

70 768 168 804 ritatem
183 766 394 804 servetur.Qu_id
402 766 603 804 verorquod'ille
618 769 761 803 perspicue
777 777 842 804 pro-

70 802 111 838 hat
123 802 264 838 haereticos
278 821 285 833 ,
301 802 430 838 conjugijr
446 802 627 838 ciborumque
647 802 725 831 usum
745 802 844 838 imprm

70 837 169 868 bantes,
187 837 222 864 ab
245 836 386 871 Apostolo.
404 836 470 868 Elia.
488 836 614 866 Samuéle
624 842 651 865 et
666 839 767 866 Christi
781 836 843 866 ver-

70 872 117 909 his,
129 876 208 909 atque
219 872 302 898 etiam
315 871 389 899 Petri
404 876 431 899 et
440 872 567 909 Philippi,
583 873 718 909 quiililios
733 882 764 901 ex
776 882 844 901 uxo—
859 882 880 909 Β

70 907 140 944 ribus
148 907 213 944 suis
229 910 419 944 susceperunt.
435 907 570 942 exemplo,
589 907 621 935 ac
635 908 712 935 Pauli
727 908 844 944 denique

69 943 170 976 scriptis
183 949 312 978 expresse
331 942 419 978 notari
444 947 470 970 et
487 943 661 970 condemnari
679 944 719 970 “‘2
742 942 844 978 Carpo-

70 978 146 1004 cratis
168 984 250 1012 porro
271 977 352 1004 solvit
377 977 555 1011 objectionem
569 979 602 1010 ",
623 987 655 1005 ex
683 979 725 1006 his
742 977 842 1010 verbis.

70 1012 188 1046 superius
202 1011 294 1039 citatis
309 1021 315 1039 :
333 1022 343 1037 ι
358 1015 380 1040 A
394 1017 421 1039 te
444 1013 543 1047 petenti
554 1013 602 1040 des
616 1013 638 1029 ³⁵
663 1023 672 1039 ι
697 1013 844 1041 delibatam

70 1053 93 1074 et
107 1047 137 1074 de
159 1055 190 1074 ea
215 1047 286 1081 stipe
307 1048 471 1081 pauperibus
492 1048 627 1082 eroganda
640 1068 647 1078 .
663 1052 690 1075 et
709 1049 844 1076 thesauris

71 1082 197 1110 incassum
217 1089 273 1109 non
295 1083 492 1118 congregandis
513 1083 686 1118 intelligenda
711 1091 771 1112 esse
794 1083 843 1112 de-

70 1120 203 1144 monstrat.

100 1151 278 1179 Christianam
296 1156 385 1179 autem
403 1152 598 1179 continentiam
613 1172 620 1184 ,
636 1160 716 1187 quam
732 1153 842 1187 quidem

71 1187 122 1223 sine
139 1187 183 1214 Dei
198 1187 286 1222 gratia
313 1187 422 1222 assequi
439 1195 519 1223 nemo
534 1191 634 1222 potest.
656 1188 843 1223 philosophica

71 1221 465 1258 docetresserrpraastantiOrem.
481 1221 562 1250 Iubet
578 1221 844 1258 enim'rerum’qua-

71 1257 188 1292 rumlibet
206 1257 363 1283 illicitarum
379 1257 627 1292 concupiscentiam
651 1258 708 1284 tolli
732 1257 844 1285 omnino

70 1295 94 1318 et
117 1292 260 1323 removeri.
281 1299 387 1325 nosque
410 1292 582 1327 iisrtantum,
603 1301 663 1327 quae
690 1294 843 1320 necessaria

70 1330 140 1358 sunt,
153 1334 213 1354 esse
234 1331 379 1354 contentos
394 1327 426 1354 ⁵⁵.
443 1326 474 1353 Et
495 1335 559 1354 vero
582 1328 684 1362 angeli,
709 1328 843 1362 cupidita-

70 1361 135 1395 tibus
148 1362 220 1392 victi.
237 1362 292 1388 huc
315 1370 330 1389 e
347 1362 416 1389 cmlo
441 1361 539 1395 dejecti
554 1361 637 1389 fuere.
655 1362 736 1389 Addit
746 1361 841 1389 autem

69 1394 267 1424 Valentinianos
282 1397 370 1430 palam
397 1394 542 1425 tradidisse
568 1397 706 1424 Christum
724 1399 760 1424 ita
772 1398 842 1424 cibis

69 1439 141 1458 usum
157 1440 226 1461 esse.
245 1431 353 1467 utrillos
365 1439 418 1458 non
433 1437 554 1467 egereret
564 1432 595 1459 ⁸³.
610 1432 843 1465 Quemadmodum

69 1474 127 1501 ergo
143 1466 286 1494 orthodoxi
296 1471 404 1500 propter
418 1467 585 1494 honestatem
601 1467 700 1501 Deique
712 1475 842 1498 amorem,

70 1500 102 1527 ita
118 1502 232 1529 haeretici
252 1502 280 1528 in
292 1501 431 1528 Creatoris
444 1502 537 1528 odium
551 1500 744 1529 continentiam
761 1501 844 1537 proti-

69 1537 195 1576 tebantur.
207 1537 262 1564 Sed
277 1536 304 1577 hi
317 1537 503 1577 eanrsane‘ob
512 1544 638 1577 causam,
651 1537 726 1577 sicut
743 1536 843 1577 etplu-

69 1571 136 1598 rima:
158 1576 268 1606 gentes.
286 1571 388 1598 indocti
405 1575 468 1598 sunt
493 1576 519 1598 et
543 1572 629 1606 impii.
651 1571 731 1598 Tales
750 1571 843 1606 utique

68 1613 123 1633 esse
136 1607 171 1633 ait
189 1606 381 1637 brachmancs,
398 1606 443 1641 qui
460 1614 566 1641 semper
579 1607 612 1633 ab
628 1607 764 1637 animatis.
783 1608 844 1634 vino

70 1642 188 1676 omnique
202 1642 265 1669 cibo
284 1642 372 1668 tribus
387 1649 581 1676 nonnunquam
597 1641 693 1668 diebus
708 1642 844 1669 abstinen-

69 1679 116 1712 tes,
130 1677 266 1712 vitamque
280 1684 333 1703 non
348 1684 427 1704 secus
443 1685 474 1703 ac
492 1681 618 1706 mortem.
635 1684 721 1712 quam
733 1685 844 1711 regene-

69 1711 133 1746 ratio
145 1710 330 1746 subsequitur.
350 1719 399 1746 pro
411 1712 496 1738 nihilo
507 1745 512 1746 γ
522 1710 653 1738 ducentes
663 1731 670 1742 .
699 1710 842 1739 llerc’ulem

70 1749 94 1772 et
105 1745 198 1774 Panem
215 1745 392 1775 venerantur.
410 1746 487 1781 Apud
505 1745 586 1773 lndos
607 1754 673 1773 vero
694 1747 786 1781 σεμνοί
801 1751 843 1773 ιο-

69 1783 120 1807 tum
134 1782 192 1808 vine
208 1789 266 1808 suae
294 1782 460 1809 curriculum
479 1782 544 1808 nudi
559 1781 730 1816 transigunt,
753 1782 843 1808 futura

70 1817 253 1850 praenuntiant,
266 1820 293 1843 et
311 1817 455 1851 quamdam
479 1817 572 1843 colunt
597 1815 773 1850 pyramidem.
790 1815 844 1851 Gy—

71 1852 253 1886 umosophistat
270 1853 378 1878 tandem
391 1871 399 1882 ,
427 1852 497 1879 sicut
520 1855 546 1878 et
570 1851 678 1885 σεμνοί,
697 1860 707 1876 ‹
723 1852 844 1878 mulieri-

71 1884 226 1921 busn'quae
258 1886 285 1913 in
317 1887 470 1920 virginitate
493 1884 650 1921 permanent
666 1906 672 1917 ,
704 1893 842 1920 nunquam

73 1929 81 1945 ι
97 1920 216 1954 utuntur,
235 1932 246 1948 ι
266 1929 298 1948 ac
312 1922 464 1950 cmlestium
479 1920 669 1949 observatione
684 1928 728 1947 res
745 1920 842 1955 praedi—

71 1960 129 1982 cunt
142 1958 256 1984 futuras.

103 1989 196 2018 Verum
211 1991 340 2027 quoniam
352 1991 370 2018 ii
387 1991 433 2026 qui
456 1991 547 2019 omnia
568 1990 748 2017 indill‘crentia
762 1994 842 2025 atque

73 2024 132 2052 adeo
155 2024 227 2054 nulla
252 2027 347 2055 illicita
370 2024 403 2052 et'
414 2030 526 2060 peccata
543 2033 604 2052 esse
627 2026 840 2057 somniaveram,

72 2061 195 2093 quosdam
208 2061 363 2096 Scriptura:
378 2061 463 2091 locos,
480 2061 684 2096 acpprtcsertim
700 2061 757 2096 lucc
771 2060 843 2094 Apo—

73 2095 129 2122 stoli
155 2096 186 2123 ad
204 2094 346 2123 Romanos
374 2096 476 2123 verba:
493 2105 502 2121 ‹
516 2094 662 2122 Peccatum
687 2095 762 2121 vobis
786 2103 842 2122 non

73 2129 248 2158 dominabitur
261 2131 292 2163 ⁸⁷,
309 2140 317 2153 ι
342 2135 407 2162 ete..,
429 2132 456 2157 in
479 2138 576 2165 pravos
602 2138 666 2158 suos
682 2138 779 2165 sensus
795 2130 843 2156 de-

73 2166 239 2200 torquebant,
266 2166 329 2192 hinc
351 2164 485 2192 Clemens
501 2166 621 2192 breviter
642 2164 761 2192 ostendit
783 2172 843 2199 qua:

74 2207 129 2235 vera
146 2201 180 2227 sit
200 2201 309 2228 illormn
329 2205 354 2227 et
370 2200 492 2235 Apostoli
509 2208 584 2227 meus
600 2204 679 2234 atque
702 2200 841 2235 sensus”.

75 2234 110 2261 Ad
124 2236 182 2262 illos
196 2240 299 2266 autem.
319 2236 364 2269 qui
389 2234 482 2262 falsam
508 2235 702 2262 continentiam
719 2235 745 2261 in
762 2234 844 2262 Crea-

75 2270 135 2297 toris
149 2270 240 2298 odium
257 2271 450 2305 przetexebant,
467 2269 528 2297 inde
541 2278 678 2305 reversus.
692 2269 779 2304 palam
791 2277 847 2295 om-

75 2305 149 2332 nibus
165 2306 229 2332 facit
241 2304 275 2332 ab
290 2306 350 2332 istis
364 2306 421 2332 hate
432 2304 533 2332 Christi
549 2305 575 2331 in
588 2304 733 2339 Evangelia
746 2312 845 2331 secun-

75 2339 132 2366 dum
148 2340 276 2368 llebrteos
293 2340 326 2367 ad
342 2340 450 2367 Salome
465 2340 547 2366 verba
561 2346 568 2365 :
585 2349 593 2364 ι
607 2339 671 2366 Veni
688 2340 720 2366 ad
738 2340 847 2366 solven-

74 2373 132 2410 dum
148 2383 227 2410 opera
249 2375 367 2406 femina},
378 2385 387 2401 ι
405 2382 545 2410 perperam
561 2374 658 2410 obiici;
675 2374 847 2408 quandoqui-

76 2408 130 2435 dem
141 2408 173 2437 ea
184 2411 250 2437 nihil
267 2409 340 2436 aliud
357 2408 522 2444 signiﬁcant,
539 2409 591 2435 nisi
607 2417 621 2435 a
636 2409 744 2436 Christo
758 2410 846 2436 soluta

76 2451 130 2471 esse
144 2445 299 2479 cupiditatis
315 2452 407 2480 opera.
420 2444 570 2480 avaritiam,
584 2445 794 2480 contentionem,
805 2445 847 2470 in-

76 2485 164 2508 sanum
188 2480 311 2513 mulieris
331 2479 450 2507 amorem
468 2483 495 2506 et
516 2479 568 2505 alia
584 2479 771 2513 hujuscemodi
785 2487 846 2513 pec-

76 2519 140 2541 Cilla.

107 2548 243 2576 [uastabant
257 2553 346 2576 tamen
361 2548 441 2576 iidem
460 2548 579 2575 haeretici
594 2547 694 2575 ibidem
709 2547 847 2575 Christum

76 2582 155 2610 eidem
169 2583 276 2615 Salpme
291 2584 392 2611 dixisse
409 2594 415 2610 :
431 2593 439 2608 ι
454 2583 580 2617 Eousque
593 2583 716 2610 homines
730 2583 848 2610 morien—

74 2620 126 2653 tur.
143 2619 261 2653 quandiu
289 2619 394 2646 feminae
421 2620 605 2653 pepereri’ut.»
632 2617 683 2644 Sed
702 2617 847 2652 respondet

76 2652 192 2681 Clemens
207 2654 233 2680 id
245 2654 278 2681 de
291 2654 389 2681 anima:
403 2652 499 2685 morte.
514 2653 637 2680 videlicet
650 2658 772 2686 peccato,
784 2660 845 2680 esse

77 2686 271 2723 intelligendum
282 2689 314 2714 υ.
341 2688 373 2715 Et.
394 2696 460 2715 vero
481 2689 580 2723 mulier
595 2688 655 2714 vine
674 2688 846 2722 quemadmo‘

75 2722 135 2750 dum
148 2722 244 2751 mortis
255 2731 338 2751 causa
352 2723 466 2751 exstitit.
480 2722 542 2750 [Lee
558 2730 639 2758 porro
651 2723 704 2750 vita
718 2731 772 2749 non
784 2730 844 2749 car-

857 1548 878 1576 C

859 2222 883 2253 Ι)

108 2799 129 2814 ιο
143 2808 169 2835 ρ.
184 2800 246 2827 tto.
303 2801 323 2815 ει
342 2808 368 2835 p.
386 2800 447 2827 tu.
504 2800 526 2815 θ’
543 2807 569 2834 p.
586 2799 648 2826 MS.
702 2799 723 2814 η
736 2807 762 2834 p.
782 2799 844 2826 449.

76 2834 164 2870 vult.
203 2834 351 2870 “p.452;
386 2835 529 2870 δῗρμιδῗ).
567 2835 704 2869 ⁷⁰ρ.454.
743 2834 883 2870 "p.455.

78 2868 133 2896 ιϋι.
170 2870 192 2884 ⁷⁸
209 2868 313 2905 ρίάϐὶ.
351 2871 372 2885 ⁷⁷
384 2868 476 2897 Matth.
491 2877 558 2902 xx”,
574 2870 627 2903 50;
644 2869 725 2897 Marc.
743 2868 789 2902 xtl,
806 2869 850 2897 25.

896 245 1044 280 colligitur.

931 279 986 308 Nec
1007 281 1096 307 minus
1117 279 1330 316 contraﬁhristi
1348 285 1466 308 mentem
1482 281 1615 316 urgebant
1634 282 1673 310 si-

896 315 971 351 milia
987 315 1060 342 illius
1075 315 1157 342 verba
1174 324 1180 341 :
1197 324 1206 341 ‹
1218 315 1290 343 Bene
1312 315 1373 347 feci,
1387 324 1447 350 quze
1466 315 1528 343 non’
1539 317 1640 351 peperi.
1658 327 1668 343 ι

895 349 962 377 Nam
985 358 1045 390 qua:
1068 350 1198 377 continuo
1229 349 1451 412 subjunguntur;
1467 349 1673 381 «Omhi'herba

895 393 1024 412 vesceris.
1037 394 1046 410 ι
1063 389 1128 412 etc..
1145 389 1238 412 aperte
1257 393 1326 412 smnt
1338 390 1410 412 tcant
1437 394 1464 412 In
1489 391 1582 412 nostra
1610 394 1673 412 esse

895 386 1024 416 vesceris.
1037 394 1046 410 ι
1063 389 1128 416 etc.,
1145 389 1238 419 aperte
1257 386 1410 420 signiﬁcant
1437 386 1464 412 in
1489 391 1582 414 nostra
1610 394 1673 414 esse

896 424 1029 456 potestate
1043 421 1084 456 vel
1100 420 1222 456 caelibem
1245 420 1327 456 vitam
1355 420 1464 453 ducere,
1482 421 1525 448 vel
1544 421 1672 456 conjugio

893 455 986 489 jungi;
1007 454 1078 489 quod
1095 455 1214 489 quidem,
1232 455 1302 491 sicut
1326 456 1444 490 legitima
1471 454 1672 491 ﬁliorum'pro-

895 491 1007 526 creatio,
1024 491 1124 526 bonum
1133 493 1215 526 estet
1229 490 1331 517 licitum
1343 491 1376 517 ⁷ο.
1388 490 1481 524 Neque
1493 492 1564 518 enim
1577 490 1673 526 mundi

894 524 1017 555 Creator,
1034 525 1072 551 uti
1090 524 1157 551 falso
1172 524 1289 552 haeretici
1300 525 1489 559 opinabantur,
1506 527 1545 553 vir
1557 526 1670 558 electus,

893 564 920 586 et
935 559 1064 586 Servator
1085 559 1197 586 alterius
1219 559 1266 586 Dei
1307 560 1394 591 iilius;
1411 561 1457 588 sed
1475 561 1516 588 vir
1529 567 1556 588 et
1575 562 1676 588 mulier.

894 594 1012 629 legitimo
1029 594 1168 621 connubio
1183 595 1312 629 copulati,
1327 603 1358 622 ac
1372 595 1443 623 lilius
1464 604 1496 623 ex
1519 597 1560 623 eis
1575 604 1671 623 susce-

892 628 966 664 ptus,
985 633 1049 656 sunt
1066 629 1102 664 illi
1121 628 1175 655 duo
1191 630 1233 656 vel
1252 633 1318 660 tres.
1332 630 1357 657 in
1370 638 1485 661 quorum
1499 631 1588 658 medio
1601 631 1672 659 Deus

893 663 954 691 esse
974 664 1045 698 apud
1067 663 1351 700 Matthceumrdicitur.
1370 665 1418 692 His
1441 673 1522 700 porro
1545 666 1672 694 Clemens

894 700 961 727 alias
973 697 1108 726 subnectit
1119 699 1275 726 eorumdem
1286 699 1402 728 Mattlnei
1415 697 1560 728 verborum
1574 702 1670 728 ortho-
1681 697 1689 708 ³

893 734 977 761 doxas
991 734 1236 768 explanationes“.

929 769 1108 805 Deinde_vero
1123 769 1167 796 ille
1182 769 1278 805 horum
1299 769 1489 797 haereticorum
1504 777 1613 797 errores
1631 770 1673 805 ip-

893 804 1007 831 siusmet
1024 803 1171 838 Scripturte
1185 804 1275 831 verbis
1291 808 1316 830 et
1331 805 1493 832 testimoniis
1508 803 1674 832 convellitet

892 839 1020 875 destruit.
1032 839 1180 866 Catholicis
1196 843 1286 865 autem
1298 840 1409 873 exponit
1420 840 1481 874 quis
1496 840 1633 875 legitimus
1644 843 1673 866 et

894 874 985 901 licitus
1000 874 1035 901 sit
1043 874 1255 908 conjugiiusus;
1270 878 1350 908 atque
1363 875 1423 902 illos
1438 874 1473 901 ibi
1482 875 1600 902 monitos
1611 882 1674 902 esse

895 909 952 936 vult
982 909 1024 936 his
1049 908 1149 944 Moysis
1177 910 1287 936 verbis:
1305 908 1489 944 (Egredimini
1520 909 1554 936 de
1580 910 1674 944 medio

896 944 1047 979 ipsorum.)
1066 943 1132 974 etc.,
1153 951 1205 970 non
1234 944 1327 971 uxoris
1350 943 1446 975 aviro,
1472 944 1547 978 juxta
1572 943 1673 979 falsam

896 978 1085 1006 liwreticorum
1107 979 1370 1014 interpretationem,
1387 979 1435 1006 sed
1458 980 1545 1014 ipsam
1566 978 1674 1006 Judaeu-

895 1022 954 1041 rum
971 1021 986 1041 a
1003 1014 1139 1048 gentibus,
1161 1017 1187 1040 et
1202 1013 1320 1040 futuram
1336 1013 1554 1040 Christianorum
1569 1014 1603 1041 ab
1617 1014 1674 1041 ha:—

895 1049 987 1076 reticis
996 1049 1194 1082 separatiouem
1208 1048 1394 1082 significari".
1405 1048 1472 1076 Tum
1485 1056 1583 1076 rursus
1597 1048 1675 1078 Pauli

894 1084 1056 1110 auctoritate
1067 1083 1163 1118 probat
1177 1084 1296 1117 nuptias,
1312 1085 1461 1118 praesertim
1479 1084 1592 1118 primas.
1613 1091 1675 1111 esse

895 1118 1028 1153 legitimas
1040 1127 1048 1150 ;
1065 1122 1146 1153 atque
1157 1118 1230 1145 illius
1242 1118 1314 1145 sicut
1323 1122 1350 1145 et
1362 1118 1435 1145 Petri
1447 1119 1606 1146 testimonio
1619 1126 1677 1151 non

895 1152 982 1181 solum
1006 1152 1160 1180 damnanda
1183 1155 1274 1180 carnis
1301 1153 1446 1184 desideria.
1473 1157 1500 1180 et
1527 1153 1675 1188 (inquina-

894 1191 1018 1216 menta.»
1040 1188 1087 1214 sed
1112 1187 1190 1214 nobis
1204 1188 1286 1215 etiam
1308 1196 1362 1215 non
1384 1188 1535 1215 secundum
1550 1187 1672 1219 carnem,

895 1223 942 1250 sed
958 1222 1105 1251 secundmn
1121 1222 1245 1257 spiritum
1259 1223 1341 1249 vitam
1356 1230 1417 1250 esse
1434 1223 1672 1250 instituendam".

894 1257 987 1285 Obiter
999 1261 1087 1285 autem
1100 1258 1227 1284 observat
1240 1257 1423 1293 rabrApostolo
1437 1258 1560 1285 eumdem
1574 1257 1668 1293 praedi-

894 1293 951 1319 cari
969 1293 1069 1319 veteris
1094 1292 1211 1328 novique
1235 1292 1346 1320 foederis
1369 1293 1463 1324 Deum,
1480 1296 1562 1327 atque
1575 1292 1674 1328 ’ipsius

893 1328 974 1354 verba
1000 1331 1096 1363 contra
1117 1327 1275 1354 Creatorem
1301 1328 1334 1354 ab
1354 1328 1489 1356 haereticis
1506 1327 1671 1363 praepostere

893 1362 1029 1397 usurpari.
1059 1361 1126 1388 Tam
1153 1362 1280 1389 strictum
1310 1370 1401 1397 porro.
1419 1361 1595 1397 prosequitur
1612 1361 1675 1389 Cie--

893 1405 980 1438 meus,
1002 1397 1071 1424 idem
1088 1397 1391 1438 Apostolusasseverat
1407 1405 1468 1425 esse
1481 1398 1601 1438 conjugii
1617 1397 1676 1438 vine

893 1432 996 1462 culum,
1013 1437 1043 1460 ut
1063 1432 1193 1466 coniuges
1220 1432 1273 1459 nisi
1300 1432 1333 1459 ad
1350 1436 1468 1467 tempus,
1485 1436 1512 1459 et
1528 1441 1561 1460 ex
1578 1436 1674 1459 mutuo

893 1466 926 1493 ad
941 1467 1058 1494 orationi
1077 1467 1226 1494 vacandum
1247 1474 1394 1497 consensu.
1409 1466 1428 1494 'a
1445 1475 1474 1495 se
1497 1467 1613 1494 invicem
1630 1474 1676 1494 se-

894 1501 983 1535 parari
1000 1502 1077 1529 nolit.
1096 1501 1223 1530 Decernit
1239 1502 1331 1536 itaque
1346 1503 1445 1529 bonum
1460 1510 1520 1529 esse
1535 1507 1562 1529 et
1577 1502 1674 1536 conju-

895 1538 968 1572 gium
998 1541 1025 1564 et
1054 1537 1217 1566 ctelibatum.
1235 1538 1346 1571 vultque
1370 1541 1400 1564 ut
1424 1544 1519 1564 omnes
1536 1537 1622 1569 ineo,
1639 1537 1675 1564 ad

895 1579 974 1606 quem
991 1572 1078 1598 vocati
1094 1575 1168 1604 sunt,
1186 1575 1257 1599 statu
1271 1572 1479 1605 perseverent”.

929 1606 988 1638 Qua
1010 1607 1119 1641 quidem
1142 1606 1218 1633 Pauli
1233 1607 1394 1634 auctoritate
1409 1610 1503 1634 auctor
1519 1610 1611 1634 noster
1626 1613 1675 1634 eos

995 1641 1146 1682 redarguit_
1161 1642 1219 1676 qui,
1243 1642 1322 1682 sicuti
1339 1641 1623 1682 'Tatianus._ntlptl_as_
1647 1645 1675 1667 et

895 1676 1011 1702 liliorum
1028 1677 1228 1711 generationem
1256 1676 1365 1703 diabolo
1389 1676 1600 1704 ascribebant".
1617 1676 1676 1702 Ine-

894 1715 956 1745 ptas
977 1719 1041 1738 vero
1061 1711 1184 1746 ejusdem
1205 1711 1312 1738 Tatiani
1331 1711 1517 1738 cavillationes
1540 1711 1672 1745 explodit,

894 1750 920 1772 et
942 1746 1060 1773 ostendit
1085 1747 1231 1780 legitimum
1255 1747 1423 1781 conjugium.
1440 1751 1467 1773 et
1488 1754 1520 1774 ex
1535 1753 1568 1773 eo
1582 1752 1676 1773 susce-

893 1785 955 1817 ptos
979 1781 1090 1814 liberos,
1108 1781 1161 1809 Deo
1187 1781 1306 1816 probari,
1325 1782 1372 1816 qui
1390 1781 1569 1817 polygamiam
1587 1781 1614 1807 in
1630 1787 1676 1806 ve—

894 1816 943 1842 teri
961 1819 1124 1843 testamento
1143 1823 1156 1842 a
1184 1824 1213 1842 se
1233 1824 1406 1847 concessam,
1432 1816 1675 1850 praescriptamque

894 1851 1024 1885 conjuges
1044 1859 1077 1877 ex
1094 1851 1229 1885 conjugali
1250 1851 1319 1878 lecto
1335 1856 1479 1885 surgentes
1493 1850 1621 1878 abluendi
1638 1851 1676 1876 le-

881 1892 953 1918 -gem
972 1886 1138 1919 abrogando,
1155 1887 1352 1920 monogamiam
1377 1886 1414 1912 ita
1434 1886 1498 1914 novi
1524 1885 1676 1912 introduxit

894 1919 1004 1947 foederis
1029 1925 1163 1955 tempore;
1180 1924 1209 1947 ut
1225 1919 1360 1947 secundas
1380 1926 1470 1948 tamen
1493 1921 1601 1954 nuptias
1616 1927 1677 1954 pro-

893 1959 952 1989 pter
970 1955 1096 1985 hominis.
1110 1959 1140 1981 ut
1162 1956 1199 1982 ait
1213 1955 1370 1990 Apostolus.
1390 1956 1629 1990 intemperantiam
1648 1958 1676 1980 et

894 1990 1038 2022 gerendam
1054 1990 1151 2017 domus
1161 1997 1253 2016 curam
1268 1991 1430 2024 permiserit.
1449 1989 1475 2015 lu
1492 1994 1607 2023 utroque
1624 1989 1675 2024 igi-

894 2028 939 2050 tur
954 2029 1126 2056 testamento,
1143 2025 1222 2057 cujus
1235 2023 1305 2052 unius
1318 2024 1454 2059 idemque,
1473 2024 1606 2058 quidquid
1626 2023 1677 2050 Ta-

894 2059 985 2087 tianus
1001 2060 1113 2092 garriat,
1141 2059 1213 2087 Deus
1241 2063 1337 2086 auctor
1366 2067 1427 2086 esse
1453 2059 1598 2090 asseritur,
1621 2063 1675 2084 tam

893 2098 1017 2121 sanctum
1033 2098 1059 2120 et
1077 2095 1216 2128 probatum
1233 2102 1339 2128 semper
1348 2093 1398 2120 fuit
1414 2094 1581 2128 coniugium,
1594 2101 1675 2128 quam

894 2134 986 2156 sancta
1004 2129 1061 2164 ipsa
1079 2129 1196 2157 Mosaica
1211 2130 1251 2156 lex
1266 2133 1293 2164 et
1310 2129 1361 2156 Deo
1373 2129 1484 2164 probata
1500 2129 1533 2155 ⁷⁸.
1545 2128 1594 2155 Cui
1611 2136 1676 2164 sane

893 2165 1002 2191 veritati
1015 2163 1182 2198 ’Apostolus.
1202 2164 1248 2200 qui
1270 2163 1379 2191 futuros
1395 2165 1554 2200 Vnuptiarnni
1574 2163 1676 2200 impios

895 2206 990 2234 osores
1013 2199 1249 2233 pruanuutiaverat.
1275 2199 1447 2234 apertissime
1476 2199 1674 2233 patrocinatur.

896 2233 934 2260 Ex
954 2233 1054 2268 quibus
1080 2235 1206 2261 Clemens
1224 2234 1327 2268 colligit
1347 2242 1435 2268 neque
1453 2233 1573 2268 nuptias,
1590 2240 1677 2267 neque

896 2270 987 2297 carnis
1004 2274 1050 2295 aut
1069 2269 1124 2296 vini
1151 2277 1229 2296 usum
1251 2269 1407 2303 prohiberi;
1435 2270 1516 2295 modo
1542 2272 1632 2294 tamen
1650 2271 1677 2294 et

896 2311 957 2330 cum
975 2305 1124 2339 gratiarum
1147 2305 1263 2332 actione.
1281 2307 1307 2330 et
1324 2304 1401 2337 juxta
1417 2303 1551 2330 stabilitas
1570 2303 1602 2339 ini
1618 2309 1678 2328 orn-

897 2339 977 2374 nibus
991 2339 1113 2372 Apostoli
1130 2340 1252 2373 epistolis
1274 2339 1460 2374 temperantiae
1479 2346 1511 2365 ac
1532 2338 1677 2364 continen-

896 2373 1029 2408 tizerleges
1046 2374 1236 2401 adhibeantur.

933 2407 1070 2443 Urgebant
1093 2409 1210 2435 haeretici
1235 2408 1392 2442 conjugium
1418 2408 1446 2434 in
1461 2407 1609 2443 Evangelia
1634 2413 1678 2443 re-

896 2442 1017 2478 probari,
1044 2444 1070 2470 in
1092 2451 1146 2478 quo
1171 2452 1225 2470 non
1249 2444 1336 2471 soluunt
1366 2443 1463 2477 legitur
1493 2442 1635 2469 thesauros
1650 2442 1679 2469 in

897 2483 980 2507 terra.
1004 2479 1049 2506 ubi
1075 2478 1165 2504 omnia
1188 2479 1377 2508 ahsumentur.
1400 2486 1453 2504 non
1476 2485 1536 2504 esse
1560 2478 1678 2503 abscon-

897 2513 1014 2545 dendos;
1031 2514 1077 2540 sed
1095 2513 1205 2547 insuper
1220 2513 1350 2547 scriptum
1367 2515 1409 2540 est
1425 2522 1430 2538 ι
1444 2522 1453 2538 ι
1465 2511 1524 2538 Filii
1539 2512 1612 2538 illius
1629 2519 1680 2547 sac-

897 2548 950 2575 culi
980 2556 1030 2575 nec
1053 2546 1169 2578 nubunt,
1188 2556 1238 2574 nec
1263 2546 1501 2575 ιίιὼοιιιυι-ττ.»Αι
1534 2546 1680 2581 respondet

897 2583 1023 2613 Clemens
1038 2584 1115 2617 prius
1131 2583 1316 2609 testimonium
1334 2582 1368 2609 ad
1383 2590 1461 2616 opem
1484 2580 1628 2616 egentibus
1641 2580 1681 2608 fe-

898 2617 1021 2650 rendam,
1038 2618 1172 2652 posterius
1188 2626 1252 2645 vero
1260 2618 1293 2644 ad
1310 2617 1431 2644 futuram
1450 2621 1575 2651 spectare
1591 2623 1681 2643 resur-

899 2653 1044 2679 rectionem
1057 2653 1088 2679 ⁷⁸.

933 2687 988 2714 Nec
1003 2687 1115 2721 majoris
1132 2687 1262 2714 momenti
1281 2690 1472 2721 argumentum
1490 2686 1524 2712 ab
1547 2685 1682 2712 haereticis

899 2722 961 2749 inde
975 2722 1134 2756 ducebatur,
1151 2723 1225 2757 quod
1240 2723 1387 2757 Apostolus
1402 2721 1525 2748 caelibem
1539 2721 1678 2747 hominem

1562 2798 1584 2813 ﬂ'l
1600 2796 1679 2825 nam.

900 2799 922 2815 “
939 2799 1005 2827 Luc.
1018 2807 1055 2831 vi.
1072 2800 1117 2827 ὅθ.
1175 2800 1197 2816 ⁵³
1210 2808 1235 2834 p.
1250 2799 1314 2827 450.
1371 2800 1393 2815 ⁶⁶
1409 2807 1435 2834 p.
1452 2799 1514 2825 451.
1562 2799 1584 2813 ⁸⁷
1601 2799 1668 2823 [tom

922 2835 943 2850 τ’
959 2843 985 2867 p.
999 2835 1061 2863 4'36.
1097 2836 1119 2851 ⁷³
1131 2843 1156 2867 p.
1175 2835 1238 2867 157,
1255 2835 1318 2862 158.
1357 2835 1379 2851 ⁷⁵
1391 2842 1415 2865 p.
1428 2833 1489 2860 459.
1538 2833 1560 2848 ”
1575 2841 1601 2867 p.
1617 2832 1670 2860 460

1594 2851 1601 2858 .
1617 2850 1681 2864 -ιννι

922 2835 943 2850 τ’
959 2843 985 2870 ρ,
999 2835 1061 2863 ιδθ.
1097 2836 1119 2851 τι
1130 2843 1156 2870 ρ.
1175 2835 1238 2868 457,
1255 2835 1318 2862 458.

1371 2800 1393 2815 σε
1409 2798 1514 2834 p.451.

1357 2835 1379 2851 ⁷⁵
1391 2833 1415 2865 p.
1428 2833 1489 2860 459.

891 2870 911 2885 η
928 2878 954 2904 ρ.
969 2869 1029 2899 465,
