1927 3073
243 146 313 175 10εὸ

574 147 607 174 ΙΝ
627 147 836 176 CLEMENTEM
855 148 956 177 ALEX.
978 149 1009 177 D.
1030 148 1074 176 LE
1093 148 1237 177 NOURRY
1256 147 1484 179 DISSERTATIO
1497 147 1530 176 ΙΙ.

1810 146 1878 176 nm

241 211 299 245 tur,
323 206 347 235 is
372 207 517 244 ipsiusmet
543 207 602 241 Dei,
629 209 674 236 cui
697 209 794 241 credit,
815 214 917 245 martyr
941 214 969 237 et
992 214 1031 238 te-
1046 212 1068 240 Α
1083 210 1128 236 nia
1153 209 1274 237 eharitas
1291 213 1318 236 et
1338 217 1389 244 pax
1405 208 1512 245 Christi
1524 209 1550 235 in
1566 208 1691 245 omnium
1705 207 1802 245 _gratis
1815 215 1876 241 erga

243 243 296 272 stis
309 246 361 270 est.

278 277 308 305 ln
324 285 371 314 eos
392 277 484 312 itaque
497 278 542 313 qui
559 279 718 314 martyrium
738 278 957 310 condemnabam
969 280 1031 308 Cle-

242 321 321 340 mens
340 313 468 348 insurgit,
486 314 576 348 aitque
589 314 650 341 illos
665 315 770 342 nescire
785 317 811 342 et
826 315 891 341 illud
907 323 969 343 esse
986 324 1031 342 ve-

243 356 280 375 rm
299 348 361 375 vitm
374 349 549 385 principium,
562 352 597 385 et
608 349 651 382 pie
666 350 821 377 viventibus
836 350 955 377 honores
970 355 1030 385 post

243 387 377 419 mortem,
395 383 467 419 sicut
490 387 516 410 et
534 383 624 417 impiis
648 385 794 419 supplicia,
819 384 930 412 decerni
947 383 979 412 ¹⁰ζ
997 385 1029 413 Et

243 417 296 445 hoc
314 418 423 452 quidem
441 418 476 445 ab
493 418 539 445 illo
563 426 617 445 non
641 417 729 446 solum
757 428 789 446 ex
817 421 903 447 sacris
926 421 1029 448 nostris

242 453 410 489 auctoribus,
435 453 588 489 sedAetiam
615 455 737 489 paganis,
764 455 891 482 videlicet
916 455 1029 483 Theano

241 486 422 525 Pythagorica
442 491 468 525 et
485 486 623 525 Platone,‘
635 486 774 524 probatur.
792 489 860 517 Hinc
885 497 1027 525 postquam

241 522 385 558 castigavit
401 522 560 558 Telephum,
581 522 762 558 qui'unicam
785 533 846 552 esse
869 522 902 552 ad
925 522 1028 554 inferos

240 558 316 596 viam
338 558 454 590 dixerat,
481 559 600 596 planutn_
617 560 744 596 omnibus
760 567 807 596 _ex
832 560 1026 596 Aristophane,

241 591 414 631 Epicharmo,
430 591 512 628 atque
526 602 559 631 es
576 593 703 631 Matthmio
716 598 743 622 et
757 594 844 631 Paulo
857 591 935 627 facit,
946 591 1028 631 quam

242 628 349 659 infelix,
374 629 475 655 misera
499 632 525 656 et
548 629 638 657 brevis
663 630 699 657 sit
721 630 868 658 infidelium
887 628 1027 658 hominum

239 663 304 689 vita.
324 662 421 690 Verum
438 668 512 691 recte
526 672 576 691 nos
589 665 716 692 admonet
732 665 794 693 inde
811 673 873 692 cutn
890 665 1028 694 Marcione

239 698 344 725 nullum
368 698 470 726 inferre
491 707 570 732 posse
593 700 690 726 malam
712 708 773 727 esse
793 704 958 732 creaturam,
980 702 1027 730 sed

239 740 287 772 eos
304 741 399 760 revera
411 734 584 772 essebeatos
602 739 629 762 et
646 734 750 768 felices,
766 735 813 771 qui
835 737 968 772 martyrio
984 738 1026 764 vi-

240 771 295 795 tam
309 769 451 802 posuerint
466 769 497 796 “.

275 802 334 840 _Non
349 804 477 831 audiendi
499 804 591 839 itaque
608 805 627 832 ii
643 808 716 835 sunt,
737 805 784 840 qui
804 805 861 833 fieri
876 813 932 833 non
946 814 1027 840 posse

239 838 399 865 existimant
415 842 443 866 ut
459 838 594 866 imbecilla
619 847 684 867 caro
699 838 880 869 potestatibus
893 845 921 869 et
938 838 1027 869 domi-

239 873 380 909 nationum
394 874 537 909 spiritihus
553 874 672 903 resistat.

239 907 305 935 ιίιὶο
316 907 444 936 omnibus
458 909 537 936 facile
548 914 599 942 est,
614 910 694 937 modo
708 914 797 938 tamen
815 911 841 937 in
856 907 1027 940 eo'fidueiam

239 942 368 981 habeant.
393 943 465 976 Quid
486 952 562 981 vero,
586 945 658 979 quod
681 949 708 972 et
728 946 779 972 hoc
796 946 885 981 ipsum
907 955 962 974 non
991 948 1028 975 ita

239 977 384 1017 difﬁciliter
398 986 480 1017 posse
491 979 549 1007 fieri
566 977 663 1017 auctor
675 984 768 1008 noster
784 977 951 1016 paganorum
964 990 1028 1017 poe-

240 1016 329 1051 tarum
348 1018 378 1051 et_
392 1014 506 1051 aliorum
523 1016 692 1047 testimonio,
715 1014 797 1050 atque.
813 1014 872 1051 ipso
885 1014 971 1044 etiam
984 1017 1027 1045 ln—

239 1048 337 1074 dorum
354 1049 578 1086 philosophorum
596 1051 720 1086 exemplo
739 1048 883 1078 confirmat
901 1053 943 1079 “?
956 1052 1025 1080 Cum

240 1087 343 1120 autem,
361 1089 430 1120 teste
445 1085 583 1112 Heraclito
596 1089 685 1120 poeta,
699 1094 840 1114 servorum
857 1088 893 1114 sit
910 1092 1025 1115 mortem

239 1118 354 1155 timere,_
375 1118 500 1147 Clemens
525 1127 558 1148 ex
580 1118 710 1155 .Kpostolo
736 1122 815 1149 docet
838 1122 1025 1150 Christianum

239 1160 290 1180 nec
312 1153 412 1182 habere
435 1155 551 1189 amplius
575 1153 716 1183 servitutis
739 1157 866 1191 spiritum
892 1158 918 1184 in
943 1159 1025 1184 timo-

238 1195 308 1229 rem,
332 1196 382 1229 nec
404 1191 507 1229 servire
524 1194 653 1229 peccato;
671 1192 718 1219 sed
741 1192 818 1218 illum
844 1192 965 1229 virtutis,
983 1193 1025 1219 di-

239 1223 363 1263 lectionis
375 1228 414 1263 _et
435 1223 591 1263 sobrie—tatis
607 1223 738 1263 donatum
755 1234 815 1263 esse
837 1228 946 1262 spiritu,
959 1223 1025 1263 'quo

238 1259 329 1298 omnia
346 1259 428 1298 etiam
438 1259 593 1298 _durissima
610 1262 752 1298 patienter
774 1259 897 1298 ferendo.
915 1259 1023 1296 beatus,

237 1293 278 1320 uti
293 1293 327 1320 de
344 1294 421 1327 justo
438 1295 547 1323 homine
561 1293 656 1324 scribit
672 1296 758 1328 Plato,
774 1296 884 1326 futurus
898 1303 950 1326 est.

275 1328 443 1366 (‘Cnosticus
454 1340 463 1356 ι
482 1331 565 1366 igitur
575 1332 682 1359 etiamsi
694 1332 827 1359 adiciatur
837 1334 1022 1364 contumeliis.

237 1363 400 1403 spoiiatione
416 1363 564 1399 bonorum,
580 1367 677 1403 exsilio
686 1372 713 1394 et
729 1372 826 1399 morte,
845 1369 1023 1398 nihilominus

237 1405 255 1439 a_
269 1399 393 1439 liberta_te
405 1404 432 1439 et
449 1408 467 1439 a
477 1409 584 1439 summa
600 1403 628 1429 in
642 1401 726 1439 Deum
740 1403 884 1435 eharitale,
900 1412 960 1439 quae
973 1410 1024 1432 ter-

237 1434 291 1473 tius
308 1434 484 1473 perfectionis
502 1437 575 1463 illius
590 1437 691 1472 gradus
706 1442 748 1465 est
759 1459 766 1469 .
782 1434 922 1473 nunquam
937 1439 1023 1467 divel-

237 1467 353 1508 letur“:
372 1469 519 1508 Gentilium
538 1467 640 1508 auté'm,
657 1473 703 1507 qui
723 1467 814 1500 omnia
834 1467 908 1501 fatali
927 1482 1022 1503 neces-

236 1504 317 1542 sitate
329 1504 458 1542 obvenire
472 1504 686 1542 somniaverant,
702 1508 882 1542 pervicaciam
894 1509 1021 1537 Clemens

235 1538 478 1579 obit‘errincrepat.
501 1541 624 1579 Subinde
638 1538 764 1570 vero-his
776 1563 783 1575 ,
802 1543 906 1579 inquit,
924 1546 970 1579 qui
987 1545 1020 1573 ad

273 1574 620 1617 electionemcontendunt
633 1599 640 1610 ,
667 1574 866 1617 proponitur-1‘;
886 1574 985 1613 γνῶσις
1006 1582 1020 1617 ἡ

252 1610 478 1647 oytx'l],_cognitio
493 1613 646 1646 rationalis,
661 1610 740 1647 cuius
758 1610 963 1642 fundamentum
976 1610 1022 1643 est

236 1645 478 1685 sanctan'l‘rinitas,
494 1647 573 1685 _ftdes,
590 1655 662 1685 spes,
679 1645 706 1675 et
722 1652 841 1685 utraque
851 1650 939 1683 major
953 1651 1003 1678 cha
1015 1666 1021 1671 -

235 1679 313 1720 ritas.
330 1679 387 1720 Qui
398 1689 478 1716 porro
494 1683 543 1720 hac
559 1679 756 1720 praedituskest,
769 1679 861 1710 omnia
875 1679 984 1719 quidem
995 1686 1019 1712 ei

235 1715 327 1751 licent,
341 1716 388 1744 sed
399 1715 514 1751 propter
525 1715 659 1745 infirmam
671 1718 785 1745 aliorum
797 1715 994 1747 conscientiam
1005 1728 1020 1747 a

235 1749 412 1784 quibusdam
422 1749 558 1790 abstinet,
577 1754 667 1790 omnia
688 1755 720 1780 ad
736 1753 782 1780 Dei
799 1753 863 1780 facit
882 1755 996 1790 gloriam
1011 1776 1018 1787 ,

235 1789 347 1822 pugnat
361 1787 445 1814 armis
467 1788 656 1822 spiritualihus
675 1792 771 1815 contra
798 1798 807 1813 ι
822 1787 993 1817 altitudinem
1010 1800 1017 1816 ι

234 1820 398 1858 quamlibet,
421 1831 430 1847 ι
443 1820 575 1850 adversus
591 1823 774 1858 cognitionem
790 1823 837 1851 Dei
857 1832 918 1852 sese
932 1826 1020 1852 extol—

235 1855 347 1894 lentem,
358 1866 367 1882 ι
384 1858 541 1894 nullamque
549 1855 732 1894 aiilict'ionelni.
743 1859 846 1885 nullum
855 1860 1017 1894 perieulum,

234 1890 394 1928 nullumque
410 1890 511 1928 casum:
519 1893 645 1921 formidat
664 1894 695 1920 ".
708 1893 801 1928 Neque
814 1894 840 1921 id
855 1890 904 1921 ulli
919 1890 1018 1922 mirum

234 1926 315 1964 piane
325 1935 386 1955 esse
392 1928 484 1964 debet,
500 1927 612 1955 Plurimi
625 1926 764 1964 siquidem
774 1930 869 1964 pagani
883 1930 1018 1962 homines,

234 1960 364 1998 nimilglm
380 1962 497 1998 Esopii.
515 1960 686 1997 Macedones,
703 1960 835 1996 Lacones,
852 1965 926 1992 Zeno
941 1960 1019 1993 Elea;

232 1998 294 2036 ips,
308 1996 464 2036 Theodotus
479 1996 683 2036 Pythagoreus,
694 1999 925 2036 PanlusrLacydis
940 2001 1020 2028 fami-

233 2030 321 2071 liaris,
332 2030 658 2071 Posthumus’lloiﬁanus,
673 2030 901 2065 Anaxarchus,'et
914 2036 1019 2071 legatus

233 2065 267 2092 ad
281 2066 430 2095 Zamolxim
445 2069 603 2101 mittendus,
617 2071 793 2097 acerbissima
807 2065 1021 2099 tormentavcon-

233 2103 403 2138 stailtissime
419 2104 589 2138 pertulerunt
605 2105 636 2132 “'.

268 2135 355 2175 Porro
369 2135 551 2175 autemiplena
565 2144 606 2167 est
618 2139 737 2167 Ecclesia
751 2139 916 2168 Christianis
930 2141 1018 2175 philo-

234 2171 327 2211 sophis
345 2176 401 2211 tum
419 2171 485 2211 viris
501 2179 557 2211 tum
574 2175 750 2211 mulieribus,
767 2176 813 2210 qui
837 2179 920 2202 totam
930 2171 1018 2204 'vitam

233 2208 262 2233 in
285 2208 381 2235 mortis
402 2209 579 2236 meditatione
594 2210 627 2236 ad
643 2208 783 2237 Christum
800 2211 937 2238 excitante
952 2219 1018 2238 con-

232 2247 355 2270 sumunt.
365 2243 430 2276 Qum
438 2245 546 2280 quidem
560 2244 729 2280 philosophia
739 2245 772 2272 ab
781 2246 908 2272 omnibus
919 2247 1018 2273 utrius-

232 2284 286 2311 que
309 2286 401 2316 seiius,
419 2279 476 2316 sive
503 2279 721 2316 barbarisasivc
738 2280 850 2311 Graecis,
864 2282 1017 2316 comparari

232 2313 515 2351 potestaNoniminus
529 2315 627 2342 etenim
647 2315 754 2343 feminis
770 2324 849 2351 qualn
867 2313 935 2344 viris
947 2321 1015 2344 tem—

232 2348 355 2381 perantia
365 2383 370 2384 γ
382 2349 496 2384 aliaeque
510 2358 605 2378 omnes
619 2351 745 2382 virtutes,
762 2348 910 2378 secundum
925 2355 1015 2378 tamen

232 2389 315 2410 sexus
329 2383 509 2411 dill‘erentiam
520 2406 527 2418 ,
544 2393 702 2413 connnuncs
714 2394 775 2413 esse
793 2386 906 2419 debent;
927 2391 953 2414 et
971 2387 1014 2414 his

231 2424 352 2456 mquc_ac
368 2419 421 2446 illis
437 2420 648 2456 adversusvitia
663 2425 690 2448 et
704 2421 794 2448 carnis
811 2421 952 2449 illecebras
965 2430 1015 2456 pu-

230 2453 369 2493 gnandum
383 2458 424 2482 est
434 2455 465 2493 ‘_'.
483 2455 511 2493 Ai
520 2455 626 2483 feminis
639 2457 730 2493 itaque
743 2456 875 2493 fortitudo
886 2461 912 2484 et
925 2453 1014 2492 magni

231 2489 317 2527 animi
332 2489 419 2527 virtus
436 2489 749 2527 desideraturqubletn,
771 2492 816 2518 sed
836 2499 889 2527 non
907 2500 938 2519 ea
955 2489 1015 2527 quae

231 2522 260 2552 in
275 2522 420 2552 Amazonis
434 2522 644 2557 Sauromatidis‘,
662 2522 807 2554 Sacitlibus
819 2529 845 2552 et
861 2522 1014 2554 lberiis'cc-

230 2557 362 2596 lebratur.
377 2559 510 2596 Omnibus
525 2560 607 2595 igitur
619 2566 646 2588 et
660 2562 790 2596 singulis,
808 2562 840 2588 ad
858 2561 1014 2589 felicitatem

230 2594 470 2632 contendentibus,
487 2594 649 2632 Christiane
665 2594 911 2632 philosophandum
926 2602 968 2624 est
981 2598 1012 2624 ".

229 2626 344 2666 :I'emere
354 2637 418 2666 ergo
429 2630 581 2665 Euripides,
599 2626 679 2666 atquc
689 2626 918 2658 etianfllomerus
934 2632 1014 2660 modo

229 2661 309 2694 belle,
321 2661 401 2691 modo
412 2661 605 2699 tnalefcanunt
617 2661 649 2694 de
665 2667 833 2695 mulieribus.
848 2666 948 2693 llarum
963 2675 1013 2694 au-

228 2701 283 2735 tem
296 2703 326 2735 et
340 2700 471 2732 virorum,
488 2705 630 2735 parentum
650 2705 676 2728 et
691 2702 818 2733 ﬁliorum,
833 2710 973 2729 servorum
987 2706 1014 2729 et

228 2733 420 2773 dominorum,
444 2743 476 2763 ac
488 2733 603 2773 tandem
628 2740 721 2773 mutua
742 2737 911 2771 singulorum
934 2738 961 2764 in
985 2745 1014 2764 se

229 2769 346 2798 invicem
359 2769 485 2798 Clemens
499 2771 624 2798 cnueleat
638 2771 735 2804 oﬂicia,
748 2769 847 2807 quibus
862 2780 945 2808 super
954 2781 1014 2800 om-

265 2848 286 2864 ιο
305 2855 329 2882 ρ.
345 2846 407 2876 492.
447 2848 468 2864 ει
481 2856 508 2884 ρ.
524 2849 588 2876 495.

230 2884 250 2900 ¹⁹
265 2891 291 2918 p.
307 2885 369 2912 50L
408 2884 430 2900 ¹⁰
442 2892 468 2920 p.
484 2885 546 2919 502,
561 2886 620 2913 505.

628 2850 648 2866 n
660 2850 801 2921 3.119;“.

808 2851 829 2866 ¹³
845 2859 871 2884 ι).
891 2850 953 2878 493.

843 2888 863 2901 ²²
878 2894 904 2921 p.
921 2886 983 2914 505.

712 883 754 901 am
769 876 796 902 id
811 875 857 912 Dei
874 884 925 911 ope
936 881 963 904 et
980 885 1029 904 au-
1044 884 1065 912 Β

1006 2851 1016 2866 Β

995 2851 1152 2921 “'i'tiggoo
1162 2851 1194 2914 ei:

1084 245 1168 272 Deum
1193 245 1322 272 cordibus
1339 243 1439 279 regnet
1452 245 1483 271 ¹⁵.
1500 243 1587 278 Atque
1608 243 1646 270 ibi
1663 243 1760 270 obiter
1781 243 1876 278 ingrati

1083 281 1109 307 in
1124 280 1255 315 Opificem
1273 278 1421 307 Marcionis
1436 287 1557 307 errorem
1575 278 1688 306 refellit.

1117 326 1155 353 Ex
1170 327 1214 354 his
1230 326 1332 361 itaque,
1349 326 1438 359 inquit
1451 325 1506 361 ille,
1522 324 1626 361 liquido
1638 324 1811 361 intelligitur
1820 332 1877 358 qua:

1081 362 1117 389 sit
1130 362 1190 388 fidei
1202 359 1292 388 unitas
1300 365 1327 388 et
1341 359 1496 388 Christiana
1507 360 1648 394 perfectio.
1663 359 1807 392 Quocirca
1821 361 1876 394 qui-

1082 397 1146 425 libet
1158 397 1343 428 Christianus,
1360 396 1417 423 sive
1434 396 1486 426 vir,
1500 396 1558 422 sive
1571 395 1684 425 mulier,
1699 395 1817 422 tametsi
1833 396 1876 421 ho-

1080 440 1178 459 norum
1200 439 1232 458 ac
1254 431 1414 458 facultatum
1435 431 1555 457 omnium
1569 430 1679 464 jactura
1700 433 1876 464 extremaque

1081 467 1214 502 supplicia
1233 467 1393 502 immineant
1403 467 1413 502 γέ
1431 473 1569 500 nunquam
1590 473 1604 491 a
1622 465 1777 502 religione,
1795 465 1877 500 pieta-

1079 505 1106 529 te
1117 500 1146 530 et
1163 509 1227 528 vero
1242 501 1289 528 Dei
1302 502 1377 528 cultu
1393 501 1586 531 deterrebitur,
1599 504 1683 535 atque
1698 501 1727 526 in
1745 500 1782 527 iis
1795 508 1876 534 uSque

1081 537 1115 564 ad
1133 541 1248 564 mortem
1267 544 1300 563 eo
1316 536 1487 563 constantius
1503 535 1702 570 perseverabit,
1721 543 1780 569 quo
1795 536 1877 570 magis

1081 573 1156 599 illum
1173 571 1258 606 aliqui
1280 572 1314 598 ab
1329 572 1362 599 iis
1379 579 1472 598 arcere
1491 571 1582 598 conati
1607 570 1715 597 fuerint
1731 571 1768 596 λθ.
1788 570 1878 605 Neque

1079 608 1151 634 enim
1167 607 1200 634 ad
1215 606 1288 633 aliud
1312 607 1358 634 ille
1370 614 1491 641 unquam
1509 606 1683 635 collineabit,
1701 613 1789 640 quam
1806 606 1837 632 ad
1851 606 1878 632 id

1079 643 1151 677 quod
1169 646 1243 669 recte
1271 642 1448 677 honesteque,
1463 641 1594 677 quidquid
1611 641 1674 677 aliis
1689 649 1776 668 secus
1790 641 1876 677 videa-

1080 675 1134 709 tur,
1147 677 1205 704 fieri
1221 677 1302 711 118
1317 675 1416 711 potest.
1431 675 1508 709 Quod
1519 675 1626 711 quidem
1640 675 1775 704 Clemens
1791 676 1875 702 fimlat

1078 713 1240 739 auctoritate
1257 712 1376 747 Epicuri,
1392 713 1440 746 qui
1454 712 1546 739 docuit
1561 712 1596 738 ab
1607 711 1741 739 omnibus
1762 715 1791 739 et
1807 712 1877 738 uului

1078 751 1200 782 tempore
1215 747 1472 782 philosophandum.

1114 792 1183 820 Tum
1205 793 1337 820 continuo
1355 793 1400 820 ille
1416 792 1496 820 nobis
1516 792 1627 819 exhibet
1641 791 1751 819 Christi
1770 791 1875 820 Domini

1079 827 1113 854 de
1135 829 1267 863 martyrio
1293 828 1458 863 publicaque
1482 831 1584 855 nostra:
1599 827 1674 863 iﬁdei
1700 827 1876 856 confessione

1079 863 1172 894 verba,
1182 862 1242 897 qua:
1256 862 1473 890 ab'ileracleone
1488 863 1586 898 partim
1598 862 1680 893 bene.
1692 863 1796 897 partim
1809 865 1877 890 male

1079 898 1211 933 explicari
1241 898 1423 928 demonstrat,
1454 897 1611 925 ac’tandem
1629 898 1798 933 martyrium
1825 900 1875 926 sibi

1080 937 1255 967 peccatorum
1276 941 1339 960 cum
1361 933 1448 968 gloria
1463 933 1690 968 expurgatiouem
1707 933 1796 960 videri
1811 941 1876 960 oon-

1079 969 1164 996 cludit
1178 969 1210 995 ὀ.
1228 968 1292 995 Eam
1316 976 1383 995 sane
1396 968 1432 995 ob
1448 976 1557 996 causam
1577 968 1695 1002 apostoli
1718 968 1874 1000 Christum,

1079 1004 1125 1038 qui
1143 1011 1193 1038 pro
1208 1003 1364 1031 infidelibus
1381 1003 1479 1030 mortis
1495 1012 1504 1029 ι
1522 1002 1635 1030 calicem
1648 1002 1718 1029 bibit
1737 1013 1746 1029 ι
1763 1004 1875 1031 imitan-

1079 1043 1131 1074 tes,
1143 1037 1199 1073 ’pro
1214 1039 1248 1066 iis
1261 1046 1331 1074 quas
1348 1037 1532 1074 fundaret-unt
1554 1038 1680 1065 ecclesiis
1696 1040 1772 1073 passi
1802 1044 1873 1066 sunt.

1079 1073 1188 1101 lllormn
1201 1073 1291 1101 autem
1304 1073 1590 1108 vestigiisinsistenles
1600 1082 1609 1098 (
1621 1073 1752 1108 gnoslici,
1765 1083 1776 1099 ›
1793 1075 1873 1100 vitam

1078 1112 1162 1144 agunt
1179 1108 1247 1136 adeo
1260 1112 1426 1144 sanctam_ct
1442 1116 1457 1135 a
1478 1113 1590 1144 peccalo
1608 1110 1648 1135 sic
1667 1109 1789 1135 alienam
1808 1115 1837 1136 ut
1851 1110 1873 1136 si

1077 1142 1160 1172 casus
1183 1144 1284 1178 aliquis
1310 1151 1359 1178 pro
1383 1142 1507 1171 Ecoles‘ia
1531 1144 1652 1178 patiendi
1677 1151 1740 1171 sese
1765 1144 1871 1175 offerat,

1077 1183 1142 1215 tunc
1156 1187 1206 1213 pro
1224 1178 1275 1215 Dei
1287 1183 1528 1215 amoreitormenta
1547 1182 1719 1215 mortemque
1732 1179 1872 1206 obeant“.

1111 1214 1239 1242 Christus
1257 1213 1348 1249 itaque
1364 1213 1409 1240 ubi
1431 1222 1479 1241 eos
1494 1213 1560 1241 dicit
1577 1222 1638 1240 esse
1662 1213 1810 1248 fugiendos
1827 1216 1871 1249 qui

1076 1257 1127 1277 nos
1146 1258 1156 1274 ‹
1180 1250 1316 1284 persecuti
1333 1249 1446 1280 fuerint,
1471 1259 1479 1274 ι
1500 1249 1541 1276 his
1564 1249 1676 1284 quidem
1701 1249 1796 1277 verbis
1819 1258 1870 1276 non

1076 1283 1214 1320 significat
1230 1285 1330 1311 malum
1342 1291 1403 1311 esse
1415 1284 1525 1319 aliquod
1543 1294 1552 1309 ι
1569 1283 1793 1319 persecutionem
1815 1295 1825 1310 ι
1843 1293 1872 1312 ac

1075 1319 1191 1347 mortem
1209 1327 1258 1354 pro
1279 1320 1338 1354 ipso
1357 1327 1366 1344 ‹
1384 1319 1454 1353 pati;
1471 1330 1480 1345 ι
1501 1319 1548 1346 sed
1573 1320 1653 1346 nobis
1667 1320 1823 1347 cavendum
1841 1329 1871 1347 ne

1075 1359 1177 1382 temere
1190 1359 1217 1381 et
1234 1354 1390 1382 inconsulto
1406 1359 1487 1382 certae
1504 1355 1583 1381 morti
1598 1355 1671 1381 ultro
1685 1361 1737 1381 nos
1753 1355 1871 1382 otIeren-

1075 1394 1127 1420 tes,
1145 1391 1270 1425 tyrannis
1295 1389 1424 1425 peccandi
1453 1395 1534 1424 atque
1560 1390 1662 1424 injuste
1691 1397 1743 1416 nos
1767 1391 1873 1417 interli-

1074 1425 1163 1452 ciendi
1181 1426 1353 1452 occasionem
1371 1425 1551 1459 przebeamus.
1570 1426 1659 1459 Atque
1677 1425 1710 1451 ad
1731 1425 1758 1451 id
1780 1425 1870 1452 enica-

1074 1460 1133 1487 ei'us
1148 1461 1339 1487 stabiliendum
1351 1459 1453 1486 Christi
1469 1461 1553 1487 utitur
1569 1460 1745 1491 auctoritate,
1759 1468 1816 1495 qua
1828 1462 1870 1488 ille

1074 1495 1206 1523 auferenti
1225 1495 1336 1530 pallium
1349 1495 1473 1531 prmelpit
1487 1496 1546 1522 dari
1561 1500 1589 1522 et
1605 1495 1740 1521 tunicam.

1035 1559 1056 1588 ο
1074 1576 1092 1588 ι.
1108 1541 1340 1588 At,linquiebant,
1356 1550 1406 1569 cur
1419 1542 1571 1588 Christiani
1584 1542 1729 1588 sunt
1745 1545 1772 1588 ej:
1787 1549 1871 1588 nega-

1074 1576 1104 1607 ti,
1117 1577 1139 1603 si
1157 1577 1227 1604 Deus
1246 1585 1339 1604 curam
1363 1585 1458 1605 eorum
1483 1576 1798 1612 gerebatIBespondet
1812 1577 1871 1603 Cle-

1072 1620 1150 1647 mens
1176 1620 1226 1639 nos
1256 1613 1414 1647 neutiquam
1441 1611 1600 1639 existimare
1625 1611 1710 1638 Deum
1737 1613 1819 1644 velle,
1844 1617 1870 1638 ut

1071 1646 1218 1674 Christiani
1231 1647 1280 1674 hos
1292 1646 1442 1675 inciderent
1462 1648 1488 1674 in
1502 1655 1602 1679 casus;
1626 1647 1673 1673 sed
1691 1648 1816 1680 ipsorum
1832 1648 1870 1674 fll-

1071 1686 1147 1710 turos
1159 1683 1213 1710 illis
1226 1683 1426 1717 praenuntiasse
1438 1683 1578 1710 cruciatus
1595 1685 1623 1708 et
1641 1686 1792 1714 tormenta,
1811 1683 1869 1717 qui-

1072 1717 1124 1745 bus
1139 1718 1171 1745 ad
1185 1722 1327 1749 aeternam,
1341 1726 1422 1752 quam
1433 1718 1472 1745 eis
1490 1717 1677 1752 promittebat.
1695 1718 1868 1751 pervenirent

1071 1751 1255 1780 htercditatem
1267 1753 1299 1780 ".
1319 1751 1389 1786 Quid
1406 1760 1479 1784 vero,
1490 1751 1565 1788 quod
1588 1757 1615 1788 et
1640 1752 1753 1787 ipsitnet
1771 1754 1868 1788 pagani

1072 1788 1218 1822 suppliciis
1233 1788 1379 1823 aliquando
1390 1787 1599 1823 adiciebantur?

1106 1823 1176 1855 Quid
1191 1827 1247 1850 tum
1278 1822 1387 1850 aiebant
1404 1824 1519 1858 pagani?
1530 1822 1597 1849 Nam
1610 1822 1636 1848 hi
1649 1822 1767 1849 maleﬁci
1780 1828 1866 1850 erant.

1070 1857 1178 1892 Optime
1202 1859 1327 1893 quidem,
1352 1857 1449 1893 pergit,
1464 1859 1601 1885 Clemens.
1632 1858 1788 1884 Christiani
1819 1859 1866 1893 igi-

1071 1898 1117 1929 tur
1142 1894 1166 1921 si
1190 1898 1300 1929 propter
1322 1893 1458 1928 justitiam
1480 1893 1713 1929 pcenasriniquis‘
1727 1893 1866 1927 judieibus

1070 1927 1214 1960 dederunt,
1232 1927 1297 1962 quid
1316 1927 1378 1956 inde
1403 1927 1498 1955 contra
1520 1927 1672 1962 aequissimi
1699 1927 1749 1955 Dei
1777 1930 1865 1962 prori-

1069 1963 1206 1999 dentiam?
1221 1963 1317 1991 Nonne
1335 1964 1459 1999 tyrannis
1474 1963 1515 1990 fas
1540 1967 1600 1990 erat
1626 1971 1751 1999 causam,
1767 1965 1866 1990 exami-

1070 2006 1136 2026 nare
1159 1998 1390 2030 Christianorum,
1408 2007 1459 2026 nec
1471 1999 1499 2025 in
1513 2006 1559 2026 eos
1579 1999 1615 2025 ob
1630 1999 1719 2025 solam
1734 1998 1865 2026 Christia~

1070 2042 1112 2060 me
1131 2034 1273 2068 religionis
1292 2034 1489 2069 professionem
1505 2034 1714 2068 iniquissimum
1733 2034 1805 2061 ferre
1824 2035 1865 2068 ju-

1070 2069 1172 2096 dicillm
1180 2071 1192 2095 ‘.'

1105 2104 1246 2140 curergo,
1261 2105 1399 2132 instabant
1418 2104 1527 2140 pagani,
1549 2102 1808 2140 tunc_Christianis
1827 2105 1864 2131 ni-

1071 2139 1108 2166 llil
1127 2138 1265 2167 ferebatur
1289 2138 1489 2172 auxilii?Quia
1513 2139 1598 2170 nulla,
1622 2138 1712 2173 inquit
1728 2139 1862 2170 Clemens.

1071 2175 1172 2208 injuria
1193 2175 1292 2207 allecti,
1311 2175 1414 2210 gratias
1436 2174 1560 2209 tyrannis
1584 2173 1689 2200 ideirco
1707 2174 1811 2210 habere
1822 2175 1863 2202 de-

1071 2210 1179 2239 hebant.
1195 2211 1266 2244 qllod
1279 2211 1330 2237 sibi
1342 2210 1375 2237 ad
1393 2209 1477 2237 Deum
1492 2213 1690 2244 aeternamque
1700 2209 1785 2235 vitam
1798 2211 1863 2237 cele‘

1034 2239 1056 2266 D
1071 2245 1129 2272 rius
1144 2239 1344 2281 com'migrandi
1363 2246 1460 2272 darent
1475 2239 1711 2281 ρρυιιείυηεξξῖικΙ-Ξμ
1723 2252 1790 2281 vero
1807 2246 1861 2271 illos

1071 2281 1165 2312 nullis,
1180 2279 1260 2307 etiam
1283 2280 1517 2315 exquisitissimis,
1541 2279 1686 2314 suppliciis
1706 2279 1769 2307 laedi
1785 2281 1860 2315 Anyti

1071 2315 1207 2350 Melilique
1221 2314 1362 2352 exemplis,
1377 2319 1402 2343 et
1416 2314 1564 2350 Scriptura:
1581 2315 1750 2342 auctoritate
1766 2314 1860 2342 invicte

1069 2352 1177 2378 asserit.

1104 2385 1173 2412 Tum
1195 2385 1293 2412 deinde
1317 2385 1360 2412 ille
1386 2385 1482 2412 falsam
1506 2388 1533 2411 et
1552 2384 1709 2411 hmrelicam
1736 2384 1859 2412 Basilidis

1068 2420 1102 2447 de
1126 2421 1256 2456 martyrio
1269 2421 1424 2455 opinionem
1437 2420 1524 2456 fusius
1541 2421 1660 2454 exagitat
1681 2424 1709 2446 et
1741 2421 1858 2447 funditus

1067 2455 1205 2483 evertit",
1223 2456 1313 2483 Monet
1328 2461 1418 2482 tamen
1433 2463 1462 2482 se
1472 2455 1506 2482 de
1521 2462 1552 2481 ea
1568 2455 1631 2481 alibi
1651 2462 1752 2482 rursus
1767 2456 1856 2490 dispu-

1068 2495 1200 2518 taturum.
1219 2491 1274 2518 Nec
1301 2491 1394 2517 leviori
1418 2498 1484 2517 sane
1510 2489 1564 2516 ictu
1589 2491 1713 2516 concutit
1739 2489 1855 2518 errorem

1068 2525 1207 2553 Valentini
1222 2528 1255 2558 ⁸⁸,
1273 2526 1318 2561 qui
1333 2525 1494 2560 martyrium
1506 2525 1566 2551 ideo
1577 2525 1791 2559 aspernabatur,
1799 2526 1854 2560 quia

1068 2566 1217 2589 sectatores
1230 2560 1304 2592 suos,
1317 2562 1350 2588 ab
1359 2561 1435 2587 initio
1447 2560 1623 2591 immortales,
1631 2568 1719 2594 genus
1729 2568 1792 2588 esse
1806 2563 1854 2587 ele-

1068 2602 1161 2628 ctum;
1183 2597 1332 2624 catholicos
1348 2600 1438 2622 autem
1453 2599 1507 2621 tam
1526 2595 1581 2627 ille,
1606 2604 1689 2630 quam
1707 2597 1761 2630 ipsi
1775 2595 1854 2630 Phry-

1067 2640 1124 2668 ges,
1142 2632 1175 2658 de
1190 2632 1290 2666 quibus
1307 2632 1333 2658 in
1349 2634 1466 2658 tractatu
1481 2630 1514 2656 de
1536 2630 1688 2668 prophetia
1703 2638 1852 2668 sermonem

1066 2665 1207 2694 Clemens,
1222 2667 1375 2693 habiturum
1400 2673 1429 2692 se
1453 2673 1514 2693 esse
1536 2665 1651 2700 spondet
1664 2666 1700 2697 “,
1726 2667 1852 2692 animales

1066 2710 1127 2729 esse
1141 2702 1292 2736 garriebat;
1312 2706 1392 2735 atque
1408 2701 1469 2727 inde
1486 2701 1636 2734 dismpulos
1655 2708 1723 2728 suos
1741 2705 1770 2728 ut
1785 2708 1851 2727 mor-

1066 2741 1121 2764 tem
1137 2735 1153 2763 a
1169 2737 1308 2768 Creatorc,
1323 2737 1356 2763 de
1367 2744 1421 2771 quo
1437 2736 1501 2762 alibi
1521 2736 1678 2767 dicendum,
1706 2735 1849 2771 profectam

1066 2772 1257 2804 dissolverent,
1270 2772 1380 2800 venisse
1395 2778 1536 2806 perperam
1550 2772 1708 2807 colligebat.

1531 2851 1551 2866 ¹⁷
1563 2859 1588 2885 p.
1606 2850 1670 2877 £99.

1712 2851 1733 2867 ιι
1745 2859 1772 2887 p.
1788 2850 1845 2877 509.

1560 2887 1583 2902 ιι
1599 2886 1703 2920 p.511.

1173 2851 1194 2866 ’⁵
1210 2859 1234 2885 p.
1248 2850 1310 2878 $97.
1349 2850 1371 2866 ¹⁶
1389 2858 1415 2885 p.
1429 2850 1492 2878 ιθε.

1210 2859 1234 2886 p.
1248 2859 1310 2878 avi.
1351 2859 1371 2866 ιυ
1389 2859 1415 2885 p.
1429 2859 1492 2878 ινδ.

1210 2895 1259 2921 seq.
1299 2887 1321 2902 "'
1337 2894 1362 2921 p.
1379 2886 1442 2919 509,
1461 2886 1522 2914 510.
