1927 3073
64 151 128 180 1025

656 152 700 179 ne
720 143 833 180 Limus
851 144 1079 183 sr‘aona‘ruu.

1611 161 1679 189 1026

93 211 233 251 Perfectus
249 206 605 251 ergo‘fihristianus,utier
619 213 675 246 jam
684 213 765 251 dictis
777 213 842 240 Cle-
856 218 879 247 Α
893 222 990 242 norum
1011 215 1118 243 lavabat
1137 215 1220 250 pedes
1244 216 1393 251 hospitum,
1422 221 1449 244 et
1476 216 1542 245 Sara
1564 219 1680 248 Abrahae

61 254 134 274 meus
157 247 288 278 conﬁcit,’
305 247 383 274 debet
400 248 527 274 mandata
548 248 592 274 Dei
616 256 663 282 per
678 249 838 275 cliaritatem

60 283 241 316 exsequendo,
261 283 293 309 ad
313 283 431 308 divinam
450 283 559 310 tendere
576 283 736 310 amicitiam.
758 283 841 310 Debet

60 317 136 352 etiam
154 317 305 347 inimicum,
323 322 457 352 quatenus
480 319 561 344 homo
577 322 604 344 et
623 317 669 344 Dei
697 325 765 351 opus
786 321 839 350 est,

61 351 178 386 diligere,
196 352 307 378 minimc
329 360 392 387 vero
407 352 480 379 il'ius
497 357 617 386 peccata,
637 360 697 387 qua:
713 360 762 379 nec
774 353 840 380 sub-

61 387 154 413 stantia
167 387 269 420 aliqua,
279 395 329 414 nec
340 386 386 414 Dei
404 395 471 421 opus
483 388 536 415 dici
548 386 671 422 possunt.
688 387 747 414 Non
761 388 841 414 debet

60 425 145 447 autem
170 422 259 457 aliena
284 421 487 456 concupiscere,
510 421 563 449 non
589 423 648 449 ideo
672 427 746 450 certe
776 422 840 457 quia

60 457 136 486 mala,
153 464 203 482 nec
215 464 233 491 7a
248 456 301 483 Deo
316 457 381 486 sint.
396 457 441 483 sed
458 458 519 491 quia
537 462 609 484 recte
625 458 740 484 terrenis
761 456 840 484 benis

61 491 194 517 utendum.
212 490 295 518 Debet
307 491 419 526 insuper
429 490 479 521 eis.
492 493 616 526 aquibus
633 493 702 519 male
713 492 838 523 afﬁcitur.

60 525 223 561 benedicere,
241 531 268 554 et
281 534 345 561 erga
368 525 564 558 adversarium,
586 535 639 554 non
664 528 784 561 quidem,
801 529 839 554 uti

59 560 162 594 quidam
178 560 373 596 opinabantur,
386 569 486 596 corpus
502 570 594 592 suum,
614 562 662 589 scd
674 560 776 596 pravos
791 562 840 589 ho-

59 596 150 627 mines,
175 597 340 630 quibuscum
369 597 471 623 versari
495 601 611 628 tenetur,
640 605 701 624 esse
724 598 841 624 benevo-

60 630 98 666 lus
111 631 143 657 ".
161 630 235 657 Nihil
249 631 365 666 denique
376 632 558 666 quodcunque
574 632 714 664 acciderit,
734 633 809 659 illum
824 639 839 658 a

60 665 185 701 charitate
199 665 248 693 Dei
264 665 389 701 separare
404 667 493 693 debet.

92 710 101 736 ᾳ
120 700 222 734 Habes,
244 711 253 727 ι
271 700 445 736 prosequitur
465 706 560 728 auctor
576 707 680 733 noster,
699 710 838 735 συγκεφα-

59 734 326 772 λαίωσιννγνωστὶκοῦ
341 734 488 772 μάρτυρος,
517 746 526 762 ‹
558 744 691 772 summam
713 734 840 771 martvris

59 771 180 804 gnostici,
204 781 213 797 ι
230 779 278 798 seu
301 772 456 806 cognitione
481 771 595 806 praediti.
624 771 726 806 Duplex
747 779 839 806 porro,

59 806 148 839 inquit,
164 812 204 833 est
216 807 347 841 cognitio,
363 814 416 833 una
435 814 496 833 cum
522 807 649 833 omnibus
674 807 838 838 communis,

59 847 106 874 qua
119 841 248 868 videlicet
262 849 343 869 verus
361 842 517 877 agnoscitur
533 841 617 873 Deus;
640 842 723 868 altera
738 849 837 877 pauco-

892 257 961 289 uxor
976 251 1269 289 spbrziiiericiospapcs
1287 252 1390 286 angelis
1404 254 1520 286 paravit,
1537 260 1568 281 ac
1581 255 1681 289 puclla:

892 285 971 323 regia:
982 285 1074 323 _119_
1085 286 1154 320 apud
1179 286 1307 323 Hebraeos
1326 285 1389 314 oves
1401 285 1561 322 pascebant.
1581 285 1680 323 quem-

891 319 1036 372 adiulqduui
1054 319 1188 348 Homerus
1202 321 1366 349 Nausicaam
1382 319 1415 349 ad
1435 323 1511 349 labra
1529 319 1613 352 ivisse
1634 332 1680 352 ce-

891 362 945 372 μιηι

890 358 971 380 Cliti”

925 387 994 415 Tum
1020 389 1148 428 Clemens
1173 391 1284 428 exponit
1304 390 1441 428 quomodo
1467 392 1563 428 mulier
1585 401 1645 428 qua:
1660 400 1678 421 a

890 423 950 462 viro
966 425 1112 462 quominus
1127 427 1185 460 ipsa
1203 423 1244 453 vel
1261 423 1321 459 ejus
1340 426 1438 452 ancilla
1452 426 1546 454 virtuti
1564 423 1675 462 operam

890 458 946 496 det,
971 460 1110 496 prohiberi
1133 458 1186 487 non
1204 458 1292 494 potest
1301 469 1387 496 Lscse
1408 469 1470 495 erga
1489 470 1550 489 eum
1571 458 1676 496 gerere,

891 493 984 530 illique
1008 494 1119 521 obedire
1143 493 1280 522 debeat".
1307 495 1346 522 Ex
1369 493 1497 530 Euripide
1520 493 1609 524 autem
1632 493 1677 525 ille

890 529 1019 563 patefacit
1042 530 1107 563 quid
1132 531 1248 563 mulieri,
1266 538 1326 565 quae
1347 538 1408 557 cum
1425 529 1566 558 honestate
1586 532 1676 559 virum

890 571 969 600 suum
986 569 1068 597 amat,
1084 565 1216 600 agendum
1233 566 1276 592 sit.
1290 565 1390 592 Deinde
1405 567 1537 593 describit
1550 571 1576 593 et
1587 571 1678 594 osten-

890 598 930 624 dit
941 599 1078 635 quomodo
1090 598 1245 635 conjugium
1256 601 1342 634 possit
1348 608 1408 627 esse
1419 605 1543 628 sanctum
1556 606 1583 628 et
1599 602 1675 634 felix,

890 640 921 660 ac
936 641 989 668 quo
1003 634 1085 671 etiam
1101 635 1303 671 modoitnulier,
1318 636 1340 662 si
1355 636 1453 662 marito
1467 641 1495 662 ut
1508 637 1550 671 pie
1567 637 1675 671 religio-

890 675 974 704 seque
989 668 1061 704 vivat
1077 670 1240 703 persuadere
1256 677 1309 696 non
1325 671 1421 704 possit,
1440 668 1610 698 sese'debeat
1620 668 1674 699 cx-

891 703 992 729 bibere.
1013 703 1133 738 Denique
1153 705 1221 742 latas
1236 705 1269 731 ab
1280 703 1408 742 Apostolo
1423 705 1585 741 conjugibus
1601 707 1675 742 leges

890 742 916 765 et
932 742 1065 772 praecepta
1079 739 1233 765 summatim
1250 739 1375 766 cnucleat
1389 738 1421 766 ⁸⁸.

925 773 992 799 Cum
1010 773 1101 807 itaque
1117 782 1186 801 unus
1198 774 1234 800 sit
1248 775 1297 800 viri
1316 782 1347 800 ac
1361 774 1484 802 mulieris
1496 774 1557 802 ﬁnis
1573 779 1600 803 et
1612 783 1675 803 sco-

891 815 951 849 pus.
981 816 1013 834 ex
1043 808 1121 849 Petri
1142 808 1421 849 PauliqpeEpistolis
1448 810 1674 849 panditquissit

891 843 972 880 homo
987 850 1049 880 vere
1061 843 1206 880 perfectus.
1232 843 1301 880 Quia
1320 852 1385 880 vero
1399 843 1466 870 varii
1490 848 1553 880 sunt
1567 843 1674 880 gradus

59 882 126 914 rum,
137 877 183 914 _qui
198 880 298 914 putant
310 876 391 914 licere
399 877 478 914 Aeihis
488 878 560 903 vesci
577 876 766 914 falso‘numiui
781 876 832 914 _im-
856 886 877 912 Β
891 876 1077 914 perfectionis,
1092 879 1217 906 Clemens
1231 879 1347 914 ingenue
1370 878 1469 905 fatetur
1494 879 1546 906 sibi
1563 876 1672 914 penitus

59 910 169 942 molatis,
183 910 315 946 aquibus
337 911 527 939 abstinendum
552 911 666 946 apostoli
696 912 749 937 lata
781 911 840 946 lege

59 945 239 973 sanciverunt.
266 947 396 979 Quamvis
419 953 508 973 autem
533 946 558 972 id
570 945 720 981 aliquando
736 945 839 972 licitum

59 981 180 1017 essetrab
196 981 240 1008 bis
263 986 352 1008 tamen
370 986 480 1017 propter
492 981 627 1008 inﬁrmam
648 982 763 1008 aliorum
775 988 841 1008 con-

59 1015 192 1042 scientiam
208 1016 349 1043 abstinere
366 1015 498 1043 debemus
508 1016 541 1043 ".

90 1049 169 1078 Docet
197 1057 328 1086 praeterea
355 1051 502 1086 Apostolus
522 1058 691 1078 communem
714 1050 774 1078 ﬁdei
791 1050 840 1077 do-

60 1086 166 1112 ctrinam
180 1094 243 1115 esse
262 1086 372 1114 odorem
380 1085 560 1122 cognitionis,
573 1094 638 1122 quae
652 1086 734 1113 Vetus
744 1085 839 1113 Testa~

60 1126 170 1150 ruentum
199 1123 323 1157 legentes
351 1123 526 1156 nondumque
547 1121 579 1148 ad
605 1121 746 1149 Dominum
767 1128 837 1147 con-

61 1163 143 1192 versos
158 1157 235 1192 fugit.
256 1157 297 1184 Ab
314 1158 363 1184 hac
377 1166 440 1184 vero
456 1158 581 1184 Cll-tuens
592 1157 734 1192 distinguit
745 1166 754 1182 ‹
768 1163 836 1192 gno-

59 1191 113 1218 slici
128 1202 137 1217 ι
160 1191 334 1227 et’martyris
348 1192 552 1227 perfectionem,
575 1197 601 1219 et
624 1193 651 1219 in
663 1191 717 1226 quo
734 1191 838 1220 carsita

59 1226 99 1262 sit,
113 1227 229 1262 explicat
241 1226 406 1254 auctoritate
423 1227 535 1254 Joannis
550 1231 576 1254 et
589 1227 675 1259 Pauli,
686 1228 837 1262 prazsertim

59 1260 82 1303 in
93 1260 190 1303 sua’ad
208 1261 339 1303 ﬂebmos
354 1263 483 1303 Epistola,
506 1260 713 1303 .necnouetuéx
729 1262 840 1303 Sapien-

60 1296 98 1322 tia:
108 1296 186 1333 libro,
204 1297 251 1324 ubi
269 1296 428 1333 martyrium
445 1297 575 1333 gloriosa2
598 1298 635 1323 uti
652 1298 754 1324 dictum
782 1302 835 1330 est,

59 1332 207 1367 expurgatio
239 1339 303 1359 esse
329 1333 484 1367 perhibetur
504 1332 537 1358 ³⁸.
560 1332 709 1364 Quamdam
730 1339 838 1367 quoque

59 1366 171 1399 ejusdem
185 1376 194 1392 ι
215 1366 335 1401 gnostici
353 1377 362 1393 ι
381 1368 494 1394 formam
514 1367 541 1393 in
568 1367 725 1397 Clementis,
740 1366 836 1401 quem

59 1402 202 1434 apostolum
226 1406 320 1434 vocat,
339 1402 381 1428 Ad
401 1402 552 1429 Corinthios
581 1401 702 1435 Epistola
723 1403 838 1436 pulchre

58 1436 172 1463 exhiberi
187 1441 286 1463 auctor
300 1443 393 1465 uoster
410 1437 533 1472 pluribus
547 1437 732 1469 demonstrat;
756 1442 837 1472 atque

59 1477 86 1496 ea
101 1479 157 1505 qua:
167 1474 201 1498 ab
215 1473 264 1498 illo
278 1473 327 1498 hac
349 1473 503 1507 iniepistola
521 1472 554 1500 de
576 1472 693 1505 perfecta
704 1472 837 1499 charitate

59 1507 151 1541 scripta
167 1511 242 1535 sunt.
260 1514 358 1534 rursus
378 1506 455 1533 Pauli
469 1507 626 1534 testimonio
640 1507 785 1533 conﬁrmat
798 1508 834 1534 ".

90 1541 200 1575 Scriptis
217 1550 302 1576 porro
319 1549 380 1569 cum
397 1542 454 1569 haec
472 1542 517 1568 ille
537 1542 688 1573 mandaret,
712 1542 740 1568 in
759 1549 834 1569 men-

59 1577 106 1602 tem
118 1577 168 1611 ipsi
177 1578 252 1604 venit
263 1577 372 1611 quidam
393 1586 401 1601 ι
415 1577 566 1612 gnosticus,
585 1586 593 1601 ι
607 1576 686 1611 cujus
699 1576 766 1604 falsa
781 1577 836 1611 opi-

58 1611 99 1637 nio
113 1615 178 1642 erat,
192 1619 257 1639 eum
270 1612 318 1646 qui
334 1611 474 1639 mulierem
485 1621 494 1636 ί
513 1612 546 1638 ad
561 1612 809 1646 concupiscendqu
823 1621 832 1638 ι

58 1651 199 1681 aspexerat,
224 1654 283 1673 non
304 1654 442 1681 peccasse,
457 1647 510 1673 nisi
526 1647 702 1681 cupiditatem
728 1647 835 1674 actione

59 1682 196 1716 aliquando
221 1682 282 1709 sive
305 1682 466 1709 somniando
482 1682 539 1708 sive
559 1682 695 1715 vigilando
711 1682 836 1716 expleve--

58 1716 89 1742 rit
103 1717 133 1742 ³⁸.
151 1716 228 1744 Hunc
246 1720 338 1743 autem
354 1724 473 1743 errorem
487 1721 516 1743 ut
532 1717 646 1745 refellat.
664 1717 751 1751 primo
767 1716 836 1743 Boc-

58 1751 170 1779 choridis
184 1753 218 1779 de
234 1751 424 1783 adolescente,
442 1752 486 1786 qui
516 1751 542 1777 in
564 1752 666 1778 somnis
695 1752 834 1778 libidinem

59 1794 114 1812 cum
135 1787 280 1814 meretrice
304 1787 454 1820 explevisse
468 1787 543 1813 visus
562 1787 612 1813 sibi
635 1787 734 1819 fuerat,
758 1787 833 1821 judi-

58 1822 123 1848 cium
142 1822 283 1856 proponit.
307 1821 408 1848 Dehinc
427 1822 536 1856 planum
551 1821 615 1848 facit
630 1822 692 1856 quis
707 1826 834 1856 aspectus

59 1857 171 1884 mulieris
186 1858 277 1883 malus
297 1857 343 1887 sit,
360 1861 406 1883 aut
418 1857 520 1888 bonus;
541 1860 567 1883 et
583 1857 710 1883 observat
730 1857 834 1891 appeti-

59 1891 151 1918 tionem
168 1900 183 1919 a
198 1892 350 1926 cupiditate
374 1893 410 1918 ita
428 1891 558 1923 discerni,
581 1895 611 1918 ut
628 1892 684 1918 lucc
697 1892 834 1918 tribuatur

58 1927 179 1961 voluptati
203 1932 230 1954 et
261 1927 486 1960 intemperantiae,
512 1926 557 1952 illa
579 1934 642 1953 vero
668 1927 703 1953 sit
727 1934 761 1953 ex
789 1935 834 1953 ra-

58 1961 124 1988 tione
139 1966 240 1993 molus,
256 1965 283 1988 et
300 1962 327 1987 in
343 1963 376 1989 iis
390 1969 450 1996 quae
461 1961 610 1988 secundum
629 1964 753 1987 naturam
770 1965 834 1987 sunt

59 1997 231 2024 constituatur
246 1997 281 2023 ³¹.
303 1995 424 2031 Denique
448 1997 493 2031 qui
518 1996 607 2022 omnis
624 1996 681 2022 vitii
708 2000 735 2022 et
750 1996 834 2023 animi

59 2032 264 2064 perturbationis
274 2037 409 2065 expertes,
427 2039 459 2058 ac
481 2031 635 2066 cognitione
646 2036 673 2057 ct
685 2031 763 2057 bonis
773 2039 835 2066 ope-

59 2066 125 2094 iibus
138 2068 225 2094 ornati
243 2072 318 2098 sunt,
337 2067 387 2094 bos
411 2067 478 2093 dicit
497 2074 558 2094 esse
576 2066 668 2093 beatos
692 2072 772 2101 atque
799 2066 833 2093 ad

58 2100 133 2128 Deum
148 2101 308 2129 transmitti.

89 2136 265 2164 Perfectiouis
281 2140 371 2163 autem
394 2136 474 2164 istius
491 2140 546 2162 tam
561 2135 603 2162 vir
627 2142 707 2170 quam
736 2135 834 2162 mulier

58 2177 163 2205 possunt
186 2180 248 2200 esse
274 2171 429 2206 participes.
448 2171 525 2204 Quod
546 2170 654 2205 quidem
672 2171 831 2197 luculentis-

58 2206 119 2233 siuie
132 2209 165 2234 ab
181 2205 295 2234 auctore
309 2210 403 2234 nostro
426 2207 508 2233 variis
526 2206 655 2240 probatur
666 2206 687 2221 ³³
703 2205 843 2240 exemplis:

890 919 953 949 e_s_se_
985 913 1204 949 incompertum,
1235 921 1269 940 au
1298 914 1398 948 aliquis
1433 913 1675 949 unquamfpraiter

891 946 1186 983 Clii~istumﬁDominuni
1204 948 1324 983 attigerit
1341 946 1674 983 summum-perfectionis

892 982 1005 1016 apicem.
1025 982 1219 1009 Verumtamen
1233 982 1304 1010 haud
1319 983 1477 1010 dubitanter
1493 982 1607 1010 afﬁrmat
1626 992 1674 1012 ve-

892 1016 956 1054 teris
973 1017 1254 1054 perfectionemglegis
1267 1018 1441 1054 _Cliristianaa
1458 1019 1597 1054 religionis
1611 1027 1675 1053 pro-

890 1051 1184 1088 fessiotiercomparari
1209 1053 1242 1080 ³⁸.
1261 1052 1433 1081 Christianus
1457 1051 1521 1080 vero
1539 1051 1674 1088 perfectus

890 1091 941 1118 est,
968 1087 991 1114 si
1015 1087 1073 1123 lege
1101 1088 1146 1119 illa
1174 1091 1303 1122 tanquam
1329 1089 1414 1123 gradu
1432 1088 1465 1115 ad
1479 1087 1672 1123 perfectionem

891 1126 981 1153 utens,
1005 1126 1032 1148 et
1044 1122 1131 1158 illam,
1154 1123 1258 1158 utipar
1273 1122 1435 1154 estrmente
1451 1122 1614 1158 percipiens,
1633 1125 1674 1150 vi—

891 1160 945 1183 tam
958 1160 1029 1185 recte
1042 1157 1176 1184 instituat.
1189 1157 1230 1184 Ad
1245 1158 1419 1193 perfectionis
1431 1162 1520 1185 autem
1535 1159 1674 1193 fastigium

890 1193 1038 1226 perveniet,
1053 1193 1074 1220 si
1091 1201 1198 1219 summa
1216 1193 1243 1220 in
1260 1192 1343 1220 Deum
1360 1192 1493 1220 cbaritate
1508 1200 1556 1227 pro
1569 1192 1673 1221 Christi

890 1228 1007 1263 nominis
1021 1227 1194 1263 confessione
1209 1232 1324 1255 mortem
1345 1227 1457 1263 profuso
1479 1229 1612 1263 sanguine
1628 1230 1672 1255 lu-

889 1261 986 1289 benter
1005 1262 1113 1290 obierit.

923 1297 989 1329 Quae
999 1301 1090 1324 autem
1101 1298 1157 1324 sint
1168 1297 1230 1324 vitm
1244 1297 1317 1325 illius
1330 1296 1457 1332 perfecta!
1467 1305 1516 1324 seu
1537 1306 1546 1322 ι
1562 1298 1670 1332 gnosti-

888 1339 928 1359 cae
943 1342 952 1358 ι
972 1332 1143 1367 prolusiones
1160 1337 1240 1367 atque
1256 1333 1530 1367 prteexercitationcs.
1554 1338 1581 1360 et
1602 1340 1672 1366 quo-

889 1367 978 1399 modo,
993 1367 1057 1394 dum
1073 1367 1100 1393 in
1111 1367 1161 1402 hac
1174 1369 1229 1394 vita
1243 1367 1376 1402 degimus,
1391 1368 1470 1394 nobis
1482 1370 1510 1394 ut
1529 1367 1556 1394 in
1582 1368 1670 1394 virum

887 1402 1038 1437 perfectum
1054 1406 1081 1429 et
1096 1402 1122 1428 in
1139 1401 1241 1429 Christi
1266 1401 1462 1437 plenitudinem
1491 1409 1671 1437 occurramus

888 1436 1064 1464 a'dnitendum
1075 1437 1121 1469 sit,
1131 1436 1275 1472 perspicue
1284 1441 1379 1464 auctor
1390 1443 1482 1464 noster
1493 1436 1568 1463 Pauli
1579 1441 1672 1463 aucloa

888 1472 968 1499 ritate
983 1472 1151 1499 demonstrat
1166 1473 1198 1499 ³⁸.
1223 1472 1257 1498 At
1273 1480 1305 1499 ex
1328 1472 1422 1499 eodem
1451 1472 1574 1506 apostolo
1603 1472 1673 1500 scite

889 1507 1083 1534 animadvertit
1094 1507 1170 1533 varia
1185 1515 1246 1534 csse
1266 1506 1440 1541 perfectionis
1455 1514 1563 1541 genera,
1578 1511 1604 1533 et
1618 1507 1672 1534 alia

887 1542 994 1577 quidem
1009 1542 1156 1576 prophetae,
1176 1542 1227 1568 alia
1237 1542 1304 1575 justi
1319 1541 1447 1572 hominis,
1463 1541 1519 1577 alia
1530 1543 1670 1577 martyris,

887 1575 940 1604 alia
956 1575 1096 1610 doctoris;
1111 1577 1157 1603 sed
1177 1577 1314 1611 apostolos
1329 1578 1355 1603 iii
1368 1577 1494 1603 omnibus
1509 1575 1593 1603 fuisse
1604 1575 1671 1611 per-

887 1611 1050 1639 fectissimos
1064 1612 1096 1638 ³⁷.
1110 1610 1208 1638 Verum
1225 1612 1359 1646 quoslibet
1375 1616 1462 1638 tamen
1484 1611 1528 1638 ille
1552 1610 1671 1639 monitos

885 1654 945 1674 esse
959 1647 1016 1673 vult
1030 1646 1118 1677 Pauli,
1131 1647 1236 1674 caeteris
1253 1647 1383 1681 apostolis
1402 1646 1576 1677 recentioris,
1597 1647 1669 1673 scri-

886 1685 931 1716 pta
945 1689 978 1709 ex
995 1682 1078 1708 veteri
1096 1682 1214 1716 pendere
1229 1680 1402 1713 testamento,
1422 1680 1554 1716 illudque
1569 1681 1603 1707 ab
1618 1684 1670 1708 ho-

887 1715 1005 1744 iuinibus
1021 1715 1152 1748 Hebraeis,
1164 1716 1217 1743 nisi
1233 1717 1260 1743 in
1271 1717 1409 1743 Christum
1423 1715 1599 1748 crediderint,
1612 1724 1672 1751 per-

886 1752 938 1786 cipi
952 1755 979 1778 et
991 1750 1182 1786 comprehendi
1199 1759 1253 1778 non
1274 1759 1365 1786 posse.

912 1785 1087 1821 lntelligentis
1095 1794 1176 1820 porro
1182 1794 1214 1813 ac
1225 1786 1390 1821 perspicacis
1401 1785 1670 1820 cgnosticiiprimum

885 1828 965 1856 opus,
974 1820 1186 1856 czéterorumque
1198 1820 1307 1848 actuum
1317 1821 1378 1856 ejus
1392 1821 1466 1847 basis
1478 1824 1505 1856 et
1513 1820 1672 1848 fundamen-

886 1855 942 1882 tum
954 1860 995 1883 est
1011 1855 1176 1883 abstinerea
1195 1857 1287 1887 malis;
1308 1855 1406 1884 deinde
1418 1855 1485 1882 nihil
1503 1856 1566 1882 boni
1583 1864 1671 1890 neque

885 1895 1111 1926 proptermetum,
1121 1899 1207 1925 neque
1215 1895 1325 1925 propter
1333 1890 1460 1926 promissi
1471 1898 1544 1924 spem
1558 1891 1670 1919 honoris

885 1925 1099 1965 a‘ut’mcrcedem
1116 1933 1208 1965 agere;
1221 1926 1267 1953 sed
1279 1925 1365 1965 ipsam
1377 1929 1488 1965 propter
1500 1933 1529 1951 se
1543 1930 1669 1959 expetere

886 1960 933 1988 Dei
948 1960 1168 1995 cognitionem".
1182 1960 1249 1987 Nam
1259 1959 1337 1986 οὺὰία
1349 1959 1395 1986 τοῦ
1409 1959 1588 1993 γινώσκοντος
1608 1969 1616 1986 ‹
1630 1969 1671 1988 es-

885 1996 971 2023 sentia
981 1995 1183 2030 cognoscentis,
1195 1995 1385 2026 iaitClemeus,
1393 1999 1434 2021 est
1443 1998 1607 2030 perpetuoiet
1615 1996 1669 2023 ulla

885 2031 989 2065 absque
1016 2029 1218 2057 intermissione
1240 2030 1323 2056 Deum
1354 2029 1544 2063 contemplari.
1565 2029 1669 2065 Quamf

885 2064 978 2093 obrem
1007 2066 1031 2092 si
1047 2065 1108 2100 quis
1133 2072 1180 2099 per
1202 2065 1385 2099 bypotbesim,
1404 2065 1475 2100 quod
1489 2067 1588 2100 tamen
1601 2064 1668 2100 ﬁeri

885 2108 938 2127 non
955 2098 1196 2134 potest,’wter’uam
1223 2098 1339 2127 salutem
1363 2106 1378 2126 a
1394 2098 1552 2134 cognitione
1561 2098 1607 2125 Dei
1624 2107 1669 2126 se-

881 2133 1004 2169 iunctam
1020 2135 1193 2170 proposuerit
1211 2143 1220 2159 ι
1245 2134 1379 2170 gnostico,
1400 2143 1409 2159 ›
1423 2133 1565 2170 _hic_nihil
1587 2134 1668 2170 plane

885 2167 1087 2198 baasitans'De'i
1108 2167 1290 2204 cognitioni-in
1314 2169 1403 2203 eliget.
1423 2167 1569 2204 Perfectus
1586 2167 1668 2203 igitur

885 2206 966 2232 homo
983 2205 1050 2232 nihil
1071 2203 1182 2239 propter
1198 2212 1264 2231 usus
1280 2204 1416 2238 proprios.
1433 2206 1479 2229 aut
1504 2203 1616 2237 gloriam
1641 2208 1668 2230 ct

180 2228 406 2277 "una
417 2228 478 2268 cuin
496 2228 594 2277 populo
608 2241 675 2267 mori
692 2248 772 2275 quam
780 2228 832 2268 lso-
848 2228 870 2257 Β
885 2241 1059 2277 famam,aut
1071 2228 1236 2277 rmercedem
1263 2228 1320 2266 sive
1333 2228 1376 2277 rab
1392 2228 1552 2277 hominibus-
1572 2238 1628 2265 sive
1651 2246 1667 2277 a

60 2275 166 2304 luse'SSe
178 2275 273 2305 salvus
284 2281 310 2303 et
327 2276 486 2309 incolumis;
503 2276 630 2307 Judithm,
646 2283 705 2310 qua:
721 2283 770 2310 pro
784 2283 832 2310 pa-

60 2312 106 2337 tria
121 2312 265 2339 imminens
279 2312 340 2338 vitae
354 2312 504 2346 pericnlmn
521 2312 701 2345 contempSit;
723 2310 831 2342 Esther,

61 2345 182 2374 Susanna:
197 2352 224 2374 et
242 2347 343 2381 Moysis
360 2347 481 2377 sororis;
497 2354 602 2373 necnon
618 2351 645 2372 et
663 2346 832 2381 ethnicarum

60 2382 192 2417 mulierum
209 2380 354 2417 Lysidicae,
369 2381 524 2413 Philoterw.
539 2381 642 2408 Leaena:
654 2381 760 2417 Atticae,
774 2380 833 2417 _Te-

60 2415 143 2452 lesilla:
161 2415 283 2452 poctrize,
301 2416 527 2452 Danaifiliarum,
542 2415 831 2452 AtalatgaaAnticlgaa,

59 2448 204 2484 Alcestidis,
229 2448 368 2482 Macaerim,
388 2451 608 2486 llyacintliidum,
628 2448 753 2478 Theanus
781 2449 833 2485 Py-

59 2486 206 2521 thagoricae,
229 2487 381 2519 Themisto,
408 2486 474 2521 Mya’.
488 2486 615 2513 Tlieanus
630 2486 701 2517 ﬁliae,
719 2486 833 2519 Arigno-

60 2520 112 2552 tes,
122 2521 229 2549 Diodori
246 2523 373 2553 ﬁliarum,
387 2520 448 2555 qua}
468 2521 626 2552 Meucxeno,
643 2520 734 2555 Argia,
748 2520 834 2547 Theo-

60 2556 124 2590 gnis,
153 2558 301 2584 Aitemisia
323 2561 350 2584 et
377 2556 520 2583 Pantaclea
540 2557 715 2582 vocabantur.
733 2555 834 2582 Deinde

59 2598 117 2617 vero
130 2592 237 2627 Cynicae
248 2592 428 2627 ilipparcbize,
441 2592 536 2618 Aretes
549 2592 713 2626 Cyreniacaa,
725 2590 834 2627 Lasthe-

61 2626 106 2653 uia:
113 2625 243 2658 Arcadiae,
254 2625 401 2658 Aii'otheze,
414 2635 446 2654 ac
458 2625 578 2654 demuur
589 2627 719 2660 Aspasiae,
730 2634 763 2652 ex
777 2625 834 2659 qui-

61 2659 105 2688 bus
121 2663 209 2696 plures
224 2663 497 2697 pbilosophabautur.
513 2662 587 2687 Alias
604 2659 696 2695 plures
709 2661 833 2697 Cleni__eus

60 2702 86 2731 se
104 2695 307 2730 ρῖλδὲιθνιιιῖιιετθ
331 2695 447 2724 testatur
467 2697 584 2731 poetrias
600 2697 758 2731 Corinnam,
778 2695 831 2722 Tc-

60 2729 177 2767 lesnilaiii,
207 2732 295 2767 Myam
323 2737 350 2759 et
377 2729 502 2767 Sappho;
527 2732 653 2767 pictrices
675 2730 781 2767 ireiiem
806 2733 832 2757 ct

59 2765 253 2794 Anamudraui.
269 2767 340 2800 Quid
357 2765 517 2802 vero,'quod
528 2765 654 2793 ’Cleobuli
670 2766 725 2792 ﬁlia
740 2769 832 2800 pater-

91 2844 112 2859 "
128 2853 153 2879 p.
168 2845 230 2872 512.
279 2846 301 2862 ιτ

314 2853 340 2880 ρ.
359 2845 421 2872 513.
476 2844 499 2860 τε

62 2877 194 2913 "p.524.
234 2881 255 2896 ιι
275 2889 292 2916 ρ

415 2880 437 2896 π
448 2887 474 2915 ρ.
492 2880 552 2907 526.

517 2851 542 2878 p.
558 2843 620 2874 δη,

593 2880 615 2894 ³⁵
626 2887 651 2913 p.
665 2878 727 2905 5'27.

746 2843 769 2858 "
787 2850 812 2876 p.
831 2841 883 2868 516
894 2845 920 2868 et
930 2848 987 2875 seq.

767 2875 793 2893 τί
805 2886 830 2912 ρ.
846 2877 907 2904 523.
936 2877 968 2913 ,π
984 2884 1009 2911 p.
1026 2875 1088 2902 529.

886 2275 940 2302 Deo
951 2274 1147 2309 accipiendam,
1161 2275 1207 2301 sed
1221 2278 1331 2308 propter
1346 2273 1371 2299 id
1385 2273 1583 2309 tantummodo,
1594 2273 1668 2307 quod

885 2307 1028 2345 pulchrum
1042 2314 1069 2337 et
1085 2307 1228 2336 honestum
1243 2307 1295 2345 est,
1315 2316 1407 2345 agens,
1435 2315 1499 2342 erga
1524 2307 1616 2345 justos
1641 2313 1669 2335 et

885 2343 1004 2379 iujustos
1017 2352 1123 2379 semper
1136 2345 1228 2378 justus
1243 2349 1269 2371 et
1283 2344 1431 2379 beneﬁcus,
1447 2343 1668 2379 moniti-educet

885 2376 973 2407 suam.
991 2379 1042 2412 Qui
1057 2376 1146 2406 autem
1158 2379 1197 2406 sic
1209 2379 1283 2409 vivit,
1306 2387 1314 2403 α
1328 2379 1383 2409 ille,
1399 2388 1408 2403 ι
1423 2378 1500 2412 juxta
1516 2376 1667 2405 Clementis

885 2415 1056 2445 sententiam,
1071 2423 1080 2439 ‹
1097 2421 1149 2441 non
1161 2419 1203 2441 est
1215 2414 1332 2448 amplius
1348 2413 1500 2444 continens,
1513 2415 1559 2439 sed
1574 2413 1610 2448 ad?
1623 2413 1669 2439 ha—

885 2450 970 2477 bitum
993 2449 1136 2480 ἀπαθείας,
1156 2447 1375 2483 impatibilitatis,
1394 2449 1526 2482 pervenit,
1543 2450 1573 2473 ut
1595 2447 1666 2474 divi-

884 2493 947 2511 nam
965 2485 1078 2519 ﬁguram
1092 2482 1235 2519 induat“.
1256 2494 1266 2509 ι
1279 2483 1376 2519 Anima
1392 2483 1464 2510 enim
1480 2482 1563 2513 illius,
1577 2483 1668 2519 quoad

885 2520 944 2547 lieri
956 2518 1056 2554 potest,
1068 2519 1121 2546 Deo
1134 2518 1311 2554 assimilatur,
1322 2518 1344 2545 si
1355 2518 1399 2549 iis,
1410 2525 1470 2552 quae
1484 2518 1666 2554 sunteudeui,

885 2551 992 2589 semp-er
1003 2555 1134 2586 intendat,
1146 2558 1226 2588 atque
1238 2553 1271 2580 ad
1285 2561 1331 2580 res
1340 2551 1497 2588 corporeas,
1511 2551 1611 2587 quibus
1625 2560 1669 2580 va-

884 2591 924 2616 ria
941 2592 969 2615 tit
982 2590 1041 2623 ejus
1053 2590 1169 2620 affectio,
1186 2597 1240 2615 non
1256 2593 1440 2615 convertatur.

919 2621 1100 2657 Quamobrem
1115 2625 1171 2651 sive
1182 2623 1318 2658 vigilando
1332 2623 1389 2650 sive
1403 2621 1563 2649 dormiendo
1573 2621 1668 2658 eadem

885 2659 971 2694 ipsius
987 2660 1078 2686 anima
1095 2659 1161 2686 visis
1178 2657 1336 2686 et’soniniis
1358 2658 1470 2685 minime
1485 2661 1568 2687 mola,
1586 2661 1612 2683 et
1633 2657 1669 2684 ab

885 2695 959 2721 omni
975 2695 1179 2728 perturbat.one
1193 2701 1306 2727 prorsus
1321 2700 1417 2723 vacua,
1435 2700 1541 2728 semper
1555 2699 1623 2725 pura
1640 2695 1668 2718 et

887 2727 1060 2756 immaculata
1087 2733 1252 2763 perseverat.
1274 2728 1332 2760 Qua
1355 2728 1464 2762 quidem
1483 2727 1588 2753 ratione
1612 2733 1668 2752 nox

886 2764 1003 2799 εὐφρόνη
1032 2767 1154 2796 vocatur,
1184 2767 1213 2790 et
1238 2763 1356 2790 maxime
1390 2766 1471 2790 noctu
1501 2766 1668 2796 peraguntur

1040 2840 1062 2856 ιο
1079 2847 1103 2874 ρ.
1122 2839 1183 2867 5-20.
1236 2838 1256 2855 δι
1278 2839 1382 2874 p.521.

1040 2875 1088 2902 eo.
1128 2875 1150 2890 ιε
1167 2874 1271 2909 ι).550.

1441 2839 1462 2855 ³⁷
1478 2846 1503 2874 p.
1525 2837 1586 2869 5‘22,
1602 2835 1665 2864 525.
