  <div class='ocr_page' id='page_1' title='image "/cluster/home/n/w/nwhite01/storage/ocr_20150623/9/njp.32101077772398/621.png"; bbox 0 0 1927 3073; ppageno 0'>
   <div class='ocr_carea' id='block_1_1' title="bbox 242 131 309 159">
    <p class='ocr_par' dir='ltr' id='par_1_1' title="bbox 242 131 309 159">
     <span class='ocr_line' id='line_1_1' title="bbox 242 131 309 159; baseline -0.015 -1"><span class='ocrx_word' id='word_1_1' title='bbox 242 131 253 158; x_wconf 76' lang='grc' dir='ltr'>ί</span> <span class='ocrx_word' id='word_1_2' title='bbox 259 131 309 159; x_wconf 72' lang='grc'><strong>027</strong></span> 
     </span>
    </p>
   </div>
   <div class='ocr_carea' id='block_1_2' title="bbox 577 126 1542 157">
    <p class='ocr_par' dir='ltr' id='par_1_2' title="bbox 577 126 1542 157">
     <span class='ocr_line' id='line_1_2' title="bbox 577 126 1542 157; baseline 0 -1"><span class='ocrx_word' id='word_1_3' title='bbox 577 128 610 156; x_wconf 73' lang='grc' dir='ltr'><strong>ΙΝ</strong></span> <span class='ocrx_word' id='word_1_4' title='bbox 630 127 841 157; x_wconf 67' lang='lat' dir='ltr'><strong>CLEMENTEM</strong></span> <span class='ocrx_word' id='word_1_5' title='bbox 861 126 963 154; x_wconf 68' lang='lat' dir='ltr'><strong>ALEX.</strong></span> <span class='ocrx_word' id='word_1_6' title='bbox 987 127 1017 154; x_wconf 87' lang='lat' dir='ltr'><strong>D.</strong></span> <span class='ocrx_word' id='word_1_7' title='bbox 1037 126 1079 154; x_wconf 84' lang='lat' dir='ltr'><strong>LE</strong></span> <span class='ocrx_word' id='word_1_8' title='bbox 1099 126 1241 154; x_wconf 75' lang='lat' dir='ltr'><strong>NOURRY</strong></span> <span class='ocrx_word' id='word_1_9' title='bbox 1264 127 1491 156; x_wconf 76' lang='lat' dir='ltr'><strong>DISSERTATIO</strong></span> <span class='ocrx_word' id='word_1_10' title='bbox 1511 127 1542 156; x_wconf 86' lang='lat' dir='ltr'><strong>li.</strong></span> 
     </span>
    </p>
   </div>
   <div class='ocr_carea' id='block_1_3' title="bbox 1803 130 1863 158">
    <p class='ocr_par' dir='ltr' id='par_1_3' title="bbox 1803 130 1863 158">
     <span class='ocr_line' id='line_1_3' title="bbox 1803 130 1863 158; baseline 0.017 -1"><span class='ocrx_word' id='word_1_11' title='bbox 1803 130 1863 158; x_wconf 67' lang='lat'><strong>1028</strong></span> 
     </span>
    </p>
   </div>
   <div class='ocr_carea' id='block_1_4' title="bbox 241 185 1862 224">
    <p class='ocr_par' dir='ltr' id='par_1_4' title="bbox 241 185 1862 224">
     <span class='ocr_line' id='line_1_4' title="bbox 241 185 1862 224; baseline 0 -9"><span class='ocrx_word' id='word_1_12' title='bbox 241 186 380 224; x_wconf 86' lang='lat' dir='ltr'><strong>mysteria,</strong></span> <span class='ocrx_word' id='word_1_13' title='bbox 399 188 619 224; x_wconf 81' lang='lat' dir='ltr'><strong>quandoquidem</strong></span> <span class='ocrx_word' id='word_1_14' title='bbox 646 192 703 215; x_wconf 92' lang='lat' dir='ltr'><strong>tum</strong></span> <span class='ocrx_word' id='word_1_15' title='bbox 726 188 827 219; x_wconf 84' lang='lat' dir='ltr'><strong>anima,</strong></span> <span class='ocrx_word' id='word_1_16' title='bbox 857 195 872 214; x_wconf 90' lang='lat' dir='ltr'><strong>a</strong></span> <span class='ocrx_word' id='word_1_17' title='bbox 900 187 1025 224; x_wconf 87' lang='lat' dir='ltr'><strong>sensibus</strong></span> <span class='ocrx_word' id='word_1_18' title='bbox 1041 191 1063 218; x_wconf 78' lang='grc' dir='ltr'>Α</span> <span class='ocrx_word' id='word_1_19' title='bbox 1077 186 1101 224; x_wconf 84' lang='lat' dir='ltr'><strong>si</strong></span> <span class='ocrx_word' id='word_1_20' title='bbox 1114 186 1171 213; x_wconf 76' lang='lat' dir='ltr'><strong>lucc</strong></span> <span class='ocrx_word' id='word_1_21' title='bbox 1186 186 1288 224; x_wconf 83' lang='lat' dir='ltr'><strong>virtute</strong></span> <span class='ocrx_word' id='word_1_22' title='bbox 1302 185 1708 224; x_wconf 19' lang='lat' dir='ltr'><strong>domncrittfitrimmutabﬂis;</strong></span> <span class='ocrx_word' id='word_1_23' title='bbox 1726 190 1811 224; x_wconf 81' lang='lat' dir='ltr'><strong>atque</strong></span> <span class='ocrx_word' id='word_1_24' title='bbox 1827 188 1862 215; x_wconf 89' lang='lat' dir='ltr'><strong>id-</strong></span> 
     </span>
    </p>
   </div>
   <div class='ocr_carea' id='block_1_5' title="bbox 241 222 1027 258">
    <p class='ocr_par' dir='ltr' id='par_1_5' title="bbox 241 222 1027 258">
     <span class='ocr_line' id='line_1_5' title="bbox 241 222 1027 258; baseline -0.003 -7"><span class='ocrx_word' id='word_1_25' title='bbox 241 222 355 258; x_wconf 76' lang='lat' dir='ltr'><strong>prorsus</strong></span> <span class='ocrx_word' id='word_1_26' title='bbox 370 222 506 251; x_wconf 83' lang='lat' dir='ltr'><strong>abstracta</strong></span> <span class='ocrx_word' id='word_1_27' title='bbox 520 222 546 251; x_wconf 84' lang='lat' dir='ltr'><strong>et</strong></span> <span class='ocrx_word' id='word_1_28' title='bbox 562 223 595 250; x_wconf 88' lang='lat' dir='ltr'><strong>ad</strong></span> <span class='ocrx_word' id='word_1_29' title='bbox 612 223 728 257; x_wconf 87' lang='lat' dir='ltr'><strong>seipsam</strong></span> <span class='ocrx_word' id='word_1_30' title='bbox 745 229 886 255; x_wconf 76' lang='lat' dir='ltr'><strong>conversa,</strong></span> <span class='ocrx_word' id='word_1_31' title='bbox 908 222 1027 256; x_wconf 87' lang='lat' dir='ltr'><strong>pruden-</strong></span> 
     </span>
    </p>
   </div>
   <div class='ocr_carea' id='block_1_6' title="bbox 241 257 1027 294">
    <p class='ocr_par' dir='ltr' id='par_1_6' title="bbox 241 257 1027 294">
     <span class='ocr_line' id='line_1_6' title="bbox 241 257 1027 294; baseline -0.001 -8"><span class='ocrx_word' id='word_1_32' title='bbox 241 257 286 294; x_wconf 66' lang='lat' dir='ltr'><strong>tiae</strong></span> <span class='ocrx_word' id='word_1_33' title='bbox 302 258 387 294; x_wconf 79' lang='lat' dir='ltr'><strong>magis</strong></span> <span class='ocrx_word' id='word_1_34' title='bbox 401 262 443 286; x_wconf 87' lang='lat' dir='ltr'><strong>est</strong></span> <span class='ocrx_word' id='word_1_35' title='bbox 459 258 606 294; x_wconf 77' lang='lat' dir='ltr'><strong>particeps.</strong></span> <span class='ocrx_word' id='word_1_36' title='bbox 624 258 661 285; x_wconf 85' lang='lat' dir='ltr'><strong>De</strong></span> <span class='ocrx_word' id='word_1_37' title='bbox 676 261 763 294; x_wconf 89' lang='lat' dir='ltr'><strong>morte</strong></span> <span class='ocrx_word' id='word_1_38' title='bbox 786 257 981 294; x_wconf 20' lang='lat' dir='ltr'><strong>autem_idem_r</strong></span> <span class='ocrx_word' id='word_1_39' title='bbox 994 266 1027 285; x_wconf 91' lang='lat' dir='ltr'><strong>ac</strong></span> 
     </span>
    </p>
   </div>
   <div class='ocr_carea' id='block_1_7' title="bbox 241 291 1024 327">
    <p class='ocr_par' dir='ltr' id='par_1_7' title="bbox 241 291 1024 327">
     <span class='ocr_line' id='line_1_7' title="bbox 241 291 1024 327; baseline -0.003 -7"><span class='ocrx_word' id='word_1_40' title='bbox 241 293 275 322; x_wconf 86' lang='lat' dir='ltr'><strong>de</strong></span> <span class='ocrx_word' id='word_1_41' title='bbox 291 291 386 322; x_wconf 75' lang='lat' dir='ltr'><strong>somno</strong></span> <span class='ocrx_word' id='word_1_42' title='bbox 397 291 550 321; x_wconf 83' lang='lat' dir='ltr'><strong>dicendum.</strong></span> <span class='ocrx_word' id='word_1_43' title='bbox 565 291 639 320; x_wconf 85' lang='lat' dir='ltr'><strong>Mors</strong></span> <span class='ocrx_word' id='word_1_44' title='bbox 656 293 767 327; x_wconf 84' lang='lat' dir='ltr'><strong>quippe,</strong></span> <span class='ocrx_word' id='word_1_45' title='bbox 785 296 853 319; x_wconf 88' lang='lat' dir='ltr'><strong>teste</strong></span> <span class='ocrx_word' id='word_1_46' title='bbox 878 291 1024 325; x_wconf 83' lang='lat' dir='ltr'><strong>Heraclito,</strong></span> 
     </span>
    </p>
   </div>
   <div class='ocr_carea' id='block_1_8' title="bbox 241 327 1025 363">
    <p class='ocr_par' dir='ltr' id='par_1_8' title="bbox 241 327 1025 363">
     <span class='ocr_line' id='line_1_8' title="bbox 241 327 1025 363; baseline -0.001 -7"><span class='ocrx_word' id='word_1_47' title='bbox 241 330 339 356; x_wconf 66' lang='lat' dir='ltr'><strong>animae</strong></span> <span class='ocrx_word' id='word_1_48' title='bbox 361 329 518 356; x_wconf 85' lang='lat' dir='ltr'><strong>abscessum</strong></span> <span class='ocrx_word' id='word_1_49' title='bbox 544 328 642 363; x_wconf 80' lang='lat' dir='ltr'><strong>magis,</strong></span> <span class='ocrx_word' id='word_1_50' title='bbox 659 335 771 355; x_wconf 85' lang='lat' dir='ltr'>somnus</span> <span class='ocrx_word' id='word_1_51' title='bbox 782 334 856 363; x_wconf 50' lang='lat' dir='ltr'><strong>gero</strong></span> <span class='ocrx_word' id='word_1_52' title='bbox 873 327 963 363; x_wconf 85' lang='lat' dir='ltr'><strong>minus</strong></span> <span class='ocrx_word' id='word_1_53' title='bbox 986 328 1025 355; x_wconf 86' lang='lat' dir='ltr'><strong>si-</strong></span> 
     </span>
    </p>
   </div>
   <div class='ocr_carea' id='block_1_9' title="bbox 242 361 1026 399">
    <p class='ocr_par' dir='ltr' id='par_1_9' title="bbox 242 361 1026 399">
     <span class='ocr_line' id='line_1_9' title="bbox 242 361 1026 399; baseline -0.001 -9"><span class='ocrx_word' id='word_1_54' title='bbox 242 364 351 399; x_wconf 70' lang='lat' dir='ltr'><strong>gnificat</strong></span> <span class='ocrx_word' id='word_1_55' title='bbox 364 364 397 390; x_wconf 53' lang='lat'><strong>5°.</strong></span> <span class='ocrx_word' id='word_1_56' title='bbox 421 361 601 398; x_wconf 49' lang='lat' dir='ltr'><strong>Quapropter&#39;</strong></span> <span class='ocrx_word' id='word_1_57' title='bbox 613 363 760 397; x_wconf 75' lang='lat' dir='ltr'><strong>Apostolus</strong></span> <span class='ocrx_word' id='word_1_58' title='bbox 781 361 879 388; x_wconf 87' lang='lat' dir='ltr'><strong>Filium</strong></span> <span class='ocrx_word' id='word_1_59' title='bbox 890 361 944 399; x_wconf 80' lang='lat' dir='ltr'><strong>Dei</strong></span> <span class='ocrx_word' id='word_1_60' title='bbox 960 363 1026 390; x_wconf 89' lang='lat' dir='ltr'><strong>alle-</strong></span> 
     </span>
    </p>
   </div>
   <div class='ocr_carea' id='block_1_10' title="bbox 240 397 1024 434">
    <p class='ocr_par' dir='ltr' id='par_1_10' title="bbox 240 397 1024 434">
     <span class='ocr_line' id='line_1_10' title="bbox 240 397 1024 434; baseline -0.004 -8"><span class='ocrx_word' id='word_1_61' title='bbox 240 397 333 434; x_wconf 58' lang='lat' dir='ltr'><strong>gorice</strong></span> <span class='ocrx_word' id='word_1_62' title='bbox 355 399 426 434; x_wconf 72' lang='lat' dir='ltr'><strong>diem</strong></span> <span class='ocrx_word' id='word_1_63' title='bbox 443 402 470 426; x_wconf 89' lang='lat' dir='ltr'><strong>et</strong></span> <span class='ocrx_word' id='word_1_64' title='bbox 482 397 585 429; x_wconf 82' lang='lat' dir='ltr'><strong>lucem,</strong></span> <span class='ocrx_word' id='word_1_65' title='bbox 605 402 632 425; x_wconf 85' lang='lat' dir='ltr'><strong>et</strong></span> <span class='ocrx_word' id='word_1_66' title='bbox 650 401 783 434; x_wconf 60' lang='lat' dir='ltr'><strong>praecepta</strong></span> <span class='ocrx_word' id='word_1_67' title='bbox 797 397 959 434; x_wconf 84' lang='lat' dir='ltr'><strong>a_rma_lucis</strong></span> <span class='ocrx_word' id='word_1_68' title='bbox 975 405 1024 434; x_wconf 73' lang='lat' dir='ltr'><strong>ap-</strong></span> 
     </span>
    </p>
   </div>
   <div class='ocr_carea' id='block_1_11' title="bbox 259 431 1024 468">
    <p class='ocr_par' dir='ltr' id='par_1_11' title="bbox 259 431 1024 468">
     <span class='ocr_line' id='line_1_11' title="bbox 259 431 1024 468; baseline -0.001 -8"><span class='ocrx_word' id='word_1_69' title='bbox 259 434 360 461; x_wconf 84' lang='lat' dir='ltr'><strong>ellavit.</strong></span> <span class='ocrx_word' id='word_1_70' title='bbox 380 433 468 460; x_wconf 87' lang='lat' dir='ltr'><strong>Simili</strong></span> <span class='ocrx_word' id='word_1_71' title='bbox 491 440 599 468; x_wconf 80' lang='lat' dir='ltr'><strong>quoque</strong></span> <span class='ocrx_word' id='word_1_72' title='bbox 622 431 780 467; x_wconf 86' lang='lat' dir='ltr'><strong>metaphora</strong></span> <span class='ocrx_word' id='word_1_73' title='bbox 810 431 1024 468; x_wconf 25' lang='lat' dir='ltr'><strong>homincsdolim</strong></span> 
     </span>
    </p>
   </div>
   <div class='ocr_carea' id='block_1_12' title="bbox 237 466 1024 504">
    <p class='ocr_par' dir='ltr' id='par_1_12' title="bbox 237 466 1024 504">
     <span class='ocr_line' id='line_1_12' title="bbox 237 466 1024 504; baseline -0.004 -8"><span class='ocrx_word' id='word_1_74' title='bbox 237 466 406 504; x_wconf 75' lang='lat' dir='ltr'><strong>jubebantur</strong></span> <span class='ocrx_word' id='word_1_75' title='bbox 421 468 468 504; x_wconf 21' lang='lat' dir='ltr'><strong>rad</strong></span> <span class='ocrx_word' id='word_1_76' title='bbox 499 466 637 504; x_wconf 69' lang='lat' dir='ltr'><strong>sacrificia</strong></span> <span class='ocrx_word' id='word_1_77' title='bbox 661 466 806 504; x_wconf 32' lang='lat' dir='ltr'><strong>et’preces</strong></span> <span class='ocrx_word' id='word_1_78' title='bbox 835 466 970 504; x_wconf 80' lang='lat' dir='ltr'><strong>splendidi</strong></span> <span class='ocrx_word' id='word_1_79' title='bbox 992 474 1024 494; x_wconf 88' lang='lat' dir='ltr'><strong>ac</strong></span> 
     </span>
    </p>
   </div>
   <div class='ocr_carea' id='block_1_13' title="bbox 240 502 1024 534">
    <p class='ocr_par' dir='ltr' id='par_1_13' title="bbox 240 502 1024 534">
     <span class='ocr_line' id='line_1_13' title="bbox 240 502 1024 534; baseline -0.001 -4"><span class='ocrx_word' id='word_1_80' title='bbox 240 502 333 531; x_wconf 86' lang='lat' dir='ltr'><strong>mundi</strong></span> <span class='ocrx_word' id='word_1_81' title='bbox 348 503 486 534; x_wconf 79' lang='lat' dir='ltr'><strong>accedere,</strong></span> <span class='ocrx_word' id='word_1_82' title='bbox 498 510 611 534; x_wconf 77' lang='lat' dir='ltr'><strong>mosmie</strong></span> <span class='ocrx_word' id='word_1_83' title='bbox 625 502 779 529; x_wconf 60' lang='lat' dir='ltr'><strong>luds-orum</strong></span> <span class='ocrx_word' id='word_1_84' title='bbox 795 505 854 529; x_wconf 87' lang='lat' dir='ltr'><strong>erat</strong></span> <span class='ocrx_word' id='word_1_85' title='bbox 870 505 899 528; x_wconf 91' lang='lat' dir='ltr'><strong>ut</strong></span> <span class='ocrx_word' id='word_1_86' title='bbox 914 502 940 528; x_wconf 92' lang='lat' dir='ltr'><strong>in</strong></span> <span class='ocrx_word' id='word_1_87' title='bbox 955 502 1024 529; x_wconf 90' lang='lat' dir='ltr'><strong>lecto</strong></span> 
     </span>
    </p>
   </div>
   <div class='ocr_carea' id='block_1_14' title="bbox 240 536 1023 573">
    <p class='ocr_par' dir='ltr' id='par_1_14' title="bbox 240 536 1023 573">
     <span class='ocr_line' id='line_1_14' title="bbox 240 536 1023 573; baseline -0.001 -8"><span class='ocrx_word' id='word_1_88' title='bbox 240 546 311 573; x_wconf 70' lang='lat' dir='ltr'><strong>smpe</strong></span> <span class='ocrx_word' id='word_1_89' title='bbox 341 539 527 566; x_wconf 84' lang='lat' dir='ltr'><strong>abluerentur.</strong></span> <span class='ocrx_word' id='word_1_90' title='bbox 549 536 648 565; x_wconf 78' lang='lat' dir='ltr'><strong>Verum</strong></span> <span class='ocrx_word' id='word_1_91' title='bbox 666 537 785 572; x_wconf 82' lang='lat' dir='ltr'><strong>perfecta</strong></span> <span class='ocrx_word' id='word_1_92' title='bbox 803 536 950 564; x_wconf 78' lang='lat' dir='ltr'><strong>mundities</strong></span> <span class='ocrx_word' id='word_1_93' title='bbox 969 545 1023 573; x_wconf 92' lang='lat' dir='ltr'><strong>non</strong></span> 
     </span>
    </p>
   </div>
   <div class='ocr_carea' id='block_1_15' title="bbox 239 572 1022 608">
    <p class='ocr_par' dir='ltr' id='par_1_15' title="bbox 239 572 1022 608">
     <span class='ocr_line' id='line_1_15' title="bbox 239 572 1022 608; baseline -0.003 -9"><span class='ocrx_word' id='word_1_94' title='bbox 239 572 363 608; x_wconf 80' lang='lat' dir='ltr'><strong>corporis</strong></span> <span class='ocrx_word' id='word_1_95' title='bbox 376 578 429 604; x_wconf 86' lang='lat' dir='ltr'><strong>est,</strong></span> <span class='ocrx_word' id='word_1_96' title='bbox 443 573 490 600; x_wconf 88' lang='lat' dir='ltr'><strong>sed</strong></span> <span class='ocrx_word' id='word_1_97' title='bbox 509 573 618 603; x_wconf 87' lang='lat' dir='ltr'><strong>mentis,</strong></span> <span class='ocrx_word' id='word_1_98' title='bbox 637 573 762 599; x_wconf 72' lang='lat' dir='ltr'><strong>videlicet</strong></span> <span class='ocrx_word' id='word_1_99' title='bbox 774 579 898 608; x_wconf 87' lang='lat' dir='ltr'><strong>operum,</strong></span> <span class='ocrx_word' id='word_1_100' title='bbox 917 572 1022 608; x_wconf 80' lang='lat' dir='ltr'><strong>cogita-</strong></span> 
     </span>
    </p>
   </div>
   <div class='ocr_carea' id='block_1_16' title="bbox 238 607 1023 639">
    <p class='ocr_par' dir='ltr' id='par_1_16' title="bbox 238 607 1023 639">
     <span class='ocr_line' id='line_1_16' title="bbox 238 607 1023 639; baseline -0.001 -5"><span class='ocrx_word' id='word_1_101' title='bbox 238 607 342 635; x_wconf 81' lang='lat' dir='ltr'><strong>tionum</strong></span> <span class='ocrx_word' id='word_1_102' title='bbox 355 612 382 636; x_wconf 89' lang='lat' dir='ltr'><strong>et</strong></span> <span class='ocrx_word' id='word_1_103' title='bbox 398 615 572 639; x_wconf 86' lang='lat' dir='ltr'><strong>sermonum;</strong></span> <span class='ocrx_word' id='word_1_104' title='bbox 589 608 627 634; x_wconf 88' lang='lat' dir='ltr'><strong>ita</strong></span> <span class='ocrx_word' id='word_1_105' title='bbox 642 612 672 634; x_wconf 90' lang='lat' dir='ltr'><strong>ut</strong></span> <span class='ocrx_word' id='word_1_106' title='bbox 687 608 769 634; x_wconf 87' lang='lat' dir='ltr'><strong>etiam</strong></span> <span class='ocrx_word' id='word_1_107' title='bbox 787 607 814 633; x_wconf 94' lang='lat' dir='ltr'><strong>in</strong></span> <span class='ocrx_word' id='word_1_108' title='bbox 836 607 940 634; x_wconf 88' lang='lat' dir='ltr'><strong>somnis</strong></span> <span class='ocrx_word' id='word_1_109' title='bbox 957 607 992 634; x_wconf 88' lang='lat' dir='ltr'><strong>sit</strong></span> <span class='ocrx_word' id='word_1_110' title='bbox 1008 614 1023 633; x_wconf 91' lang='lat' dir='ltr'><strong>a</strong></span> 
     </span>
    </p>
   </div>
   <div class='ocr_carea' id='block_1_17' title="bbox 238 641 1022 678">
    <p class='ocr_par' dir='ltr' id='par_1_17' title="bbox 238 641 1022 678">
     <span class='ocr_line' id='line_1_17' title="bbox 238 641 1022 678; baseline -0.004 -8"><span class='ocrx_word' id='word_1_111' title='bbox 238 648 350 678; x_wconf 87' lang='lat' dir='ltr'><strong>peccato</strong></span> <span class='ocrx_word' id='word_1_112' title='bbox 365 644 498 670; x_wconf 80' lang='lat' dir='ltr'><strong>vacuitas.</strong></span> <span class='ocrx_word' id='word_1_113' title='bbox 516 643 657 670; x_wconf 75' lang='lat' dir='ltr'><strong>Sufficiens</strong></span> <span class='ocrx_word' id='word_1_114' title='bbox 672 649 737 670; x_wconf 85' lang='lat' dir='ltr'><strong>vero</strong></span> <span class='ocrx_word' id='word_1_115' title='bbox 746 641 870 677; x_wconf 76' lang='lat' dir='ltr'><strong>purgatio</strong></span> <span class='ocrx_word' id='word_1_116' title='bbox 877 644 904 668; x_wconf 86' lang='lat' dir='ltr'><strong>et</strong></span> <span class='ocrx_word' id='word_1_117' title='bbox 916 642 1022 678; x_wconf 80' lang='lat' dir='ltr'><strong>peccati</strong></span> 
     </span>
    </p>
   </div>
   <div class='ocr_carea' id='block_1_18' title="bbox 238 676 1023 713">
    <p class='ocr_par' dir='ltr' id='par_1_18' title="bbox 238 676 1023 713">
     <span class='ocr_line' id='line_1_18' title="bbox 238 676 1023 713; baseline -0.003 -9"><span class='ocrx_word' id='word_1_118' title='bbox 238 676 350 705; x_wconf 78' lang='lat' dir='ltr'><strong>admissi</strong></span> <span class='ocrx_word' id='word_1_119' title='bbox 371 678 531 713; x_wconf 77' lang='lat' dir='ltr'><strong>pcnnitentia</strong></span> <span class='ocrx_word' id='word_1_120' title='bbox 554 686 585 705; x_wconf 91' lang='lat' dir='ltr'><strong>ea</strong></span> <span class='ocrx_word' id='word_1_121' title='bbox 614 682 666 708; x_wconf 86' lang='lat' dir='ltr'><strong>est,</strong></span> <span class='ocrx_word' id='word_1_122' title='bbox 692 676 905 713; x_wconf 76' lang='lat' dir='ltr'><strong>quainentema</strong></span> <span class='ocrx_word' id='word_1_123' title='bbox 925 676 1023 713; x_wconf 85' lang='lat' dir='ltr'><strong>priori-</strong></span> 
     </span>
    </p>
   </div>
   <div class='ocr_carea' id='block_1_19' title="bbox 239 711 1022 747">
    <p class='ocr_par' dir='ltr' id='par_1_19' title="bbox 239 711 1022 747">
     <span class='ocr_line' id='line_1_19' title="bbox 239 711 1022 747; baseline -0.003 -7"><span class='ocrx_word' id='word_1_124' title='bbox 239 713 290 740; x_wconf 87' lang='lat' dir='ltr'>bus</span> <span class='ocrx_word' id='word_1_125' title='bbox 307 711 415 740; x_wconf 85' lang='lat' dir='ltr'><strong>delictis</strong></span> <span class='ocrx_word' id='word_1_126' title='bbox 426 717 453 740; x_wconf 87' lang='lat' dir='ltr'><strong>et</strong></span> <span class='ocrx_word' id='word_1_127' title='bbox 470 713 503 740; x_wconf 90' lang='lat' dir='ltr'><strong>ab</strong></span> <span class='ocrx_word' id='word_1_128' title='bbox 521 713 555 740; x_wconf 90' lang='lat' dir='ltr'><strong>iis</strong></span> <span class='ocrx_word' id='word_1_129' title='bbox 568 719 628 747; x_wconf 67' lang='lat' dir='ltr'><strong>qua:</strong></span> <span class='ocrx_word' id='word_1_130' title='bbox 643 711 740 739; x_wconf 74' lang='lat' dir='ltr'><strong>sensus</strong></span> <span class='ocrx_word' id='word_1_131' title='bbox 753 711 887 747; x_wconf 81' lang='lat' dir='ltr'><strong>delectant</strong></span> <span class='ocrx_word' id='word_1_132' title='bbox 912 712 1022 745; x_wconf 81' lang='lat' dir='ltr'><strong>penitus</strong></span> 
     </span>
    </p>
   </div>
   <div class='ocr_carea' id='block_1_20' title="bbox 238 746 1021 782">
    <p class='ocr_par' dir='ltr' id='par_1_20' title="bbox 238 746 1021 782">
     <span class='ocr_line' id='line_1_20' title="bbox 238 746 1021 782; baseline -0.003 -8"><span class='ocrx_word' id='word_1_133' title='bbox 238 748 396 775; x_wconf 82' lang='lat' dir='ltr'><strong>avertimus.</strong></span> <span class='ocrx_word' id='word_1_134' title='bbox 414 748 492 781; x_wconf 85' lang='lat' dir='ltr'><strong>Quod</strong></span> <span class='ocrx_word' id='word_1_135' title='bbox 507 746 614 782; x_wconf 79' lang='lat' dir='ltr'><strong>quidem</strong></span> <span class='ocrx_word' id='word_1_136' title='bbox 632 747 693 781; x_wconf 84' lang='lat' dir='ltr'><strong>ipsa</strong></span> <span class='ocrx_word' id='word_1_137' title='bbox 707 746 850 773; x_wconf 85' lang='lat' dir='ltr'><strong>conﬁrmat</strong></span> <span class='ocrx_word' id='word_1_138' title='bbox 867 747 1021 781; x_wconf 70' lang='grc' dir='ltr'><strong>ἐπιστήμης</strong></span> 
     </span>
    </p>
   </div>
   <div class='ocr_carea' id='block_1_21' title="bbox 237 782 1022 818">
    <p class='ocr_par' dir='ltr' id='par_1_21' title="bbox 237 782 1022 818">
     <span class='ocr_line' id='line_1_21' title="bbox 237 782 1022 818; baseline -0.001 -10"><span class='ocrx_word' id='word_1_139' title='bbox 237 787 265 818; x_wconf 86' lang='lat' dir='ltr'><strong>et</strong></span> <span class='ocrx_word' id='word_1_140' title='bbox 282 783 400 814; x_wconf 75' lang='grc' dir='ltr'><strong>πίστεως</strong></span> <span class='ocrx_word' id='word_1_141' title='bbox 412 783 584 818; x_wconf 75' lang='lat' dir='ltr'><strong>etymologia,</strong></span> <span class='ocrx_word' id='word_1_142' title='bbox 600 790 661 818; x_wconf 61' lang='lat' dir='ltr'><strong>quas</strong></span> <span class='ocrx_word' id='word_1_143' title='bbox 676 789 713 818; x_wconf 82' lang='lat' dir='ltr'><strong>ex_</strong></span> <span class='ocrx_word' id='word_1_144' title='bbox 732 782 849 818; x_wconf 81' lang='lat' dir='ltr'><strong>statione</strong></span> <span class='ocrx_word' id='word_1_145' title='bbox 877 784 904 807; x_wconf 90' lang='lat' dir='ltr'><strong>et</strong></span> <span class='ocrx_word' id='word_1_146' title='bbox 930 783 1022 818; x_wconf 75' lang='lat' dir='ltr'><strong>quiete</strong></span> 
     </span>
    </p>
   </div>
   <div class='ocr_carea' id='block_1_22' title="bbox 237 816 1020 845">
    <p class='ocr_par' dir='ltr' id='par_1_22' title="bbox 237 816 1020 845">
     <span class='ocr_line' id='line_1_22' title="bbox 237 816 1020 845; baseline -0.001 -2"><span class='ocrx_word' id='word_1_147' title='bbox 237 817 348 844; x_wconf 86' lang='lat' dir='ltr'><strong>dicitur.</strong></span> <span class='ocrx_word' id='word_1_148' title='bbox 374 816 614 845; x_wconf 74' lang='lat' dir='ltr'><strong>Verumeninivero</strong></span> <span class='ocrx_word' id='word_1_149' title='bbox 635 817 681 843; x_wconf 84' lang='lat' dir='ltr'><strong>illa</strong></span> <span class='ocrx_word' id='word_1_150' title='bbox 707 816 825 843; x_wconf 91' lang='lat' dir='ltr'><strong>hominis</strong></span> <span class='ocrx_word' id='word_1_151' title='bbox 846 819 962 842; x_wconf 80' lang='lat' dir='ltr'><strong>mentem</strong></span> <span class='ocrx_word' id='word_1_152' title='bbox 984 817 1020 842; x_wconf 90' lang='lat' dir='ltr'><strong>ita</strong></span> 
     </span>
    </p>
   </div>
   <div class='ocr_carea' id='block_1_23' title="bbox 237 851 1058 893">
    <p class='ocr_par' dir='ltr' id='par_1_23' title="bbox 237 851 1058 893">
     <span class='ocr_line' id='line_1_23' title="bbox 237 851 1058 893; baseline -0.001 -15"><span class='ocrx_word' id='word_1_153' title='bbox 237 852 319 884; x_wconf 87' lang='lat' dir='ltr'><strong>sistit,</strong></span> <span class='ocrx_word' id='word_1_154' title='bbox 337 856 367 893; x_wconf 78' lang='lat' dir='ltr'><strong>u_t</strong></span> <span class='ocrx_word' id='word_1_155' title='bbox 384 853 457 893; x_wconf 84' lang='lat' dir='ltr'><strong>omni</strong></span> <span class='ocrx_word' id='word_1_156' title='bbox 477 860 591 893; x_wconf 77' lang='lat' dir='ltr'><strong>prorsus</strong></span> <span class='ocrx_word' id='word_1_157' title='bbox 612 859 660 893; x_wconf 75' lang='lat' dir='ltr'><strong>sep</strong></span> <span class='ocrx_word' id='word_1_158' title='bbox 681 851 876 893; x_wconf 76' lang='lat' dir='ltr'><strong>suppliciorum</strong></span> <span class='ocrx_word' id='word_1_159' title='bbox 890 858 938 878; x_wconf 88' lang='lat' dir='ltr'><strong>seu</strong></span> <span class='ocrx_word' id='word_1_160' title='bbox 956 858 1021 885; x_wconf 89' lang='lat' dir='ltr'><strong>pra-</strong></span> <span class='ocrx_word' id='word_1_161' title='bbox 1037 865 1058 893; x_wconf 74' lang='grc' dir='ltr'><strong><em>Β</em></strong></span> 
     </span>
    </p>
   </div>
   <div class='ocr_carea' id='block_1_24' title="bbox 236 886 1022 920">
    <p class='ocr_par' dir='ltr' id='par_1_24' title="bbox 236 886 1022 920">
     <span class='ocr_line' id='line_1_24' title="bbox 236 886 1022 920; baseline -0.004 -6"><span class='ocrx_word' id='word_1_162' title='bbox 236 894 332 914; x_wconf 81' lang='lat' dir='ltr'><strong>vorum</strong></span> <span class='ocrx_word' id='word_1_163' title='bbox 350 886 489 914; x_wconf 81' lang='lat' dir='ltr'><strong>hominum</strong></span> <span class='ocrx_word' id='word_1_164' title='bbox 518 888 615 914; x_wconf 85' lang='lat' dir='ltr'><strong>timore</strong></span> <span class='ocrx_word' id='word_1_165' title='bbox 636 886 770 920; x_wconf 87' lang='lat' dir='ltr'><strong>deposito,</strong></span> <span class='ocrx_word' id='word_1_166' title='bbox 797 886 888 920; x_wconf 84' lang='lat' dir='ltr'><strong>justus</strong></span> <span class='ocrx_word' id='word_1_167' title='bbox 914 893 1022 920; x_wconf 88' lang='lat' dir='ltr'><strong>semper</strong></span> 
     </span>
    </p>
   </div>
   <div class='ocr_carea' id='block_1_25' title="bbox 237 921 1021 955">
    <p class='ocr_par' dir='ltr' id='par_1_25' title="bbox 237 921 1021 955">
     <span class='ocr_line' id='line_1_25' title="bbox 237 921 1021 955; baseline -0.003 -7"><span class='ocrx_word' id='word_1_168' title='bbox 237 926 356 949; x_wconf 85' lang='lat' dir='ltr'><strong>maneat.</strong></span> <span class='ocrx_word' id='word_1_169' title='bbox 386 921 568 955; x_wconf 83' lang='lat' dir='ltr'><strong>Quamobrem</strong></span> <span class='ocrx_word' id='word_1_170' title='bbox 583 922 708 949; x_wconf 81' lang='lat' dir='ltr'><strong>Clemens</strong></span> <span class='ocrx_word' id='word_1_171' title='bbox 737 921 882 948; x_wconf 89' lang='lat' dir='ltr'><strong>absurdum</strong></span> <span class='ocrx_word' id='word_1_172' title='bbox 913 921 1021 955; x_wconf 89' lang='lat' dir='ltr'><strong>penitus</strong></span> 
     </span>
    </p>
   </div>
   <div class='ocr_carea' id='block_1_26' title="bbox 237 955 1020 991">
    <p class='ocr_par' dir='ltr' id='par_1_26' title="bbox 237 955 1020 991">
     <span class='ocr_line' id='line_1_26' title="bbox 237 955 1020 991; baseline -0.001 -8"><span class='ocrx_word' id='word_1_173' title='bbox 237 957 383 991; x_wconf 89' lang='lat' dir='ltr'><strong>proscribit</strong></span> <span class='ocrx_word' id='word_1_174' title='bbox 398 965 518 984; x_wconf 88' lang='lat' dir='ltr'><strong>errorem</strong></span> <span class='ocrx_word' id='word_1_175' title='bbox 540 956 660 991; x_wconf 75' lang='lat' dir='ltr'><strong>Epicuri,</strong></span> <span class='ocrx_word' id='word_1_176' title='bbox 676 956 722 990; x_wconf 89' lang='lat' dir='ltr'><strong>qui</strong></span> <span class='ocrx_word' id='word_1_177' title='bbox 741 956 854 990; x_wconf 80' lang='lat' dir='ltr'><strong>putabat</strong></span> <span class='ocrx_word' id='word_1_178' title='bbox 881 955 1020 983; x_wconf 90' lang='lat' dir='ltr'><strong>hominem</strong></span> 
     </span>
    </p>
   </div>
   <div class='ocr_carea' id='block_1_27' title="bbox 237 991 1021 1027">
    <p class='ocr_par' dir='ltr' id='par_1_27' title="bbox 237 991 1021 1027">
     <span class='ocr_line' id='line_1_27' title="bbox 237 991 1021 1027; baseline -0.001 -9"><span class='ocrx_word' id='word_1_179' title='bbox 237 992 387 1026; x_wconf 89' lang='lat' dir='ltr'><strong>sapientem</strong></span> <span class='ocrx_word' id='word_1_180' title='bbox 407 1000 486 1027; x_wconf 89' lang='lat' dir='ltr'><strong>posse</strong></span> <span class='ocrx_word' id='word_1_181' title='bbox 501 992 572 1024; x_wconf 87' lang='lat' dir='ltr'><strong>aliis,</strong></span> <span class='ocrx_word' id='word_1_182' title='bbox 586 991 666 1027; x_wconf 85' lang='lat' dir='ltr'><strong>modo</strong></span> <span class='ocrx_word' id='word_1_183' title='bbox 679 991 705 1027; x_wconf 96' lang='lat' dir='ltr'><strong>id</strong></span> <span class='ocrx_word' id='word_1_184' title='bbox 722 991 829 1026; x_wconf 89' lang='lat' dir='ltr'><strong>penitus</strong></span> <span class='ocrx_word' id='word_1_185' title='bbox 855 991 937 1027; x_wconf 81' lang='lat' dir='ltr'><strong>latere</strong></span> <span class='ocrx_word' id='word_1_186' title='bbox 966 991 1021 1017; x_wconf 88' lang='lat' dir='ltr'><strong>sci-</strong></span> 
     </span>
    </p>
   </div>
   <div class='ocr_carea' id='block_1_28' title="bbox 235 1026 1020 1061">
    <p class='ocr_par' dir='ltr' id='par_1_28' title="bbox 235 1026 1020 1061">
     <span class='ocr_line' id='line_1_28' title="bbox 235 1026 1020 1061; baseline 0.001 -9"><span class='ocrx_word' id='word_1_187' title='bbox 235 1027 316 1059; x_wconf 86' lang='lat' dir='ltr'><strong>verit,</strong></span> <span class='ocrx_word' id='word_1_188' title='bbox 340 1026 429 1054; x_wconf 87' lang='lat' dir='ltr'><strong>facere</strong></span> <span class='ocrx_word' id='word_1_189' title='bbox 451 1027 591 1061; x_wconf 87' lang='lat' dir='ltr'><strong>injuriam.</strong></span> <span class='ocrx_word' id='word_1_190' title='bbox 607 1026 736 1059; x_wconf 85' lang='lat' dir='ltr'><strong>Quinimo</strong></span> <span class='ocrx_word' id='word_1_191' title='bbox 752 1027 867 1060; x_wconf 88' lang='lat' dir='ltr'><strong>ipsemet.</strong></span> <span class='ocrx_word' id='word_1_192' title='bbox 893 1026 1020 1053; x_wconf 84' lang='lat' dir='ltr'><strong>Clemens</strong></span> 
     </span>
    </p>
   </div>
   <div class='ocr_carea' id='block_1_29' title="bbox 235 1061 1020 1096">
    <p class='ocr_par' dir='ltr' id='par_1_29' title="bbox 235 1061 1020 1096">
     <span class='ocr_line' id='line_1_29' title="bbox 235 1061 1020 1096; baseline 0 -8"><span class='ocrx_word' id='word_1_193' title='bbox 235 1066 366 1096; x_wconf 61' lang='lat' dir='ltr'><strong>praterea</strong></span> <span class='ocrx_word' id='word_1_194' title='bbox 381 1063 520 1089; x_wconf 86' lang='lat' dir='ltr'><strong>contendit</strong></span> <span class='ocrx_word' id='word_1_195' title='bbox 532 1069 606 1093; x_wconf 86' lang='lat' dir='ltr'><strong>eum,</strong></span> <span class='ocrx_word' id='word_1_196' title='bbox 620 1061 666 1096; x_wconf 88' lang='lat' dir='ltr'><strong>qui</strong></span> <span class='ocrx_word' id='word_1_197' title='bbox 684 1068 732 1096; x_wconf 84' lang='lat' dir='ltr'><strong>spe</strong></span> <span class='ocrx_word' id='word_1_198' title='bbox 747 1061 880 1087; x_wconf 80' lang='lat' dir='ltr'><strong>mercedis</strong></span> <span class='ocrx_word' id='word_1_199' title='bbox 910 1061 980 1088; x_wconf 87' lang='lat' dir='ltr'><strong>sicut</strong></span> <span class='ocrx_word' id='word_1_200' title='bbox 993 1065 1020 1088; x_wconf 89' lang='lat' dir='ltr'><strong>et</strong></span> 
     </span>
    </p>
   </div>
   <div class='ocr_carea' id='block_1_30' title="bbox 235 1097 1020 1147">
    <p class='ocr_par' dir='ltr' id='par_1_30' title="bbox 235 1097 1020 1147">
     <span class='ocr_line' id='line_1_30' title="bbox 235 1097 1020 1147; baseline 0 -23"><span class='ocrx_word' id='word_1_201' title='bbox 383 1097 515 1132; x_wconf 87' lang='lat' dir='ltr'><strong>injustitia</strong></span> <span class='ocrx_word' id='word_1_202' title='bbox 541 1097 668 1129; x_wconf 79' lang='lat' dir='ltr'><strong>abstinet,</strong></span> <span class='ocrx_word' id='word_1_203' title='bbox 691 1103 741 1124; x_wconf 87' lang='lat' dir='ltr'><strong>sua</strong></span> <span class='ocrx_word' id='word_1_204' title='bbox 771 1099 867 1131; x_wconf 89' lang='lat' dir='ltr'><strong>sponte</strong></span> <span class='ocrx_word' id='word_1_205' title='bbox 883 1102 936 1122; x_wconf 91' lang='lat' dir='ltr'><strong>non</strong></span> <span class='ocrx_word' id='word_1_206' title='bbox 959 1103 1020 1124; x_wconf 86' lang='lat' dir='ltr'><strong>esse</strong></span> 
     </span>
    </p>
   </div>
   <div class='ocr_carea' id='block_1_31' title="bbox 234 1132 379 1158">
    <p class='ocr_par' dir='ltr' id='par_1_31' title="bbox 234 1132 379 1158">
     <span class='ocr_line' id='line_1_31' title="bbox 234 1132 379 1158; baseline 0 0"><span class='ocrx_word' id='word_1_207' title='bbox 234 1132 337 1158; x_wconf 79' lang='lat' dir='ltr'><strong>honuni</strong></span> <span class='ocrx_word' id='word_1_208' title='bbox 344 1132 379 1158; x_wconf 79' lang='lat'><strong>“.</strong></span> 
     </span>
    </p>
   </div>
   <div class='ocr_carea' id='block_1_32' title="bbox 272 1165 1020 1201">
    <p class='ocr_par' dir='ltr' id='par_1_32' title="bbox 272 1165 1020 1201">
     <span class='ocr_line' id='line_1_32' title="bbox 272 1165 1020 1201; baseline -0.003 -8"><span class='ocrx_word' id='word_1_209' title='bbox 272 1166 407 1193; x_wconf 86' lang='lat' dir='ltr'><strong>Bonorum</strong></span> <span class='ocrx_word' id='word_1_210' title='bbox 423 1170 523 1200; x_wconf 86' lang='lat' dir='ltr'><strong>autem,</strong></span> <span class='ocrx_word' id='word_1_211' title='bbox 539 1167 627 1201; x_wconf 86' lang='lat' dir='ltr'><strong>inquit</strong></span> <span class='ocrx_word' id='word_1_212' title='bbox 642 1166 697 1198; x_wconf 89' lang='lat' dir='ltr'><strong>ille,</strong></span> <span class='ocrx_word' id='word_1_213' title='bbox 723 1173 771 1193; x_wconf 90' lang='lat' dir='ltr'><strong>seu</strong></span> <span class='ocrx_word' id='word_1_214' title='bbox 801 1165 933 1201; x_wconf 83' lang='lat' dir='ltr'><strong>malorum</strong></span> <span class='ocrx_word' id='word_1_215' title='bbox 959 1170 1020 1199; x_wconf 88' lang='lat' dir='ltr'><strong>post</strong></span> 
     </span>
    </p>
   </div>
   <div class='ocr_carea' id='block_1_33' title="bbox 235 1200 1017 1236">
    <p class='ocr_par' dir='ltr' id='par_1_33' title="bbox 235 1200 1017 1236">
     <span class='ocr_line' id='line_1_33' title="bbox 235 1200 1017 1236; baseline -0.001 -9"><span class='ocrx_word' id='word_1_216' title='bbox 235 1206 351 1229; x_wconf 88' lang='lat' dir='ltr'><strong>mortem</strong></span> <span class='ocrx_word' id='word_1_217' title='bbox 381 1201 534 1229; x_wconf 89' lang='lat' dir='ltr'><strong>futurorum</strong></span> <span class='ocrx_word' id='word_1_218' title='bbox 560 1200 623 1236; x_wconf 84' lang='lat' dir='ltr'><strong>spes</strong></span> <span class='ocrx_word' id='word_1_219' title='bbox 644 1202 676 1228; x_wconf 89' lang='lat' dir='ltr'><strong>ab</strong></span> <span class='ocrx_word' id='word_1_220' title='bbox 701 1201 818 1228; x_wconf 88' lang='lat' dir='ltr'><strong>ethnicis</strong></span> <span class='ocrx_word' id='word_1_221' title='bbox 837 1200 1017 1235; x_wconf 83' lang='lat' dir='ltr'><strong>philosophis,</strong></span> 
     </span>
    </p>
   </div>
   <div class='ocr_carea' id='block_1_34' title="bbox 234 1236 1019 1272">
    <p class='ocr_par' dir='ltr' id='par_1_34' title="bbox 234 1236 1019 1272">
     <span class='ocr_line' id='line_1_34' title="bbox 234 1236 1019 1272; baseline -0.003 -9"><span class='ocrx_word' id='word_1_222' title='bbox 234 1244 289 1272; x_wconf 72' lang='lat' dir='ltr'><strong>non</strong></span> <span class='ocrx_word' id='word_1_223' title='bbox 317 1237 404 1264; x_wconf 89' lang='lat' dir='ltr'><strong>solum</strong></span> <span class='ocrx_word' id='word_1_224' title='bbox 426 1237 585 1272; x_wconf 72' lang='lat' dir='ltr'><strong>Pythagora:</strong></span> <span class='ocrx_word' id='word_1_225' title='bbox 609 1237 802 1272; x_wconf 80' lang='lat' dir='ltr'><strong>sectatoribus,</strong></span> <span class='ocrx_word' id='word_1_226' title='bbox 821 1243 915 1262; x_wconf 91' lang='lat' dir='ltr'><strong>verum</strong></span> <span class='ocrx_word' id='word_1_227' title='bbox 937 1236 1019 1262; x_wconf 89' lang='lat' dir='ltr'><strong>etiam</strong></span> 
     </span>
    </p>
   </div>
   <div class='ocr_carea' id='block_1_35' title="bbox 234 1270 1019 1307">
    <p class='ocr_par' dir='ltr' id='par_1_35' title="bbox 234 1270 1019 1307">
     <span class='ocr_line' id='line_1_35' title="bbox 234 1270 1019 1307; baseline -0.001 -9"><span class='ocrx_word' id='word_1_228' title='bbox 234 1270 372 1298; x_wconf 81' lang='lat' dir='ltr'><strong>Heraclito</strong></span> <span class='ocrx_word' id='word_1_229' title='bbox 384 1276 411 1299; x_wconf 88' lang='lat' dir='ltr'><strong>et</strong></span> <span class='ocrx_word' id='word_1_230' title='bbox 421 1270 534 1299; x_wconf 76' lang='lat' dir='ltr'><strong>Platone</strong></span> <span class='ocrx_word' id='word_1_231' title='bbox 548 1272 639 1307; x_wconf 78' lang='lat' dir='ltr'><strong>agnita</strong></span> <span class='ocrx_word' id='word_1_232' title='bbox 652 1270 783 1307; x_wconf 26' lang='lat' dir='ltr'><strong>estalich</strong></span> <span class='ocrx_word' id='word_1_233' title='bbox 795 1274 896 1307; x_wconf 83' lang='lat' dir='ltr'><strong>autem,</strong></span> <span class='ocrx_word' id='word_1_234' title='bbox 924 1273 953 1296; x_wconf 92' lang='lat' dir='ltr'><strong>ut</strong></span> <span class='ocrx_word' id='word_1_235' title='bbox 976 1274 1019 1298; x_wconf 89' lang='lat' dir='ltr'><strong>te-</strong></span> 
     </span>
    </p>
   </div>
   <div class='ocr_carea' id='block_1_36' title="bbox 233 1305 1019 1344">
    <p class='ocr_par' dir='ltr' id='par_1_36' title="bbox 233 1305 1019 1344">
     <span class='ocr_line' id='line_1_36' title="bbox 233 1305 1019 1344; baseline -0.001 -12"><span class='ocrx_word' id='word_1_236' title='bbox 233 1310 322 1344; x_wconf 77' lang='lat' dir='ltr'><strong>statur</strong></span> <span class='ocrx_word' id='word_1_237' title='bbox 336 1307 492 1341; x_wconf 80' lang='lat' dir='ltr'><strong>Apostolus.</strong></span> <span class='ocrx_word' id='word_1_238' title='bbox 519 1305 577 1344; x_wconf 76' lang='lat' dir='ltr'><strong>non</strong></span> <span class='ocrx_word' id='word_1_239' title='bbox 598 1306 751 1344; x_wconf 77' lang='lat' dir='ltr'><strong>confundit.</strong></span> <span class='ocrx_word' id='word_1_240' title='bbox 767 1305 819 1338; x_wconf 82' lang='lat' dir='ltr'><strong>Qui</strong></span> <span class='ocrx_word' id='word_1_241' title='bbox 836 1308 926 1332; x_wconf 79' lang='lat' dir='ltr'><strong>autem</strong></span> <span class='ocrx_word' id='word_1_242' title='bbox 939 1313 1019 1344; x_wconf 76' lang='lat' dir='ltr'><strong>voca-</strong></span> 
     </span>
    </p>
   </div>
   <div class='ocr_carea' id='block_1_37' title="bbox 232 1340 1018 1376">
    <p class='ocr_par' dir='ltr' id='par_1_37' title="bbox 232 1340 1018 1376">
     <span class='ocr_line' id='line_1_37' title="bbox 232 1340 1018 1376; baseline -0.001 -8"><span class='ocrx_word' id='word_1_243' title='bbox 232 1341 298 1368; x_wconf 92' lang='lat' dir='ltr'><strong>tioni</strong></span> <span class='ocrx_word' id='word_1_244' title='bbox 322 1340 378 1368; x_wconf 69' lang='lat' dir='ltr'><strong>suae</strong></span> <span class='ocrx_word' id='word_1_245' title='bbox 402 1350 504 1369; x_wconf 86' lang='lat' dir='ltr'><strong>morem</strong></span> <span class='ocrx_word' id='word_1_246' title='bbox 528 1342 689 1376; x_wconf 87' lang='lat' dir='ltr'><strong>simpliciter</strong></span> <span class='ocrx_word' id='word_1_247' title='bbox 717 1342 877 1374; x_wconf 84' lang='lat' dir='ltr'><strong>sinccrcque</strong></span> <span class='ocrx_word' id='word_1_248' title='bbox 900 1340 979 1375; x_wconf 77' lang='lat' dir='ltr'><strong>gerit,</strong></span> <span class='ocrx_word' id='word_1_249' title='bbox 996 1340 1018 1367; x_wconf 91' lang='lat' dir='ltr'><strong>is</strong></span> 
     </span>
    </p>
   </div>
   <div class='ocr_carea' id='block_1_38' title="bbox 232 1376 1019 1412">
    <p class='ocr_par' dir='ltr' id='par_1_38' title="bbox 232 1376 1019 1412">
     <span class='ocr_line' id='line_1_38' title="bbox 232 1376 1019 1412; baseline -0.001 -9"><span class='ocrx_word' id='word_1_250' title='bbox 232 1383 320 1412; x_wconf 81' lang='lat' dir='ltr'><strong>neque</strong></span> <span class='ocrx_word' id='word_1_251' title='bbox 335 1382 444 1412; x_wconf 87' lang='lat' dir='ltr'><strong>propter</strong></span> <span class='ocrx_word' id='word_1_252' title='bbox 455 1381 566 1407; x_wconf 88' lang='lat' dir='ltr'><strong>metum,</strong></span> <span class='ocrx_word' id='word_1_253' title='bbox 579 1384 666 1412; x_wconf 88' lang='lat' dir='ltr'><strong>neque</strong></span> <span class='ocrx_word' id='word_1_254' title='bbox 678 1382 789 1412; x_wconf 69' lang='lat' dir='ltr'><strong>propter</strong></span> <span class='ocrx_word' id='word_1_255' title='bbox 801 1376 906 1402; x_wconf 90' lang='lat' dir='ltr'><strong>lucrum</strong></span> <span class='ocrx_word' id='word_1_256' title='bbox 920 1378 966 1412; x_wconf 85' lang='lat' dir='ltr'><strong>aut</strong></span> <span class='ocrx_word' id='word_1_257' title='bbox 976 1377 1019 1402; x_wconf 93' lang='lat' dir='ltr'><strong>dc-</strong></span> 
     </span>
    </p>
   </div>
   <div class='ocr_carea' id='block_1_39' title="bbox 232 1410 1019 1444">
    <p class='ocr_par' dir='ltr' id='par_1_39' title="bbox 232 1410 1019 1444">
     <span class='ocr_line' id='line_1_39' title="bbox 232 1410 1019 1444; baseline -0.003 -7"><span class='ocrx_word' id='word_1_258' title='bbox 232 1410 417 1443; x_wconf 82' lang='lat' dir='ltr'><strong>lectationcm,</strong></span> <span class='ocrx_word' id='word_1_259' title='bbox 431 1412 478 1439; x_wconf 89' lang='lat' dir='ltr'><strong>scd</strong></span> <span class='ocrx_word' id='word_1_260' title='bbox 495 1410 640 1438; x_wconf 75' lang='lat' dir='ltr'><strong>dilectione</strong></span> <span class='ocrx_word' id='word_1_261' title='bbox 656 1415 759 1438; x_wconf 84' lang='lat' dir='ltr'><strong>tractus</strong></span> <span class='ocrx_word' id='word_1_262' title='bbox 775 1410 831 1440; x_wconf 84' lang='lat' dir='ltr'><strong>Dei,</strong></span> <span class='ocrx_word' id='word_1_263' title='bbox 849 1418 909 1436; x_wconf 89' lang='lat' dir='ltr'><strong>eum</strong></span> <span class='ocrx_word' id='word_1_264' title='bbox 923 1410 965 1444; x_wconf 90' lang='lat' dir='ltr'><strong>pic</strong></span> <span class='ocrx_word' id='word_1_265' title='bbox 975 1418 1019 1436; x_wconf 91' lang='lat' dir='ltr'><strong>co-</strong></span> 
     </span>
    </p>
   </div>
   <div class='ocr_carea' id='block_1_40' title="bbox 232 1445 1018 1480">
    <p class='ocr_par' dir='ltr' id='par_1_40' title="bbox 232 1445 1018 1480">
     <span class='ocr_line' id='line_1_40' title="bbox 232 1445 1018 1480; baseline 0 -8"><span class='ocrx_word' id='word_1_266' title='bbox 232 1446 262 1472; x_wconf 86' lang='lat' dir='ltr'><strong>lit</strong></span> <span class='ocrx_word' id='word_1_267' title='bbox 277 1454 308 1472; x_wconf 87' lang='lat' dir='ltr'><strong>ac</strong></span> <span class='ocrx_word' id='word_1_268' title='bbox 321 1451 476 1474; x_wconf 82' lang='lat' dir='ltr'><strong>veneratur.</strong></span> <span class='ocrx_word' id='word_1_269' title='bbox 490 1447 661 1480; x_wconf 77' lang='lat' dir='ltr'><strong>Quapropter</strong></span> <span class='ocrx_word' id='word_1_270' title='bbox 680 1446 788 1472; x_wconf 88' lang='lat' dir='ltr'><strong>etiamsi</strong></span> <span class='ocrx_word' id='word_1_271' title='bbox 804 1445 887 1471; x_wconf 84' lang='lat' dir='ltr'><strong>vetita</strong></span> <span class='ocrx_word' id='word_1_272' title='bbox 909 1446 1018 1479; x_wconf 85' lang='lat' dir='ltr'><strong>impune</strong></span> 
     </span>
    </p>
   </div>
   <div class='ocr_carea' id='block_1_41' title="bbox 232 1481 1012 1516">
    <p class='ocr_par' dir='ltr' id='par_1_41' title="bbox 232 1481 1012 1516">
     <span class='ocr_line' id='line_1_41' title="bbox 232 1481 1012 1516; baseline -0.001 -9"><span class='ocrx_word' id='word_1_273' title='bbox 232 1482 327 1516; x_wconf 78' lang='lat' dir='ltr'><strong>agendi</strong></span> <span class='ocrx_word' id='word_1_274' title='bbox 345 1486 507 1516; x_wconf 89' lang='lat' dir='ltr'><strong>potestatem</strong></span> <span class='ocrx_word' id='word_1_275' title='bbox 524 1489 539 1508; x_wconf 87' lang='lat' dir='ltr'><strong>a</strong></span> <span class='ocrx_word' id='word_1_276' title='bbox 556 1481 610 1509; x_wconf 87' lang='lat' dir='ltr'><strong>Dco</strong></span> <span class='ocrx_word' id='word_1_277' title='bbox 629 1481 781 1516; x_wconf 59' lang='lat' dir='ltr'><strong>acceperit,</strong></span> <span class='ocrx_word' id='word_1_278' title='bbox 794 1481 838 1506; x_wconf 90' lang='lat' dir='ltr'><strong>ille</strong></span> <span class='ocrx_word' id='word_1_279' title='bbox 852 1485 952 1511; x_wconf 87' lang='lat' dir='ltr'><strong>tamen,</strong></span> <span class='ocrx_word' id='word_1_280' title='bbox 969 1486 1012 1507; x_wconf 90' lang='lat' dir='ltr'><strong>ut-</strong></span> 
     </span>
    </p>
   </div>
   <div class='ocr_carea' id='block_1_42' title="bbox 230 1515 1015 1551">
    <p class='ocr_par' dir='ltr' id='par_1_42' title="bbox 230 1515 1015 1551">
     <span class='ocr_line' id='line_1_42' title="bbox 230 1515 1015 1551; baseline -0.001 -9"><span class='ocrx_word' id='word_1_281' title='bbox 230 1515 293 1550; x_wconf 76' lang='lat' dir='ltr'><strong>pOte</strong></span> <span class='ocrx_word' id='word_1_282' title='bbox 311 1515 357 1551; x_wconf 83' lang='lat' dir='ltr'><strong>qui</strong></span> <span class='ocrx_word' id='word_1_283' title='bbox 371 1517 514 1544; x_wconf 87' lang='lat' dir='ltr'><strong>honestum</strong></span> <span class='ocrx_word' id='word_1_284' title='bbox 530 1524 562 1543; x_wconf 77' lang='lat' dir='ltr'><strong>ex</strong></span> <span class='ocrx_word' id='word_1_285' title='bbox 579 1517 668 1550; x_wconf 86' lang='lat' dir='ltr'><strong>seipse</strong></span> <span class='ocrx_word' id='word_1_286' title='bbox 686 1515 832 1542; x_wconf 86' lang='lat' dir='ltr'><strong>amandum</strong></span> <span class='ocrx_word' id='word_1_287' title='bbox 849 1522 910 1541; x_wconf 88' lang='lat' dir='ltr'><strong>esse</strong></span> <span class='ocrx_word' id='word_1_288' title='bbox 931 1523 1015 1551; x_wconf 76' lang='lat' dir='ltr'><strong>nove.-</strong></span> 
     </span>
    </p>
   </div>
   <div class='ocr_carea' id='block_1_43' title="bbox 231 1550 1014 1585">
    <p class='ocr_par' dir='ltr' id='par_1_43' title="bbox 231 1550 1014 1585">
     <span class='ocr_line' id='line_1_43' title="bbox 231 1550 1014 1585; baseline -0.003 -7"><span class='ocrx_word' id='word_1_289' title='bbox 231 1551 276 1582; x_wconf 86' lang='lat' dir='ltr'><strong>rit,</strong></span> <span class='ocrx_word' id='word_1_290' title='bbox 293 1550 326 1578; x_wconf 17' lang='lat' dir='ltr'><strong>ini</strong></span> <span class='ocrx_word' id='word_1_291' title='bbox 337 1559 415 1578; x_wconf 90' lang='lat' dir='ltr'><strong>suum</strong></span> <span class='ocrx_word' id='word_1_292' title='bbox 438 1559 576 1585; x_wconf 91' lang='lat' dir='ltr'><strong>nunquam</strong></span> <span class='ocrx_word' id='word_1_293' title='bbox 599 1552 718 1577; x_wconf 82' lang='lat' dir='ltr'><strong>animum</strong></span> <span class='ocrx_word' id='word_1_294' title='bbox 734 1550 845 1576; x_wconf 88' lang='lat' dir='ltr'><strong>inducet</strong></span> <span class='ocrx_word' id='word_1_295' title='bbox 864 1553 894 1576; x_wconf 91' lang='lat' dir='ltr'><strong>ut</strong></span> <span class='ocrx_word' id='word_1_296' title='bbox 913 1550 1014 1584; x_wconf 86' lang='lat' dir='ltr'><strong>aliquid</strong></span> 
     </span>
    </p>
   </div>
   <div class='ocr_carea' id='block_1_44' title="bbox 250 1586 1015 1621">
    <p class='ocr_par' dir='ltr' id='par_1_44' title="bbox 250 1586 1015 1621">
     <span class='ocr_line' id='line_1_44' title="bbox 250 1586 1015 1621; baseline -0.001 -8"><span class='ocrx_word' id='word_1_297' title='bbox 250 1592 330 1613; x_wconf 58' lang='lat' dir='ltr'><strong>raster</strong></span> <span class='ocrx_word' id='word_1_298' title='bbox 344 1587 478 1613; x_wconf 88' lang='lat' dir='ltr'><strong>rationem</strong></span> <span class='ocrx_word' id='word_1_299' title='bbox 497 1590 568 1621; x_wconf 79' lang='lat' dir='ltr'><strong>agat.</strong></span> <span class='ocrx_word' id='word_1_300' title='bbox 590 1586 622 1612; x_wconf 90' lang='lat' dir='ltr'><strong>Et</strong></span> <span class='ocrx_word' id='word_1_301' title='bbox 644 1593 708 1611; x_wconf 88' lang='lat' dir='ltr'><strong>vero</strong></span> <span class='ocrx_word' id='word_1_302' title='bbox 725 1592 887 1621; x_wconf 80' lang='lat' dir='ltr'><strong>persuasum</strong></span> <span class='ocrx_word' id='word_1_303' title='bbox 904 1586 1015 1621; x_wconf 86' lang='lat' dir='ltr'><strong>omnino</strong></span> 
     </span>
    </p>
   </div>
   <div class='ocr_carea' id='block_1_45' title="bbox 239 1620 1015 1655">
    <p class='ocr_par' dir='ltr' id='par_1_45' title="bbox 239 1620 1015 1655">
     <span class='ocr_line' id='line_1_45' title="bbox 239 1620 1015 1655; baseline 0 -8"><span class='ocrx_word' id='word_1_304' title='bbox 239 1621 311 1648; x_wconf 67' lang='lat' dir='ltr'><strong>labet</strong></span> <span class='ocrx_word' id='word_1_305' title='bbox 329 1629 373 1648; x_wconf 85' lang='lat' dir='ltr'><strong>res</strong></span> <span class='ocrx_word' id='word_1_306' title='bbox 387 1625 503 1652; x_wconf 86' lang='lat' dir='ltr'><strong>creatas,</strong></span> <span class='ocrx_word' id='word_1_307' title='bbox 519 1620 591 1648; x_wconf 86' lang='lat' dir='ltr'><strong>sicut</strong></span> <span class='ocrx_word' id='word_1_308' title='bbox 603 1625 629 1647; x_wconf 90' lang='lat' dir='ltr'><strong>et</strong></span> <span class='ocrx_word' id='word_1_309' title='bbox 645 1620 794 1655; x_wconf 78' lang='lat' dir='ltr'><strong>legitimum</strong></span> <span class='ocrx_word' id='word_1_310' title='bbox 810 1620 965 1654; x_wconf 77' lang='lat' dir='ltr'><strong>conjugium</strong></span> <span class='ocrx_word' id='word_1_311' title='bbox 983 1628 1015 1647; x_wconf 92' lang='lat' dir='ltr'><strong>ac</strong></span> 
     </span>
    </p>
   </div>
   <div class='ocr_carea' id='block_1_46' title="bbox 229 1654 1015 1690">
    <p class='ocr_par' dir='ltr' id='par_1_46' title="bbox 229 1654 1015 1690">
     <span class='ocr_line' id='line_1_46' title="bbox 229 1654 1015 1690; baseline 0 -8"><span class='ocrx_word' id='word_1_312' title='bbox 229 1655 376 1683; x_wconf 86' lang='lat' dir='ltr'><strong>liberorum</strong></span> <span class='ocrx_word' id='word_1_313' title='bbox 392 1656 618 1690; x_wconf 81' lang='lat' dir='ltr'><strong>procreationem,</strong></span> <span class='ocrx_word' id='word_1_314' title='bbox 637 1654 768 1690; x_wconf 86' lang='lat' dir='ltr'><strong>quidquid</strong></span> <span class='ocrx_word' id='word_1_315' title='bbox 783 1654 902 1681; x_wconf 76' lang='lat' dir='ltr'><strong>hzcretici</strong></span> <span class='ocrx_word' id='word_1_316' title='bbox 920 1660 1015 1682; x_wconf 82' lang='lat' dir='ltr'><strong>contra</strong></span> 
     </span>
    </p>
   </div>
   <div class='ocr_carea' id='block_1_47' title="bbox 247 1689 1015 1725">
    <p class='ocr_par' dir='ltr' id='par_1_47' title="bbox 247 1689 1015 1725">
     <span class='ocr_line' id='line_1_47' title="bbox 247 1689 1015 1725; baseline 0.001 -9"><span class='ocrx_word' id='word_1_317' title='bbox 247 1692 361 1723; x_wconf 85' lang='lat' dir='ltr'><strong>arriant,</strong></span> <span class='ocrx_word' id='word_1_318' title='bbox 379 1689 440 1718; x_wconf 85' lang='lat' dir='ltr'><strong>esse</strong></span> <span class='ocrx_word' id='word_1_319' title='bbox 459 1691 568 1725; x_wconf 91' lang='lat' dir='ltr'><strong>quidem</strong></span> <span class='ocrx_word' id='word_1_320' title='bbox 584 1689 666 1722; x_wconf 81' lang='lat' dir='ltr'><strong>bona,</strong></span> <span class='ocrx_word' id='word_1_321' title='bbox 686 1690 733 1717; x_wconf 90' lang='lat' dir='ltr'><strong>sed</strong></span> <span class='ocrx_word' id='word_1_322' title='bbox 759 1689 933 1724; x_wconf 68' lang='lat' dir='ltr'><strong>praestantius</strong></span> <span class='ocrx_word' id='word_1_323' title='bbox 953 1697 1015 1717; x_wconf 84' lang='lat' dir='ltr'><strong>esse</strong></span> 
     </span>
    </p>
   </div>
   <div class='ocr_carea' id='block_1_48' title="bbox 229 1698 1015 1760">
    <p class='ocr_par' dir='ltr' id='par_1_48' title="bbox 229 1698 1015 1760">
     <span class='ocr_line' id='line_1_48' title="bbox 247 1698 1015 1725; baseline 0.001 -9"><span class='ocrx_word' id='word_1_324' title='bbox 247 1698 361 1723; x_wconf 83' lang='lat' dir='ltr'><strong>amant,</strong></span> <span class='ocrx_word' id='word_1_325' title='bbox 379 1699 440 1718; x_wconf 89' lang='lat' dir='ltr'><strong>esse</strong></span> <span class='ocrx_word' id='word_1_326' title='bbox 459 1698 568 1725; x_wconf 80' lang='lat' dir='ltr'><strong>quidem</strong></span> <span class='ocrx_word' id='word_1_327' title='bbox 585 1698 666 1722; x_wconf 85' lang='lat' dir='ltr'><strong>nona,</strong></span> <span class='ocrx_word' id='word_1_328' title='bbox 686 1698 733 1717; x_wconf 89' lang='lat' dir='ltr'><strong>seu</strong></span> <span class='ocrx_word' id='word_1_329' title='bbox 759 1698 933 1724; x_wconf 72' lang='lat' dir='ltr'><strong>praesrantius</strong></span> <span class='ocrx_word' id='word_1_330' title='bbox 953 1698 1015 1717; x_wconf 83' lang='lat' dir='ltr'><strong>esse</strong></span> 
     </span>
     <span class='ocr_line' id='line_1_49' title="bbox 229 1698 1015 1760; baseline -0.003 -8"><span class='ocrx_word' id='word_1_331' title='bbox 229 1698 321 1754; x_wconf 57' lang='lat' dir='ltr'><strong>givina</strong></span> <span class='ocrx_word' id='word_1_332' title='bbox 343 1726 549 1757; x_wconf 86' lang='lat' dir='ltr'><strong>assimilatione,</strong></span> <span class='ocrx_word' id='word_1_333' title='bbox 571 1725 674 1760; x_wconf 79' lang='grc' dir='ltr'><strong>ἀπαθῆ,</strong></span> <span class='ocrx_word' id='word_1_334' title='bbox 697 1725 780 1760; x_wconf 79' lang='lat' dir='ltr'><strong>nullis</strong></span> <span class='ocrx_word' id='word_1_335' title='bbox 802 1724 1015 1759; x_wconf 87' lang='lat' dir='ltr'><strong>perturbationi-</strong></span> 
     </span>
    </p>
   </div>
   <div class='ocr_carea' id='block_1_49' title="bbox 229 1759 1014 1795">
    <p class='ocr_par' dir='ltr' id='par_1_49' title="bbox 229 1759 1014 1795">
     <span class='ocr_line' id='line_1_50' title="bbox 229 1759 1014 1795; baseline 0 -8"><span class='ocrx_word' id='word_1_336' title='bbox 229 1760 282 1795; x_wconf 84' lang='lat' dir='ltr'><strong>bus</strong></span> <span class='ocrx_word' id='word_1_337' title='bbox 300 1761 458 1792; x_wconf 81' lang='lat' dir='ltr'><strong>obnoxium,</strong></span> <span class='ocrx_word' id='word_1_338' title='bbox 477 1760 524 1786; x_wconf 75' lang='grc' dir='ltr'><strong>καὶ</strong></span> <span class='ocrx_word' id='word_1_339' title='bbox 535 1760 671 1795; x_wconf 73' lang='grc' dir='ltr'><strong>ἐνάρετον,</strong></span> <span class='ocrx_word' id='word_1_340' title='bbox 691 1769 700 1785; x_wconf 89' lang='grc'><strong>‹</strong></span> <span class='ocrx_word' id='word_1_341' title='bbox 720 1764 747 1786; x_wconf 88' lang='lat' dir='ltr'><strong>et</strong></span> <span class='ocrx_word' id='word_1_342' title='bbox 760 1759 858 1795; x_wconf 77' lang='lat' dir='ltr'><strong>virtute</strong></span> <span class='ocrx_word' id='word_1_343' title='bbox 873 1760 1014 1793; x_wconf 74' lang='lat' dir='ltr'><strong>praeditum</strong></span> 
     </span>
    </p>
   </div>
   <div class='ocr_carea' id='block_1_50' title="bbox 230 1793 1014 1829">
    <p class='ocr_par' dir='ltr' id='par_1_50' title="bbox 230 1793 1014 1829">
     <span class='ocr_line' id='line_1_51' title="bbox 230 1793 1014 1829; baseline 0.001 -8"><span class='ocrx_word' id='word_1_344' title='bbox 230 1794 287 1822; x_wconf 88' lang='lat' dir='ltr'><strong>fieri</strong></span> <span class='ocrx_word' id='word_1_345' title='bbox 299 1796 331 1822; x_wconf 72' lang='grc' dir='ltr'><strong>δ’.</strong></span> <span class='ocrx_word' id='word_1_346' title='bbox 354 1806 362 1821; x_wconf 74' lang='grc' dir='ltr'><strong>ι</strong></span> <span class='ocrx_word' id='word_1_347' title='bbox 385 1795 558 1823; x_wconf 82' lang='lat' dir='ltr'><strong>Manifestum</strong></span> <span class='ocrx_word' id='word_1_348' title='bbox 578 1793 676 1822; x_wconf 84' lang='lat' dir='ltr'><strong>deinde</strong></span> <span class='ocrx_word' id='word_1_349' title='bbox 696 1794 823 1826; x_wconf 84' lang='lat' dir='ltr'><strong>Clemens</strong></span> <span class='ocrx_word' id='word_1_350' title='bbox 845 1793 921 1825; x_wconf 83' lang='lat' dir='ltr'><strong>facit,</strong></span> <span class='ocrx_word' id='word_1_351' title='bbox 949 1796 1014 1829; x_wconf 88' lang='lat' dir='ltr'><strong>quid</strong></span> 
     </span>
    </p>
   </div>
   <div class='ocr_carea' id='block_1_51' title="bbox 229 1829 1015 1866">
    <p class='ocr_par' dir='ltr' id='par_1_51' title="bbox 229 1829 1015 1866">
     <span class='ocr_line' id='line_1_52' title="bbox 229 1829 1015 1866; baseline 0.003 -11"><span class='ocrx_word' id='word_1_352' title='bbox 229 1829 282 1866; x_wconf 87' lang='lat' dir='ltr'><strong>hac</strong></span> <span class='ocrx_word' id='word_1_353' title='bbox 299 1831 357 1866; x_wconf 76' lang='lat' dir='ltr'><strong>lege</strong></span> <span class='ocrx_word' id='word_1_354' title='bbox 375 1830 458 1866; x_wconf 69' lang='lat' dir='ltr'><strong>«Non</strong></span> <span class='ocrx_word' id='word_1_355' title='bbox 479 1831 673 1866; x_wconf 77' lang='lat' dir='ltr'><strong>concupisces,</strong></span> <span class='ocrx_word' id='word_1_356' title='bbox 695 1839 704 1856; x_wconf 86' lang='grc'><strong>›</strong></span> <span class='ocrx_word' id='word_1_357' title='bbox 720 1829 899 1864; x_wconf 81' lang='lat' dir='ltr'><strong>signiﬁcetur,</strong></span> <span class='ocrx_word' id='word_1_358' title='bbox 915 1834 941 1856; x_wconf 86' lang='lat' dir='ltr'><strong>et</strong></span> <span class='ocrx_word' id='word_1_359' title='bbox 955 1838 1015 1865; x_wconf 75' lang='lat' dir='ltr'><strong>qua:</strong></span> 
     </span>
    </p>
   </div>
   <div class='ocr_carea' id='block_1_52' title="bbox 229 1865 1015 1900">
    <p class='ocr_par' dir='ltr' id='par_1_52' title="bbox 229 1865 1015 1900">
     <span class='ocr_line' id='line_1_53' title="bbox 229 1865 1015 1900; baseline 0.001 -9"><span class='ocrx_word' id='word_1_360' title='bbox 229 1865 265 1891; x_wconf 89' lang='lat' dir='ltr'><strong>sit</strong></span> <span class='ocrx_word' id='word_1_361' title='bbox 283 1874 291 1889; x_wconf 82' lang='lat' dir='ltr'>I</span> <span class='ocrx_word' id='word_1_362' title='bbox 309 1865 423 1900; x_wconf 76' lang='lat' dir='ltr'><strong>gnostici</strong></span> <span class='ocrx_word' id='word_1_363' title='bbox 440 1875 448 1890; x_wconf 76' lang='grc' dir='ltr'><strong>ι</strong></span> <span class='ocrx_word' id='word_1_364' title='bbox 472 1865 504 1892; x_wconf 89' lang='lat' dir='ltr'><strong>ad</strong></span> <span class='ocrx_word' id='word_1_365' title='bbox 520 1865 605 1892; x_wconf 89' lang='lat' dir='ltr'><strong>Deum</strong></span> <span class='ocrx_word' id='word_1_366' title='bbox 625 1865 764 1900; x_wconf 50' lang='lat' dir='ltr'><strong>precatio,</strong></span> <span class='ocrx_word' id='word_1_367' title='bbox 778 1871 831 1899; x_wconf 87' lang='lat' dir='ltr'><strong>qua</strong></span> <span class='ocrx_word' id='word_1_368' title='bbox 853 1868 880 1891; x_wconf 90' lang='lat' dir='ltr'><strong>et</strong></span> <span class='ocrx_word' id='word_1_369' title='bbox 901 1872 916 1891; x_wconf 92' lang='lat' dir='ltr'><strong>a</strong></span> <span class='ocrx_word' id='word_1_370' title='bbox 937 1867 1015 1900; x_wconf 89' lang='lat' dir='ltr'><strong>cupi-</strong></span> 
     </span>
    </p>
   </div>
   <div class='ocr_carea' id='block_1_53' title="bbox 229 1899 1012 1935">
    <p class='ocr_par' dir='ltr' id='par_1_53' title="bbox 229 1899 1012 1935">
     <span class='ocr_line' id='line_1_54' title="bbox 229 1899 1012 1935; baseline 0.001 -9"><span class='ocrx_word' id='word_1_371' title='bbox 229 1899 319 1927; x_wconf 78' lang='lat' dir='ltr'><strong>ditate</strong></span> <span class='ocrx_word' id='word_1_372' title='bbox 330 1900 449 1932; x_wconf 89' lang='lat' dir='ltr'><strong>liberari,</strong></span> <span class='ocrx_word' id='word_1_373' title='bbox 471 1905 499 1928; x_wconf 90' lang='lat' dir='ltr'><strong>et</strong></span> <span class='ocrx_word' id='word_1_374' title='bbox 515 1899 692 1935; x_wconf 41' lang='lat' dir='ltr'><strong>ipsimet&#39;Deo</strong></span> <span class='ocrx_word' id='word_1_375' title='bbox 706 1899 845 1934; x_wconf 78' lang='lat' dir='ltr'><strong>conjungi,</strong></span> <span class='ocrx_word' id='word_1_376' title='bbox 860 1906 892 1926; x_wconf 92' lang='lat' dir='ltr'><strong>ac</strong></span> <span class='ocrx_word' id='word_1_377' title='bbox 906 1899 1012 1934; x_wconf 84' lang='lat' dir='ltr'><strong>paucis,</strong></span> 
     </span>
    </p>
   </div>
   <div class='ocr_carea' id='block_1_54' title="bbox 227 1935 1014 1967">
    <p class='ocr_par' dir='ltr' id='par_1_54' title="bbox 227 1935 1014 1967">
     <span class='ocr_line' id='line_1_55' title="bbox 227 1935 1014 1967; baseline 0.004 -7"><span class='ocrx_word' id='word_1_378' title='bbox 227 1936 337 1963; x_wconf 85' lang='lat' dir='ltr'><strong>tametsi</strong></span> <span class='ocrx_word' id='word_1_379' title='bbox 359 1940 449 1963; x_wconf 87' lang='lat' dir='ltr'><strong>creata</strong></span> <span class='ocrx_word' id='word_1_380' title='bbox 471 1935 564 1962; x_wconf 83' lang='lat' dir='ltr'><strong>omnia</strong></span> <span class='ocrx_word' id='word_1_381' title='bbox 586 1935 656 1962; x_wconf 88' lang='lat' dir='ltr'><strong>bona</strong></span> <span class='ocrx_word' id='word_1_382' title='bbox 681 1935 747 1967; x_wconf 90' lang='lat' dir='ltr'><strong>sint,</strong></span> <span class='ocrx_word' id='word_1_383' title='bbox 777 1938 935 1961; x_wconf 90' lang='lat' dir='ltr'><strong>contentum</strong></span> <span class='ocrx_word' id='word_1_384' title='bbox 953 1943 1014 1963; x_wconf 87' lang='lat' dir='ltr'><strong>esse</strong></span> 
     </span>
    </p>
   </div>
   <div class='ocr_carea' id='block_1_55' title="bbox 266 1971 358 1997">
    <p class='ocr_par' dir='ltr' id='par_1_55' title="bbox 266 1971 358 1997">
     <span class='ocr_line' id='line_1_56' title="bbox 266 1971 358 1997; baseline 0.011 -1"><span class='ocrx_word' id='word_1_385' title='bbox 266 1971 358 1997; x_wconf 89' lang='lat' dir='ltr'><strong>stulat.</strong></span> 
     </span>
    </p>
   </div>
   <div class='ocr_carea' id='block_1_56' title="bbox 229 1977 1011 2040">
    <p class='ocr_par' dir='ltr' id='par_1_56' title="bbox 229 1977 1011 2040">
     <span class='ocr_line' id='line_1_57' title="bbox 229 1977 1011 2040; baseline 0.001 -9"><span class='ocrx_word' id='word_1_386' title='bbox 229 1977 455 2036; x_wconf 50' lang='lat' dir='ltr'><strong>po&#39;sl‘ltliliii‘auctor,</strong></span> <span class='ocrx_word' id='word_1_387' title='bbox 470 2013 567 2033; x_wconf 88' lang='lat' dir='ltr'><strong>rursus</strong></span> <span class='ocrx_word' id='word_1_388' title='bbox 589 2004 897 2040; x_wconf 81' lang='lat' dir='ltr'><strong>Apostoliauctoritate</strong></span> <span class='ocrx_word' id='word_1_389' title='bbox 917 2004 1011 2037; x_wconf 88' lang='lat' dir='ltr'><strong>fultus,</strong></span> 
     </span>
    </p>
   </div>
   <div class='ocr_carea' id='block_1_57' title="bbox 227 2039 1013 2075">
    <p class='ocr_par' dir='ltr' id='par_1_57' title="bbox 227 2039 1013 2075">
     <span class='ocr_line' id='line_1_58' title="bbox 227 2039 1013 2075; baseline -0.001 -8"><span class='ocrx_word' id='word_1_390' title='bbox 227 2040 327 2067; x_wconf 88' lang='lat' dir='ltr'><strong>asserit</strong></span> <span class='ocrx_word' id='word_1_391' title='bbox 341 2049 387 2068; x_wconf 89' lang='lat' dir='ltr'><strong>res</strong></span> <span class='ocrx_word' id='word_1_392' title='bbox 400 2045 506 2068; x_wconf 85' lang='lat' dir='ltr'><strong>creatas</strong></span> <span class='ocrx_word' id='word_1_393' title='bbox 518 2048 579 2067; x_wconf 90' lang='lat' dir='ltr'><strong>esse</strong></span> <span class='ocrx_word' id='word_1_394' title='bbox 594 2039 702 2075; x_wconf 78' lang='lat' dir='ltr'><strong>quidem</strong></span> <span class='ocrx_word' id='word_1_395' title='bbox 716 2039 812 2072; x_wconf 80' lang='lat' dir='ltr'><strong>bonas,</strong></span> <span class='ocrx_word' id='word_1_396' title='bbox 829 2040 939 2067; x_wconf 87' lang='lat' dir='ltr'><strong>tametsi</strong></span> <span class='ocrx_word' id='word_1_397' title='bbox 954 2041 1013 2067; x_wconf 64' lang='lat' dir='ltr'><strong>alia;</strong></span> 
     </span>
    </p>
   </div>
   <div class='ocr_carea' id='block_1_58' title="bbox 228 2073 1013 2109">
    <p class='ocr_par' dir='ltr' id='par_1_58' title="bbox 228 2073 1013 2109">
     <span class='ocr_line' id='line_1_59' title="bbox 228 2073 1013 2109; baseline 0 -8"><span class='ocrx_word' id='word_1_398' title='bbox 228 2075 289 2102; x_wconf 85' lang='lat' dir='ltr'><strong>aliis</strong></span> <span class='ocrx_word' id='word_1_399' title='bbox 307 2076 362 2102; x_wconf 89' lang='lat' dir='ltr'><strong>sint</strong></span> <span class='ocrx_word' id='word_1_400' title='bbox 374 2083 469 2103; x_wconf 86' lang='lat' dir='ltr'><strong>revera</strong></span> <span class='ocrx_word' id='word_1_401' title='bbox 483 2073 610 2102; x_wconf 80' lang='lat' dir='ltr'><strong>meliores</strong></span> <span class='ocrx_word' id='word_1_402' title='bbox 624 2074 657 2102; x_wconf 78' lang='lat'><strong>“.</strong></span> <span class='ocrx_word' id='word_1_403' title='bbox 673 2073 770 2102; x_wconf 85' lang='lat' dir='ltr'><strong>Subdit</strong></span> <span class='ocrx_word' id='word_1_404' title='bbox 785 2080 874 2102; x_wconf 87' lang='lat' dir='ltr'><strong>autem</strong></span> <span class='ocrx_word' id='word_1_405' title='bbox 892 2082 934 2106; x_wconf 88' lang='lat' dir='ltr'><strong>ea,</strong></span> <span class='ocrx_word' id='word_1_406' title='bbox 953 2083 1013 2109; x_wconf 68' lang='lat' dir='ltr'><strong>qua:</strong></span> 
     </span>
    </p>
   </div>
   <div class='ocr_carea' id='block_1_59' title="bbox 227 2109 1012 2144">
    <p class='ocr_par' dir='ltr' id='par_1_59' title="bbox 227 2109 1012 2144">
     <span class='ocr_line' id='line_1_60' title="bbox 227 2109 1012 2144; baseline 0 -8"><span class='ocrx_word' id='word_1_407' title='bbox 227 2111 383 2138; x_wconf 86' lang='lat' dir='ltr'><strong>necessaria</strong></span> <span class='ocrx_word' id='word_1_408' title='bbox 405 2111 485 2137; x_wconf 91' lang='lat' dir='ltr'><strong>nobis</strong></span> <span class='ocrx_word' id='word_1_409' title='bbox 505 2115 579 2142; x_wconf 90' lang='lat' dir='ltr'><strong>sunt,</strong></span> <span class='ocrx_word' id='word_1_410' title='bbox 600 2109 647 2137; x_wconf 86' lang='lat' dir='ltr'><strong>Dei</strong></span> <span class='ocrx_word' id='word_1_411' title='bbox 662 2110 826 2144; x_wconf 79' lang='lat' dir='ltr'><strong>benignitate</strong></span> <span class='ocrx_word' id='word_1_412' title='bbox 840 2117 902 2137; x_wconf 89' lang='lat' dir='ltr'><strong>esse</strong></span> <span class='ocrx_word' id='word_1_413' title='bbox 915 2115 1012 2144; x_wconf 86' lang='lat' dir='ltr'><strong>paratu</strong></span> 
     </span>
    </p>
   </div>
   <div class='ocr_carea' id='block_1_60' title="bbox 230 2144 1012 2180">
    <p class='ocr_par' dir='ltr' id='par_1_60' title="bbox 230 2144 1012 2180">
     <span class='ocr_line' id='line_1_61' title="bbox 230 2144 1012 2180; baseline 0.001 -9"><span class='ocrx_word' id='word_1_414' title='bbox 230 2145 331 2172; x_wconf 81' lang='lat' dir='ltr'><strong>facilia.</strong></span> <span class='ocrx_word' id='word_1_415' title='bbox 347 2146 368 2171; x_wconf 77' lang='grc' dir='ltr'>Α</span> <span class='ocrx_word' id='word_1_416' title='bbox 381 2145 534 2172; x_wconf 86' lang='lat' dir='ltr'><strong>Democrito</strong></span> <span class='ocrx_word' id='word_1_417' title='bbox 549 2146 639 2179; x_wconf 83' lang='lat' dir='ltr'><strong>itaque</strong></span> <span class='ocrx_word' id='word_1_418' title='bbox 658 2144 832 2180; x_wconf 17' lang='lat' dir='ltr'><strong>illud,rcujus</strong></span> <span class='ocrx_word' id='word_1_419' title='bbox 854 2145 912 2180; x_wconf 89' lang='lat' dir='ltr'><strong>ipse</strong></span> <span class='ocrx_word' id='word_1_420' title='bbox 927 2146 1012 2172; x_wconf 84' lang='lat' dir='ltr'><strong>ratio-</strong></span> 
     </span>
    </p>
   </div>
   <div class='ocr_carea' id='block_1_61' title="bbox 228 2179 1012 2215">
    <p class='ocr_par' dir='ltr' id='par_1_61' title="bbox 228 2179 1012 2215">
     <span class='ocr_line' id='line_1_62' title="bbox 228 2179 1012 2215; baseline 0.001 -9"><span class='ocrx_word' id='word_1_421' title='bbox 228 2187 289 2207; x_wconf 88' lang='lat' dir='ltr'><strong>nem</strong></span> <span class='ocrx_word' id='word_1_422' title='bbox 303 2181 359 2215; x_wconf 89' lang='lat' dir='ltr'><strong>jam</strong></span> <span class='ocrx_word' id='word_1_423' title='bbox 380 2180 687 2215; x_wconf 17' lang='lat' dir='ltr'><strong>retldiderat,70bscrval</strong></span> <span class='ocrx_word' id='word_1_424' title='bbox 706 2179 819 2214; x_wconf 86' lang='lat' dir='ltr'><strong>pulchre</strong></span> <span class='ocrx_word' id='word_1_425' title='bbox 839 2180 951 2207; x_wconf 89' lang='lat' dir='ltr'><strong>omnino</strong></span> <span class='ocrx_word' id='word_1_426' title='bbox 971 2180 1012 2207; x_wconf 91' lang='lat' dir='ltr'><strong>di-</strong></span> 
     </span>
    </p>
   </div>
   <div class='ocr_carea' id='block_1_62' title="bbox 1029 1532 1050 1560">
    <p class='ocr_par' dir='ltr' id='par_1_62' title="bbox 1029 1532 1050 1560">
     <span class='ocr_line' id='line_1_63' title="bbox 1029 1532 1050 1560; baseline 0 0"><span class='ocrx_word' id='word_1_427' title='bbox 1029 1532 1050 1560; x_wconf 87' lang='lat' dir='ltr'><strong>C</strong></span> 
     </span>
    </p>
   </div>
   <div class='ocr_carea' id='block_1_63' title="bbox 1078 221 1863 256">
    <p class='ocr_par' dir='ltr' id='par_1_63' title="bbox 1078 221 1863 256">
     <span class='ocr_line' id='line_1_64' title="bbox 1078 221 1863 256; baseline 0.004 -9"><span class='ocrx_word' id='word_1_428' title='bbox 1078 221 1152 247; x_wconf 82' lang='lat' dir='ltr'><strong>circo</strong></span> <span class='ocrx_word' id='word_1_429' title='bbox 1169 223 1281 253; x_wconf 79' lang='lat' dir='ltr'><strong>imicus,</strong></span> <span class='ocrx_word' id='word_1_430' title='bbox 1296 226 1321 248; x_wconf 90' lang='lat' dir='ltr'><strong>et</strong></span> <span class='ocrx_word' id='word_1_431' title='bbox 1337 223 1426 256; x_wconf 86' lang='lat' dir='ltr'><strong>quoad</strong></span> <span class='ocrx_word' id='word_1_432' title='bbox 1443 222 1500 248; x_wconf 86' lang='lat' dir='ltr'><strong>fieri</strong></span> <span class='ocrx_word' id='word_1_433' title='bbox 1516 225 1605 255; x_wconf 85' lang='lat' dir='ltr'><strong>potest</strong></span> <span class='ocrx_word' id='word_1_434' title='bbox 1617 241 1624 252; x_wconf 88' lang='lat'><strong>,</strong></span> <span class='ocrx_word' id='word_1_435' title='bbox 1643 221 1700 248; x_wconf 88' lang='lat' dir='ltr'><strong>Deo</strong></span> <span class='ocrx_word' id='word_1_436' title='bbox 1720 221 1822 250; x_wconf 90' lang='lat' dir='ltr'><strong>siniilis</strong></span> <span class='ocrx_word' id='word_1_437' title='bbox 1836 230 1863 250; x_wconf 80' lang='lat' dir='ltr'><strong>ac</strong></span> 
     </span>
    </p>
   </div>
   <div class='ocr_carea' id='block_1_64' title="bbox 1078 256 1862 291">
    <p class='ocr_par' dir='ltr' id='par_1_64' title="bbox 1078 256 1862 291">
     <span class='ocr_line' id='line_1_65' title="bbox 1078 256 1862 291; baseline 0.003 -9"><span class='ocrx_word' id='word_1_438' title='bbox 1078 256 1149 283; x_wconf 85' lang='lat' dir='ltr'><strong>Deus</strong></span> <span class='ocrx_word' id='word_1_439' title='bbox 1165 256 1290 283; x_wconf 76' lang='lat' dir='ltr'><strong>efﬁcitur.</strong></span> <span class='ocrx_word' id='word_1_440' title='bbox 1302 256 1326 283; x_wconf 86' lang='lat' dir='ltr'><strong>ls</strong></span> <span class='ocrx_word' id='word_1_441' title='bbox 1339 265 1403 284; x_wconf 84' lang='lat' dir='ltr'><strong>vero</strong></span> <span class='ocrx_word' id='word_1_442' title='bbox 1420 267 1428 282; x_wconf 79' lang='grc' dir='ltr'><strong>ι</strong></span> <span class='ocrx_word' id='word_1_443' title='bbox 1444 257 1569 291; x_wconf 83' lang='lat' dir='ltr'><strong>gnostica</strong></span> <span class='ocrx_word' id='word_1_444' title='bbox 1582 267 1591 282; x_wconf 75' lang='grc' dir='ltr'><strong>ι</strong></span> <span class='ocrx_word' id='word_1_445' title='bbox 1603 262 1704 283; x_wconf 87' lang='lat' dir='ltr'><strong>natura</strong></span> <span class='ocrx_word' id='word_1_446' title='bbox 1722 265 1773 284; x_wconf 90' lang='lat' dir='ltr'><strong>sua</strong></span> <span class='ocrx_word' id='word_1_447' title='bbox 1787 256 1862 284; x_wconf 86' lang='lat' dir='ltr'><strong>Deum</strong></span> 
     </span>
    </p>
   </div>
   <div class='ocr_carea' id='block_1_65' title="bbox 1078 292 1862 327">
    <p class='ocr_par' dir='ltr' id='par_1_65' title="bbox 1078 292 1862 327">
     <span class='ocr_line' id='line_1_66' title="bbox 1078 292 1862 327; baseline 0.003 -10"><span class='ocrx_word' id='word_1_448' title='bbox 1078 292 1110 327; x_wconf 85' lang='lat' dir='ltr'><strong>ad</strong></span> <span class='ocrx_word' id='word_1_449' title='bbox 1128 299 1157 318; x_wconf 82' lang='lat' dir='ltr'><strong>se</strong></span> <span class='ocrx_word' id='word_1_450' title='bbox 1172 292 1293 324; x_wconf 58' lang='lat' dir='ltr'><strong>attrahit,</strong></span> <span class='ocrx_word' id='word_1_451' title='bbox 1305 300 1367 319; x_wconf 88' lang='lat' dir='ltr'><strong>eum</strong></span> <span class='ocrx_word' id='word_1_452' title='bbox 1383 292 1458 322; x_wconf 88' lang='lat' dir='ltr'><strong>colit,</strong></span> <span class='ocrx_word' id='word_1_453' title='bbox 1473 296 1499 319; x_wconf 86' lang='lat' dir='ltr'><strong>et</strong></span> <span class='ocrx_word' id='word_1_454' title='bbox 1516 292 1623 319; x_wconf 82' lang='lat' dir='ltr'><strong>sincera</strong></span> <span class='ocrx_word' id='word_1_455' title='bbox 1636 299 1688 319; x_wconf 90' lang='lat' dir='ltr'><strong>sua</strong></span> <span class='ocrx_word' id='word_1_456' title='bbox 1704 293 1862 327; x_wconf 80' lang='lat' dir='ltr'><strong>purgatione</strong></span> 
     </span>
    </p>
   </div>
   <div class='ocr_carea' id='block_1_66' title="bbox 1077 326 1496 361">
    <p class='ocr_par' dir='ltr' id='par_1_66' title="bbox 1077 326 1496 361">
     <span class='ocr_line' id='line_1_67' title="bbox 1077 326 1496 361; baseline 0.005 -10"><span class='ocrx_word' id='word_1_457' title='bbox 1077 326 1166 361; x_wconf 87' lang='lat' dir='ltr'><strong>ipsum</strong></span> <span class='ocrx_word' id='word_1_458' title='bbox 1180 331 1274 354; x_wconf 88' lang='lat' dir='ltr'><strong>sancte</strong></span> <span class='ocrx_word' id='word_1_459' title='bbox 1289 327 1496 361; x_wconf 88' lang='lat' dir='ltr'><strong>contemplatur.</strong></span> 
     </span>
    </p>
   </div>
   <div class='ocr_carea' id='block_1_67' title="bbox 1111 361 1863 397">
    <p class='ocr_par' dir='ltr' id='par_1_67' title="bbox 1111 361 1863 397">
     <span class='ocr_line' id='line_1_68' title="bbox 1111 361 1863 397; baseline 0 -10"><span class='ocrx_word' id='word_1_460' title='bbox 1111 361 1244 388; x_wconf 62' lang='lat' dir='ltr'><strong>Caeterum</strong></span> <span class='ocrx_word' id='word_1_461' title='bbox 1258 381 1264 394; x_wconf 85' lang='lat'><strong>,</strong></span> <span class='ocrx_word' id='word_1_462' title='bbox 1281 362 1345 396; x_wconf 87' lang='lat' dir='ltr'><strong>quia</strong></span> <span class='ocrx_word' id='word_1_463' title='bbox 1353 362 1390 397; x_wconf 23' lang='lat' dir='ltr'><strong>fin</strong></span> <span class='ocrx_word' id='word_1_464' title='bbox 1406 361 1553 397; x_wconf 82' lang='lat' dir='ltr'><strong>cujuslibet</strong></span> <span class='ocrx_word' id='word_1_465' title='bbox 1569 361 1690 388; x_wconf 86' lang='lat' dir='ltr'><strong>hominis</strong></span> <span class='ocrx_word' id='word_1_466' title='bbox 1717 361 1807 397; x_wconf 75' lang='lat' dir='ltr'><strong>libera</strong></span> <span class='ocrx_word' id='word_1_467' title='bbox 1822 370 1863 397; x_wconf 80' lang='lat' dir='ltr'><strong>po-</strong></span> 
     </span>
    </p>
   </div>
   <div class='ocr_carea' id='block_1_68' title="bbox 1076 396 1862 427">
    <p class='ocr_par' dir='ltr' id='par_1_68' title="bbox 1076 396 1862 427">
     <span class='ocr_line' id='line_1_69' title="bbox 1076 396 1862 427; baseline 0.001 -5"><span class='ocrx_word' id='word_1_468' title='bbox 1076 399 1174 423; x_wconf 86' lang='lat' dir='ltr'><strong>testate</strong></span> <span class='ocrx_word' id='word_1_469' title='bbox 1186 397 1268 424; x_wconf 89' lang='lat' dir='ltr'><strong>situm</strong></span> <span class='ocrx_word' id='word_1_470' title='bbox 1290 401 1331 424; x_wconf 90' lang='lat' dir='ltr'><strong>est</strong></span> <span class='ocrx_word' id='word_1_471' title='bbox 1352 396 1407 424; x_wconf 91' lang='lat' dir='ltr'><strong>Deo</strong></span> <span class='ocrx_word' id='word_1_472' title='bbox 1426 396 1536 424; x_wconf 88' lang='lat' dir='ltr'><strong>credere</strong></span> <span class='ocrx_word' id='word_1_473' title='bbox 1552 397 1593 424; x_wconf 79' lang='lat' dir='ltr'><strong>vel</strong></span> <span class='ocrx_word' id='word_1_474' title='bbox 1609 404 1664 423; x_wconf 91' lang='lat' dir='ltr'><strong>non</strong></span> <span class='ocrx_word' id='word_1_475' title='bbox 1681 396 1801 423; x_wconf 76' lang='lat' dir='ltr'><strong>credere</strong></span> <span class='ocrx_word' id='word_1_476' title='bbox 1813 396 1828 427; x_wconf 58' lang='grc'><strong>,⁷</strong></span> <span class='ocrx_word' id='word_1_477' title='bbox 1837 405 1862 423; x_wconf 83' lang='lat' dir='ltr'><strong>ac</strong></span> 
     </span>
    </p>
   </div>
   <div class='ocr_carea' id='block_1_69' title="bbox 1076 431 1862 466">
    <p class='ocr_par' dir='ltr' id='par_1_69' title="bbox 1076 431 1862 466">
     <span class='ocr_line' id='line_1_70' title="bbox 1076 431 1862 466; baseline 0.001 -9"><span class='ocrx_word' id='word_1_478' title='bbox 1076 435 1210 466; x_wconf 68' lang='lat' dir='ltr'><strong>praecepta</strong></span> <span class='ocrx_word' id='word_1_479' title='bbox 1228 431 1301 458; x_wconf 90' lang='lat' dir='ltr'><strong>illius</strong></span> <span class='ocrx_word' id='word_1_480' title='bbox 1322 432 1468 459; x_wconf 80' lang='lat' dir='ltr'><strong>observare</strong></span> <span class='ocrx_word' id='word_1_481' title='bbox 1483 435 1530 458; x_wconf 88' lang='lat' dir='ltr'><strong>aut</strong></span> <span class='ocrx_word' id='word_1_482' title='bbox 1553 432 1725 466; x_wconf 80' lang='lat' dir='ltr'><strong>transgredi,</strong></span> <span class='ocrx_word' id='word_1_483' title='bbox 1754 431 1802 458; x_wconf 90' lang='lat' dir='ltr'><strong>ille</strong></span> <span class='ocrx_word' id='word_1_484' title='bbox 1827 432 1862 458; x_wconf 85' lang='lat' dir='ltr'><strong>id-</strong></span> 
     </span>
    </p>
   </div>
   <div class='ocr_carea' id='block_1_70' title="bbox 1075 465 1862 501">
    <p class='ocr_par' dir='ltr' id='par_1_70' title="bbox 1075 465 1862 501">
     <span class='ocr_line' id='line_1_71' title="bbox 1075 465 1862 501; baseline 0.003 -9"><span class='ocrx_word' id='word_1_485' title='bbox 1075 465 1150 493; x_wconf 90' lang='lat' dir='ltr'><strong>circo</strong></span> <span class='ocrx_word' id='word_1_486' title='bbox 1164 470 1275 501; x_wconf 85' lang='lat' dir='ltr'><strong>propter</strong></span> <span class='ocrx_word' id='word_1_487' title='bbox 1296 471 1370 494; x_wconf 88' lang='lat' dir='ltr'><strong>recte</strong></span> <span class='ocrx_word' id='word_1_488' title='bbox 1385 467 1427 494; x_wconf 88' lang='lat' dir='ltr'><strong>vel</strong></span> <span class='ocrx_word' id='word_1_489' title='bbox 1443 467 1513 493; x_wconf 87' lang='lat' dir='ltr'><strong>male</strong></span> <span class='ocrx_word' id='word_1_490' title='bbox 1527 466 1599 494; x_wconf 87' lang='lat' dir='ltr'><strong>facta</strong></span> <span class='ocrx_word' id='word_1_491' title='bbox 1614 465 1662 493; x_wconf 79' lang='lat' dir='ltr'><strong>aut</strong></span> <span class='ocrx_word' id='word_1_492' title='bbox 1679 466 1792 493; x_wconf 85' lang='lat' dir='ltr'><strong>laudem</strong></span> <span class='ocrx_word' id='word_1_493' title='bbox 1812 475 1862 494; x_wconf 86' lang='lat' dir='ltr'><strong>tne-</strong></span> 
     </span>
    </p>
   </div>
   <div class='ocr_carea' id='block_1_71' title="bbox 1075 502 1863 537">
    <p class='ocr_par' dir='ltr' id='par_1_71' title="bbox 1075 502 1863 537">
     <span class='ocr_line' id='line_1_72' title="bbox 1075 502 1863 537; baseline 0.003 -10"><span class='ocrx_word' id='word_1_494' title='bbox 1075 505 1150 527; x_wconf 89' lang='lat' dir='ltr'><strong>retur</strong></span> <span class='ocrx_word' id='word_1_495' title='bbox 1168 506 1213 528; x_wconf 85' lang='lat' dir='ltr'><strong>aut</strong></span> <span class='ocrx_word' id='word_1_496' title='bbox 1226 502 1452 537; x_wconf 83' lang='lat' dir='ltr'><strong>vituperationem</strong></span> <span class='ocrx_word' id='word_1_497' title='bbox 1461 510 1476 537; x_wconf 25' lang='lat' dir='ltr'><strong>;ﬂ</strong></span> <span class='ocrx_word' id='word_1_498' title='bbox 1485 509 1517 528; x_wconf 89' lang='lat' dir='ltr'><strong>ac</strong></span> <span class='ocrx_word' id='word_1_499' title='bbox 1532 505 1642 536; x_wconf 89' lang='lat' dir='ltr'><strong>propter</strong></span> <span class='ocrx_word' id='word_1_500' title='bbox 1655 506 1775 536; x_wconf 79' lang='lat' dir='ltr'><strong>peccata</strong></span> <span class='ocrx_word' id='word_1_501' title='bbox 1785 521 1793 533; x_wconf 94' lang='lat'><strong>,</strong></span> <span class='ocrx_word' id='word_1_502' title='bbox 1809 509 1863 535; x_wconf 67' lang='lat' dir='ltr'><strong>qua</strong></span> 
     </span>
    </p>
   </div>
   <div class='ocr_carea' id='block_1_72' title="bbox 1076 536 1862 572">
    <p class='ocr_par' dir='ltr' id='par_1_72' title="bbox 1076 536 1862 572">
     <span class='ocr_line' id='line_1_73' title="bbox 1076 536 1862 572; baseline 0 -9"><span class='ocrx_word' id='word_1_503' title='bbox 1076 539 1167 572; x_wconf 78' lang='lat' dir='ltr'><strong>tamen</strong></span> <span class='ocrx_word' id='word_1_504' title='bbox 1181 536 1293 569; x_wconf 61' lang='lat' dir='ltr'><strong>omnia,</strong></span> <span class='ocrx_word' id='word_1_505' title='bbox 1312 536 1445 572; x_wconf 86' lang='lat' dir='ltr'><strong>quidquid</strong></span> <span class='ocrx_word' id='word_1_506' title='bbox 1463 536 1595 564; x_wconf 88' lang='lat' dir='ltr'><strong>Basilides</strong></span> <span class='ocrx_word' id='word_1_507' title='bbox 1611 544 1692 563; x_wconf 87' lang='lat' dir='ltr'><strong>secus</strong></span> <span class='ocrx_word' id='word_1_508' title='bbox 1709 536 1862 563; x_wconf 78' lang='lat' dir='ltr'><strong>somniave-</strong></span> 
     </span>
    </p>
   </div>
   <div class='ocr_carea' id='block_1_73' title="bbox 1074 570 1862 606">
    <p class='ocr_par' dir='ltr' id='par_1_73' title="bbox 1074 570 1862 606">
     <span class='ocr_line' id='line_1_74' title="bbox 1074 570 1862 606; baseline 0.004 -10"><span class='ocrx_word' id='word_1_509' title='bbox 1074 570 1129 606; x_wconf 73' lang='lat' dir='ltr'><strong>ri_t_,</strong></span> <span class='ocrx_word' id='word_1_510' title='bbox 1154 570 1430 606; x_wconf 71' lang='lat' dir='ltr'><strong>baptismate&#39;dimitti</strong></span> <span class='ocrx_word' id='word_1_511' title='bbox 1446 576 1550 598; x_wconf 89' lang='lat' dir='ltr'><strong>certum</strong></span> <span class='ocrx_word' id='word_1_512' title='bbox 1571 576 1630 604; x_wconf 88' lang='lat' dir='ltr'><strong>est,</strong></span> <span class='ocrx_word' id='word_1_513' title='bbox 1648 572 1749 599; x_wconf 83' lang='lat' dir='ltr'><strong>merito</strong></span> <span class='ocrx_word' id='word_1_514' title='bbox 1776 573 1862 606; x_wconf 59' lang='lat' dir='ltr'><strong>poenis</strong></span> 
     </span>
    </p>
   </div>
   <div class='ocr_carea' id='block_1_74' title="bbox 1074 604 1863 641">
    <p class='ocr_par' dir='ltr' id='par_1_74' title="bbox 1074 604 1863 641">
     <span class='ocr_line' id='line_1_75' title="bbox 1074 604 1863 641; baseline 0.003 -10"><span class='ocrx_word' id='word_1_515' title='bbox 1074 604 1198 641; x_wconf 56' lang='lat' dir='ltr'><strong>afficitur:</strong></span> <span class='ocrx_word' id='word_1_516' title='bbox 1216 605 1361 640; x_wconf 88' lang='lat' dir='ltr'><strong>Triplicem</strong></span> <span class='ocrx_word' id='word_1_517' title='bbox 1384 610 1472 632; x_wconf 88' lang='lat' dir='ltr'><strong>autem</strong></span> <span class='ocrx_word' id='word_1_518' title='bbox 1496 606 1532 633; x_wconf 91' lang='lat' dir='ltr'><strong>ob</strong></span> <span class='ocrx_word' id='word_1_519' title='bbox 1552 607 1707 637; x_wconf 88' lang='lat' dir='ltr'><strong>rationem,</strong></span> <span class='ocrx_word' id='word_1_520' title='bbox 1732 604 1863 641; x_wconf 73' lang='lat' dir='ltr'><strong>quémad-</strong></span> 
     </span>
    </p>
   </div>
   <div class='ocr_carea' id='block_1_75' title="bbox 1074 640 1862 676">
    <p class='ocr_par' dir='ltr' id='par_1_75' title="bbox 1074 640 1862 676">
     <span class='ocr_line' id='line_1_76' title="bbox 1074 640 1862 676; baseline 0.001 -9"><span class='ocrx_word' id='word_1_521' title='bbox 1074 640 1183 676; x_wconf 82' lang='lat' dir='ltr'><strong>modum</strong></span> <span class='ocrx_word' id='word_1_522' title='bbox 1199 641 1300 676; x_wconf 89' lang='lat' dir='ltr'><strong>duplici</strong></span> <span class='ocrx_word' id='word_1_523' title='bbox 1316 641 1407 672; x_wconf 91' lang='lat' dir='ltr'><strong>modo,</strong></span> <span class='ocrx_word' id='word_1_524' title='bbox 1423 644 1534 675; x_wconf 82' lang='lat' dir='ltr'><strong>peccata</strong></span> <span class='ocrx_word' id='word_1_525' title='bbox 1549 645 1611 676; x_wconf 89' lang='lat' dir='ltr'><strong>post</strong></span> <span class='ocrx_word' id='word_1_526' title='bbox 1625 640 1798 676; x_wconf 81' lang='lat' dir='ltr'><strong>baptismum</strong></span> <span class='ocrx_word' id='word_1_527' title='bbox 1818 642 1862 669; x_wconf 81' lang='lat' dir='ltr'><strong>ad-</strong></span> 
     </span>
    </p>
   </div>
   <div class='ocr_carea' id='block_1_76' title="bbox 1073 675 1861 711">
    <p class='ocr_par' dir='ltr' id='par_1_76' title="bbox 1073 675 1861 711">
     <span class='ocr_line' id='line_1_77' title="bbox 1073 675 1861 711; baseline 0.003 -10"><span class='ocrx_word' id='word_1_528' title='bbox 1073 675 1158 703; x_wconf 87' lang='lat' dir='ltr'><strong>missa</strong></span> <span class='ocrx_word' id='word_1_529' title='bbox 1173 675 1360 711; x_wconf 77' lang='lat' dir='ltr'><strong>castigantur;</strong></span> <span class='ocrx_word' id='word_1_530' title='bbox 1377 683 1437 710; x_wconf 71' lang='lat' dir='ltr'><strong>quae</strong></span> <span class='ocrx_word' id='word_1_531' title='bbox 1450 683 1514 703; x_wconf 86' lang='lat' dir='ltr'><strong>vero</strong></span> <span class='ocrx_word' id='word_1_532' title='bbox 1531 675 1594 703; x_wconf 80' lang='lat' dir='ltr'><strong>ante</strong></span> <span class='ocrx_word' id='word_1_533' title='bbox 1611 675 1687 702; x_wconf 87' lang='lat' dir='ltr'><strong>illum</strong></span> <span class='ocrx_word' id='word_1_534' title='bbox 1704 680 1861 711; x_wconf 79' lang='lat' dir='ltr'><strong>perpetrata</strong></span> 
     </span>
    </p>
   </div>
   <div class='ocr_carea' id='block_1_77' title="bbox 1074 710 1862 746">
    <p class='ocr_par' dir='ltr' id='par_1_77' title="bbox 1074 710 1862 746">
     <span class='ocr_line' id='line_1_78' title="bbox 1074 710 1862 746; baseline 0.004 -10"><span class='ocrx_word' id='word_1_535' title='bbox 1074 715 1148 746; x_wconf 81' lang='lat' dir='ltr'><strong>sunt,</strong></span> <span class='ocrx_word' id='word_1_536' title='bbox 1163 710 1292 738; x_wconf 90' lang='lat' dir='ltr'><strong>dicuntur</strong></span> <span class='ocrx_word' id='word_1_537' title='bbox 1312 711 1465 746; x_wconf 81' lang='lat' dir='ltr'><strong>expurgari.</strong></span> <span class='ocrx_word' id='word_1_538' title='bbox 1491 711 1525 737; x_wconf 83' lang='lat' dir='ltr'><strong>At</strong></span> <span class='ocrx_word' id='word_1_539' title='bbox 1549 711 1594 746; x_wconf 91' lang='lat' dir='ltr'><strong>qui</strong></span> <span class='ocrx_word' id='word_1_540' title='bbox 1610 717 1725 746; x_wconf 87' lang='lat' dir='ltr'><strong>peccato</strong></span> <span class='ocrx_word' id='word_1_541' title='bbox 1748 710 1862 739; x_wconf 76' lang='lat' dir='ltr'><strong>minime</strong></span> 
     </span>
    </p>
   </div>
   <div class='ocr_carea' id='block_1_78' title="bbox 1074 744 1861 781">
    <p class='ocr_par' dir='ltr' id='par_1_78' title="bbox 1074 744 1861 781">
     <span class='ocr_line' id='line_1_79' title="bbox 1074 744 1861 781; baseline 0 -9"><span class='ocrx_word' id='word_1_542' title='bbox 1074 744 1233 781; x_wconf 74' lang='lat' dir='ltr'><strong>inquinatus</strong></span> <span class='ocrx_word' id='word_1_543' title='bbox 1249 744 1430 773; x_wconf 68' lang='lat' dir='ltr'><strong>immortalem</strong></span> <span class='ocrx_word' id='word_1_544' title='bbox 1447 745 1494 781; x_wconf 74' lang='lat' dir='ltr'><strong>Dei</strong></span> <span class='ocrx_word' id='word_1_545' title='bbox 1507 744 1634 773; x_wconf 70' lang='lat' dir='ltr'><strong>naturain</strong></span> <span class='ocrx_word' id='word_1_546' title='bbox 1646 746 1861 781; x_wconf 79' lang='lat' dir='ltr'><strong>contemplatur,</strong></span> 
     </span>
    </p>
   </div>
   <div class='ocr_carea' id='block_1_79' title="bbox 1072 779 1862 813">
    <p class='ocr_par' dir='ltr' id='par_1_79' title="bbox 1072 779 1862 813">
     <span class='ocr_line' id='line_1_80' title="bbox 1072 779 1862 813; baseline 0.004 -8"><span class='ocrx_word' id='word_1_547' title='bbox 1072 779 1119 807; x_wconf 78' lang='lat' dir='ltr'><strong>ille</strong></span> <span class='ocrx_word' id='word_1_548' title='bbox 1132 780 1229 808; x_wconf 84' lang='lat' dir='ltr'><strong>beatus</strong></span> <span class='ocrx_word' id='word_1_549' title='bbox 1244 785 1296 813; x_wconf 83' lang='lat' dir='ltr'><strong>est,</strong></span> <span class='ocrx_word' id='word_1_550' title='bbox 1314 784 1352 813; x_wconf 90' lang='lat' dir='ltr'><strong>et,</strong></span> <span class='ocrx_word' id='word_1_551' title='bbox 1367 784 1397 807; x_wconf 94' lang='lat' dir='ltr'><strong>ut</strong></span> <span class='ocrx_word' id='word_1_552' title='bbox 1408 781 1446 807; x_wconf 86' lang='lat' dir='ltr'><strong>ait</strong></span> <span class='ocrx_word' id='word_1_553' title='bbox 1461 780 1548 813; x_wconf 84' lang='lat' dir='ltr'><strong>Plato,</strong></span> <span class='ocrx_word' id='word_1_554' title='bbox 1564 781 1636 808; x_wconf 90' lang='lat' dir='ltr'><strong>inter</strong></span> <span class='ocrx_word' id='word_1_555' title='bbox 1650 779 1778 808; x_wconf 69' lang='lat' dir='ltr'><strong>homines</strong></span> <span class='ocrx_word' id='word_1_556' title='bbox 1794 781 1862 808; x_wconf 81' lang='lat' dir='ltr'><strong>Deus</strong></span> 
     </span>
    </p>
   </div>
   <div class='ocr_carea' id='block_1_80' title="bbox 1072 815 1861 851">
    <p class='ocr_par' dir='ltr' id='par_1_80' title="bbox 1072 815 1861 851">
     <span class='ocr_line' id='line_1_81' title="bbox 1072 815 1861 851; baseline 0.005 -11"><span class='ocrx_word' id='word_1_557' title='bbox 1072 815 1140 851; x_wconf 72' lang='lat' dir='ltr'><strong>erit;</strong></span> <span class='ocrx_word' id='word_1_558' title='bbox 1167 816 1209 842; x_wconf 89' lang='lat' dir='ltr'><strong>vel</strong></span> <span class='ocrx_word' id='word_1_559' title='bbox 1233 824 1294 843; x_wconf 89' lang='lat' dir='ltr'><strong>cum</strong></span> <span class='ocrx_word' id='word_1_560' title='bbox 1309 816 1420 851; x_wconf 81' lang='lat' dir='ltr'><strong>Christo</strong></span> <span class='ocrx_word' id='word_1_561' title='bbox 1434 817 1547 851; x_wconf 80' lang='lat' dir='ltr'><strong>angelus</strong></span> <span class='ocrx_word' id='word_1_562' title='bbox 1559 836 1566 848; x_wconf 94' lang='lat'><strong>,</strong></span> <span class='ocrx_word' id='word_1_563' title='bbox 1586 821 1614 844; x_wconf 90' lang='lat' dir='ltr'><strong>et</strong></span> <span class='ocrx_word' id='word_1_564' title='bbox 1629 817 1706 843; x_wconf 88' lang='lat' dir='ltr'><strong>solus</strong></span> <span class='ocrx_word' id='word_1_565' title='bbox 1726 816 1861 851; x_wconf 79' lang='lat' dir='ltr'><strong>prudens,</strong></span> 
     </span>
    </p>
   </div>
   <div class='ocr_carea' id='block_1_81' title="bbox 1073 848 1861 912">
    <p class='ocr_par' dir='ltr' id='par_1_81' title="bbox 1073 848 1861 912">
     <span class='ocr_line' id='line_1_82' title="bbox 1073 848 1861 912; baseline 0.004 -35"><span class='ocrx_word' id='word_1_566' title='bbox 1073 848 1314 912; x_wconf 40' lang='lat' dir='ltr'><strong>“agilitatem</strong></span> <span class='ocrx_word' id='word_1_567' title='bbox 1337 848 1484 879; x_wconf 59' lang='lat' dir='ltr'><strong>indefessa&#39;</strong></span> <span class='ocrx_word' id='word_1_568' title='bbox 1497 848 1734 886; x_wconf 64' lang='lat' dir='ltr'><strong>contemplatione</strong></span> <span class='ocrx_word' id='word_1_569' title='bbox 1751 859 1861 887; x_wconf 78' lang='lat' dir='ltr'><strong>semper</strong></span> 
     </span>
    </p>
   </div>
   <div class='ocr_carea' id='block_1_82' title="bbox 1072 885 1269 913">
    <p class='ocr_par' dir='ltr' id='par_1_82' title="bbox 1072 885 1269 913">
     <span class='ocr_line' id='line_1_83' title="bbox 1072 885 1269 913; baseline 0.015 -3"><span class='ocrx_word' id='word_1_570' title='bbox 1072 885 1228 912; x_wconf 90' lang='lat' dir='ltr'><strong>considerat</strong></span> <span class='ocrx_word' id='word_1_571' title='bbox 1237 886 1269 913; x_wconf 65' lang='grc'><strong>⁵⁸.</strong></span> 
     </span>
    </p>
   </div>
   <div class='ocr_carea' id='block_1_83' title="bbox 1106 919 1859 955">
    <p class='ocr_par' dir='ltr' id='par_1_83' title="bbox 1106 919 1859 955">
     <span class='ocr_line' id='line_1_84' title="bbox 1106 919 1859 955; baseline 0.001 -8"><span class='ocrx_word' id='word_1_572' title='bbox 1106 919 1160 947; x_wconf 89' lang='lat' dir='ltr'><strong>Nec</strong></span> <span class='ocrx_word' id='word_1_573' title='bbox 1174 925 1216 947; x_wconf 90' lang='lat' dir='ltr'><strong>est</strong></span> <span class='ocrx_word' id='word_1_574' title='bbox 1233 928 1298 948; x_wconf 86' lang='lat' dir='ltr'><strong>sane</strong></span> <span class='ocrx_word' id='word_1_575' title='bbox 1308 920 1381 955; x_wconf 88' lang='lat' dir='ltr'><strong>quod</strong></span> <span class='ocrx_word' id='word_1_576' title='bbox 1393 921 1454 955; x_wconf 90' lang='lat' dir='ltr'><strong>quis</strong></span> <span class='ocrx_word' id='word_1_577' title='bbox 1467 920 1580 955; x_wconf 86' lang='lat' dir='ltr'><strong>objiciat</strong></span> <span class='ocrx_word' id='word_1_578' title='bbox 1590 928 1642 948; x_wconf 86' lang='lat' dir='ltr'><strong>nos</strong></span> <span class='ocrx_word' id='word_1_579' title='bbox 1654 928 1710 948; x_wconf 89' lang='lat' dir='ltr'><strong>non</strong></span> <span class='ocrx_word' id='word_1_580' title='bbox 1724 927 1812 955; x_wconf 81' lang='lat' dir='ltr'><strong>posse</strong></span> <span class='ocrx_word' id='word_1_581' title='bbox 1827 921 1859 949; x_wconf 89' lang='lat' dir='ltr'><strong>ad</strong></span> 
     </span>
    </p>
   </div>
   <div class='ocr_carea' id='block_1_84' title="bbox 1071 953 1859 991">
    <p class='ocr_par' dir='ltr' id='par_1_84' title="bbox 1071 953 1859 991">
     <span class='ocr_line' id='line_1_85' title="bbox 1071 953 1859 991; baseline 0.004 -11"><span class='ocrx_word' id='word_1_582' title='bbox 1071 953 1137 986; x_wconf 85' lang='lat' dir='ltr'><strong>Dci,</strong></span> <span class='ocrx_word' id='word_1_583' title='bbox 1157 956 1206 991; x_wconf 70' lang='lat' dir='ltr'><strong>qui</strong></span> <span class='ocrx_word' id='word_1_584' title='bbox 1229 953 1410 991; x_wconf 69' lang='lat' dir='ltr'><strong>demonstrari</strong></span> <span class='ocrx_word' id='word_1_585' title='bbox 1434 953 1537 991; x_wconf 41' lang='lat' dir='ltr'><strong>nequ—it,</strong></span> <span class='ocrx_word' id='word_1_586' title='bbox 1556 957 1699 991; x_wconf 88' lang='lat' dir='ltr'><strong>pervenire</strong></span> <span class='ocrx_word' id='word_1_587' title='bbox 1720 953 1859 991; x_wconf 58' lang='lat' dir='ltr'><strong>cognitio~</strong></span> 
     </span>
    </p>
   </div>
   <div class='ocr_carea' id='block_1_85' title="bbox 1072 990 1858 1025">
    <p class='ocr_par' dir='ltr' id='par_1_85' title="bbox 1072 990 1858 1025">
     <span class='ocr_line' id='line_1_86' title="bbox 1072 990 1858 1025; baseline 0.001 -9"><span class='ocrx_word' id='word_1_588' title='bbox 1072 997 1144 1016; x_wconf 88' lang='lat' dir='ltr'><strong>nem.</strong></span> <span class='ocrx_word' id='word_1_589' title='bbox 1157 990 1224 1016; x_wconf 87' lang='lat' dir='ltr'><strong>Nam</strong></span> <span class='ocrx_word' id='word_1_590' title='bbox 1234 998 1282 1025; x_wconf 89' lang='lat' dir='ltr'><strong>per</strong></span> <span class='ocrx_word' id='word_1_591' title='bbox 1294 990 1392 1017; x_wconf 84' lang='lat' dir='ltr'><strong>Filium</strong></span> <span class='ocrx_word' id='word_1_592' title='bbox 1406 991 1466 1025; x_wconf 86' lang='lat' dir='ltr'><strong>ejus</strong></span> <span class='ocrx_word' id='word_1_593' title='bbox 1479 990 1513 1018; x_wconf 85' lang='lat' dir='ltr'><strong>ac</strong></span> <span class='ocrx_word' id='word_1_594' title='bbox 1525 990 1645 1018; x_wconf 76' lang='lat' dir='ltr'><strong>infinitas</strong></span> <span class='ocrx_word' id='word_1_595' title='bbox 1660 990 1786 1025; x_wconf 84' lang='lat' dir='ltr'><strong>ejusdem</strong></span> <span class='ocrx_word' id='word_1_596' title='bbox 1799 991 1858 1018; x_wconf 85' lang='lat' dir='ltr'><strong>Filii</strong></span> 
     </span>
    </p>
   </div>
   <div class='ocr_carea' id='block_1_86' title="bbox 1071 1024 1855 1065">
    <p class='ocr_par' dir='ltr' id='par_1_86' title="bbox 1071 1024 1855 1065">
     <span class='ocr_line' id='line_1_87' title="bbox 1071 1024 1855 1065; baseline 0.001 -14"><span class='ocrx_word' id='word_1_597' title='bbox 1071 1024 1263 1065; x_wconf 66' lang='lat' dir='ltr'><strong>perfectiones,</strong></span> <span class='ocrx_word' id='word_1_598' title='bbox 1276 1026 1351 1052; x_wconf 91' lang='lat' dir='ltr'><strong>illum</strong></span> <span class='ocrx_word' id='word_1_599' title='bbox 1369 1024 1527 1065; x_wconf 73' lang='lat' dir='ltr'><strong>agnoscere,</strong></span> <span class='ocrx_word' id='word_1_600' title='bbox 1542 1027 1567 1054; x_wconf 88' lang='lat' dir='ltr'><strong>ei</strong></span> <span class='ocrx_word' id='word_1_601' title='bbox 1579 1024 1707 1065; x_wconf 53' lang='lat' dir='ltr'><strong>credere,</strong></span> <span class='ocrx_word' id='word_1_602' title='bbox 1720 1027 1855 1065; x_wconf 42' lang='lat' dir='ltr'><strong>atque-ita</strong></span> 
     </span>
    </p>
   </div>
   <div class='ocr_carea' id='block_1_87' title="bbox 1071 1060 1856 1095">
    <p class='ocr_par' dir='ltr' id='par_1_87' title="bbox 1071 1060 1856 1095">
     <span class='ocr_line' id='line_1_88' title="bbox 1071 1060 1856 1095; baseline 0.003 -9"><span class='ocrx_word' id='word_1_603' title='bbox 1071 1060 1122 1094; x_wconf 94' lang='lat' dir='ltr'><strong>ipsi</strong></span> <span class='ocrx_word' id='word_1_604' title='bbox 1137 1060 1264 1095; x_wconf 75' lang='lat' dir='ltr'><strong>conjungi</strong></span> <span class='ocrx_word' id='word_1_605' title='bbox 1280 1068 1435 1095; x_wconf 88' lang='lat' dir='ltr'><strong>possumus.</strong></span> <span class='ocrx_word' id='word_1_606' title='bbox 1461 1060 1559 1088; x_wconf 86' lang='lat' dir='ltr'><strong>Verum</strong></span> <span class='ocrx_word' id='word_1_607' title='bbox 1582 1061 1606 1089; x_wconf 93' lang='lat' dir='ltr'><strong>si</strong></span> <span class='ocrx_word' id='word_1_608' title='bbox 1628 1061 1663 1088; x_wconf 90' lang='lat' dir='ltr'><strong>de</strong></span> <span class='ocrx_word' id='word_1_609' title='bbox 1679 1061 1727 1088; x_wconf 90' lang='lat' dir='ltr'><strong>illo</strong></span> <span class='ocrx_word' id='word_1_610' title='bbox 1748 1060 1856 1088; x_wconf 82' lang='lat' dir='ltr'><strong>dubite-</strong></span> 
     </span>
    </p>
   </div>
   <div class='ocr_carea' id='block_1_88' title="bbox 1070 1095 1856 1131">
    <p class='ocr_par' dir='ltr' id='par_1_88' title="bbox 1070 1095 1856 1131">
     <span class='ocr_line' id='line_1_89' title="bbox 1070 1095 1856 1131; baseline 0.001 -10"><span class='ocrx_word' id='word_1_611' title='bbox 1070 1102 1131 1122; x_wconf 89' lang='lat' dir='ltr'><strong>mus</strong></span> <span class='ocrx_word' id='word_1_612' title='bbox 1147 1100 1195 1131; x_wconf 61' lang='grc' dir='ltr'><strong>ιιιιι1</strong></span> <span class='ocrx_word' id='word_1_613' title='bbox 1204 1096 1228 1122; x_wconf 91' lang='lat' dir='ltr'><strong>ei</strong></span> <span class='ocrx_word' id='word_1_614' title='bbox 1240 1103 1294 1123; x_wconf 91' lang='lat' dir='ltr'><strong>non</strong></span> <span class='ocrx_word' id='word_1_615' title='bbox 1309 1095 1464 1127; x_wconf 79' lang='lat' dir='ltr'><strong>credamus,</strong></span> <span class='ocrx_word' id='word_1_616' title='bbox 1477 1097 1511 1124; x_wconf 92' lang='lat' dir='ltr'><strong>ab</strong></span> <span class='ocrx_word' id='word_1_617' title='bbox 1527 1096 1587 1130; x_wconf 88' lang='lat' dir='ltr'><strong>ipso</strong></span> <span class='ocrx_word' id='word_1_618' title='bbox 1597 1096 1795 1131; x_wconf 79' lang='lat' dir='ltr'><strong>disjungimur,</strong></span> <span class='ocrx_word' id='word_1_619' title='bbox 1808 1104 1856 1123; x_wconf 87' lang='lat' dir='ltr'><strong>nec</strong></span> 
     </span>
    </p>
   </div>
   <div class='ocr_carea' id='block_1_89' title="bbox 1070 1130 1854 1166">
    <p class='ocr_par' dir='ltr' id='par_1_89' title="bbox 1070 1130 1854 1166">
     <span class='ocr_line' id='line_1_90' title="bbox 1070 1130 1854 1166; baseline 0.003 -10"><span class='ocrx_word' id='word_1_620' title='bbox 1070 1137 1164 1166; x_wconf 84' lang='lat' dir='ltr'><strong>sumus</strong></span> <span class='ocrx_word' id='word_1_621' title='bbox 1185 1130 1284 1158; x_wconf 60' lang='lat' dir='ltr'><strong>Levitaa</strong></span> <span class='ocrx_word' id='word_1_622' title='bbox 1299 1151 1306 1161; x_wconf 92' lang='lat'><strong>,</strong></span> <span class='ocrx_word' id='word_1_623' title='bbox 1323 1139 1371 1158; x_wconf 88' lang='lat' dir='ltr'><strong>seu</strong></span> <span class='ocrx_word' id='word_1_624' title='bbox 1388 1131 1562 1166; x_wconf 61' lang='lat' dir='ltr'><strong>alienigenae,</strong></span> <span class='ocrx_word' id='word_1_625' title='bbox 1580 1132 1626 1166; x_wconf 90' lang='lat' dir='ltr'><strong>qui</strong></span> <span class='ocrx_word' id='word_1_626' title='bbox 1641 1132 1668 1158; x_wconf 94' lang='lat' dir='ltr'><strong>in</strong></span> <span class='ocrx_word' id='word_1_627' title='bbox 1684 1130 1784 1158; x_wconf 79' lang='lat' dir='ltr'><strong>sancta</strong></span> <span class='ocrx_word' id='word_1_628' title='bbox 1803 1139 1854 1158; x_wconf 88' lang='lat' dir='ltr'><strong>non</strong></span> 
     </span>
    </p>
   </div>
   <div class='ocr_carea' id='block_1_90' title="bbox 1070 1164 1855 1200">
    <p class='ocr_par' dir='ltr' id='par_1_90' title="bbox 1070 1164 1855 1200">
     <span class='ocr_line' id='line_1_91' title="bbox 1070 1164 1855 1200; baseline 0.001 -9"><span class='ocrx_word' id='word_1_629' title='bbox 1070 1164 1272 1199; x_wconf 78' lang='lat' dir='ltr'><strong>ingrediuntur.</strong></span> <span class='ocrx_word' id='word_1_630' title='bbox 1290 1166 1396 1193; x_wconf 82' lang='lat' dir='ltr'><strong>Etenim</strong></span> <span class='ocrx_word' id='word_1_631' title='bbox 1418 1167 1463 1200; x_wconf 91' lang='lat' dir='ltr'><strong>qui</strong></span> <span class='ocrx_word' id='word_1_632' title='bbox 1473 1164 1647 1193; x_wconf 60' lang='lat' dir='ltr'><strong>crediderint</strong></span> <span class='ocrx_word' id='word_1_633' title='bbox 1661 1170 1689 1193; x_wconf 90' lang='lat' dir='ltr'><strong>et</strong></span> <span class='ocrx_word' id='word_1_634' title='bbox 1704 1166 1790 1193; x_wconf 75' lang='lat' dir='ltr'><strong>vitam</strong></span> <span class='ocrx_word' id='word_1_635' title='bbox 1808 1174 1855 1200; x_wconf 91' lang='lat' dir='ltr'><strong>pu-</strong></span> 
     </span>
    </p>
   </div>
   <div class='ocr_carea' id='block_1_91' title="bbox 1070 1200 1856 1233">
    <p class='ocr_par' dir='ltr' id='par_1_91' title="bbox 1070 1200 1856 1233">
     <span class='ocr_line' id='line_1_92' title="bbox 1070 1200 1856 1233; baseline 0.004 -8"><span class='ocrx_word' id='word_1_636' title='bbox 1070 1207 1128 1226; x_wconf 89' lang='lat' dir='ltr'><strong>ram</strong></span> <span class='ocrx_word' id='word_1_637' title='bbox 1153 1200 1298 1233; x_wconf 75' lang='lat' dir='ltr'><strong>duxerint,</strong></span> <span class='ocrx_word' id='word_1_638' title='bbox 1316 1201 1333 1228; x_wconf 92' lang='lat' dir='ltr'><strong>ii</strong></span> <span class='ocrx_word' id='word_1_639' title='bbox 1348 1200 1404 1228; x_wconf 86' lang='lat' dir='ltr'><strong>veri</strong></span> <span class='ocrx_word' id='word_1_640' title='bbox 1427 1205 1490 1228; x_wconf 88' lang='lat' dir='ltr'><strong>sunt</strong></span> <span class='ocrx_word' id='word_1_641' title='bbox 1520 1201 1566 1229; x_wconf 86' lang='lat' dir='ltr'><strong>D&#39;ei</strong></span> <span class='ocrx_word' id='word_1_642' title='bbox 1584 1201 1744 1228; x_wconf 78' lang='lat' dir='ltr'><strong>sacerdotes</strong></span> <span class='ocrx_word' id='word_1_643' title='bbox 1759 1206 1788 1228; x_wconf 85' lang='lat' dir='ltr'><strong>et</strong></span> <span class='ocrx_word' id='word_1_644' title='bbox 1807 1200 1856 1227; x_wconf 76' lang='lat' dir='ltr'><strong>Le-</strong></span> 
     </span>
    </p>
   </div>
   <div class='ocr_carea' id='block_1_92' title="bbox 1069 1234 1854 1271">
    <p class='ocr_par' dir='ltr' id='par_1_92' title="bbox 1069 1234 1854 1271">
     <span class='ocr_line' id='line_1_93' title="bbox 1069 1234 1854 1271; baseline 0.003 -10"><span class='ocrx_word' id='word_1_645' title='bbox 1069 1234 1141 1265; x_wconf 69' lang='lat' dir='ltr'><strong>vittc,</strong></span> <span class='ocrx_word' id='word_1_646' title='bbox 1166 1235 1266 1270; x_wconf 90' lang='lat' dir='ltr'><strong>quibus</strong></span> <span class='ocrx_word' id='word_1_647' title='bbox 1290 1239 1412 1263; x_wconf 85' lang='lat' dir='ltr'><strong>mortuos</strong></span> <span class='ocrx_word' id='word_1_648' title='bbox 1427 1240 1537 1271; x_wconf 82' lang='lat' dir='ltr'><strong>tangere</strong></span> <span class='ocrx_word' id='word_1_649' title='bbox 1558 1236 1672 1263; x_wconf 88' lang='lat' dir='ltr'><strong>vetitum</strong></span> <span class='ocrx_word' id='word_1_650' title='bbox 1685 1241 1746 1269; x_wconf 88' lang='lat' dir='ltr'><strong>est;</strong></span> <span class='ocrx_word' id='word_1_651' title='bbox 1770 1240 1818 1263; x_wconf 87' lang='lat' dir='ltr'><strong>aut</strong></span> <span class='ocrx_word' id='word_1_652' title='bbox 1832 1236 1854 1263; x_wconf 89' lang='lat' dir='ltr'><strong>si</strong></span> 
     </span>
    </p>
   </div>
   <div class='ocr_carea' id='block_1_93' title="bbox 1070 1270 1854 1306">
    <p class='ocr_par' dir='ltr' id='par_1_93' title="bbox 1070 1270 1854 1306">
     <span class='ocr_line' id='line_1_94' title="bbox 1070 1270 1854 1306; baseline 0.004 -11"><span class='ocrx_word' id='word_1_653' title='bbox 1070 1270 1218 1306; x_wconf 62' lang='lat' dir='ltr'><strong>tetigerint,</strong></span> <span class='ocrx_word' id='word_1_654' title='bbox 1239 1271 1370 1306; x_wconf 92' lang='lat' dir='ltr'><strong>jubentur</strong></span> <span class='ocrx_word' id='word_1_655' title='bbox 1385 1271 1429 1298; x_wconf 86' lang='lat' dir='ltr'><strong>die</strong></span> <span class='ocrx_word' id='word_1_656' title='bbox 1443 1270 1559 1306; x_wconf 82' lang='lat' dir='ltr'><strong>septimo</strong></span> <span class='ocrx_word' id='word_1_657' title='bbox 1576 1272 1706 1306; x_wconf 76' lang='lat' dir='ltr'><strong>purgari,</strong></span> <span class='ocrx_word' id='word_1_658' title='bbox 1720 1277 1748 1298; x_wconf 89' lang='lat' dir='ltr'><strong>et</strong></span> <span class='ocrx_word' id='word_1_659' title='bbox 1759 1276 1854 1298; x_wconf 82' lang='lat' dir='ltr'><strong>octavo</strong></span> 
     </span>
    </p>
   </div>
   <div class='ocr_carea' id='block_1_94' title="bbox 1070 1304 1853 1341">
    <p class='ocr_par' dir='ltr' id='par_1_94' title="bbox 1070 1304 1853 1341">
     <span class='ocr_line' id='line_1_95' title="bbox 1070 1304 1853 1341; baseline 0.001 -10"><span class='ocrx_word' id='word_1_660' title='bbox 1070 1304 1167 1341; x_wconf 76' lang='lat' dir='ltr'><strong>offerre</strong></span> <span class='ocrx_word' id='word_1_661' title='bbox 1191 1314 1200 1330; x_wconf 76' lang='grc' dir='ltr'><strong>ι</strong></span> <span class='ocrx_word' id='word_1_662' title='bbox 1217 1304 1483 1340; x_wconf 64' lang='grc' dir='ltr'><strong>ρὲορὶιὶειιίυιιθιηδθῖ</strong></span> <span class='ocrx_word' id='word_1_663' title='bbox 1497 1316 1506 1332; x_wconf 73' lang='grc' dir='ltr'><strong>ι</strong></span> <span class='ocrx_word' id='word_1_664' title='bbox 1534 1304 1593 1339; x_wconf 73' lang='lat' dir='ltr'><strong>Qua</strong></span> <span class='ocrx_word' id='word_1_665' title='bbox 1609 1304 1719 1341; x_wconf 79' lang='lat' dir='ltr'><strong>quidem</strong></span> <span class='ocrx_word' id='word_1_666' title='bbox 1737 1306 1797 1341; x_wconf 81' lang='lat' dir='ltr'><strong>lege</strong></span> <span class='ocrx_word' id='word_1_667' title='bbox 1819 1307 1853 1332; x_wconf 74' lang='lat' dir='ltr'><strong>si-</strong></span> 
     </span>
    </p>
   </div>
   <div class='ocr_carea' id='block_1_95' title="bbox 1070 1339 1854 1376">
    <p class='ocr_par' dir='ltr' id='par_1_95' title="bbox 1070 1339 1854 1376">
     <span class='ocr_line' id='line_1_96' title="bbox 1070 1339 1854 1376; baseline 0.003 -11"><span class='ocrx_word' id='word_1_668' title='bbox 1070 1339 1248 1376; x_wconf 30' lang='lat' dir='ltr'><strong>gnificatur’a</strong></span> <span class='ocrx_word' id='word_1_669' title='bbox 1265 1339 1411 1376; x_wconf 64' lang='lat' dir='ltr'><strong>Egnostico</strong></span> <span class='ocrx_word' id='word_1_670' title='bbox 1427 1351 1436 1366; x_wconf 77' lang='grc' dir='ltr'><strong>ι</strong></span> <span class='ocrx_word' id='word_1_671' title='bbox 1457 1342 1582 1368; x_wconf 91' lang='lat' dir='ltr'><strong>nuntium</strong></span> <span class='ocrx_word' id='word_1_672' title='bbox 1597 1339 1718 1376; x_wconf 82' lang='lat' dir='ltr'><strong>peccatis</strong></span> <span class='ocrx_word' id='word_1_673' title='bbox 1736 1339 1854 1368; x_wconf 30' lang='lat' dir='ltr'><strong>et‘muu-</strong></span> 
     </span>
    </p>
   </div>
   <div class='ocr_carea' id='block_1_96' title="bbox 1069 1375 1851 1410">
    <p class='ocr_par' dir='ltr' id='par_1_96' title="bbox 1069 1375 1851 1410">
     <span class='ocr_line' id='line_1_97' title="bbox 1069 1375 1851 1410; baseline 0.004 -11"><span class='ocrx_word' id='word_1_674' title='bbox 1069 1375 1149 1410; x_wconf 78' lang='lat' dir='ltr'><strong>danis</strong></span> <span class='ocrx_word' id='word_1_675' title='bbox 1166 1376 1247 1402; x_wconf 74' lang='lat' dir='ltr'><strong>rebus</strong></span> <span class='ocrx_word' id='word_1_676' title='bbox 1274 1375 1335 1403; x_wconf 64' lang='lat' dir='ltr'><strong>case</strong></span> <span class='ocrx_word' id='word_1_677' title='bbox 1351 1376 1530 1407; x_wconf 86' lang='lat' dir='ltr'><strong>mittendum,</strong></span> <span class='ocrx_word' id='word_1_678' title='bbox 1555 1375 1637 1410; x_wconf 82' lang='lat' dir='ltr'><strong>atque</strong></span> <span class='ocrx_word' id='word_1_679' title='bbox 1650 1376 1678 1402; x_wconf 94' lang='lat' dir='ltr'><strong>in</strong></span> <span class='ocrx_word' id='word_1_680' title='bbox 1693 1384 1738 1408; x_wconf 85' lang='lat' dir='ltr'><strong>ea,</strong></span> <span class='ocrx_word' id='word_1_681' title='bbox 1755 1383 1816 1410; x_wconf 66' lang='lat' dir='ltr'><strong>quae</strong></span> <span class='ocrx_word' id='word_1_682' title='bbox 1826 1378 1851 1402; x_wconf 87' lang='lat' dir='ltr'><strong>in</strong></span> 
     </span>
    </p>
   </div>
   <div class='ocr_carea' id='block_1_97' title="bbox 1069 1408 1854 1445">
    <p class='ocr_par' dir='ltr' id='par_1_97' title="bbox 1069 1408 1854 1445">
     <span class='ocr_line' id='line_1_98' title="bbox 1069 1408 1854 1445; baseline 0.004 -10"><span class='ocrx_word' id='word_1_683' title='bbox 1069 1408 1204 1443; x_wconf 82' lang='lat' dir='ltr'><strong>baptismo</strong></span> <span class='ocrx_word' id='word_1_684' title='bbox 1216 1415 1325 1445; x_wconf 78' lang='lat' dir='ltr'><strong>accepta</strong></span> <span class='ocrx_word' id='word_1_685' title='bbox 1340 1411 1408 1442; x_wconf 91' lang='lat' dir='ltr'><strong>fuit,</strong></span> <span class='ocrx_word' id='word_1_686' title='bbox 1430 1412 1550 1445; x_wconf 83' lang='lat' dir='ltr'><strong>perfecta</strong></span> <span class='ocrx_word' id='word_1_687' title='bbox 1574 1408 1699 1445; x_wconf 80' lang='lat' dir='ltr'><strong>corporis</strong></span> <span class='ocrx_word' id='word_1_688' title='bbox 1716 1415 1743 1438; x_wconf 80' lang='lat' dir='ltr'><strong>et</strong></span> <span class='ocrx_word' id='word_1_689' title='bbox 1759 1408 1854 1438; x_wconf 75' lang='lat' dir='ltr'><strong>anima:</strong></span> 
     </span>
    </p>
   </div>
   <div class='ocr_carea' id='block_1_98' title="bbox 1069 1445 1854 1480">
    <p class='ocr_par' dir='ltr' id='par_1_98' title="bbox 1069 1445 1854 1480">
     <span class='ocr_line' id='line_1_99' title="bbox 1069 1445 1854 1480; baseline 0.003 -10"><span class='ocrx_word' id='word_1_690' title='bbox 1069 1445 1214 1480; x_wconf 83' lang='lat' dir='ltr'><strong>sanctitate</strong></span> <span class='ocrx_word' id='word_1_691' title='bbox 1227 1446 1386 1479; x_wconf 86' lang='lat' dir='ltr'><strong>acjustitia,</strong></span> <span class='ocrx_word' id='word_1_692' title='bbox 1404 1454 1464 1480; x_wconf 76' lang='lat' dir='ltr'><strong>quc</strong></span> <span class='ocrx_word' id='word_1_693' title='bbox 1479 1447 1549 1473; x_wconf 88' lang='lat' dir='ltr'><strong>idem</strong></span> <span class='ocrx_word' id='word_1_694' title='bbox 1566 1451 1607 1473; x_wconf 85' lang='lat' dir='ltr'><strong>est</strong></span> <span class='ocrx_word' id='word_1_695' title='bbox 1626 1454 1657 1472; x_wconf 86' lang='lat' dir='ltr'><strong>ac</strong></span> <span class='ocrx_word' id='word_1_696' title='bbox 1671 1454 1724 1480; x_wconf 80' lang='lat' dir='ltr'><strong>pax</strong></span> <span class='ocrx_word' id='word_1_697' title='bbox 1737 1450 1763 1473; x_wconf 79' lang='lat' dir='ltr'><strong>et</strong></span> <span class='ocrx_word' id='word_1_698' title='bbox 1780 1450 1854 1473; x_wconf 86' lang='lat' dir='ltr'><strong>tran-</strong></span> 
     </span>
    </p>
   </div>
   <div class='ocr_carea' id='block_1_99' title="bbox 1069 1479 1737 1515">
    <p class='ocr_par' dir='ltr' id='par_1_99' title="bbox 1069 1479 1737 1515">
     <span class='ocr_line' id='line_1_100' title="bbox 1069 1479 1737 1515; baseline 0.004 -11"><span class='ocrx_word' id='word_1_699' title='bbox 1069 1479 1200 1515; x_wconf 81' lang='lat' dir='ltr'><strong>quillitas,</strong></span> <span class='ocrx_word' id='word_1_700' title='bbox 1218 1480 1250 1506; x_wconf 90' lang='lat' dir='ltr'><strong>ad</strong></span> <span class='ocrx_word' id='word_1_701' title='bbox 1262 1485 1376 1508; x_wconf 88' lang='lat' dir='ltr'><strong>mortem</strong></span> <span class='ocrx_word' id='word_1_702' title='bbox 1393 1479 1479 1515; x_wconf 86' lang='lat' dir='ltr'><strong>usque</strong></span> <span class='ocrx_word' id='word_1_703' title='bbox 1494 1479 1737 1515; x_wconf 81' lang='lat' dir='ltr'><strong>perseverandum.</strong></span> 
     </span>
    </p>
   </div>
   <div class='ocr_carea' id='block_1_100' title="bbox 1104 1514 1853 1550">
    <p class='ocr_par' dir='ltr' id='par_1_100' title="bbox 1104 1514 1853 1550">
     <span class='ocr_line' id='line_1_101' title="bbox 1104 1514 1853 1550; baseline 0.004 -10"><span class='ocrx_word' id='word_1_704' title='bbox 1104 1514 1132 1540; x_wconf 87' lang='lat' dir='ltr'><strong>In</strong></span> <span class='ocrx_word' id='word_1_705' title='bbox 1158 1515 1270 1550; x_wconf 87' lang='lat' dir='ltr'><strong>hujusce</strong></span> <span class='ocrx_word' id='word_1_706' title='bbox 1285 1523 1349 1542; x_wconf 87' lang='lat' dir='ltr'><strong>vero</strong></span> <span class='ocrx_word' id='word_1_707' title='bbox 1361 1514 1522 1543; x_wconf 79' lang='lat' dir='ltr'><strong>assertionis</strong></span> <span class='ocrx_word' id='word_1_708' title='bbox 1538 1516 1778 1543; x_wconf 83' lang='lat' dir='ltr'><strong>confirmationem</strong></span> <span class='ocrx_word' id='word_1_709' title='bbox 1794 1515 1853 1543; x_wconf 80' lang='lat' dir='ltr'><strong>Cle-</strong></span> 
     </span>
    </p>
   </div>
   <div class='ocr_carea' id='block_1_101' title="bbox 1068 1549 1852 1585">
    <p class='ocr_par' dir='ltr' id='par_1_101' title="bbox 1068 1549 1852 1585">
     <span class='ocr_line' id='line_1_102' title="bbox 1068 1549 1852 1585; baseline 0.004 -10"><span class='ocrx_word' id='word_1_710' title='bbox 1068 1557 1145 1576; x_wconf 87' lang='lat' dir='ltr'><strong>mens</strong></span> <span class='ocrx_word' id='word_1_711' title='bbox 1161 1550 1264 1585; x_wconf 82' lang='lat' dir='ltr'><strong>profert</strong></span> <span class='ocrx_word' id='word_1_712' title='bbox 1277 1551 1334 1578; x_wconf 62' lang='lat' dir='ltr'><strong>haec</strong></span> <span class='ocrx_word' id='word_1_713' title='bbox 1349 1549 1408 1578; x_wconf 83' lang='lat' dir='ltr'><strong>Jobi</strong></span> <span class='ocrx_word' id='word_1_714' title='bbox 1422 1552 1503 1578; x_wconf 78' lang='lat' dir='ltr'><strong>verba</strong></span> <span class='ocrx_word' id='word_1_715' title='bbox 1518 1559 1524 1576; x_wconf 91' lang='lat'>:</span> <span class='ocrx_word' id='word_1_716' title='bbox 1546 1560 1554 1576; x_wconf 78' lang='grc' dir='ltr'><strong>ι</strong></span> <span class='ocrx_word' id='word_1_717' title='bbox 1569 1550 1664 1578; x_wconf 84' lang='lat' dir='ltr'><strong>Nudus</strong></span> <span class='ocrx_word' id='word_1_718' title='bbox 1680 1558 1810 1585; x_wconf 83' lang='lat' dir='ltr'><strong>egressus</strong></span> <span class='ocrx_word' id='word_1_719' title='bbox 1821 1559 1852 1578; x_wconf 80' lang='lat' dir='ltr'><strong>ex</strong></span> 
     </span>
    </p>
   </div>
   <div class='ocr_carea' id='block_1_102' title="bbox 1068 1586 1853 1616">
    <p class='ocr_par' dir='ltr' id='par_1_102' title="bbox 1068 1586 1853 1616">
     <span class='ocr_line' id='line_1_103' title="bbox 1068 1586 1853 1616; baseline 0.004 -6"><span class='ocrx_word' id='word_1_720' title='bbox 1068 1589 1156 1614; x_wconf 86' lang='lat' dir='ltr'><strong>utero,</strong></span> <span class='ocrx_word' id='word_1_721' title='bbox 1171 1594 1180 1610; x_wconf 70' lang='grc' dir='ltr'><strong>ι</strong></span> <span class='ocrx_word' id='word_1_722' title='bbox 1198 1590 1251 1612; x_wconf 86' lang='lat' dir='ltr'><strong>etc.</strong></span> <span class='ocrx_word' id='word_1_723' title='bbox 1262 1605 1270 1616; x_wconf 90' lang='lat'><strong>,</strong></span> <span class='ocrx_word' id='word_1_724' title='bbox 1295 1593 1326 1612; x_wconf 89' lang='lat' dir='ltr'><strong>ac</strong></span> <span class='ocrx_word' id='word_1_725' title='bbox 1343 1586 1461 1613; x_wconf 87' lang='lat' dir='ltr'><strong>nominis</strong></span> <span class='ocrx_word' id='word_1_726' title='bbox 1481 1587 1610 1614; x_wconf 69' lang='lat' dir='ltr'><strong>Rebecca:</strong></span> <span class='ocrx_word' id='word_1_727' title='bbox 1625 1589 1652 1613; x_wconf 85' lang='lat' dir='ltr'><strong>et</strong></span> <span class='ocrx_word' id='word_1_728' title='bbox 1678 1586 1853 1613; x_wconf 79' lang='lat' dir='ltr'><strong>Melchisede-</strong></span> 
     </span>
    </p>
   </div>
   <div class='ocr_carea' id='block_1_103' title="bbox 1066 1619 1852 1656">
    <p class='ocr_par' dir='ltr' id='par_1_103' title="bbox 1066 1619 1852 1656">
     <span class='ocr_line' id='line_1_104' title="bbox 1066 1619 1852 1656; baseline 0.004 -11"><span class='ocrx_word' id='word_1_729' title='bbox 1066 1619 1106 1656; x_wconf 89' lang='lat' dir='ltr'><strong>cis</strong></span> <span class='ocrx_word' id='word_1_730' title='bbox 1130 1621 1336 1656; x_wconf 74' lang='lat' dir='ltr'><strong>etymologiam.</strong></span> <span class='ocrx_word' id='word_1_731' title='bbox 1362 1621 1559 1656; x_wconf 88' lang='lat' dir='ltr'><strong>ipsiusquemet</strong></span> <span class='ocrx_word' id='word_1_732' title='bbox 1581 1621 1711 1648; x_wconf 87' lang='lat' dir='ltr'><strong>Basilidis</strong></span> <span class='ocrx_word' id='word_1_733' title='bbox 1731 1623 1852 1648; x_wconf 83' lang='lat' dir='ltr'><strong>testimo-</strong></span> 
     </span>
    </p>
   </div>
   <div class='ocr_carea' id='block_1_104' title="bbox 1066 1654 1851 1692">
    <p class='ocr_par' dir='ltr' id='par_1_104' title="bbox 1066 1654 1851 1692">
     <span class='ocr_line' id='line_1_105' title="bbox 1066 1654 1851 1692; baseline 0.005 -13"><span class='ocrx_word' id='word_1_734' title='bbox 1066 1654 1140 1692; x_wconf 88' lang='lat' dir='ltr'><strong>nium</strong></span> <span class='ocrx_word' id='word_1_735' title='bbox 1152 1654 1183 1692; x_wconf 17' lang='lat' dir='ltr'><strong>“r.</strong></span> <span class='ocrx_word' id='word_1_736' title='bbox 1203 1655 1330 1692; x_wconf 77' lang='lat' dir='ltr'><strong>Denique</strong></span> <span class='ocrx_word' id='word_1_737' title='bbox 1342 1654 1485 1691; x_wconf 78' lang='lat' dir='ltr'><strong>postquam</strong></span> <span class='ocrx_word' id='word_1_738' title='bbox 1503 1657 1631 1692; x_wconf 79' lang='lat' dir='ltr'><strong>mysteria</strong></span> <span class='ocrx_word' id='word_1_739' title='bbox 1655 1663 1754 1683; x_wconf 86' lang='lat' dir='ltr'><strong>nostra</strong></span> <span class='ocrx_word' id='word_1_740' title='bbox 1775 1664 1851 1692; x_wconf 77' lang='lat' dir='ltr'><strong>paga-</strong></span> 
     </span>
    </p>
   </div>
   <div class='ocr_carea' id='block_1_105' title="bbox 1066 1689 1852 1724">
    <p class='ocr_par' dir='ltr' id='par_1_105' title="bbox 1066 1689 1852 1724">
     <span class='ocr_line' id='line_1_106' title="bbox 1066 1689 1852 1724; baseline 0.005 -9"><span class='ocrx_word' id='word_1_741' title='bbox 1066 1689 1118 1721; x_wconf 87' lang='lat' dir='ltr'><strong>nis,</strong></span> <span class='ocrx_word' id='word_1_742' title='bbox 1133 1691 1178 1724; x_wconf 89' lang='lat' dir='ltr'><strong>qui</strong></span> <span class='ocrx_word' id='word_1_743' title='bbox 1192 1695 1218 1717; x_wconf 89' lang='lat' dir='ltr'><strong>et</strong></span> <span class='ocrx_word' id='word_1_744' title='bbox 1233 1698 1281 1717; x_wconf 80' lang='lat' dir='ltr'><strong>sua</strong></span> <span class='ocrx_word' id='word_1_745' title='bbox 1297 1689 1377 1717; x_wconf 79' lang='lat' dir='ltr'><strong>etiam</strong></span> <span class='ocrx_word' id='word_1_746' title='bbox 1389 1689 1457 1718; x_wconf 83' lang='lat' dir='ltr'><strong>alios</strong></span> <span class='ocrx_word' id='word_1_747' title='bbox 1472 1689 1606 1723; x_wconf 83' lang='lat' dir='ltr'><strong>cclahant,</strong></span> <span class='ocrx_word' id='word_1_748' title='bbox 1617 1689 1783 1718; x_wconf 76' lang='lat' dir='ltr'><strong>occultanda</strong></span> <span class='ocrx_word' id='word_1_749' title='bbox 1794 1689 1852 1719; x_wconf 59' lang='lat' dir='ltr'><strong>esse</strong></span> 
     </span>
    </p>
   </div>
   <div class='ocr_carea' id='block_1_106' title="bbox 1065 1725 1802 1787">
    <p class='ocr_par' dir='ltr' id='par_1_106' title="bbox 1065 1725 1802 1787">
     <span class='ocr_line' id='line_1_107' title="bbox 1065 1725 1802 1761; baseline 0.005 -11"><span class='ocrx_word' id='word_1_750' title='bbox 1065 1731 1115 1750; x_wconf 86' lang='lat' dir='ltr'><strong>nos</strong></span> <span class='ocrx_word' id='word_1_751' title='bbox 1127 1725 1277 1756; x_wconf 86' lang='lat' dir='ltr'><strong>admonuit,</strong></span> <span class='ocrx_word' id='word_1_752' title='bbox 1293 1726 1299 1751; x_wconf 94' lang='lat' dir='ltr'><strong>i</strong></span> <span class='ocrx_word' id='word_1_753' title='bbox 1321 1733 1350 1752; x_wconf 86' lang='lat' dir='ltr'><strong>se</strong></span> <span class='ocrx_word' id='word_1_754' title='bbox 1364 1725 1397 1752; x_wconf 87' lang='lat' dir='ltr'><strong>ad</strong></span> <span class='ocrx_word' id='word_1_755' title='bbox 1412 1727 1525 1753; x_wconf 90' lang='lat' dir='ltr'><strong>moralia</strong></span> <span class='ocrx_word' id='word_1_756' title='bbox 1542 1727 1640 1754; x_wconf 88' lang='lat' dir='ltr'><strong>transit</strong></span> <span class='ocrx_word' id='word_1_757' title='bbox 1653 1732 1802 1761; x_wconf 65' lang='lat' dir='ltr'><strong>praecepta.</strong></span> 
     </span>
     <span class='ocr_line' id='line_1_108' title="bbox 1102 1733 1802 1787; baseline 0.003 -2"><span class='ocrx_word' id='word_1_758' title='bbox 1102 1759 1184 1787; x_wconf 89' lang='lat' dir='ltr'><strong>Docet</strong></span> <span class='ocrx_word' id='word_1_759' title='bbox 1199 1761 1291 1787; x_wconf 81' lang='lat' dir='ltr'><strong>itaque</strong></span> <span class='ocrx_word' id='word_1_760' title='bbox 1304 1733 1476 1787; x_wconf 53' lang='lat' dir='ltr'><strong>Ig‘uervatorem</strong></span> <span class='ocrx_word' id='word_1_761' title='bbox 1495 1768 1617 1787; x_wconf 89' lang='lat' dir='ltr'><strong>nostrum</strong></span> <span class='ocrx_word' id='word_1_762' title='bbox 1630 1781 1638 1787; x_wconf 86' lang='lat'><strong>.</strong></span> <span class='ocrx_word' id='word_1_763' title='bbox 1653 1762 1702 1787; x_wconf 86' lang='lat' dir='ltr'><strong>aui</strong></span> <span class='ocrx_word' id='word_1_764' title='bbox 1717 1766 1802 1787; x_wconf 81' lang='lat' dir='ltr'><strong>mvste</strong></span> 
     </span>
    </p>
   </div>
   <div class='ocr_carea' id='block_1_107' title="bbox 1102 1759 1853 1797">
    <p class='ocr_par' dir='ltr' id='par_1_107' title="bbox 1102 1759 1853 1797">
     <span class='ocr_line' id='line_1_109' title="bbox 1102 1759 1853 1797; baseline 0.005 -12"><span class='ocrx_word' id='word_1_765' title='bbox 1102 1759 1184 1797; x_wconf 75' lang='lat' dir='ltr'><strong>Docet</strong></span> <span class='ocrx_word' id='word_1_766' title='bbox 1194 1761 1291 1797; x_wconf 82' lang='lat' dir='ltr'><strong>itaque</strong></span> <span class='ocrx_word' id='word_1_767' title='bbox 1305 1759 1476 1797; x_wconf 64' lang='lat' dir='ltr'><strong>Servatorem</strong></span> <span class='ocrx_word' id='word_1_768' title='bbox 1495 1768 1617 1789; x_wconf 90' lang='lat' dir='ltr'><strong>nostrum</strong></span> <span class='ocrx_word' id='word_1_769' title='bbox 1630 1781 1638 1793; x_wconf 88' lang='lat'><strong>,</strong></span> <span class='ocrx_word' id='word_1_770' title='bbox 1653 1759 1702 1796; x_wconf 63' lang='lat' dir='ltr'><strong>oui</strong></span> <span class='ocrx_word' id='word_1_771' title='bbox 1717 1759 1853 1797; x_wconf 49' lang='lat' dir='ltr'><strong>mysteriis</strong></span> 
     </span>
    </p>
   </div>
   <div class='ocr_carea' id='block_1_108' title="bbox 1065 1795 1850 1832">
    <p class='ocr_par' dir='ltr' id='par_1_108' title="bbox 1065 1795 1850 1832">
     <span class='ocr_line' id='line_1_110' title="bbox 1065 1795 1850 1832; baseline 0.003 -11"><span class='ocrx_word' id='word_1_772' title='bbox 1065 1801 1116 1822; x_wconf 90' lang='lat' dir='ltr'><strong>nos</strong></span> <span class='ocrx_word' id='word_1_773' title='bbox 1138 1795 1247 1832; x_wconf 82' lang='lat' dir='ltr'><strong>initiat,</strong></span> <span class='ocrx_word' id='word_1_774' title='bbox 1280 1796 1368 1832; x_wconf 76' lang='lat' dir='ltr'><strong>soium</strong></span> <span class='ocrx_word' id='word_1_775' title='bbox 1392 1803 1454 1823; x_wconf 87' lang='lat' dir='ltr'><strong>esse</strong></span> <span class='ocrx_word' id='word_1_776' title='bbox 1479 1795 1674 1832; x_wconf 77' lang='lat' dir='ltr'><strong>pneceptorern</strong></span> <span class='ocrx_word' id='word_1_777' title='bbox 1705 1795 1850 1828; x_wconf 79' lang='lat' dir='ltr'><strong>nostrum,</strong></span> 
     </span>
    </p>
   </div>
   <div class='ocr_carea' id='block_1_109' title="bbox 1064 1830 1851 1867">
    <p class='ocr_par' dir='ltr' id='par_1_109' title="bbox 1064 1830 1851 1867">
     <span class='ocr_line' id='line_1_111' title="bbox 1064 1830 1851 1867; baseline 0.003 -11"><span class='ocrx_word' id='word_1_778' title='bbox 1064 1831 1292 1867; x_wconf 78' lang='lat' dir='ltr'><strong>quemadmodum</strong></span> <span class='ocrx_word' id='word_1_779' title='bbox 1307 1830 1387 1867; x_wconf 78' lang='lat' dir='ltr'><strong>Deus,</strong></span> <span class='ocrx_word' id='word_1_780' title='bbox 1395 1830 1522 1866; x_wconf 84' lang='lat' dir='ltr'><strong>principii</strong></span> <span class='ocrx_word' id='word_1_781' title='bbox 1537 1830 1646 1867; x_wconf 77' lang='lat' dir='ltr'><strong>expers,</strong></span> <span class='ocrx_word' id='word_1_782' title='bbox 1660 1831 1851 1859; x_wconf 83' lang='lat' dir='ltr'><strong>universorum</strong></span> 
     </span>
    </p>
   </div>
   <div class='ocr_carea' id='block_1_110' title="bbox 1064 1865 1851 1902">
    <p class='ocr_par' dir='ltr' id='par_1_110' title="bbox 1064 1865 1851 1902">
     <span class='ocr_line' id='line_1_112' title="bbox 1064 1865 1851 1902; baseline 0.005 -12"><span class='ocrx_word' id='word_1_783' title='bbox 1064 1870 1107 1902; x_wconf 77' lang='lat' dir='ltr'><strong>est</strong></span> <span class='ocrx_word' id='word_1_784' title='bbox 1120 1865 1295 1902; x_wconf 84' lang='lat' dir='ltr'><strong>principium.</strong></span> <span class='ocrx_word' id='word_1_785' title='bbox 1308 1865 1455 1902; x_wconf 78' lang='lat' dir='ltr'><strong>Haereticos</strong></span> <span class='ocrx_word' id='word_1_786' title='bbox 1473 1865 1555 1901; x_wconf 63' lang='lat' dir='ltr'><strong>igitur</strong></span> <span class='ocrx_word' id='word_1_787' title='bbox 1565 1865 1611 1902; x_wconf 80' lang='lat' dir='ltr'><strong>qui</strong></span> <span class='ocrx_word' id='word_1_788' title='bbox 1625 1875 1731 1902; x_wconf 89' lang='lat' dir='ltr'><strong>corpus</strong></span> <span class='ocrx_word' id='word_1_789' title='bbox 1748 1868 1851 1902; x_wconf 75' lang='lat' dir='ltr'><strong>vitupe-</strong></span> 
     </span>
    </p>
   </div>
   <div class='ocr_carea' id='block_1_111' title="bbox 1065 1899 1853 1935">
    <p class='ocr_par' dir='ltr' id='par_1_111' title="bbox 1065 1899 1853 1935">
     <span class='ocr_line' id='line_1_113' title="bbox 1065 1899 1853 1935; baseline 0.004 -10"><span class='ocrx_word' id='word_1_790' title='bbox 1065 1899 1162 1926; x_wconf 87' lang='lat' dir='ltr'><strong>rabant</strong></span> <span class='ocrx_word' id='word_1_791' title='bbox 1179 1900 1242 1928; x_wconf 92' lang='lat' dir='ltr'><strong>hinc</strong></span> <span class='ocrx_word' id='word_1_792' title='bbox 1258 1901 1362 1935; x_wconf 77' lang='lat' dir='ltr'><strong>arguit,</strong></span> <span class='ocrx_word' id='word_1_793' title='bbox 1379 1903 1443 1935; x_wconf 92' lang='lat' dir='ltr'><strong>quia</strong></span> <span class='ocrx_word' id='word_1_794' title='bbox 1459 1899 1512 1928; x_wconf 76' lang='lat' dir='ltr'><strong>non</strong></span> <span class='ocrx_word' id='word_1_795' title='bbox 1526 1899 1613 1929; x_wconf 78' lang='lat' dir='ltr'><strong>solum</strong></span> <span class='ocrx_word' id='word_1_796' title='bbox 1630 1899 1706 1929; x_wconf 75' lang='lat' dir='ltr'><strong>recta</strong></span> <span class='ocrx_word' id='word_1_797' title='bbox 1721 1907 1766 1929; x_wconf 90' lang='lat' dir='ltr'><strong>est</strong></span> <span class='ocrx_word' id='word_1_798' title='bbox 1782 1899 1853 1929; x_wconf 86' lang='lat' dir='ltr'><strong>illius</strong></span> 
     </span>
    </p>
   </div>
   <div class='ocr_carea' id='block_1_112' title="bbox 1065 1936 1853 1972">
    <p class='ocr_par' dir='ltr' id='par_1_112' title="bbox 1065 1936 1853 1972">
     <span class='ocr_line' id='line_1_114' title="bbox 1065 1936 1853 1972; baseline 0.005 -12"><span class='ocrx_word' id='word_1_799' title='bbox 1065 1936 1224 1972; x_wconf 78' lang='lat' dir='ltr'><strong>constitutio</strong></span> <span class='ocrx_word' id='word_1_800' title='bbox 1240 1940 1267 1963; x_wconf 88' lang='lat' dir='ltr'><strong>et</strong></span> <span class='ocrx_word' id='word_1_801' title='bbox 1279 1936 1450 1972; x_wconf 78' lang='lat' dir='ltr'><strong>compositio.</strong></span> <span class='ocrx_word' id='word_1_802' title='bbox 1470 1936 1518 1964; x_wconf 86' lang='lat' dir='ltr'><strong>sed</strong></span> <span class='ocrx_word' id='word_1_803' title='bbox 1538 1937 1658 1964; x_wconf 87' lang='lat' dir='ltr'><strong>animam</strong></span> <span class='ocrx_word' id='word_1_804' title='bbox 1679 1944 1793 1972; x_wconf 85' lang='lat' dir='ltr'><strong>quoque</strong></span> <span class='ocrx_word' id='word_1_805' title='bbox 1810 1945 1853 1964; x_wconf 87' lang='lat' dir='ltr'><strong>su-</strong></span> 
     </span>
    </p>
   </div>
   <div class='ocr_carea' id='block_1_113' title="bbox 1064 1969 1853 2007">
    <p class='ocr_par' dir='ltr' id='par_1_113' title="bbox 1064 1969 1853 2007">
     <span class='ocr_line' id='line_1_115' title="bbox 1064 1969 1853 2007; baseline 0.004 -12"><span class='ocrx_word' id='word_1_806' title='bbox 1064 1969 1170 2007; x_wconf 84' lang='lat' dir='ltr'><strong>s_cipit._</strong></span> <span class='ocrx_word' id='word_1_807' title='bbox 1187 1970 1240 1997; x_wconf 88' lang='lat' dir='ltr'><strong>Deo</strong></span> <span class='ocrx_word' id='word_1_808' title='bbox 1264 1969 1499 2005; x_wconf 77' lang='lat' dir='ltr'><strong>pretiosissimam,</strong></span> <span class='ocrx_word' id='word_1_809' title='bbox 1524 1969 1731 2007; x_wconf 78' lang='lat' dir='ltr'><strong>virtutumque,</strong></span> <span class='ocrx_word' id='word_1_810' title='bbox 1746 1969 1853 2006; x_wconf 64' lang='lat' dir='ltr'><strong>&#39;quibus</strong></span> 
     </span>
    </p>
   </div>
   <div class='ocr_carea' id='block_1_114' title="bbox 1063 2004 1853 2042">
    <p class='ocr_par' dir='ltr' id='par_1_114' title="bbox 1063 2004 1853 2042">
     <span class='ocr_line' id='line_1_116' title="bbox 1063 2004 1853 2042; baseline 0.005 -12"><span class='ocrx_word' id='word_1_811' title='bbox 1063 2004 1137 2042; x_wconf 78' lang='lat' dir='ltr'><strong>circa</strong></span> <span class='ocrx_word' id='word_1_812' title='bbox 1151 2004 1237 2042; x_wconf 86' lang='lat' dir='ltr'><strong>Deum</strong></span> <span class='ocrx_word' id='word_1_813' title='bbox 1259 2010 1393 2037; x_wconf 86' lang='lat' dir='ltr'><strong>versetur,</strong></span> <span class='ocrx_word' id='word_1_814' title='bbox 1414 2013 1507 2042; x_wconf 77' lang='lat' dir='ltr'><strong>revera</strong></span> <span class='ocrx_word' id='word_1_815' title='bbox 1521 2004 1853 2042; x_wconf 42' lang='lat' dir='ltr'><strong>capacemIQuapropter</strong></span> 
     </span>
    </p>
   </div>
   <div class='ocr_carea' id='block_1_115' title="bbox 1064 2039 1852 2074">
    <p class='ocr_par' dir='ltr' id='par_1_115' title="bbox 1064 2039 1852 2074">
     <span class='ocr_line' id='line_1_117' title="bbox 1064 2039 1852 2074; baseline 0.005 -9"><span class='ocrx_word' id='word_1_816' title='bbox 1064 2039 1086 2066; x_wconf 90' lang='lat' dir='ltr'><strong>si</strong></span> <span class='ocrx_word' id='word_1_817' title='bbox 1106 2039 1190 2067; x_wconf 85' lang='lat' dir='ltr'><strong>Isaias</strong></span> <span class='ocrx_word' id='word_1_818' title='bbox 1205 2048 1314 2067; x_wconf 88' lang='lat' dir='ltr'><strong>carnem</strong></span> <span class='ocrx_word' id='word_1_819' title='bbox 1337 2044 1418 2067; x_wconf 89' lang='lat' dir='ltr'><strong>vocat</strong></span> <span class='ocrx_word' id='word_1_820' title='bbox 1442 2041 1534 2068; x_wconf 91' lang='lat' dir='ltr'><strong>fenum</strong></span> <span class='ocrx_word' id='word_1_821' title='bbox 1554 2039 1581 2068; x_wconf 76' lang='lat' dir='ltr'><strong>et</strong></span> <span class='ocrx_word' id='word_1_822' title='bbox 1602 2042 1658 2069; x_wconf 84' lang='lat' dir='ltr'><strong>feni</strong></span> <span class='ocrx_word' id='word_1_823' title='bbox 1676 2039 1852 2074; x_wconf 50' lang='lat' dir='ltr'><strong>ﬂore‘mfhis</strong></span> 
     </span>
    </p>
   </div>
   <div class='ocr_carea' id='block_1_116' title="bbox 1063 2074 1854 2110">
    <p class='ocr_par' dir='ltr' id='par_1_116' title="bbox 1063 2074 1854 2110">
     <span class='ocr_line' id='line_1_118' title="bbox 1063 2074 1854 2110; baseline 0.005 -10"><span class='ocrx_word' id='word_1_824' title='bbox 1063 2074 1108 2110; x_wconf 85' lang='lat' dir='ltr'><strong>ille</strong></span> <span class='ocrx_word' id='word_1_825' title='bbox 1123 2076 1213 2103; x_wconf 88' lang='lat' dir='ltr'><strong>verbis</strong></span> <span class='ocrx_word' id='word_1_826' title='bbox 1226 2083 1273 2102; x_wconf 86' lang='lat' dir='ltr'><strong>eos</strong></span> <span class='ocrx_word' id='word_1_827' title='bbox 1296 2079 1372 2102; x_wconf 86' lang='lat' dir='ltr'><strong>notat</strong></span> <span class='ocrx_word' id='word_1_828' title='bbox 1387 2076 1432 2110; x_wconf 93' lang='lat' dir='ltr'><strong>qui</strong></span> <span class='ocrx_word' id='word_1_829' title='bbox 1450 2076 1599 2104; x_wconf 85' lang='lat' dir='ltr'><strong>secundum</strong></span> <span class='ocrx_word' id='word_1_830' title='bbox 1622 2084 1754 2108; x_wconf 87' lang='lat' dir='ltr'><strong>carnem,</strong></span> <span class='ocrx_word' id='word_1_831' title='bbox 1770 2082 1800 2104; x_wconf 92' lang='lat' dir='ltr'><strong>ut</strong></span> <span class='ocrx_word' id='word_1_832' title='bbox 1817 2078 1854 2104; x_wconf 84' lang='lat' dir='ltr'><strong>ait</strong></span> 
     </span>
    </p>
   </div>
   <div class='ocr_carea' id='block_1_117' title="bbox 1062 2109 1851 2144">
    <p class='ocr_par' dir='ltr' id='par_1_117' title="bbox 1062 2109 1851 2144">
     <span class='ocr_line' id='line_1_119' title="bbox 1062 2109 1851 2144; baseline 0.004 -9"><span class='ocrx_word' id='word_1_833' title='bbox 1062 2109 1229 2144; x_wconf 80' lang='lat' dir='ltr'><strong>Apostolus,</strong></span> <span class='ocrx_word' id='word_1_834' title='bbox 1256 2111 1284 2136; x_wconf 92' lang='lat' dir='ltr'><strong>in</strong></span> <span class='ocrx_word' id='word_1_835' title='bbox 1308 2109 1427 2144; x_wconf 79' lang='lat' dir='ltr'><strong>peccatis</strong></span> <span class='ocrx_word' id='word_1_836' title='bbox 1452 2111 1602 2138; x_wconf 86' lang='lat' dir='ltr'><strong>ambulant.</strong></span> <span class='ocrx_word' id='word_1_837' title='bbox 1625 2111 1742 2139; x_wconf 85' lang='lat' dir='ltr'><strong>Fatetur</strong></span> <span class='ocrx_word' id='word_1_838' title='bbox 1765 2116 1851 2140; x_wconf 86' lang='lat' dir='ltr'><strong>tamen</strong></span> 
     </span>
    </p>
   </div>
   <div class='ocr_carea' id='block_1_118' title="bbox 1063 2145 1853 2182">
    <p class='ocr_par' dir='ltr' id='par_1_118' title="bbox 1063 2145 1853 2182">
     <span class='ocr_line' id='line_1_120' title="bbox 1063 2145 1853 2182; baseline 0.005 -12"><span class='ocrx_word' id='word_1_839' title='bbox 1063 2145 1180 2182; x_wconf 80' lang='lat' dir='ltr'><strong>animam</strong></span> <span class='ocrx_word' id='word_1_840' title='bbox 1193 2153 1254 2182; x_wconf 87' lang='lat' dir='ltr'><strong>esse</strong></span> <span class='ocrx_word' id='word_1_841' title='bbox 1267 2147 1397 2182; x_wconf 80' lang='lat' dir='ltr'><strong>potiorem</strong></span> <span class='ocrx_word' id='word_1_842' title='bbox 1415 2145 1533 2173; x_wconf 91' lang='lat' dir='ltr'><strong>hominis</strong></span> <span class='ocrx_word' id='word_1_843' title='bbox 1546 2150 1657 2181; x_wconf 87' lang='lat' dir='ltr'><strong>partetn,</strong></span> <span class='ocrx_word' id='word_1_844' title='bbox 1674 2147 1721 2174; x_wconf 90' lang='lat' dir='ltr'><strong>cui</strong></span> <span class='ocrx_word' id='word_1_845' title='bbox 1742 2148 1853 2182; x_wconf 86' lang='lat' dir='ltr'><strong>proinde</strong></span> 
     </span>
    </p>
   </div>
   <div class='ocr_carea' id='block_1_119' title="bbox 1066 2180 1850 2217">
    <p class='ocr_par' dir='ltr' id='par_1_119' title="bbox 1066 2180 1850 2217">
     <span class='ocr_line' id='line_1_121' title="bbox 1066 2180 1850 2217; baseline 0.005 -12"><span class='ocrx_word' id='word_1_846' title='bbox 1066 2180 1141 2217; x_wconf 72' lang='lat' dir='ltr'><strong>bona:</strong></span> <span class='ocrx_word' id='word_1_847' title='bbox 1157 2181 1278 2217; x_wconf 79' lang='lat' dir='ltr'><strong>actiones</strong></span> <span class='ocrx_word' id='word_1_848' title='bbox 1294 2181 1478 2208; x_wconf 83' lang='lat' dir='ltr'><strong>ascribuntur.</strong></span> <span class='ocrx_word' id='word_1_849' title='bbox 1495 2181 1529 2208; x_wconf 88' lang='lat' dir='ltr'><strong>At</strong></span> <span class='ocrx_word' id='word_1_850' title='bbox 1546 2180 1677 2216; x_wconf 82' lang='lat' dir='ltr'><strong>quoniam</strong></span> <span class='ocrx_word' id='word_1_851' title='bbox 1697 2180 1757 2214; x_wconf 61' lang='lat' dir='ltr'><strong>illa,</strong></span> <span class='ocrx_word' id='word_1_852' title='bbox 1772 2190 1850 2217; x_wconf 85' lang='lat' dir='ltr'><strong>quam</strong></span> 
     </span>
    </p>
   </div>
   <div class='ocr_carea' id='block_1_120' title="bbox 227 2214 1852 2251">
    <p class='ocr_par' dir='ltr' id='par_1_120' title="bbox 227 2214 1852 2251">
     <span class='ocr_line' id='line_1_122' title="bbox 227 2214 1852 2251; baseline 0.002 -10"><span class='ocrx_word' id='word_1_853' title='bbox 227 2220 310 2251; x_wconf 79' lang='lat' dir='ltr'><strong>ctum,</strong></span> <span class='ocrx_word' id='word_1_854' title='bbox 332 2224 341 2239; x_wconf 78' lang='grc' dir='ltr'><strong>ι</strong></span> <span class='ocrx_word' id='word_1_855' title='bbox 357 2219 481 2251; x_wconf 72' lang='lat' dir='ltr'><strong>naturam</strong></span> <span class='ocrx_word' id='word_1_856' title='bbox 502 2220 528 2242; x_wconf 89' lang='lat' dir='ltr'><strong>et</strong></span> <span class='ocrx_word' id='word_1_857' title='bbox 541 2214 690 2251; x_wconf 83' lang='lat' dir='ltr'><strong>doctrinam</strong></span> <span class='ocrx_word' id='word_1_858' title='bbox 721 2222 776 2251; x_wconf 81' lang='lat' dir='ltr'><strong>rcni</strong></span> <span class='ocrx_word' id='word_1_859' title='bbox 807 2222 868 2242; x_wconf 90' lang='lat' dir='ltr'><strong>esse</strong></span> <span class='ocrx_word' id='word_1_860' title='bbox 888 2215 1013 2249; x_wconf 90' lang='lat' dir='ltr'><strong>persimi-</strong></span> <span class='ocrx_word' id='word_1_861' title='bbox 1031 2219 1052 2245; x_wconf 78' lang='grc' dir='ltr'>ι)</span> <span class='ocrx_word' id='word_1_862' title='bbox 1065 2215 1172 2249; x_wconf 85' lang='lat' dir='ltr'><strong>quidem</strong></span> <span class='ocrx_word' id='word_1_863' title='bbox 1194 2215 1327 2244; x_wconf 80' lang='lat' dir='ltr'><strong>Basilides</strong></span> <span class='ocrx_word' id='word_1_864' title='bbox 1343 2220 1441 2242; x_wconf 87' lang='lat' dir='ltr'><strong>natura</strong></span> <span class='ocrx_word' id='word_1_865' title='bbox 1457 2223 1506 2242; x_wconf 89' lang='lat' dir='ltr'><strong>sua</strong></span> <span class='ocrx_word' id='word_1_866' title='bbox 1522 2214 1630 2251; x_wconf 81' lang='lat' dir='ltr'><strong>semper</strong></span> <span class='ocrx_word' id='word_1_867' title='bbox 1645 2214 1852 2245; x_wconf 56' lang='lat' dir='ltr'><strong>mundam-esse</strong></span> 
     </span>
    </p>
   </div>
   <div class='ocr_carea' id='block_1_121' title="bbox 227 2249 1013 2284">
    <p class='ocr_par' dir='ltr' id='par_1_121' title="bbox 227 2249 1013 2284">
     <span class='ocr_line' id='line_1_123' title="bbox 227 2249 1013 2284; baseline 0 -8"><span class='ocrx_word' id='word_1_868' title='bbox 227 2249 291 2277; x_wconf 86' lang='lat' dir='ltr'><strong>lem.</strong></span> <span class='ocrx_word' id='word_1_869' title='bbox 321 2259 330 2274; x_wconf 72' lang='grc' dir='ltr'><strong>ι</strong></span> <span class='ocrx_word' id='word_1_870' title='bbox 358 2249 505 2284; x_wconf 87' lang='lat' dir='ltr'><strong>Utriusque</strong></span> <span class='ocrx_word' id='word_1_871' title='bbox 523 2254 613 2276; x_wconf 86' lang='lat' dir='ltr'><strong>autem</strong></span> <span class='ocrx_word' id='word_1_872' title='bbox 641 2249 710 2276; x_wconf 85' lang='lat' dir='ltr'><strong>Dcns</strong></span> <span class='ocrx_word' id='word_1_873' title='bbox 738 2249 824 2283; x_wconf 89' lang='lat' dir='ltr'><strong>prima</strong></span> <span class='ocrx_word' id='word_1_874' title='bbox 837 2254 863 2276; x_wconf 90' lang='lat' dir='ltr'><strong>ct</strong></span> <span class='ocrx_word' id='word_1_875' title='bbox 893 2251 1013 2277; x_wconf 87' lang='lat' dir='ltr'><strong>secunda</strong></span> 
     </span>
    </p>
   </div>
   <div class='ocr_carea' id='block_1_122' title="bbox 227 2284 1013 2319">
    <p class='ocr_par' dir='ltr' id='par_1_122' title="bbox 227 2284 1013 2319">
     <span class='ocr_line' id='line_1_124' title="bbox 227 2284 1013 2319; baseline 0.003 -9"><span class='ocrx_word' id='word_1_876' title='bbox 227 2285 364 2311; x_wconf 88' lang='lat' dir='ltr'><strong>creatione</strong></span> <span class='ocrx_word' id='word_1_877' title='bbox 388 2289 483 2312; x_wconf 82' lang='lat' dir='ltr'><strong>auctor</strong></span> <span class='ocrx_word' id='word_1_878' title='bbox 508 2289 559 2312; x_wconf 87' lang='lat' dir='ltr'><strong>est.</strong></span> <span class='ocrx_word' id='word_1_879' title='bbox 583 2284 667 2311; x_wconf 91' lang='lat' dir='ltr'><strong>Porro</strong></span> <span class='ocrx_word' id='word_1_880' title='bbox 696 2289 787 2310; x_wconf 88' lang='lat' dir='ltr'><strong>autem</strong></span> <span class='ocrx_word' id='word_1_881' title='bbox 816 2292 877 2311; x_wconf 89' lang='lat' dir='ltr'><strong>cum</strong></span> <span class='ocrx_word' id='word_1_882' title='bbox 897 2292 928 2312; x_wconf 89' lang='lat' dir='ltr'><strong>ea</strong></span> <span class='ocrx_word' id='word_1_883' title='bbox 953 2293 1013 2319; x_wconf 73' lang='lat' dir='ltr'><strong>qua:</strong></span> 
     </span>
    </p>
   </div>
   <div class='ocr_carea' id='block_1_123' title="bbox 227 2319 1011 2354">
    <p class='ocr_par' dir='ltr' id='par_1_123' title="bbox 227 2319 1011 2354">
     <span class='ocr_line' id='line_1_125' title="bbox 227 2319 1011 2354; baseline 0.001 -8"><span class='ocrx_word' id='word_1_884' title='bbox 227 2321 326 2346; x_wconf 87' lang='lat' dir='ltr'><strong>mentis</strong></span> <span class='ocrx_word' id='word_1_885' title='bbox 350 2324 414 2346; x_wconf 89' lang='lat' dir='ltr'><strong>sunt</strong></span> <span class='ocrx_word' id='word_1_886' title='bbox 436 2327 451 2346; x_wconf 90' lang='lat' dir='ltr'><strong>a</strong></span> <span class='ocrx_word' id='word_1_887' title='bbox 472 2320 550 2346; x_wconf 87' lang='lat' dir='ltr'><strong>nobis</strong></span> <span class='ocrx_word' id='word_1_888' title='bbox 577 2320 640 2354; x_wconf 78' lang='lat' dir='ltr'><strong>eligi</strong></span> <span class='ocrx_word' id='word_1_889' title='bbox 661 2319 787 2349; x_wconf 79' lang='lat' dir='ltr'><strong>debeant,</strong></span> <span class='ocrx_word' id='word_1_890' title='bbox 809 2319 872 2347; x_wconf 90' lang='lat' dir='ltr'><strong>inde</strong></span> <span class='ocrx_word' id='word_1_891' title='bbox 886 2320 1011 2347; x_wconf 86' lang='lat' dir='ltr'><strong>Clemens</strong></span> 
     </span>
    </p>
   </div>
   <div class='ocr_carea' id='block_1_124' title="bbox 226 2353 1011 2390">
    <p class='ocr_par' dir='ltr' id='par_1_124' title="bbox 226 2353 1011 2390">
     <span class='ocr_line' id='line_1_126' title="bbox 226 2353 1011 2390; baseline 0.003 -10"><span class='ocrx_word' id='word_1_892' title='bbox 226 2355 328 2390; x_wconf 79' lang='lat' dir='ltr'><strong>colligit</strong></span> <span class='ocrx_word' id='word_1_893' title='bbox 343 2363 457 2390; x_wconf 69' lang='lat' dir='ltr'><strong>quaeque</strong></span> <span class='ocrx_word' id='word_1_894' title='bbox 472 2355 583 2382; x_wconf 86' lang='lat' dir='ltr'><strong>honesta</strong></span> <span class='ocrx_word' id='word_1_895' title='bbox 603 2353 685 2381; x_wconf 83' lang='lat' dir='ltr'><strong>videri</strong></span> <span class='ocrx_word' id='word_1_896' title='bbox 700 2353 910 2387; x_wconf 80' lang='lat' dir='ltr'><strong>jucundissima,</strong></span> <span class='ocrx_word' id='word_1_897' title='bbox 925 2358 951 2381; x_wconf 90' lang='lat' dir='ltr'><strong>ct</strong></span> <span class='ocrx_word' id='word_1_898' title='bbox 966 2356 1011 2382; x_wconf 85' lang='lat' dir='ltr'><strong>illa</strong></span> 
     </span>
    </p>
   </div>
   <div class='ocr_carea' id='block_1_125' title="bbox 227 2388 1010 2424">
    <p class='ocr_par' dir='ltr' id='par_1_125' title="bbox 227 2388 1010 2424">
     <span class='ocr_line' id='line_1_127' title="bbox 227 2388 1010 2424; baseline 0.003 -9"><span class='ocrx_word' id='word_1_899' title='bbox 227 2388 300 2424; x_wconf 71' lang='lat' dir='ltr'><strong>hanc</strong></span> <span class='ocrx_word' id='word_1_900' title='bbox 308 2388 425 2424; x_wconf 65' lang='lat' dir='ltr'><strong>prazbere</strong></span> <span class='ocrx_word' id='word_1_901' title='bbox 441 2390 522 2416; x_wconf 89' lang='lat' dir='ltr'><strong>animi</strong></span> <span class='ocrx_word' id='word_1_902' title='bbox 537 2390 769 2424; x_wconf 82' lang='lat' dir='ltr'><strong>tranquillitatem,</strong></span> <span class='ocrx_word' id='word_1_903' title='bbox 787 2396 841 2424; x_wconf 87' lang='lat' dir='ltr'><strong>qua</strong></span> <span class='ocrx_word' id='word_1_904' title='bbox 857 2389 949 2424; x_wconf 81' lang='lat' dir='ltr'><strong>homo,</strong></span> <span class='ocrx_word' id='word_1_905' title='bbox 971 2391 1010 2417; x_wconf 83' lang='lat' dir='ltr'><strong>liti</strong></span> 
     </span>
    </p>
   </div>
   <div class='ocr_carea' id='block_1_126' title="bbox 225 2422 1009 2485">
    <p class='ocr_par' dir='ltr' id='par_1_126' title="bbox 225 2422 1009 2485">
     <span class='ocr_line' id='line_1_128' title="bbox 225 2422 1009 2485; baseline 0.004 -36"><span class='ocrx_word' id='word_1_906' title='bbox 225 2422 483 2485; x_wconf 51' lang='lat' dir='ltr'><strong>Psatiniistalzoet</strong></span> <span class='ocrx_word' id='word_1_907' title='bbox 498 2422 674 2459; x_wconf 82' lang='lat' dir='ltr'><strong>Empedocles</strong></span> <span class='ocrx_word' id='word_1_908' title='bbox 685 2422 877 2457; x_wconf 77' lang='lat' dir='ltr'><strong>testificantur,</strong></span> <span class='ocrx_word' id='word_1_909' title='bbox 890 2425 917 2451; x_wconf 93' lang='lat' dir='ltr'><strong>in</strong></span> <span class='ocrx_word' id='word_1_910' title='bbox 924 2423 1009 2453; x_wconf 91' lang='lat' dir='ltr'><strong>Deum</strong></span> 
     </span>
     <span class='ocr_line' id='line_1_129' title="bbox 226 2465 322 2485; baseline 0 0"><span class='ocrx_word' id='word_1_911' title='bbox 226 2466 272 2485; x_wconf 84' lang='lat' dir='ltr'><strong>cre</strong></span> <span class='ocrx_word' id='word_1_912' title='bbox 293 2465 322 2485; x_wconf 87' lang='lat' dir='ltr'><strong>it.</strong></span> 
     </span>
    </p>
   </div>
   <div class='ocr_carea' id='block_1_127' title="bbox 226 2465 322 2486">
    <p class='ocr_par' dir='ltr' id='par_1_127' title="bbox 226 2465 322 2486">
     <span class='ocr_line' id='line_1_130' title="bbox 226 2465 322 2486; baseline 0.01 -1"><span class='ocrx_word' id='word_1_913' title='bbox 226 2465 322 2486; x_wconf 80' lang='lat' dir='ltr'><strong>CI’EGIL</strong></span> 
     </span>
    </p>
   </div>
   <div class='ocr_carea' id='block_1_128' title="bbox 261 2492 1010 2530">
    <p class='ocr_par' dir='ltr' id='par_1_128' title="bbox 261 2492 1010 2530">
     <span class='ocr_line' id='line_1_131' title="bbox 261 2492 1010 2530; baseline 0.004 -11"><span class='ocrx_word' id='word_1_914' title='bbox 261 2492 364 2529; x_wconf 73' lang='lat' dir='ltr'><strong>Duplex</strong></span> <span class='ocrx_word' id='word_1_915' title='bbox 379 2499 468 2522; x_wconf 88' lang='lat' dir='ltr'><strong>autem</strong></span> <span class='ocrx_word' id='word_1_916' title='bbox 484 2494 564 2521; x_wconf 91' lang='lat' dir='ltr'><strong>homo</strong></span> <span class='ocrx_word' id='word_1_917' title='bbox 577 2493 785 2530; x_wconf 81' lang='lat' dir='ltr'><strong>distinguendus</strong></span> <span class='ocrx_word' id='word_1_918' title='bbox 795 2498 837 2522; x_wconf 86' lang='lat' dir='ltr'><strong>est</strong></span> <span class='ocrx_word' id='word_1_919' title='bbox 851 2503 858 2521; x_wconf 88' lang='lat'><strong>:</strong></span> <span class='ocrx_word' id='word_1_920' title='bbox 874 2494 979 2529; x_wconf 89' lang='lat' dir='ltr'><strong>primus</strong></span> <span class='ocrx_word' id='word_1_921' title='bbox 995 2502 1010 2522; x_wconf 90' lang='lat' dir='ltr'><strong>a</strong></span> 
     </span>
    </p>
   </div>
   <div class='ocr_carea' id='block_1_129' title="bbox 225 2528 1009 2564">
    <p class='ocr_par' dir='ltr' id='par_1_129' title="bbox 225 2528 1009 2564">
     <span class='ocr_line' id='line_1_132' title="bbox 225 2528 1009 2564; baseline 0.004 -9"><span class='ocrx_word' id='word_1_922' title='bbox 225 2528 282 2556; x_wconf 89' lang='lat' dir='ltr'><strong>Deo</strong></span> <span class='ocrx_word' id='word_1_923' title='bbox 297 2537 328 2556; x_wconf 74' lang='lat' dir='ltr'><strong>ex</strong></span> <span class='ocrx_word' id='word_1_924' title='bbox 342 2530 476 2564; x_wconf 85' lang='lat' dir='ltr'><strong>congcniti</strong></span> <span class='ocrx_word' id='word_1_925' title='bbox 494 2530 607 2564; x_wconf 91' lang='lat' dir='ltr'><strong>spiritus</strong></span> <span class='ocrx_word' id='word_1_926' title='bbox 622 2528 681 2557; x_wconf 75' lang='lat' dir='ltr'><strong>idea</strong></span> <span class='ocrx_word' id='word_1_927' title='bbox 697 2530 858 2557; x_wconf 82' lang='lat' dir='ltr'><strong>naturaliter</strong></span> <span class='ocrx_word' id='word_1_928' title='bbox 872 2528 1009 2564; x_wconf 82' lang='lat' dir='ltr'><strong>perfectus</strong></span> 
     </span>
    </p>
   </div>
   <div class='ocr_carea' id='block_1_130' title="bbox 224 2564 1008 2599">
    <p class='ocr_par' dir='ltr' id='par_1_130' title="bbox 224 2564 1008 2599">
     <span class='ocr_line' id='line_1_133' title="bbox 224 2564 1008 2599; baseline 0.001 -9"><span class='ocrx_word' id='word_1_929' title='bbox 224 2564 282 2598; x_wconf 92' lang='lat' dir='ltr'><strong>qui,</strong></span> <span class='ocrx_word' id='word_1_930' title='bbox 299 2565 379 2591; x_wconf 88' lang='lat' dir='ltr'><strong>sicuti</strong></span> <span class='ocrx_word' id='word_1_931' title='bbox 394 2565 479 2591; x_wconf 83' lang='lat' dir='ltr'><strong>Adam</strong></span> <span class='ocrx_word' id='word_1_932' title='bbox 492 2570 610 2595; x_wconf 68' lang='lat' dir='ltr'><strong>creatus,</strong></span> <span class='ocrx_word' id='word_1_933' title='bbox 627 2567 755 2593; x_wconf 90' lang='lat' dir='ltr'><strong>omnibus</strong></span> <span class='ocrx_word' id='word_1_934' title='bbox 769 2569 811 2592; x_wconf 84' lang='lat' dir='ltr'><strong>cst</strong></span> <span class='ocrx_word' id='word_1_935' title='bbox 826 2565 919 2599; x_wconf 88' lang='lat' dir='ltr'><strong>utique</strong></span> <span class='ocrx_word' id='word_1_936' title='bbox 930 2572 1008 2591; x_wconf 88' lang='lat' dir='ltr'><strong>com-</strong></span> 
     </span>
    </p>
   </div>
   <div class='ocr_carea' id='block_1_131' title="bbox 225 2599 1009 2635">
    <p class='ocr_par' dir='ltr' id='par_1_131' title="bbox 225 2599 1009 2635">
     <span class='ocr_line' id='line_1_134' title="bbox 225 2599 1009 2635; baseline 0.003 -10"><span class='ocrx_word' id='word_1_937' title='bbox 225 2599 331 2631; x_wconf 88' lang='lat' dir='ltr'><strong>munis;</strong></span> <span class='ocrx_word' id='word_1_938' title='bbox 347 2600 414 2626; x_wconf 88' lang='lat' dir='ltr'><strong>alter</strong></span> <span class='ocrx_word' id='word_1_939' title='bbox 427 2607 491 2626; x_wconf 87' lang='lat' dir='ltr'><strong>vcro</strong></span> <span class='ocrx_word' id='word_1_940' title='bbox 505 2600 585 2626; x_wconf 91' lang='lat' dir='ltr'><strong>homo</strong></span> <span class='ocrx_word' id='word_1_941' title='bbox 597 2601 743 2635; x_wconf 75' lang='lat' dir='ltr'><strong>singularis</strong></span> <span class='ocrx_word' id='word_1_942' title='bbox 755 2604 806 2630; x_wconf 83' lang='lat' dir='ltr'><strong>est,</strong></span> <span class='ocrx_word' id='word_1_943' title='bbox 817 2599 864 2635; x_wconf 91' lang='lat' dir='ltr'><strong>qui</strong></span> <span class='ocrx_word' id='word_1_944' title='bbox 876 2607 908 2627; x_wconf 84' lang='lat' dir='ltr'><strong>ex</strong></span> <span class='ocrx_word' id='word_1_945' title='bbox 922 2599 1009 2635; x_wconf 85' lang='lat' dir='ltr'><strong>forma</strong></span> 
     </span>
    </p>
   </div>
   <div class='ocr_carea' id='block_1_132' title="bbox 224 2634 1004 2670">
    <p class='ocr_par' dir='ltr' id='par_1_132' title="bbox 224 2634 1004 2670">
     <span class='ocr_line' id='line_1_135' title="bbox 224 2634 1004 2670; baseline 0.003 -10"><span class='ocrx_word' id='word_1_946' title='bbox 224 2641 329 2670; x_wconf 78' lang='lat' dir='ltr'><strong>eorum,</strong></span> <span class='ocrx_word' id='word_1_947' title='bbox 336 2635 522 2668; x_wconf 79' lang='lat' dir='ltr'><strong>quaeelegerit,</strong></span> <span class='ocrx_word' id='word_1_948' title='bbox 531 2634 776 2670; x_wconf 85' lang='lat' dir='ltr'><strong>propriuiuaccipit</strong></span> <span class='ocrx_word' id='word_1_949' title='bbox 783 2634 1004 2670; x_wconf 62' lang='lat' dir='ltr'><strong>characterem“.</strong></span> 
     </span>
    </p>
   </div>
   <div class='ocr_carea' id='block_1_133' title="bbox 225 2668 1006 2704">
    <p class='ocr_par' dir='ltr' id='par_1_133' title="bbox 225 2668 1006 2704">
     <span class='ocr_line' id='line_1_136' title="bbox 225 2668 1006 2704; baseline 0.001 -10"><span class='ocrx_word' id='word_1_950' title='bbox 225 2668 276 2696; x_wconf 84' lang='lat' dir='ltr'><strong>Hic</strong></span> <span class='ocrx_word' id='word_1_951' title='bbox 288 2673 377 2696; x_wconf 86' lang='lat' dir='ltr'><strong>autem</strong></span> <span class='ocrx_word' id='word_1_952' title='bbox 398 2677 431 2696; x_wconf 82' lang='lat' dir='ltr'><strong>ex</strong></span> <span class='ocrx_word' id='word_1_953' title='bbox 445 2668 542 2696; x_wconf 81' lang='lat' dir='ltr'><strong>natura</strong></span> <span class='ocrx_word' id='word_1_954' title='bbox 557 2668 606 2697; x_wconf 81' lang='lat' dir='ltr'><strong>sua</strong></span> <span class='ocrx_word' id='word_1_955' title='bbox 620 2670 703 2697; x_wconf 84' lang='lat' dir='ltr'><strong>variis</strong></span> <span class='ocrx_word' id='word_1_956' title='bbox 725 2668 807 2697; x_wconf 77' lang='lat' dir='ltr'><strong>animi</strong></span> <span class='ocrx_word' id='word_1_957' title='bbox 823 2669 1006 2704; x_wconf 87' lang='lat' dir='ltr'><strong>perturbatio-</strong></span> 
     </span>
    </p>
   </div>
   <div class='ocr_carea' id='block_1_134' title="bbox 224 2703 1006 2738">
    <p class='ocr_par' dir='ltr' id='par_1_134' title="bbox 224 2703 1006 2738">
     <span class='ocr_line' id='line_1_137' title="bbox 224 2703 1006 2738; baseline 0.003 -8"><span class='ocrx_word' id='word_1_958' title='bbox 224 2703 307 2731; x_wconf 88' lang='lat' dir='ltr'><strong>nibus</strong></span> <span class='ocrx_word' id='word_1_959' title='bbox 323 2708 349 2731; x_wconf 88' lang='lat' dir='ltr'><strong>et</strong></span> <span class='ocrx_word' id='word_1_960' title='bbox 366 2704 495 2733; x_wconf 78' lang='lat' dir='ltr'><strong>motibus.</strong></span> <span class='ocrx_word' id='word_1_961' title='bbox 510 2712 570 2738; x_wconf 66' lang='lat' dir='ltr'><strong>qua:</strong></span> <span class='ocrx_word' id='word_1_962' title='bbox 596 2705 623 2731; x_wconf 93' lang='lat' dir='ltr'><strong>in</strong></span> <span class='ocrx_word' id='word_1_963' title='bbox 641 2704 724 2731; x_wconf 89' lang='lat' dir='ltr'><strong>Deum</strong></span> <span class='ocrx_word' id='word_1_964' title='bbox 748 2703 846 2732; x_wconf 71' lang='lat' dir='ltr'><strong>cadere</strong></span> <span class='ocrx_word' id='word_1_965' title='bbox 871 2712 923 2731; x_wconf 88' lang='lat' dir='ltr'><strong>non</strong></span> <span class='ocrx_word' id='word_1_966' title='bbox 942 2712 1006 2738; x_wconf 89' lang='lat' dir='ltr'><strong>pos-</strong></span> 
     </span>
    </p>
   </div>
   <div class='ocr_carea' id='block_1_135' title="bbox 224 2738 1005 2775">
    <p class='ocr_par' dir='ltr' id='par_1_135' title="bbox 224 2738 1005 2775">
     <span class='ocr_line' id='line_1_138' title="bbox 224 2738 1005 2775; baseline 0 -9"><span class='ocrx_word' id='word_1_967' title='bbox 224 2743 298 2772; x_wconf 70' lang='lat' dir='ltr'><strong>sunt,</strong></span> <span class='ocrx_word' id='word_1_968' title='bbox 311 2740 390 2775; x_wconf 85' lang='lat' dir='ltr'><strong>plane</strong></span> <span class='ocrx_word' id='word_1_969' title='bbox 406 2739 550 2773; x_wconf 87' lang='lat' dir='ltr'><strong>obnoxius,</strong></span> <span class='ocrx_word' id='word_1_970' title='bbox 566 2739 620 2766; x_wconf 91' lang='lat' dir='ltr'><strong>dici</strong></span> <span class='ocrx_word' id='word_1_971' title='bbox 636 2744 726 2774; x_wconf 87' lang='lat' dir='ltr'><strong>potest</strong></span> <span class='ocrx_word' id='word_1_972' title='bbox 742 2740 893 2775; x_wconf 83' lang='lat' dir='ltr'><strong>multiplex.</strong></span> <span class='ocrx_word' id='word_1_973' title='bbox 905 2738 1005 2775; x_wconf 75' lang='lat' dir='ltr'><strong>Verum</strong></span> 
     </span>
    </p>
   </div>
   <div class='ocr_carea' id='block_1_136' title="bbox 261 2817 462 2852">
    <p class='ocr_par' dir='ltr' id='par_1_136' title="bbox 261 2817 462 2852">
     <span class='ocr_line' id='line_1_139' title="bbox 261 2817 462 2852; baseline 0 -8"><span class='ocrx_word' id='word_1_974' title='bbox 261 2817 284 2833; x_wconf 71' lang='grc' dir='ltr'>ιο</span> <span class='ocrx_word' id='word_1_975' title='bbox 298 2824 322 2852; x_wconf 75' lang='grc' dir='ltr'><strong>ρ.</strong></span> <span class='ocrx_word' id='word_1_976' title='bbox 341 2817 401 2844; x_wconf 77' lang='lat'><strong>551.</strong></span> <span class='ocrx_word' id='word_1_977' title='bbox 441 2818 462 2833; x_wconf 76' lang='grc' dir='ltr'>ι·</span> 
     </span>
    </p>
   </div>
   <div class='ocr_carea' id='block_1_137' title="bbox 481 2817 765 2852">
    <p class='ocr_par' dir='ltr' id='par_1_137' title="bbox 481 2817 765 2852">
     <span class='ocr_line' id='line_1_140' title="bbox 481 2817 765 2852; baseline 0 -8"><span class='ocrx_word' id='word_1_978' title='bbox 481 2825 506 2852; x_wconf 87' lang='lat' dir='ltr'><strong>p.</strong></span> <span class='ocrx_word' id='word_1_979' title='bbox 523 2817 583 2845; x_wconf 70' lang='lat'><strong>552.</strong></span> <span class='ocrx_word' id='word_1_980' title='bbox 623 2817 644 2833; x_wconf 79' lang='lat'><strong>&quot;</strong></span> <span class='ocrx_word' id='word_1_981' title='bbox 660 2825 685 2852; x_wconf 92' lang='lat' dir='ltr'><strong>p.</strong></span> <span class='ocrx_word' id='word_1_982' title='bbox 705 2818 765 2845; x_wconf 74' lang='lat'><strong>555.</strong></span> 
     </span>
    </p>
   </div>
   <div class='ocr_carea' id='block_1_138' title="bbox 224 2851 464 2887">
    <p class='ocr_par' dir='ltr' id='par_1_138' title="bbox 224 2851 464 2887">
     <span class='ocr_line' id='line_1_141' title="bbox 224 2851 464 2887; baseline 0.008 -9"><span class='ocrx_word' id='word_1_983' title='bbox 224 2851 248 2867; x_wconf 79' lang='grc'><strong>⁴⁸</strong></span> <span class='ocrx_word' id='word_1_984' title='bbox 259 2860 285 2887; x_wconf 78' lang='lat' dir='ltr'><strong>p.</strong></span> <span class='ocrx_word' id='word_1_985' title='bbox 298 2851 353 2880; x_wconf 52' lang='lat'><strong>7.340</strong></span> <span class='ocrx_word' id='word_1_986' title='bbox 366 2859 390 2881; x_wconf 86' lang='lat' dir='ltr'><strong>et</strong></span> <span class='ocrx_word' id='word_1_987' title='bbox 404 2853 464 2881; x_wconf 72' lang='lat' dir='ltr'><strong>5H.</strong></span> 
     </span>
    </p>
   </div>
   <div class='ocr_carea' id='block_1_139' title="bbox 504 2852 642 2889">
    <p class='ocr_par' dir='ltr' id='par_1_139' title="bbox 504 2852 642 2889">
     <span class='ocr_line' id='line_1_142' title="bbox 504 2852 642 2889; baseline 0 -8"><span class='ocrx_word' id='word_1_988' title='bbox 504 2854 523 2869; x_wconf 67' lang='grc' dir='ltr'>ιε</span> <span class='ocrx_word' id='word_1_989' title='bbox 539 2861 565 2889; x_wconf 76' lang='grc' dir='ltr'>ρ.</span> <span class='ocrx_word' id='word_1_990' title='bbox 581 2852 642 2881; x_wconf 71' lang='lat' dir='ltr'><strong>ste.</strong></span> 
     </span>
    </p>
   </div>
   <div class='ocr_carea' id='block_1_140' title="bbox 804 2817 941 2852">
    <p class='ocr_par' dir='ltr' id='par_1_140' title="bbox 804 2817 941 2852">
     <span class='ocr_line' id='line_1_143' title="bbox 804 2817 941 2852; baseline 0 -9"><span class='ocrx_word' id='word_1_991' title='bbox 804 2817 826 2833; x_wconf 71' lang='grc' dir='ltr'>ιε</span> <span class='ocrx_word' id='word_1_992' title='bbox 841 2826 865 2852; x_wconf 93' lang='lat' dir='ltr'><strong>p.</strong></span> <span class='ocrx_word' id='word_1_993' title='bbox 881 2817 941 2845; x_wconf 67' lang='lat'><strong>534.</strong></span> 
     </span>
    </p>
   </div>
   <div class='ocr_carea' id='block_1_141' title="bbox 980 2816 1298 2853">
    <p class='ocr_par' dir='ltr' id='par_1_141' title="bbox 980 2816 1298 2853">
     <span class='ocr_line' id='line_1_144' title="bbox 980 2816 1298 2853; baseline 0 -9"><span class='ocrx_word' id='word_1_994' title='bbox 980 2816 1002 2832; x_wconf 70' lang='grc' dir='ltr'><strong>ιι</strong></span> <span class='ocrx_word' id='word_1_995' title='bbox 1014 2825 1040 2852; x_wconf 90' lang='lat' dir='ltr'><strong>p.</strong></span> <span class='ocrx_word' id='word_1_996' title='bbox 1057 2817 1118 2845; x_wconf 74' lang='lat'><strong>555.</strong></span> <span class='ocrx_word' id='word_1_997' title='bbox 1156 2818 1177 2834; x_wconf 76' lang='grc' dir='ltr'><strong>ιι</strong></span> <span class='ocrx_word' id='word_1_998' title='bbox 1194 2826 1219 2853; x_wconf 77' lang='grc' dir='ltr'><strong>ρ.</strong></span> <span class='ocrx_word' id='word_1_999' title='bbox 1238 2818 1298 2846; x_wconf 71' lang='lat'><strong>537.</strong></span> 
     </span>
    </p>
   </div>
   <div class='ocr_carea' id='block_1_142' title="bbox 1065 2251 1853 2287">
    <p class='ocr_par' dir='ltr' id='par_1_142' title="bbox 1065 2251 1853 2287">
     <span class='ocr_line' id='line_1_145' title="bbox 1065 2251 1853 2287; baseline 0.004 -11"><span class='ocrx_word' id='word_1_1000' title='bbox 1065 2252 1356 2287; x_wconf 68' lang='lat' dir='ltr'><strong>perperamasseruit.</strong></span> <span class='ocrx_word' id='word_1_1001' title='bbox 1386 2251 1414 2277; x_wconf 91' lang='lat' dir='ltr'><strong>in</strong></span> <span class='ocrx_word' id='word_1_1002' title='bbox 1436 2258 1550 2285; x_wconf 87' lang='lat' dir='ltr'><strong>c0rpore</strong></span> <span class='ocrx_word' id='word_1_1003' title='bbox 1575 2253 1782 2287; x_wconf 84' lang='lat' dir='ltr'><strong>peregrinatur,</strong></span> <span class='ocrx_word' id='word_1_1004' title='bbox 1814 2252 1853 2279; x_wconf 85' lang='lat' dir='ltr'><strong>id—</strong></span> 
     </span>
    </p>
   </div>
   <div class='ocr_carea' id='block_1_143' title="bbox 1064 2285 1851 2320">
    <p class='ocr_par' dir='ltr' id='par_1_143' title="bbox 1064 2285 1851 2320">
     <span class='ocr_line' id='line_1_146' title="bbox 1064 2285 1851 2320; baseline 0.004 -9"><span class='ocrx_word' id='word_1_1005' title='bbox 1064 2285 1140 2311; x_wconf 87' lang='lat' dir='ltr'><strong>circo</strong></span> <span class='ocrx_word' id='word_1_1006' title='bbox 1162 2285 1271 2319; x_wconf 88' lang='lat' dir='ltr'><strong>sapiens</strong></span> <span class='ocrx_word' id='word_1_1007' title='bbox 1291 2287 1386 2317; x_wconf 91' lang='lat' dir='ltr'><strong>homo,</strong></span> <span class='ocrx_word' id='word_1_1008' title='bbox 1402 2289 1430 2312; x_wconf 87' lang='lat' dir='ltr'><strong>ct</strong></span> <span class='ocrx_word' id='word_1_1009' title='bbox 1457 2295 1466 2310; x_wconf 75' lang='grc' dir='ltr'><strong>ι</strong></span> <span class='ocrx_word' id='word_1_1010' title='bbox 1482 2285 1660 2320; x_wconf 48' lang='grc' dir='ltr'><strong>[ςηοδιῐὸιιςξι</strong></span> <span class='ocrx_word' id='word_1_1011' title='bbox 1680 2288 1750 2314; x_wconf 89' lang='lat' dir='ltr'><strong>illud</strong></span> <span class='ocrx_word' id='word_1_1012' title='bbox 1767 2295 1801 2315; x_wconf 91' lang='lat' dir='ltr'><strong>ne</strong></span> <span class='ocrx_word' id='word_1_1013' title='bbox 1812 2289 1851 2314; x_wconf 78' lang='lat' dir='ltr'><strong>ni-</strong></span> 
     </span>
    </p>
   </div>
   <div class='ocr_carea' id='block_1_144' title="bbox 1064 2320 1850 2358">
    <p class='ocr_par' dir='ltr' id='par_1_144' title="bbox 1064 2320 1850 2358">
     <span class='ocr_line' id='line_1_147' title="bbox 1064 2320 1850 2358; baseline 0.005 -13"><span class='ocrx_word' id='word_1_1014' title='bbox 1064 2320 1116 2346; x_wconf 88' lang='lat' dir='ltr'><strong>mia</strong></span> <span class='ocrx_word' id='word_1_1015' title='bbox 1131 2320 1295 2358; x_wconf 74' lang='lat' dir='ltr'><strong>indulgentia</strong></span> <span class='ocrx_word' id='word_1_1016' title='bbox 1310 2325 1511 2358; x_wconf 70' lang='lat' dir='ltr'><strong>corrumpatur,</strong></span> <span class='ocrx_word' id='word_1_1017' title='bbox 1530 2329 1623 2349; x_wconf 84' lang='lat' dir='ltr'><strong>severe</strong></span> <span class='ocrx_word' id='word_1_1018' title='bbox 1637 2323 1773 2358; x_wconf 76' lang='lat' dir='ltr'><strong>castigat;</strong></span> <span class='ocrx_word' id='word_1_1019' title='bbox 1784 2330 1816 2350; x_wconf 86' lang='lat' dir='ltr'><strong>ac</strong></span> <span class='ocrx_word' id='word_1_1020' title='bbox 1827 2323 1850 2349; x_wconf 90' lang='lat' dir='ltr'><strong>in</strong></span> 
     </span>
    </p>
   </div>
   <div class='ocr_carea' id='block_1_145' title="bbox 1063 2355 1850 2392">
    <p class='ocr_par' dir='ltr' id='par_1_145' title="bbox 1063 2355 1850 2392">
     <span class='ocr_line' id='line_1_148' title="bbox 1063 2355 1850 2392; baseline 0.005 -12"><span class='ocrx_word' id='word_1_1021' title='bbox 1063 2355 1164 2392; x_wconf 77' lang='lat' dir='ltr'><strong>mundo</strong></span> <span class='ocrx_word' id='word_1_1022' title='bbox 1176 2360 1304 2390; x_wconf 86' lang='lat' dir='ltr'><strong>tanquam</strong></span> <span class='ocrx_word' id='word_1_1023' title='bbox 1319 2356 1417 2390; x_wconf 81' lang='lat' dir='ltr'><strong>hospes</strong></span> <span class='ocrx_word' id='word_1_1024' title='bbox 1433 2357 1460 2383; x_wconf 94' lang='lat' dir='ltr'><strong>in</strong></span> <span class='ocrx_word' id='word_1_1025' title='bbox 1475 2356 1638 2388; x_wconf 85' lang='lat' dir='ltr'><strong>diversorio,</strong></span> <span class='ocrx_word' id='word_1_1026' title='bbox 1652 2355 1728 2392; x_wconf 74' lang='lat' dir='ltr'><strong>quod</strong></span> <span class='ocrx_word' id='word_1_1027' title='bbox 1744 2359 1801 2384; x_wconf 89' lang='lat' dir='ltr'><strong>cito</strong></span> <span class='ocrx_word' id='word_1_1028' title='bbox 1812 2365 1850 2384; x_wconf 84' lang='lat' dir='ltr'><strong>re-</strong></span> 
     </span>
    </p>
   </div>
   <div class='ocr_carea' id='block_1_146' title="bbox 1062 2390 1850 2426">
    <p class='ocr_par' dir='ltr' id='par_1_146' title="bbox 1062 2390 1850 2426">
     <span class='ocr_line' id='line_1_149' title="bbox 1062 2390 1850 2426; baseline 0.006 -11"><span class='ocrx_word' id='word_1_1029' title='bbox 1062 2390 1176 2426; x_wconf 83' lang='lat' dir='ltr'><strong>licturus</strong></span> <span class='ocrx_word' id='word_1_1030' title='bbox 1190 2396 1249 2426; x_wconf 17' lang='lat' dir='ltr'><strong>rest,</strong></span> <span class='ocrx_word' id='word_1_1031' title='bbox 1266 2397 1438 2418; x_wconf 87' lang='lat' dir='ltr'><strong>commorans</strong></span> <span class='ocrx_word' id='word_1_1032' title='bbox 1449 2411 1457 2422; x_wconf 86' lang='lat'><strong>,</strong></span> <span class='ocrx_word' id='word_1_1033' title='bbox 1474 2398 1612 2426; x_wconf 88' lang='lat' dir='ltr'><strong>nunquam</strong></span> <span class='ocrx_word' id='word_1_1034' title='bbox 1636 2390 1712 2419; x_wconf 71' lang='lat' dir='ltr'><strong>retro</strong></span> <span class='ocrx_word' id='word_1_1035' title='bbox 1737 2401 1850 2420; x_wconf 73' lang='lat' dir='ltr'><strong>coni-cr-</strong></span> 
     </span>
    </p>
   </div>
   <div class='ocr_carea' id='block_1_147' title="bbox 1061 2425 1849 2462">
    <p class='ocr_par' dir='ltr' id='par_1_147' title="bbox 1061 2425 1849 2462">
     <span class='ocr_line' id='line_1_150' title="bbox 1061 2425 1849 2462; baseline 0.004 -11"><span class='ocrx_word' id='word_1_1036' title='bbox 1061 2431 1109 2462; x_wconf 83' lang='lat' dir='ltr'><strong>sus</strong></span> <span class='ocrx_word' id='word_1_1037' title='bbox 1122 2425 1308 2462; x_wconf 74' lang='lat' dir='ltr'><strong>longiorisque</strong></span> <span class='ocrx_word' id='word_1_1038' title='bbox 1325 2432 1406 2462; x_wconf 78' lang='lat' dir='ltr'><strong>mora:</strong></span> <span class='ocrx_word' id='word_1_1039' title='bbox 1422 2425 1578 2460; x_wconf 83' lang='lat' dir='ltr'><strong>impatiens,</strong></span> <span class='ocrx_word' id='word_1_1040' title='bbox 1594 2431 1622 2454; x_wconf 87' lang='lat' dir='ltr'><strong>et</strong></span> <span class='ocrx_word' id='word_1_1041' title='bbox 1637 2435 1702 2454; x_wconf 89' lang='lat' dir='ltr'><strong>cum</strong></span> <span class='ocrx_word' id='word_1_1042' title='bbox 1717 2428 1849 2462; x_wconf 82' lang='lat' dir='ltr'><strong>Apostolo</strong></span> 
     </span>
    </p>
   </div>
   <div class='ocr_carea' id='block_1_148' title="bbox 1064 2460 1849 2495">
    <p class='ocr_par' dir='ltr' id='par_1_148' title="bbox 1064 2460 1849 2495">
     <span class='ocr_line' id='line_1_151' title="bbox 1064 2460 1849 2495; baseline 0.003 -9"><span class='ocrx_word' id='word_1_1043' title='bbox 1064 2460 1298 2495; x_wconf 76' lang='lat' dir='ltr'><strong>ingemiscens,ad</strong></span> <span class='ocrx_word' id='word_1_1044' title='bbox 1312 2461 1451 2488; x_wconf 63' lang='lat' dir='ltr'><strong>coalestein</strong></span> <span class='ocrx_word' id='word_1_1045' title='bbox 1467 2462 1636 2489; x_wconf 86' lang='lat' dir='ltr'><strong>mansionem</strong></span> <span class='ocrx_word' id='word_1_1046' title='bbox 1649 2467 1678 2490; x_wconf 90' lang='lat' dir='ltr'><strong>et</strong></span> <span class='ocrx_word' id='word_1_1047' title='bbox 1692 2460 1849 2490; x_wconf 78' lang='lat' dir='ltr'><strong>felicitatem</strong></span> 
     </span>
    </p>
   </div>
   <div class='ocr_carea' id='block_1_149' title="bbox 1063 2495 1850 2532">
    <p class='ocr_par' dir='ltr' id='par_1_149' title="bbox 1063 2495 1850 2532">
     <span class='ocr_line' id='line_1_152' title="bbox 1063 2495 1850 2532; baseline 0.001 -10"><span class='ocrx_word' id='word_1_1048' title='bbox 1063 2502 1170 2532; x_wconf 78' lang='lat' dir='ltr'><strong>semper</strong></span> <span class='ocrx_word' id='word_1_1049' title='bbox 1185 2496 1331 2532; x_wconf 46' lang='lat' dir='ltr'><strong>aspirat‘“,</strong></span> <span class='ocrx_word' id='word_1_1050' title='bbox 1338 2495 1375 2523; x_wconf 91' lang='lat' dir='ltr'><strong>De</strong></span> <span class='ocrx_word' id='word_1_1051' title='bbox 1386 2495 1438 2522; x_wconf 88' lang='lat' dir='ltr'><strong>hac</strong></span> <span class='ocrx_word' id='word_1_1052' title='bbox 1453 2500 1542 2532; x_wconf 81' lang='lat' dir='ltr'><strong>autem</strong></span> <span class='ocrx_word' id='word_1_1053' title='bbox 1561 2495 1692 2525; x_wconf 86' lang='lat' dir='ltr'><strong>felicitate</strong></span> <span class='ocrx_word' id='word_1_1054' title='bbox 1705 2499 1775 2532; x_wconf 89' lang='lat' dir='ltr'><strong>quid</strong></span> <span class='ocrx_word' id='word_1_1055' title='bbox 1789 2497 1850 2532; x_wconf 81' lang='lat' dir='ltr'><strong>Epi-</strong></span> 
     </span>
    </p>
   </div>
   <div class='ocr_carea' id='block_1_150' title="bbox 1063 2529 1850 2565">
    <p class='ocr_par' dir='ltr' id='par_1_150' title="bbox 1063 2529 1850 2565">
     <span class='ocr_line' id='line_1_153' title="bbox 1063 2529 1850 2565; baseline 0.005 -10"><span class='ocrx_word' id='word_1_1056' title='bbox 1063 2529 1190 2557; x_wconf 81' lang='lat' dir='ltr'><strong>charmus</strong></span> <span class='ocrx_word' id='word_1_1057' title='bbox 1213 2529 1240 2558; x_wconf 80' lang='lat' dir='ltr'><strong>et</strong></span> <span class='ocrx_word' id='word_1_1058' title='bbox 1266 2529 1401 2558; x_wconf 83' lang='lat' dir='ltr'><strong>Pindarus</strong></span> <span class='ocrx_word' id='word_1_1059' title='bbox 1418 2530 1594 2565; x_wconf 89' lang='lat' dir='ltr'><strong>cecinerunt,</strong></span> <span class='ocrx_word' id='word_1_1060' title='bbox 1619 2529 1850 2560; x_wconf 49' lang='lat' dir='ltr'><strong>obiter‘Cleméns</strong></span> 
     </span>
    </p>
   </div>
   <div class='ocr_carea' id='block_1_151' title="bbox 1062 2565 1850 2601">
    <p class='ocr_par' dir='ltr' id='par_1_151' title="bbox 1062 2565 1850 2601">
     <span class='ocr_line' id='line_1_154' title="bbox 1062 2565 1850 2601; baseline 0.005 -11"><span class='ocrx_word' id='word_1_1061' title='bbox 1062 2565 1270 2598; x_wconf 87' lang='lat' dir='ltr'><strong>animadvertit;</strong></span> <span class='ocrx_word' id='word_1_1062' title='bbox 1288 2571 1315 2592; x_wconf 88' lang='lat' dir='ltr'><strong>et</strong></span> <span class='ocrx_word' id='word_1_1063' title='bbox 1330 2573 1378 2593; x_wconf 88' lang='lat' dir='ltr'><strong>eos</strong></span> <span class='ocrx_word' id='word_1_1064' title='bbox 1397 2565 1552 2600; x_wconf 84' lang='lat' dir='ltr'><strong>redarguit,</strong></span> <span class='ocrx_word' id='word_1_1065' title='bbox 1577 2567 1623 2601; x_wconf 90' lang='lat' dir='ltr'><strong>qui</strong></span> <span class='ocrx_word' id='word_1_1066' title='bbox 1643 2569 1730 2595; x_wconf 88' lang='lat' dir='ltr'><strong>stulte</strong></span> <span class='ocrx_word' id='word_1_1067' title='bbox 1747 2568 1850 2594; x_wconf 83' lang='lat' dir='ltr'><strong>animas</strong></span> 
     </span>
    </p>
   </div>
   <div class='ocr_carea' id='block_1_152' title="bbox 1061 2601 1850 2636">
    <p class='ocr_par' dir='ltr' id='par_1_152' title="bbox 1061 2601 1850 2636">
     <span class='ocr_line' id='line_1_155' title="bbox 1061 2601 1850 2636; baseline 0.006 -10"><span class='ocrx_word' id='word_1_1068' title='bbox 1061 2607 1076 2626; x_wconf 91' lang='lat' dir='ltr'><strong>e</strong></span> <span class='ocrx_word' id='word_1_1069' title='bbox 1091 2601 1161 2627; x_wconf 68' lang='lat' dir='ltr'><strong>caelo</strong></span> <span class='ocrx_word' id='word_1_1070' title='bbox 1182 2601 1208 2627; x_wconf 94' lang='lat' dir='ltr'><strong>in</strong></span> <span class='ocrx_word' id='word_1_1071' title='bbox 1224 2604 1344 2633; x_wconf 87' lang='lat' dir='ltr'><strong>terram,</strong></span> <span class='ocrx_word' id='word_1_1072' title='bbox 1366 2605 1394 2628; x_wconf 91' lang='lat' dir='ltr'><strong>ut</strong></span> <span class='ocrx_word' id='word_1_1073' title='bbox 1409 2601 1444 2628; x_wconf 88' lang='lat' dir='ltr'><strong>ibi</strong></span> <span class='ocrx_word' id='word_1_1074' title='bbox 1460 2603 1609 2636; x_wconf 88' lang='lat' dir='ltr'><strong>puniantur</strong></span> <span class='ocrx_word' id='word_1_1075' title='bbox 1619 2621 1628 2635; x_wconf 94' lang='lat'><strong>,</strong></span> <span class='ocrx_word' id='word_1_1076' title='bbox 1644 2602 1778 2636; x_wconf 79' lang='lat' dir='ltr'><strong>delapsas</strong></span> <span class='ocrx_word' id='word_1_1077' title='bbox 1792 2609 1850 2630; x_wconf 79' lang='lat' dir='ltr'><strong>esse</strong></span> 
     </span>
    </p>
   </div>
   <div class='ocr_carea' id='block_1_153' title="bbox 1059 2636 1270 2663">
    <p class='ocr_par' dir='ltr' id='par_1_153' title="bbox 1059 2636 1270 2663">
     <span class='ocr_line' id='line_1_156' title="bbox 1059 2636 1270 2663; baseline 0.009 -2"><span class='ocrx_word' id='word_1_1078' title='bbox 1059 2636 1270 2663; x_wconf 85' lang='lat' dir='ltr'><strong>contendebant.</strong></span> 
     </span>
    </p>
   </div>
   <div class='ocr_carea' id='block_1_154' title="bbox 1093 2670 1847 2707">
    <p class='ocr_par' dir='ltr' id='par_1_154' title="bbox 1093 2670 1847 2707">
     <span class='ocr_line' id='line_1_157' title="bbox 1093 2670 1847 2707; baseline 0 -10"><span class='ocrx_word' id='word_1_1079' title='bbox 1093 2670 1399 2707; x_wconf 26' lang='lat' dir='ltr'><strong>Dehincﬂperspicuum</strong></span> <span class='ocrx_word' id='word_1_1080' title='bbox 1424 2671 1469 2699; x_wconf 90' lang='lat' dir='ltr'><strong>ille</strong></span> <span class='ocrx_word' id='word_1_1081' title='bbox 1495 2671 1599 2704; x_wconf 72' lang='lat' dir='ltr'><strong>facit&quot;,</strong></span> <span class='ocrx_word' id='word_1_1082' title='bbox 1635 2680 1645 2697; x_wconf 72' lang='grc' dir='ltr'><strong>ι</strong></span> <span class='ocrx_word' id='word_1_1083' title='bbox 1668 2672 1847 2707; x_wconf 69' lang='lat' dir='ltr'><strong>gnosticumi</strong></span> 
     </span>
    </p>
   </div>
   <div class='ocr_carea' id='block_1_155' title="bbox 1058 2705 1849 2740">
    <p class='ocr_par' dir='ltr' id='par_1_155' title="bbox 1058 2705 1849 2740">
     <span class='ocr_line' id='line_1_158' title="bbox 1058 2705 1849 2740; baseline 0.004 -9"><span class='ocrx_word' id='word_1_1084' title='bbox 1058 2705 1112 2740; x_wconf 83' lang='lat' dir='ltr'><strong>pie,</strong></span> <span class='ocrx_word' id='word_1_1085' title='bbox 1131 2705 1170 2732; x_wconf 90' lang='lat' dir='ltr'><strong>uti</strong></span> <span class='ocrx_word' id='word_1_1086' title='bbox 1187 2706 1290 2733; x_wconf 75' lang='lat' dir='ltr'><strong>dictum</strong></span> <span class='ocrx_word' id='word_1_1087' title='bbox 1307 2711 1360 2738; x_wconf 79' lang='lat' dir='ltr'><strong>est,</strong></span> <span class='ocrx_word' id='word_1_1088' title='bbox 1377 2707 1512 2734; x_wconf 83' lang='lat' dir='ltr'><strong>viventem</strong></span> <span class='ocrx_word' id='word_1_1089' title='bbox 1529 2707 1584 2733; x_wconf 88' lang='lat' dir='ltr'><strong>Deo</strong></span> <span class='ocrx_word' id='word_1_1090' title='bbox 1600 2705 1764 2738; x_wconf 78' lang='lat' dir='ltr'><strong>assimilari,</strong></span> <span class='ocrx_word' id='word_1_1091' title='bbox 1778 2713 1849 2734; x_wconf 80' lang='lat' dir='ltr'><strong>esse-</strong></span> 
     </span>
    </p>
   </div>
   <div class='ocr_carea' id='block_1_156' title="bbox 1058 2741 1848 2777">
    <p class='ocr_par' dir='ltr' id='par_1_156' title="bbox 1058 2741 1848 2777">
     <span class='ocr_line' id='line_1_159' title="bbox 1058 2741 1848 2777; baseline 0.003 -10"><span class='ocrx_word' id='word_1_1092' title='bbox 1058 2748 1112 2775; x_wconf 88' lang='lat' dir='ltr'><strong>que</strong></span> <span class='ocrx_word' id='word_1_1093' title='bbox 1135 2741 1251 2768; x_wconf 87' lang='lat' dir='ltr'><strong>electum</strong></span> <span class='ocrx_word' id='word_1_1094' title='bbox 1273 2745 1300 2768; x_wconf 88' lang='lat' dir='ltr'><strong>et</strong></span> <span class='ocrx_word' id='word_1_1095' title='bbox 1316 2742 1484 2776; x_wconf 88' lang='lat' dir='ltr'><strong>spiritualem</strong></span> <span class='ocrx_word' id='word_1_1096' title='bbox 1496 2761 1504 2775; x_wconf 91' lang='lat'><strong>,</strong></span> <span class='ocrx_word' id='word_1_1097' title='bbox 1520 2745 1617 2769; x_wconf 84' lang='lat' dir='ltr'><strong>contra</strong></span> <span class='ocrx_word' id='word_1_1098' title='bbox 1632 2749 1699 2770; x_wconf 85' lang='lat' dir='ltr'><strong>vero</strong></span> <span class='ocrx_word' id='word_1_1099' title='bbox 1722 2746 1848 2777; x_wconf 82' lang='lat' dir='ltr'><strong>peccato—</strong></span> 
     </span>
    </p>
   </div>
   <div class='ocr_carea' id='block_1_157' title="bbox 1339 2818 1842 2854">
    <p class='ocr_par' dir='ltr' id='par_1_157' title="bbox 1339 2818 1842 2854">
     <span class='ocr_line' id='line_1_160' title="bbox 1339 2818 1842 2854; baseline 0.002 -10"><span class='ocrx_word' id='word_1_1100' title='bbox 1339 2818 1362 2834; x_wconf 80' lang='lat'>“</span> <span class='ocrx_word' id='word_1_1101' title='bbox 1381 2826 1406 2853; x_wconf 88' lang='lat' dir='ltr'><strong>p.</strong></span> <span class='ocrx_word' id='word_1_1102' title='bbox 1422 2819 1483 2847; x_wconf 77' lang='lat'><strong>538.</strong></span> <span class='ocrx_word' id='word_1_1103' title='bbox 1532 2819 1554 2835; x_wconf 70' lang='grc' dir='ltr'><strong>δ’</strong></span> <span class='ocrx_word' id='word_1_1104' title='bbox 1570 2827 1596 2854; x_wconf 91' lang='lat' dir='ltr'><strong>p.</strong></span> <span class='ocrx_word' id='word_1_1105' title='bbox 1613 2819 1685 2853; x_wconf 81' lang='lat'><strong>5&#39;59;</strong></span> <span class='ocrx_word' id='word_1_1106' title='bbox 1700 2819 1752 2847; x_wconf 86' lang='lat' dir='ltr'><strong>Job</strong></span> <span class='ocrx_word' id='word_1_1107' title='bbox 1766 2827 1785 2852; x_wconf 79' lang='grc' dir='ltr'>ι,</span> <span class='ocrx_word' id='word_1_1108' title='bbox 1800 2818 1842 2845; x_wconf 71' lang='grc'><strong>21.</strong></span> 
     </span>
    </p>
   </div>
  </div>
