1927 3073
48 131 58 158 1
64 128 121 158 033

651 129 699 158 DE
718 129 831 159 LIBRIS
846 130 1073 159 STBOMATUM.

1607 133 1674 161 1031

48 189 103 216 l-us
130 187 269 225 Abraham
294 187 327 225 ad
337 185 415 216 isaac
434 186 519 225 filium
543 192 622 225 suum
640 187 834 216 immolandum
849 193 873 222 Α
887 189 953 222 dilo,
970 190 1034 217 hinc
1050 189 1217 225 collegerunt
1231 189 1317 218 Stoici
1333 190 1412 219 tinem
1427 191 1547 220 hominis
1564 200 1625 220 esse
1636 202 1674 221 se-

47 224 173 259 perresit
183 221 219 251 ³⁸.
247 222 275 250 1η
302 223 352 250 hac
367 226 467 259 tamen
493 222 546 259 vita
558 222 631 250 Dens
647 224 769 251 cernitur
790 232 836 259 per

46 257 195 293 Speculum
209 258 393 285 tantummodo
407 261 434 284 et
446 257 473 284 in
484 258 635 292 a‘nigmate,
647 259 674 285 in
689 259 772 286 altera
789 257 838 286 au—

45 293 222 321 temfaciead
233 293 328 320 faciem
342 292 476 328 videbitur
486 293 520 319 ".
537 293 718 325 Quamobrem
733 293 839 328 Moyses

47 329 140 356 voluit
154 336 236 355 unum
256 328 389 355 duntaxat
401 327 446 354 Dei
467 328 595 362 templum
611 329 750 360 aedificari,
777 327 838 356 nul-

46 364 164 399 tumque
186 364 218 399 in,
229 363 275 390 illo
297 363 364 399 poni
386 362 562 399 simulacrum
585 363 640 396 1¹⁸⁹;
668 370 700 390 ac
719 363 838 392 Verbum

46 398 189 426 sacriﬁcia
207 398 263 425 fieri
277 398 434 432 prohibuit,
454 404 484 424 ut
499 405 582 424 unum
602 402 719 429 tantum,
742 403 838 426 centra

45 434 180 461 Basilidis
191 433 355 467 opinionem,
375 432 505 459 mundum
521 440 535 459 a
550 432 616 465 Deo,
631 433 677 467 qui
700 441 770 461 unus
784 439 837 466 est,

44 474 75 496 et
94 469 148 496 sub
163 471 301 503 aspectum
318 475 385 503 nonA
396 467 479 500 cadit,
493 467 622 502 nulloque
641 467 703 495 loco
718 470 837 496 circum-

46 501 203 535 scribitur;
217 503 356 530 conditum
374 501 458 530 fuisse
473 501 647 537 significaret.
666 503 733 530 lluie
748 509 837 531 autem

44 539 314 574 Moysisrsententiae,
323 538 498 574 prosequitur
508 537 642 574 Clemens,
652 539 838 574 subscripsere

44 572 106 601 non
124 573 213 600 solum
229 572 340 605 Paulus,
356 573 404 600 sed
421 573 502 599 etiam
526 572 670 607 Euripides
697 577 724 601 et
749 572 836 604 Plato,

43 609 96 643 qui
127 608 211 636 Deum
236 609 348 635 inventu
371 613 397 635 et
413 608 524 642 cognitu
548 607 693 643 diilicilem,
712 616 762 636 nec
775 609 837 636 ullis

43 641 144 671 verbis
160 643 291 678 explicari
307 650 388 678 posse
409 641 536 670 asseruit.
558 641 592 669 Et
613 643 639 670 id
655 643 764 678 quidem
779 644 835 675 ille,

42 678 280 713 quemadmodum
302 677 441 712 Orpheus,
467 685 500 713 ex
521 678 615 705 eodem
634 677 723 713 moyse
739 679 838 706 hause-

45 712 93 740 rat
103 713 141 740 ⁸⁸.
169 712 238 739 Tum
253 719 316 740 vero
339 713 465 740 Clemens
494 712 564 740 hanc
580 712 739 747 imperviam
754 719 780 740 et
794 721 838 741 oe-

44 748 210 775 eultandam
224 754 285 775 esse
297 747 343 774 Dei
356 748 536 782 cognitionem
556 747 651 782 probat
663 756 716 776 non
732 752 835 775 tantum

44 791 82 810 ex
110 784 228 817 ipsomet
251 782 390 817 Apostolo,
409 783 455 809 ubi
466 782 595 809 nonnulla
612 783 646 810 de
674 784 768 817 tertio,
802 784 836 811 ad

45 818 124 851 quod
141 822 235 852 raptus
249 822 300 849 est,
316 818 387 844 coelo
405 817 579 852 perstringit;
595 825 689 845 verum
706 819 788 845 etiam
803 825 835 846 ex

43 851 238 880 Romanorum
255 853 287 878 ad
304 851 461 880 Corinthios
474 851 596 887 Epistola
610 853 643 885 ⁸⁷,
658 860 689 880 ac
705 853 834 881 subcinc-

890 225 1009 252 eundum
1024 229 1147 252 naturam
1163 226 1263 258 vivere,
1277 226 1352 253 Plato
1366 230 1455 254 autem
1481 231 1508 254 et
1531 227 1606 254 Zeno
1622 228 1675 256 De:

890 260 1047 292 assimilari,
1062 264 1090 287 et
1109 268 1204 288 rursus
1220 259 1297 288 Plato
1311 261 1382 288 inter
1404 262 1478 290 solos
1503 263 1590 290 honos
1615 271 1676 292 esse

889 295 1037 322 amicitiam
1055 299 1081 322 et
1096 295 1314 326 similitudinem,
1338 303 1371 323 ac
1395 297 1504 324 tandem
1522 298 1557 325 ab
1577 299 1677 325 intelli-

888 335 979 368 gente_
993 330 1103 368 homine
1125 330 1197 368 hunc
1213 331 1321 368 optima:
1336 331 1493 368 vitmwlinem
1510 333 1673 368 computari,

889 364 999 401 quando
1013 365 1048 396 ei,
1069 373 1148 400 quem
1161 364 1297 401 intelligit,
1312 366 1489 394 assimilatur.
1572 364 1580 368 ’
1666 364 1670 366 Ἴ
1704 370 1712 378 “·

923 399 1000 436 Quid
1013 399 1092 436 vero,
1108 401 1185 436 quod
1213 399 1369 436 ex‘Moysis
1387 402 1498 436 scriptis
1520 401 1675 430 didicerunt

890 435 977 461 solum
995 433 1022 462 id
1035 443 1096 462 esse
1107 433 1206 462 bonum
1219 436 1290 470 quod
1306 433 1452 463 lionestum'
1468 440 1521 467 est,
1544 441 1571 464 ct
1588 444 1674 465 νιτιυι-

889 472 943 506 tem
959 470 992 496 ad
1011 470 1346 506 felicitatemrsutlicere“?
1371 471 1408 498 lbi
1433 479 1515 506 porro
1546 472 1673 500 Clemens

888 504 1015 541 observat
1029 505 1062 541 ab
1078 504 1232 541 Aristobulo
1247 506 1346 541 multos
1357 504 1528 541 conscriptos
1545 506 1627 535 fuisse
1641 509 1673 534 li-

889 539 964 578 bros,
989 540 1034 566 ubi
1064 539 1261 578 philosophiam
1291 539 1504 578 Peripateticam
1521 549 1553 569 ex
1571 541 1673 578 Moysis

908 574 1137 610 rophetarumque
1168 576 1278 610 scriptis
1310 574 1456 603 delibatam
1489 574 1670 605 demonstrat.

910 610 991 646 ergit_
1000 609 1108 646 deinde,
1124 614 1151 637 et
1174 618 1206 637 ex
1226 609 1286 646 illis
1309 618 1417 646 quoque
1449 611 1608 638 deﬂoratum
1633 613 1673 640 ait

887 644 960 681 quon
977 644 1057 681 Plato
1076 645 1109 672 de
1130 645 1235 681 triplici
1258 644 1401 681 hominum
1425 653 1524 680 genere
1551 647 1672 681 tradidit,

887 680 960 707 unde
975 679 1059 714 aliqui
1075 679 1209 714 triplicem
1222 680 1376 714 reipublica:
1388 679 1553 712 Judieorum,
1565 679 1684 710 Graeco?

887 721 948 741 rum
960 718 987 741 et
1005 713 1222 742 Christianorum
1238 713 1352 742 formam
1368 716 1533 750 descriptam
1549 724 1610 744 esse
1623 726 1672 744 au-

886 752 1009 792 tn'mant;
1026 750 1097 784 quod
1112 750 1196 792 etiam
1212 750 1256 777 hic
1271 750 1491 792 philosophorum
1503 753 1624 792 omnium
1636 752 1674 779 fa-

886 784 938 811 cile
954 785 1082 819 princeps
1103 784 1180 812 docet
1201 784 1296 812 omncs
1313 786 1340 812 in
1359 784 1468 813 civitate
1481 794 1541 813 esse
1560 786 1671 819 fratres,

886 823 913 857 e_t
929 820 1040 846 vetitum
1057 820 1321 857 essejusjurandum
1335 820 1375 854 ’7;
1398 821 1469 855 quod
1490 821 1557 857 ipse,
1579 826 1605 848 et
1620 822 1673 857 Py-

887 854 1015 889 thagoras
1030 857 1111 889 atque
1121 854 1250 882 Socrates
1263 854 1419 882 statuerunt
1430 863 1483 882 non
1498 854 1579 883 modo
1591 854 1671 884 mun-

44 888 129 926 riciis
144 888 280 926 prophetae
294 887 483 926 panibus,_nee
497 884 551 914 non
566 888 668 926 et_aliis
686 895 748 926 cum
761 888 832 926 Apo-
849 884 871 911 Β
884 884 949 926 dum
960 896 976 915 a
991 889 1044 916 Deo
1059 884 1245 926 conditum,et
1260 891 1298 926 ab
1309 897 1342 917 eo
1357 892 1523 926 conservari,
1540 891 1587 918 sed
1601 893 1672 926 quod

45 924 114 950 stolt
132 928 188 949 tum
199 922 337 957 Evangelii
352 922 452 958 verbis,
469 926 550 957 atque
570 923 650 950 etiam
663 922 793 958 parabola
802 924 835 951 de

46 958 188 985 fermento
202 958 230 984 in
248 958 337 985 tribus
353 957 447 984 farina:
463 958 599 985 mensuris
614 958 784 989 abscondito,
803 966 836 986 ac

43 993 177 1029 profanis
205 992 315 1029 demum
344 991 525 1027 scriptoribus
541 991 640 1029 Solone
656 996 683 1020 et
694 993 836 1029 Empedo-

45 1027 91 1055 r-le
100 1029 134 1055 ³⁸.
152 1028 218 1061 Quae
234 1027 342 1062 quidem
357 1031 454 1054 auctor
463 1031 556 1054 noster
567 1028 654 1055 tribus
669 1027 761 1056 adhuc
774 1036 837 1055 con-

45 1063 142 1090 ﬁrmat
168 1061 304 1090 rationum
333 1062 486 1090 momentis.
512 1061 571 1089 Non
596 1062 725 1090 dillitetur
745 1064 836 1091 tamen

69 1099 130 1125 Iura
147 1097 316 1125 circumferri
335 1097 382 1124 Dei
396 1098 516 1129 nomina,
539 1097 587 1125 sed
600 1098 634 1125 iis
652 1098 779 1126 omnibus
793 1099 836 1125 ni-

69 1106 130 1125 llll'a
147 1106 316 1125 elrcumIerrt
335 1106 382 1124 DCI
396 1106 516 1129 nomtna,
539 1106 587 1125 sea
600 1106 634 1125 IIS
652 1106 779 1126 omnibus
793 1107 836 1125 m-

45 1106 86 1160 ΕΗ
101 1133 175 1168 aliud
190 1139 270 1168 quam
286 1132 360 1159 illius
373 1132 596 1168 omnipotentiam
612 1133 758 1168 signiﬁcari
774 1141 837 1162 con.

44 1167 188 1195 tendit.Et
199 1166 275 1196 certe
290 1166 427 1202 quomodo
440 1167 489 1203 ille
496 1168 606 1203 proprio
621 1166 730 1195 nomine
745 1173 836 1203 posset

45 1203 182 1238 appellari
198 1203 232 1230 ab
242 1201 359 1232 homine,
369 1202 415 1237 qui
427 1201 573 1238 perfectam
586 1202 620 1230 de
634 1203 681 1230 illo
695 1201 836 1231 scientiam

44 1238 151 1266 habere
167 1245 221 1265 non
236 1241 326 1272 potest
336 1238 380 1264 ουτ

86 1273 182 1300 Restat
211 1273 293 1308 igitur
311 1277 352 1304 ut,
373 1276 442 1300 teste
465 1273 547 1301 etiam
573 1272 689 1307 ipsomet
711 1272 835 1305 Platone,

47 1307 148 1339 Deum,
165 1307 246 1343 quem
266 1307 368 1336 Paulus
383 1308 504 1343 ignotum
520 1315 582 1335 esse
601 1309 774 1343 pronuntiat,
793 1309 837 1335 dio

47 1344 114 1370 vina
142 1343 224 1370 Verbi
246 1343 320 1370 illius
346 1343 496 1378 opitulante.
517 1343 603 1378 gratia
627 1350 835 1378 cognoscamus.

46 1379 236 1411 Quamobrem
259 1378 311 1413 ipsi
328 1378 362 1406 de
376 1378 432 1405 Deo
449 1378 583 1413 Patreque
604 1385 655 1406 suo
671 1382 698 1405 et
712 1386 760 1413 per
773 1385 838 1413 pro-

46 1415 150 1448 phetas
168 1417 195 1448 et
213 1420 261 1447 per
276 1413 396 1448 seipsum
408 1413 541 1448 loquenti,
553 1413 663 1440 omnino
672 1414 837 1441 credendum

46 1447 92 1475 i-st
107 1449 142 1476 ⁹⁰.
169 1447 222 1481 Qui
247 1447 336 1476 autem
357 1448 381 1476 ei
403 1447 517 1476 firmiter
533 1448 658 1479 credunt,
676 1456 729 1475 non
749 1449 837 1476 solum

45 1485 143 1515 ﬁdem,
160 1483 292 1510 bonorum
310 1484 492 1518 operatricem
509 1486 536 1510 et
550 1483 632 1517 justae
647 1483 762 1511 actionis
775 1483 838 1510 fun—

46 1520 220 1549 damentum,
230 1518 307 1553 123
315 1518 361 1546 sed
370 1518 495 1546 fiduciam
505 1526 612 1553 quoque
621 1523 835 1553 consequuntur.

886 923 924 960 illi
942 931 1051 960 quoque
1077 925 1140 958 ipsi,
1167 930 1248 960 atque
1277 924 1421 957 Homerus,
1439 923 1621 953 Callimachus
1644 932 1673 954 et

885 957 1032 996 Hesiodus
1045 957 1145 996 corpus
1169 957 1308 986 terrenum
1331 964 1508 988 asserucrunt
1530 961 1670 996 "iquod

886 992 970 1030 Stoici
982 992 1115 1022 definiunt
1130 995 1218 1029 ignem
1241 1002 1302 1022 esse
1320 999 1464 1029 naturam;
1485 992 1673 1030 quod'Home-

885 1036 934 1056 rus
952 1029 1079 1066 de_aqua:
1097 1033 1124 1057 et
1147 1034 1226 1057 terrze
1245 1030 1417 1066 separatione
1431 1029 1531 1066 cecinit
1541 1038 1556 1066 ;V
1566 1032 1638 1066 quod
1657 1040 1673 1059 τι

887 1066 974 1098 poetis
990 1063 1163 1099 Epicharmo,
1177 1069 1238 1091 vate
1249 1063 1344 1099 lyrico,
1362 1069 1390 1093 et
1404 1065 1489 1092 Arato
1505 1065 1538 1092 de
1550 1063 1596 1093 Dei
1612 1075 1673 1093 om-

886 1099 1048 1133 nipotentia.
1066 1107 1170 1126 necnon
1190 1103 1217 1126 et
1234 1099 1351 1127 Homero
1367 1100 1400 1127 de
1413 1101 1672 1133 mundi'crcatione,

886 1133 962 1170 ct_ab
974 1134 1034 1161 aliis
1045 1134 1078 1162 de
1093 1133 1159 1170 Jove
1175 1134 1234 1168 ipso
1254 1134 1383 1170 traditum
1399 1135 1497 1170 legitur
1510 1135 1544 1161 ".

922 1167 1054 1204 Praeterea
1065 1177 1131 1196 vero
1144 1167 1219 1196 Plato
1229 1177 1262 1197 ex
1277 1167 1542 1204 Scripturis—nostris
1552 1169 1672 1203 Patrem,

886 1207 913 1230 et
930 1203 1038 1233 Filium.
1055 1212 1089 1232 ac
1103 1204 1304 1232 sanctissimam
1317 1203 1478 1232 Trinitatem
1490 1205 1548 1233 suis
1563 1205 1590 1232 in
1603 1207 1673 1233 scri-

887 1239 941 1275 ptis
953 1239 1035 1275 modo
1051 1240 1145 1267 nescio
1160 1247 1214 1274 quo
1228 1239 1371 1274 agnovisse
1383 1240 1500 1267 videtur.
1515 1240 1574 1275 Ipse
1590 1242 1673 1268 etiam

888 1273 951 1301 inde
965 1274 1084 1300 futuram
1102 1273 1271 1301 mortuorum
1291 1273 1536 1305 resurrectionem;
1547 1275 1588 1302 vel
1612 1276 1672 1302 ani-

888 1315 939 1335 ma:
952 1316 1012 1344 iper
1032 1309 1174 1344 duodecim
1204 1309 1279 1344 signa
1304 1316 1446 1337 ascensum
1467 1314 1494 1337 et
1509 1310 1672 1338 descensum

887 1343 1054 1379 praedicavit.
1069 1343 1246 1379 Empedocles
1260 1347 1360 1376 autem,
1380 1343 1532 1372 Heraclitus
1546 1348 1573 1371 et
1585 1345 1670 1372 Stoici

887 1378 1019 1405 muluium
1044 1378 1165 1406 creatum
1193 1379 1254 1413 igne
1278 1379 1493 1406 consumendum
1526 1383 1554 1406 et
1580 1381 1672 1407 divina

887 1414 1057 1450 providentia
1069 1414 1286 1450 administratum
1298 1418 1455 1450 memorant
1472 1415 1491 1442 '.
1508 1414 1588 1447 Quid,
1598 1416 1672 1450 quod

887 1452 914 1476 et
932 1448 1001 1476 idem
1016 1448 1094 1476 Plato
1109 1456 1170 1476 cum
1187 1449 1268 1483 hujus
1279 1448 1342 1476 vita:
1353 1449 1423 1476 diem
1449 1448 1623 1481 nocturnum,
1644 1455 1673 1477 et

888 1490 1026 1517 somnum,
1053 1491 1085 1511 ac
1106 1487 1220 1519 mortem
1231 1484 1394 1511 descensum
1411 1485 1507 1511 animae
1522 1485 1549 1511 in
1571 1492 1672 1519 corpus

887 1522 983 1549 vocat.
1009 1527 1071 1546 cum
1103 1519 1157 1546 diei
1186 1518 1333 1546 Dominicae
1358 1522 1487 1554 tanquam
1516 1518 1672 1554 quietis’et

45 1554 145 1588 Neque
155 1551 351 1588 porro’hi-fullo
363 1554 441 1588 plane
450 1551 530 1580 modo
538 1551 648 1581 obstant
660 1561 691 1580 ea
707 1551 766 1588 quae
776 1561 839 1581 con—
851 1551 872 1579 C
888 1558 997 1581 icternze
1011 1553 1149 1581 felicitatis
1165 1554 1299 1586 meminit,
1317 1554 1374 1581 hinc
1391 1551 1445 1581 non
1459 1551 1546 1581 solum
1562 1562 1594 1582 ex
1617 1553 1672 1582 Ve-

45 1593 91 1615 tra
110 1588 271 1616 Aristoteles
286 1588 441 1623 disputasse
454 1589 594 1616 nonnullis
610 1588 726 1617 videtur.
736 1589 832 1624 Opor-

46 1627 90 1651 tet
105 1624 198 1658 itaque
212 1631 270 1654 eos,
286 1631 317 1651 ac
328 1624 462 1658 quoslibet
478 1624 559 1651 etiam
580 1630 699 1659 paganos
716 1623 836 1659 philbso-

46 1659 132 1694 phos.
144 1659 190 1694 qui
202 1659 341 1694 veritatem
355 1659 520 1690 didicerunt,
533 1658 730 1694 perVCnristum
745 1660 835 1687 salvos

47 1693 238 1728 iitique’fieri.
262 1693 302 1720 Ex
326 1694 392 1728 ipsis
412 1698 502 1721 autem
518 1693 636 1721 ethnicis
655 1694 836 1728 scriptoribus

46 1729 178 1756 Clemens
202 1729 324 1756 ostendit
343 1736 438 1756 omnes
454 1729 555 1763 aliqua,
573 1736 633 1764 quae
648 1733 740 1764 postea
757 1736 837 1764 aper-

47 1764 158 1791 tissime
176 1764 312 1798 patefacta
325 1767 376 1795 est,
387 1764 468 1799 unius
480 1763 674 1799 omnipdtentis
686 1763 732 1791 Dei
746 1764 837 1799 cogni-

46 1801 126 1826 tione
154 1798 238 1826 fuisse
256 1799 373 1826 imbutos
388 1799 421 1826 ".
451 1798 586 1826 Caeterum
610 1798 768 1826 Christiano
786 1798 836 1826 ho-

46 1834 118 1861 mini
130 1834 251 1861 credenti
259 1833 395 1868 quomodo
407 1833 526 1869 Spiritus
536 1838 648 1861 sanctus
664 1834 834 1866 infundatur,

48 1874 77 1895 (-t
93 1869 225 1904 quidnam
243 1870 280 1896 sit
295 1868 339 1896 ille
356 1868 474 1904 Spiritus
489 1873 612 1901 sanctus,
626 1877 655 1897 se
666 1869 730 1896 alibi
745 1869 834 1904 expli-

47 1909 178 1943 caturum
194 1904 346 1943 pollicetur.
424 1938 432 1943 _
469 1938 486 1943 __
751 1937 757 1943 ,

87 1940 153 1967 Inde
167 1938 231 1967 vero
255 1940 289 1967 ad
305 1938 450 1974 retegenda
466 1938 622 1974 Grmcorum
637 1946 669 1966 ex
687 1938 773 1966 sacris
789 1945 836 1965 no-

47 1975 116 2002 stris
134 1974 284 2010 Scripturis
299 1973 374 2010 furta
382 1975 438 2010 ille
455 1974 567 2010 transit,
584 1973 706 2010 Primum
726 1974 833 2010 itaque.

48 2015 81 2037 ut
102 2010 153 2037 ille
176 2006 271 2038 narrat
280 2011 314 2041 ",
330 2009 415 2036 Stoici
431 2016 464 2036 ex
480 2009 534 2036 illis
551 2008 647 2036 iisdem
673 2006 833 2043 Scriptu’ris,

48 2045 98 2073 sed
129 2053 184 2073 non
211 2045 281 2072 bene
305 2045 461 2076 intellectis,
491 2043 586 2076 Deum,
608 2043 834 2078 quemadmodum

47 2082 183 2113 animam,
200 2088 261 2107 esse
281 2087 380 2114 corpus
393 2083 421 2107 et
436 2079 572 2114 spiritum,
588 2086 619 2105 ac
635 2080 725 2114 omnia
741 2086 836 2113 perva-

47 2116 116 2143 dere
133 2118 306 2149 acceperunt.
320 2114 358 2141 Ex
371 2113 467 2149 iisdem
482 2114 602 2141 fontibus
614 2121 694 2149 suum
705 2113 836 2148 Pythago-

47 2158 106 2180 ras.
133 2148 294 2178 Aristoteles
317 2153 344 2177 et
359 2149 437 2176 Plato
451 2148 486 2176 de
503 2149 627 2179 materia,
644 2148 779 2183 Epicurus
801 2149 836 2176 dc

48 2185 165 2212 fortuito
187 2193 276 2212 rerum
293 2185 415 2211 omnium
431 2187 531 2212 eventu
541 2203 548 2215 ,
566 2184 726 2210 Aristoteles
740 2183 773 2210 de
786 2191 835 2210 su-

886 1589 937 1615 teri
952 1588 1128 1616 Testamento
1142 1589 1289 1623 decerpsit,
1309 1588 1356 1616 sed
1369 1592 1395 1615 et
1408 1589 1538 1616 nonnulla
1555 1590 1581 1616 in
1595 1589 1672 1617 Novo

885 1625 1058 1658 postmodum
1084 1623 1203 1651 stabilita
1224 1623 1570 1659 divinavit'hASeptimum
1589 1631 1673 1659 porro

885 1657 956 1686 diem
971 1666 1078 1686 sacrum
1090 1662 1224 1686 noverunt
1237 1666 1290 1686 non
1302 1659 1389 1685 solum
1403 1657 1519 1691 Hebraei,
1532 1659 1578 1686 sed
1589 1657 1672 1686 etiam

884 1693 971 1721 (ἔτωεί
1000 1693 1145 1727 Hesiodus,
1170 1693 1314 1725 Homerus,
1338 1693 1521 1721 Callimachus
1536 1698 1563 1722 et
1576 1693 1670 1722 Solon.

886 1728 926 1755 Ex
945 1736 1023 1756 sacra
1047 1729 1136 1756 adhuc
1157 1727 1297 1763 Scriptura
1313 1728 1443 1756 delibavit
1467 1729 1545 1756 Plato
1564 1729 1671 1763 justum

885 1763 1022 1791 hominem
1039 1764 1066 1790 in
1083 1764 1133 1790 hac
1147 1764 1253 1791 scilicet
1264 1764 1318 1790 vita
1336 1763 1424 1798 pinnis
1437 1767 1463 1791 et
1478 1764 1672 1792 aﬂlicttonibus

886 1798 1078 1832 cruciandum;
1086 1799 1262 1826 Antisthenes
1273 1806 1380 1833 quoque
1396 1798 1479 1826 Deum
1493 1799 1594 1827 nemini
1611 1807 1674 1827 esse

886 1833 1018 1866 similem;
1035 1833 1185 1868 Xenophon
1203 1841 1268 1861 Vero
1281 1832 1317 1860 iet
1329 1832 1428 1868 Sibylla
1453 1834 1541 1868 ipsum
1559 1841 1575 1860 a
1595 1835 1672 1862 nullo

885 1868 995 1895 homine
1019 1867 1177 1898 videndum.
1206 1873 1288 1903 atque
1313 1867 1493 1902 Xenophanes
1517 1868 1592 1895 illum
1611 1877 1674 1897 esse

885 1911 971 1940 unum
986 1902 1254 1940 etincorporeum';
1264 1902 1322 1940 Huc
1333 1903 1448 1940 accedit,
1464 1903 1535 1940 quod
1552 1904 1674 1940 Bacchy-

886 1938 963 1970 lides,
991 1937 1137 1965 Cleanthes
1161 1940 1188 1965 et
1213 1938 1347 1971 Amphion
1369 1938 1402 1964 de
1424 1937 1515 1965 divina
1533 1943 1629 1965 natura
1642 1937 1673 1965 'et

885 1977 980 1999 contra
997 1972 1188 2003 idololatriam,
1203 1972 1353 2007 Sophocles
1369 1971 1402 1999 de
1412 1971 1487 2000 Jovis
1499 1973 1673 2000 incontinen-

885 2008 933 2038 tia,
953 2011 980 2034 et
997 2007 1149 2035 Heraclitus
1163 2008 1197 2035 de
1220 2007 1361 2034 hominum
1377 2009 1530 2042 Ignorantia
1554 2010 1672 2042 posteri-

884 2044 934 2069 tati
950 2042 1123 2070 mandarunt.

921 2077 991 2110 Quid
1008 2078 1104 2112 plura?
1119 2077 1158 2104 Ex
1182 2076 1278 2104 iisdem
1297 2076 1396 2112 divinis
1418 2075 1495 2103 libris
1510 2075 1671 2112 Melanippi-

885 2113 934 2140 des
954 2111 1050 2139 didicit
1069 2111 1188 2142 Patrem.
1206 2119 1303 2146 nempe
1319 2111 1414 2142 Deum,
1428 2119 1489 2138 esse
1515 2112 1673 2139 mortalium

887 2147 1059 2179 miraculum,
1075 2150 1102 2174 et
1123 2148 1229 2174 animas
1245 2154 1351 2180 semper
1373 2147 1495 2174 viventes
1512 2151 1648 2181 regentem
1662 2155 1672 2179 ;

885 2180 965 2209 Plato
981 2183 1055 2209 illum
1072 2189 1140 2217 esse
1156 2182 1317 2217 ingenitum,
1330 2182 1486 2217 unigenam,
1510 2180 1673 2216 semperque

48 2228 144 2256 prema
157 2220 224 2247 nihil
238 2220 354 2256 amplius
370 2223 446 2256 extra
455 2219 527 2256 luna:
537 2219 667 2256 terminos
680 2222 776 2256 agente
787 2218 834 2245 Dei
850 2223 874 2253 ι)
887 2217 1010 2256 eumdem
1021 2217 1050 2256 ‘_;
1072 2216 1205 2244 Hesiodus
1218 2216 1552 2256 cunctorumndominum;
1566 2218 1674 2256 Sopho-

47 2253 221 2291 providentia
233 2256 266 2287 ",
281 2253 327 2282 alii
338 2262 402 2291 vero
415 2253 569 2291 philosophi
580 2257 606 2281 et
617 2257 703 2288 poetae
717 2253 750 2291 de
760 2259 830 2291 _sup-

47 2287 143 2326 pliciis
171 2293 232 2326 post
248 2294 365 2326 mortem
393 2287 456 2326 igne
475 2287 594 2326 luendis,
618 2287 660 2326 ac
674 2287 785 2323 proinde
799 2288 833 2315 de

48 2323 150 2353 animae
163 2323 377 2355 immortalitate,
390 2323 421 2352 ac
429 2325 462 2352 de
472 2324 576 2358 angelis
589 2323 732 2358 hominum?
740 2327 833 2350 custo-

47 2361 132 2388 dibus
146 2365 174 2388 et
190 2360 351 2395 prasidibus
369 2357 571 2395 dogmatars’unt
583 2359 708 2385 mutuati.
721 2357 832 2395 Eursus

48 2404 115 2423 vero
128 2404 161 2423 ex
178 2393 272 2422 iisdem
289 2395 376 2422 sacris
390 2393 467 2421 libris
486 2394 612 2428 decerpta
630 2397 694 2420 sunt
705 2393 757 2420 alia
771 2393 832 2428 phi-

48 2431 232 2466 losophorum
248 2430 368 2466 decreta,
394 2429 523 2466 videlicet
538 2428 668 2466 mundum
683 2435 743 2455 esse
760 2436 834 2466 crea-

48 2463 120 2498 tum;
144 2465 282 2493 diabolum
307 2465 460 2492 daemonum
484 2464 633 2499 principem
648 2470 709 2490 esse
731 2463 832 2490 maleti-

48 2509 112 2528 cum
127 2501 162 2533 ",
178 2501 247 2528 duos
265 2507 327 2528 esse
341 2500 468 2531 mundos,
488 2507 570 2526 unum
585 2499 785 2533 :iutelligentem
806 2500 834 2524 et

48 2532 246 2572 archetypum,
268 2536 382 2562 alterum
412 2534 470 2572 qui_
488 2534 553 2572 suh_
563 2541 660 2561 sensus
684 2532 770 2564 cadit,
799 2532 833 2559 ad

48 2568 155 2606 prioris'
166 2568 311 2606 imaginem
326 2575 353 2597 et
366 2568 504 2605 exemplar
515 2568 650 2606 effectum,
666 2574 765 2606 corpus
780 2571 835 2606 ter-

50 2602 148 2633 renum
163 2602 483 2643 esse'hahitaculum,_et
492 2605 610 2643 animam
625 2603 734 2643 cmiitus
749 2602 835 2643 inspi-

49 2647 150 2672 ratam,
166 2646 249 2675 atque
262 2640 397 2667 hominem
412 2640 444 2677 ad
465 2639 511 2666 Dei
533 2638 633 2677 factum
661 2637 752 2677 fuisse
766 2637 834 2664 ima-

49 2677 187 2710 ginem".
206 2672 277 2703 'Cum
302 2679 392 2702 autem
420 2674 526 2709 Moyses
551 2674 632 2710 aliam
657 2672 756 2700 dixerit
771 2679 835 2699 esse

50 2713 97 2739 Dei
111 2712 258 2747 imaginem
276 2710 303 2738 in
325 2710 435 2737 homine
455 2709 601 2737 virtutibus
611 2712 709 2735 ornato
723 2712 750 2736 et
764 2715 834 2742 prae-

84 2789 107 2805 "
119 2797 145 2824 p.
163 2788 227 2816 585.
272 2787 297 2803 ³⁸
312 2786 395 2824 lCor.
412 2793 475 2824 xm,
489 2785 551 2824 lg;
561 2785 632 2824 "‘p.
642 2781 706 2824 581i.

50 2823 197 2860 “19.7590.
237 2823 297 2858 "p.

51 2861 58 2874 ‘
73 2869 99 2895 p.
117 2860 180 2888 309.

255 2908 391 2937 Parant.
414 2906 472 2936 tiu.
496 2905 551 2935 ΙΧ,

312 2786 395 2813 lCor.
412 2793 475 2817 xm,
489 2785 530 2813 12.
561 2785 596 2801 ’⁵⁵⁸
606 2793 632 2820 p.
642 2782 706 2812 58-1.
762 2784 784 2799 ⁸⁸
798 2791 824 2818 p.

312 2822 374 2849 591.
411 2822 435 2838 ν’
457 2829 484 2856 p.
601 2819 742 2856 "p.35:
777 2819 832 2856 ’ξῐν

891 2803 898 2809 .
948 2782 1082 2825 crasso.
1134 2782 1192 2818 ηρ
1218 2783 1281 2824 5ᾷ7.
1333 2782 1356 2799 ιν
1372 2782 1475 2817 p.588.
1531 2782 1671 2821 "psse.

889 2818 924 2856 it.
961 2819 984 2838 ι·
1001 2827 1027 2854 ιι.
1045 2818 1106 2846 595.
1144 2818 1210 2853 "p.
1238 2819 1302 2846 596.
1341 2818 1364 2834 ο·
1381 2817 1487 2851 p.597.
1525 2816 1549 2832 ον
1567 2824 1592 2850 p.
1609 2816 1671 2844 ωδ.

221 2861 231 2874 ¹
245 2853 349 2893 νίθοο.
386 2857 396 2872 ¹
407 2864 432 2891 p.
446 2853 509 2884 Gut.
525 2855 586 2883 (302.
624 2853 677 2890 ‘Vp.
693 2854 756 2883 603.
793 2855 804 2870 ⁵
817 2862 845 2890 p.
860 2853 922 2882 θοι.

886 2253 942 2279 cies
961 2252 1082 2279 omnium
1104 2255 1266 2285 creatorem;
1283 2250 1422 2286 tragoedia:
1437 2256 1544 2284 auctor,
1556 2250 1617 2278 eum
1643 2252 1673 2278 iu

885 2288 955 2314 cmlo
982 2287 1115 2314 duntaxat
1139 2285 1358 2322 suspiciendum;
1393 2285 1535 2320 Euripides
1559 2286 1674 2322 immen-

886 2330 957 2352 sum,
989 2330 1022 2349 ex
1049 2322 1140 2356 seipse
1153 2320 1254 2354 ortum,
1276 2325 1447 2356 mentemque
1462 2322 1601 2356 opiﬁcem:
1618 2320 1673 2348 Eu-

906 2357 1000 2384 liorion
1013 2355 1103 2383 omnia
1118 2361 1145 2384 et
1159 2363 1241 2391 supra
1255 2356 1345 2383 omnia
1360 2363 1420 2383 esse
1434 2355 1542 2388 Jovem;
1555 2355 1632 2382 Plato
1646 2359 1674 2383 et

906 2364 1000 2384 nomon
1013 2364 1103 2383 omnia
1118 2364 1145 2384 et
1159 2364 1241 2391 supra
1255 2364 1345 2383 omnia
1360 2364 1420 2383 esse
1434 2364 1542 2388 Jovem;
1555 2364 1632 2382 nato
1646 2364 1672 2383 et

884 2364 1039 2419 Heraclitus
1059 2392 1147 2426 ipsum
1174 2392 1261 2418 solum
1288 2391 1449 2425 sapientem,
1473 2395 1499 2417 et
1521 2392 1546 2417 ei
1558 2391 1608 2418 soli
1621 2392 1672 2417 01)-

886 2425 1106 2462 temperandum;
1121 2434 1152 2453 ac
1168 2426 1278 2453 tandem
1292 2425 1413 2462 V'l‘iimeus
1429 2429 1460 2462 et,
1472 2426 1573 2461 Sibylla
1588 2434 1672 2453 unum

885 2461 950 2489 esse
965 2462 1086 2488 omnium
1104 2461 1270 2496 principium
1282 2461 1470 2496 ingenitum“,

922 2496 1024 2524 Deinde
1039 2494 1222 2523 vero'Patrein
1238 2500 1266 2522 et
1281 2494 1378 2522 Filium
1396 2495 1533 2522 indicasse
1544 2494 1673 2522 videntur

887 2530 1033 2562 Homerus,
1046 2530 1171 2565 Orpheus
1182 2535 1209 2557 et
1229 2531 1408 2565 Xenocrates.
1430 2529 1576 2564 Propterea
1598 2531 1672 2558 enim

887 2566 1021 2593 Homerus
1033 2571 1060 2593 et
1076 2564 1208 2600 Epicurus
1222 2567 1321 2600 negant
1334 2564 1417 2592 Deum
1430 2571 1476 2592 aut
1494 2565 1674 2600 comprehen-

887 2602 915 2629 di
931 2609 1020 2636 posse,
1035 2606 1081 2628 aut
1096 2601 1222 2636 humanis
1238 2600 1367 2636 membris
1392 2607 1454 2627 esse
1478 2600 1673 2636 compositum.

887 2634 1040 2663 De'divino
1061 2639 1150 2663 autem
1177 2634 1264 2663 Verbo
1280 2634 1459 2670 Epicharmus
1475 2639 1568 2669 aperte
1585 2635 1674 2670 loquis

887 2676 941 2698 tur.
964 2671 1003 2698 Ex
1030 2671 1117 2698 sacris
1143 2671 1282 2705 prophetis
1299 2669 1448 2697 Menander
1464 2669 1570 2704 accepit
1589 2669 1674 2697 Deum

887 2714 938 2734 nec
951 2706 1087 2734 sacriﬁcia
1098 2704 1153 2734 nec
1162 2704 1300 2737 victimas,
1318 2704 1366 2732 sed
1392 2711 1489 2740 puram
1515 2711 1530 2731 a
1553 2706 1674 2740 pecudis

948 2784 1007 2818 up.
1020 2782 1082 2810 586.
1134 2782 1158 2800 ιι
1174 2790 1192 2818 ρ
1218 2783 1281 2811 587.
1333 2782 1356 2799 ον

1372 2790 1398 2817 ρ.
1411 2782 1475 2810 588.
1528 2781 1554 2817 io
1569 2789 1595 2816 p.
1609 2781 1672 2817 589.

1513 2897 1552 2926 33
