1924 3072
241 109 310 138 1055

570 109 606 137 ΙΝ
623 110 833 139 CLEMENTEM
853 110 954 139 ALEX.
968 111 1000 138 D.
1022 110 1065 138 LE
1079 110 1224 139 NOURRY
1244 110 1472 139 DlSSERTATlO
1492 111 1524 140 ll.

1804 110 1868 137 ηδτ

240 172 395 199 desiderare
406 171 620 204 conscientiam;
638 173 712 199 illum
728 173 855 200 omnibus
875 173 981 204 adesse,
1002 177 1029 200 et

1084 174 1174 205 σκείας
1199 172 1247 199 τοῦ
1270 172 1432 207 γνωστική),
1457 172 1620 206 «religionis
1645 171 1698 197 viri
1717 171 1837 205 gnostici
1858 182 1866 197 ι

238 207 333 234 videre
348 207 438 234 omnia
451 207 471 234 °.
485 207 522 234 Ex
537 208 633 234 iisdem
648 208 771 242 Diphilus
786 209 884 235 cecinit
907 209 1029 235 futurum

237 242 397 269 universale
407 242 552 276 judicium,
562 249 599 278 ac
615 247 676 276 post
688 243 753 270 illud
767 244 912 278 impiorum
927 244 1031 278 suppli—

239 278 301 310 cia;
319 277 460 312 tragcedus
476 284 541 313 vero
558 276 710 312 Sophocles
730 282 757 305 et
777 276 901 313 Oi'pheus
929 276 1030 305 cuncta

241 313 304 348 igne
321 312 518 348 consumenda,
530 317 556 339 et
570 316 630 346 post
647 313 703 339 hrec
720 312 914 347 instauranda;
930 313 1029 348 Empe-

241 347 334 375 docles
350 347 469 373 futuram
490 347 628 380 justorum
644 352 772 375 aeternam
792 347 1029 381 beatitudinem";

241 382 366 416 Orpheus
379 382 482 418 nullum
496 382 543 409 Dci
557 382 803 418 lugerejustitiam,
820 390 865 410 aut
881 384 918 410 illi
935 385 1028 414 latere,

241 418 332 452 ipsum
347 417 398 444 sub
410 417 511 444 nullius
527 423 666 452 aspectum
685 418 793 450 cadere,
811 419 878 446 solis
897 419 1030 446 Chaldaeis

241 452 496 489 cognitmn,__cujus
514 453 591 489 sedes
611 459 653 481 est
670 454 779 485 ccelum,
799 458 825 481 et
840 458 912 481 terra
930 453 1030 489 pedum

241 487 470 524 ejusscabellum,
485 488 530 522 qui
547 489 621 524 solus
635 493 678 515 cst
693 489 875 524 omnipotens.
890 487 1031 515 immorta-

241 522 287 558 lis,
303 522 464 553 immensus,
481 525 571 550 omnia
580 523 702 558 imperio
718 522 813 558 regens
825 529 851 551 et
864 524 1029 558 gubernans.

241 557 442 594 Porrowautem
471 559 535 592 quia
565 559 609 594 ille
627 557 719 586 ’Deum
748 557 935 594 inatripatrem
949 559 1029 591 dixit,

241 593 307 628 hinc
318 593 401 627 aliqui
415 594 553 620 lianrunt
566 593 612 620 Dei
626 595 769 628 conjugcm
781 594 802 621 ³.

278 627 441 663 Phocylides
466 629 578 662 insuper
594 637 628 655 ex
653 627 740 656 sacris
758 629 860 657 nostris
873 629 1032 664 auctoribus

242 663 350 697 collegit
364 664 475 698 angelos
487 664 573 690 honos
584 672 645 698 esse
659 668 685 690 et
698 664 784 691 malos
793 673 799 697 ;
809 663 934 691 Philemo
941 668 1031 691 autem

242 698 469 734 proscribendum
494 699 702 726 simulacrorum
734 700 855 733 cultum;
883 699 1032 734 Sophocles

243 734 294 760 soli
305 732 364 760 Ιονί
376 734 466 770 omnia
486 739 581 768 sponte
593 734 731 770 advenire,
744 739 838 770 utpote
849 732 897 769 qui
910 732 1032 770 omnium

243 769 279 795 sit
298 768 460 803 principium
485 773 511 795 et
526 770 587 795 linis
599 779 606 802 ;
618 768 743 803 Orpheus
759 768 841 796 unum
857 768 918 797 esse
935 769 1029 800 Deum,

243 812 257 829 a
274 811 328 838 quo
349 806 439 830 omnia
463 810 615 831 moventur.
641 804 775 831 Pindarus
789 813 863 837 vero,
881 805 926 832 ubi
953 812 1032 832 sacro

1081 209 1208 240 modum;
1228 208 1264 234 ita
1274 212 1365 235 tamen
1390 212 1420 234 ut
1435 208 1589 242 praecipuus
1601 207 1655 234 sibi
1673 214 1780 241 scopus
1792 207 1828 232 sit
1843 214 1868 232 ea

1081 244 1172 270 omnia
1184 244 1252 270 citra
1273 243 1425 278 periculum
1441 243 1544 270 chartis
1558 242 1724 278 inscribere.
1743 249 1805 278 quae
1819 249 1868 267 me-

1080 279 1175 305 moria:
1199 276 1284 306 causa
1307 279 1405 305 litteris
1423 278 1552 305 tradenda
1569 281 1645 304 sunt.
1664 276 1694 303 ln
1715 277 1807 303 tribus
1824 283 1867 301 au-

1081 318 1133 340 tem
1149 313 1290 348 Pmdagagi
1306 313 1383 340 libris
1400 313 1473 339 illam
1500 313 1562 339 vitae
1586 312 1796 348 institutionem
1814 317 1829 348 β
1844 318 1868 338 se

1081 348 1158 383 prius
1174 345 1345 383 explanatam
1369 356 1429 375 esse
1442 348 1579 379 declarat,
1596 355 1658 382 quae
1677 356 1693 374 a
1716 345 1867 383 Christiana

1081 381 1195 417 pueritia
1209 381 1216 415 ζ
1233 391 1280 410 seu
1294 383 1429 410 catechesi
1441 404 1448 415 ,
1464 387 1504 409 est
1525 381 1644 410 ineunda
1659 404 1665 413 ,
1685 389 1807 416 qumque
1824 381 1868 408 lida

1082 422 1206 452 augt-tur,
1219 423 1245 445 et
1256 418 1372 444 animam
1384 418 1417 444 ad
1432 427 1441 442 ι
1453 420 1604 452 gitOsticam
1620 428 1630 444 ι
1647 418 1799 444 scientiam
1811 424 1868 450 prat-

1081 457 1160 487 parat
1179 457 1206 479 et
1224 453 1356 488 disponit.
1376 453 1556 486 Quamobrem
1573 461 1635 480 cum
1661 452 1755 479 Graeci
1771 460 1804 478 ex
1823 452 1866 481 bis.

1082 497 1142 522 quae
1170 488 1405 523 dispulabuntur,
1430 488 1574 514 didicerint
1602 495 1686 522 quam
1718 487 1806 521 impie
1819 495 1868 523 je-

1082 521 1142 549 rum
1166 521 1297 550 cultorem
1323 526 1420 550 vexent
1445 527 1472 549 et
1495 521 1685 554 insectentur,
1722 526 1792 548 tunc
1819 521 1869 555 ipse

1081 566 1175 585 eorum
1193 558 1226 586 dc
1238 558 1340 585 Christi
1358 559 1474 585 adventu
1487 559 1672 585 dubitationes
1690 557 1773 584 tollet
1788 561 1815 582 et
1825 558 1870 583 dis-

1083 593 1183 620 sillaliil.
1196 595 1226 619 l".

1109 602 1244 661 pIaIaiialis
1255 635 1347 663 porro,
1361 628 1459 663 inquit,
1469 629 1496 655 in
1515 627 1709 662 superioribus
1727 626 1821 657 libris,
1834 631 1869 652 ta-

1082 663 1117 690 lis
1135 664 1161 690 in
1176 665 1218 691 his
1230 664 1426 698 posterioribus
1442 663 1638 698 componendis
1658 663 1714 689 erit
1733 663 1869 689 scribendi

1083 699 1197 729 modus:
1216 706 1270 734 quo
1284 699 1375 725 omnia
1399 698 1498 725 inistim
1524 703 1552 734 et
1571 698 1698 729 confuse,
1722 698 1793 734 rsine
1819 702 1870 734 arte

1083 737 1109 760 et
1125 734 1230 766 ordine,
1248 738 1329 768 prout
1348 734 1432 761 menti
1446 741 1506 760 sese
1522 733 1682 763 obtulerint,
1699 733 1809 767 ubique
1835 733 1870 758 di-

1084 774 1255 804 spergentur.
1270 779 1278 795 I
1295 769 1326 795 lit
1339 768 1396 795 hac
1417 768 1526 803 quidem
1543 772 1776 803 argumentorum
1793 768 1870 804 carif-

1083 802 1125 831 tas
1148 802 1175 831 et
1189 804 1320 839 seipsnm,
1337 807 1364 831 et
1383 802 1451 830 alios
1468 803 1559 839 qniad
1577 802 1786 838 cognitionem,
1807 802 1870 836 γνὼ-

243 838 340 879 furore.
361 843 514 879 correptus,
531 839 712 879 Deum-vocat
730 840 759 865 τὸ
769 840 850 879 ξένε.
869 840 920 867 hoc
940 839 985 879 ille
999 847 1031 867 ex
1049 850 1069 876 Β
1083 847 1135 879 φιν,
1150 839 1205 879 apti
1220 838 1294 879 sunt,
1308 838 1341 879 ad
1355 847 1386 879 ea
1401 847 1461 879 qua:
1473 838 1525 866 sibi
1542 839 1618 878 utilia
1632 843 1723 879 sunt,_
1736 839 1870 879 laboriose

243 873 313 900 lsaia
325 873 476 904 delloravit,
486 875 556 901 sicut
571 879 597 901 et
615 873 748 901 Hesiodus
760 875 868 902 dillicile
880 879 907 902 et
916 875 1030 902 arduum

243 909 347 935 homini
369 916 430 935 esse
456 917 581 943 suprema
602 910 674 935 illius
690 910 804 936 consilia
821 911 936 937 scrutari
953 910 973 936 ⁹.
993 909 1032 936 Ex

243 943 337 979 Moyse
354 943 435 979 etiam
451 944 522 970 alius
535 952 588 970 non
603 945 729 979 ignobilis
744 950 822 979 poeta
843 945 960 979 sumpsit
972 953 1032 972 mu-

243 979 336 1015 lierem
353 979 379 1015 in
395 978 486 1015 labore
509 983 536 1006 et
558 978 651 1006 dolore
670 978 829 1013 parituram.
859 978 980 1015 Denique
999 988 1032 1007 ex

244 1014 341 1049 iisdem
356 1013 422 1040 rivis
437 1014 574 1047 proﬂuxit,
585 1015 655 1048 quod
671 1014 804 1042 llomerus
815 1015 899 1042 Deum
911 1013 1030 1049 justum,

244 1048 391 1085 Menander
415 1049 525 1080 bonum,
553 1049 700 1085 Aischylus
723 1051 887 1078 altissimum
901 1048 1031 1085 appellat.

244 1083 340 1119 Apollo
367 1087 456 1110 autem
482 1085 574 1119 gloria:
601 1083 648 1112 Dei
662 1093 711 1112 suo
729 1085 762 1112 de
779 1086 898 1112 Minerva
919 1083 1032 1112 oraculo

246 1118 326 1154 125,
333 1119 382 1145 fert
390 1118 582 1146 testimonium.
591 1119 710 1155 Denique
719 1119 865 1148 Tliearides
873 1124 900 1148 et
909 1120 1032 1155 Orpheus

244 1156 396 1191 docuerunt
422 1162 506 1180 unum
530 1163 591 1182 esse
611 1156 785 1190 principium,
803 1160 884 1191 atque
908 1155 1031 1190 Diphilus

245 1189 453 1250 Is'ol't'i'niiapatrcm
479 1191 600 1217 omnium
613 1189 756 1225 perpetuo
773 1189 960 1218 honorandum
981 1191 1029 1218 de-

255 1233 291 1250 llll
349 1245 354 1250 .

255 1225 305 1251 init
324 1225 354 1250 ”.

281 1259 320 1295 Ειι
333 1258 434 1295 quibus
448 1258 648 1295 ita_dispntatis
670 1260 810 1287 concludit
821 1261 946 1288 Clemens
960 1260 1031 1295 opti-

244 1302 288 1321 ma
300 1294 430 1330 iiugcnjar
448 1301 462 1320 a
484 1293 595 1330 Platone
619 1295 652 1322 ad
673 1296 846 1330 disciplinam
863 1296 961 1322 merito
978 1293 1031 1322 Vas«

244 1327 363 1357 suclicri.
381 1327 444 1355 Vult
458 1329 530 1356 enim
551 1330 685 1357 hominem
699 1338 732 1357 ex
745 1327 879 1357 nocturno
890 1330 933 1357 die
946 1329 979 1356 ad
990 1331 1032 1357 lu-

245 1372 304 1391 cem
325 1365 461 1396 converti,
487 1372 518 1390 ac
534 1365 664 1398 paulatim
687 1366 721 1392 ad
743 1366 826 1397 illius,
840 1365 888 1400 qui
901 1373 963 1392 vere
977 1369 1030 1398 est,

244 1400 674 1436 pervenirei’oideriiplationem1
690 1401 717 1426 in
739 1409 794 1434 quo
807 1401 896 1436 posita
911 1404 952 1427 est
967 1408 1031 1427 vera

244 1434 428 1470 philosophia.
442 1434 565 1470 Tametsi
582 1442 645 1462 vero
659 1434 731 1462 Deus
744 1434 825 1463 Pater
841 1439 868 1462 et
886 1435 1031 1462 universo-

244 1478 304 1496 rum
332 1471 444 1496 ellector
467 1469 503 1496 ab
525 1470 653 1497 omnibus
679 1472 813 1498 creaturis
833 1478 882 1505 pro
898 1470 1032 1505 cujusque

243 1505 326 1532 modo
336 1508 362 1531 et
378 1505 482 1531 viribus
496 1510 689 1539 cognoscatur,
706 1513 760 1532 non
774 1513 869 1532 omnes
880 1509 969 1532 tamen
985 1514 1031 1533 ne-

245 1548 296 1575 que
307 1541 332 1566 id
350 1539 423 1574 quod
439 1542 490 1570 est,
503 1547 590 1574 neque
604 1540 740 1574 quomodo
756 1541 898 1572 Dominus,
915 1539 996 1567 Pater
1005 1545 1032 1568 et

244 1576 358 1602 Creator
374 1575 426 1610 sit,
448 1581 536 1608 neque
556 1575 635 1601 aliam
661 1575 782 1603 veritatis
800 1576 1032 1610 dispensationem

245 1614 356 1642 norunt,
369 1609 422 1636 nisi
439 1612 515 1643 prius
531 1610 565 1636 ab
579 1610 625 1636 illo
637 1610 727 1637 edocti
744 1609 886 1638 l'ueriut’“.
899 1611 1032 1643 Quamob-

246 1653 303 1671 rem
318 1645 343 1671 hi
370 1645 415 1679 qui
429 1645 453 1671 ei
469 1644 647 1676 crediderint,
659 1644 768 1672 Patrem
782 1651 808 1672 et
818 1645 932 1678 Filium;
945 1645 1030 1672 Graeci

246 1684 336 1706 autem
353 1679 403 1716 ipsi
421 1687 475 1716 non
493 1680 646 1716 credentes,
665 1681 753 1707 solum
772 1681 928 1708 Creatorem
945 1688 1030 1716 agno-

245 1719 335 1742 scunt.
355 1714 433 1747 Quod
447 1722 529 1749 porro
540 1715 578 1741 illi
595 1723 650 1742 non
661 1715 775 1742 credant
786 1737 793 1748 ,
810 1716 836 1742 id
853 1716 880 1742 in
896 1723 943 1742 eos
956 1714 1031 1750 ipsos

246 1751 292 1784 qui
306 1749 431 1785 libertate
442 1750 555 1783 pollent.
575 1758 629 1776 non
652 1750 679 1776 in
695 1750 789 1782 Deum,
809 1751 855 1785 qui
873 1750 935 1777 mali
948 1749 1031 1778 caiisa

245 1793 301 1811 non
314 1789 366 1817 est,
382 1784 491 1811 refundi
503 1785 582 1812 debet
596 1786 629 1812 ”.
647 1785 729 1812 Miser
740 1784 826 1820 igitur
838 1789 864 1812 et
879 1785 973 1812 infelix
986 1786 1031 1814 ille

246 1824 300 1852 est,
314 1820 360 1853 qui
377 1820 484 1846 veritati
500 1827 554 1846 non
577 1819 664 1847 credit
680 1820 710 1847 ¹³.
727 1819 761 1847 Αἱ
787 1821 811 1848 is
828 1821 874 1855 qui
890 1821 923 1847 ad
938 1829 1030 1848 veram

246 1855 353 1882 accedit
378 1855 550 1889 disciplinam
567 1876 573 1886 ,
587 1855 650 1882 huic
664 1876 671 1887 ,
687 1860 716 1882 ut
731 1855 908 1883 Parmenides
923 1860 949 1882 et
977 1855 1031 1883 Me-

243 1890 374 1917 trodorus
386 1890 471 1921 aiunt,
483 1890 510 1916 in
526 1890 571 1917 Dei
582 1898 726 1925 rerumque
741 1890 894 1918 divinarum
907 1895 1029 1918 contem-

244 1926 365 1959 platione
390 1925 553 1952 versandum
579 1929 632 1952 est.
652 1926 693 1952 Ad
718 1934 781 1952 eum
807 1930 897 1953 autem
922 1933 1030 1960 semper

245 1960 393 1987 ascendere
415 1960 556 1992 debemus,
581 1960 667 1987 donec
689 1961 878 1995 perveniamus
901 1961 934 1987 ad
947 1962 1030 1988 cmic-

245 2000 314 2031 stem
331 1995 504 2027 felicitatem,
524 2003 610 2031 quam
629 1995 796 2031 Pythagoras
823 1996 982 2031 ἀντίχθονα,
1003 2000 1030 2024 et

246 2029 380 2066 Jcrcmias
391 2031 506 2066 electam
523 2029 707 2058 bici'editateiii
720 2029 876 2066 appellavit.

280 2065 417 2092 Hactenus
428 2064 555 2101 Clemens
568 2067 679 2101 seAsatis
692 2064 828 2101 superque
845 2066 1030 2094 demonstras-

244 2108 275 2128 se
292 2101 358 2127 dicit
380 2108 429 2127 cur
443 2099 528 2127 Graeci
557 2108 572 2127 a
599 2099 715 2128 Domino
725 2099 806 2128 Ture—5
823 2101 961 2134 dicuntur,
979 2110 1028 2128 nec

247 2143 277 2171 se
292 2135 399 2162 vellein
422 2136 472 2161 hoc
491 2140 680 2170 argumentum
703 2136 774 2171 quod
792 2137 925 2163 inﬁnitum
949 2137 1028 2171 plane

245 2170 326 2203 foret,
347 2170 424 2204 plura
442 2177 599 2204 congerere.
623 2170 749 2198 Attamen
763 2172 812 2198 sibi
836 2172 923 2198 adhuc
941 2173 975 2198 de
996 2179 1028 2199 c0

1084 873 1245 908 inquirenda
1266 873 1416 901 escitabit.’
1430 874 1523 908 Neque
1545 874 1618 901 enim
1634 874 1697 901 sine
1716 873 1816 900 labore
1832 874 1869 898 ita

1083 910 1203 942 cognitio
1222 909 1374 943 comparari
1395 914 1494 944 potest:

1118 945 1220 979 Duplex
1236 949 1326 971 autem
1353 943 1459 972 ea’cst.
1480 943 1557 970 Prior
1578 943 1650 979 enim
1672 943 1798 979 habetur
1815 950 1870 979 sen-

1083 978 1333 1010 suum'ministerio,
1343 983 1437 1014 estque
1448 986 1509 1006 cum
1522 978 1620 1009 brutis,
1638 982 1697 1004 tum
1714 978 1870 1004 hominibus

1082 1015 1247 1047 communis,
1269 1014 1316 1041 sed
1332 1013 1430 1048 quam,
1450 1014 1540 1048 inquit
1558 1013 1685 1040 Clemens
1699 1032 1707 1044 ,
1730 1021 1869 1046 nunquam

1083 1049 1265 1084 cognitionem
1281 1049 1483 1084 appellaverim.
1508 1048 1647 1075 Posterior
1671 1053 1816 1084 meranest
1831 1056 1870 1073 ra-

1083 1082 1193 1111 tionalis
1222 1082 1465 1119 aninncoperatio,
1482 1091 1535 1119 qua
1562 1083 1666 1118 aliquid
1690 1082 1869 1118 intelligentia

1082 1120 1321 1154 apprehendimus.

1140 1155 1278 1189 riusquam
1302 1162 1367 1182 vero
1389 1153 1421 1181 ad
1443 1157 1631 1190 argumentum
1651 1161 1733 1190 suum
1752 1155 1869 1190 tractari-

1082 1189 1146 1217 dum
1158 1188 1283 1216 Clemens
1297 1188 1519 1224 aggrediatnrﬁaa
1531 1189 1599 1215 dicit
1613 1196 1674 1216 esse
1690 1188 1867 1217 absolvenda,

1082 1225 1115 1251 de
1131 1225 1231 1258 quibus
1248 1225 1281 1251 ad
1298 1226 1399 1252 calcem
1413 1225 1472 1252 libri
1486 1224 1585 1258 quinti,
1604 1232 1652 1251 seu
1668 1224 1703 1250 de
1719 1224 1869 1259 symbolim

1082 1259 1189 1286 dicendi
1206 1267 1321 1294 genere,
1349 1263 1404 1286 tam
1426 1267 1441 1285 a
1460 1259 1561 1286 Grzccis
1583 1266 1666 1293 quam
1689 1258 1869 1294 ab'Hebmis

1083 1293 1223 1329 usurpato.
1237 1295 1405 1322 disseruerat
1415 1295 1446 1320 ”.
1456 1294 1556 1321 Verum
1569 1295 1621 1320 hoc
1634 1295 1660 1320 in
1675 1293 1750 1320 aliud
1765 1299 1868 1329 tempus

1082 1328 1171 1356 adhuc
1186 1329 1280 1360 dilato,
1291 1329 1345 1362 jam
1358 1330 1526 1364 probandum
1538 1330 1564 1356 in
1578 1337 1608 1356 se
1620 1329 1736 1363 suseipit
1761 1328 1869 1364 Graecos

1102 1365 1128 1390 ui
1141 1365 1269 1399 plurima,
1286 1365 1323 1391 uti
1336 1363 1550 1391 deinonstratum
1563 1368 1605 1391 est
1618 1384 1625 1395 ,
1641 1372 1674 1390 ex
1691 1364 1798 1390 nostris
1812 1363 1869 1390 sul-

1102 1373 1128 1390 ui
1141 1373 1269 1399 plurima,
1286 1373 1323 1391 uti
1336 1373 1550 1391 demonstratum
1563 1373 1605 1391 es:
1618 1384 1625 1395 ,
1641 1373 1674 1390 ex
1691 1373 1798 1390 nostris
1812 1373 1869 1390 Slll-

1082 1373 1163 1426 gurati
1175 1403 1249 1430 sunt,
1261 1399 1325 1426 furti
1343 1407 1450 1434 quoqtle
1462 1400 1488 1426 in
1503 1407 1531 1427 se
1545 1399 1662 1425 invicem
1678 1399 1795 1425 admissi
1811 1406 1870 1425 esse

1082 1443 1153 1462 reos.
1170 1435 1290 1461 Primum
1303 1433 1393 1469 itaque
1408 1433 1521 1461 missum
1538 1434 1603 1460 illud
1621 1433 1698 1465 facit,
1711 1434 1787 1468 quod
1801 1436 1870 1467 apud

1082 1470 1143 1497 illos
1161 1470 1187 1496 in
1211 1469 1338 1496 confesso
1360 1473 1434 1500 erat,
1456 1471 1592 1496 variarum
1617 1473 1758 1495 sectarum
1784 1469 1871 1502 philo—

1083 1505 1183 1539 sophos
1202 1512 1234 1531 ex
1249 1504 1360 1531 Socrate
1375 1505 1510 1539 przecipua
1528 1503 1692 1531 delibavisse
1708 1511 1758 1530 sua
1774 1504 1871 1538 placita

1044 1528 1066 1557 (ἶ
1082 1528 1248 1566 etrdecreta.
1269 1528 1638 1566 Deinderceleberrimorum
1663 1539 1735 1573 apud
1761 1528 1871 1564 (Enetos

1083 1579 1224 1601 auctorum
1242 1582 1274 1600 cx
1288 1575 1345 1601 suis
1365 1575 1457 1601 itidem
1478 1574 1579 1601 Greeeis
1598 1574 1671 1599 furta
1685 1579 1713 1600 et
1728 1574 1871 1599 latrocinia

1082 1610 1215 1644 aperit”;
1232 1608 1340 1636 Homeri
1353 1617 1385 1636 ex
1401 1609 1510 1643 Orpheo
1525 1613 1551 1636 et
1562 1608 1679 1644 Musaeo;
1700 1609 1870 1644 Archilochi.

1082 1643 1203 1674 Cratini,
1223 1644 1358 1679 Euripidis
1378 1652 1410 1671 ex
1435 1644 1567 1676 Homero;
1590 1643 1731 1679 Euripidis
1747 1643 1871 1679 exi£s-

1081 1679 1171 1714 chylo,
1195 1678 1362 1714 Theognidc,
1378 1679 1558 1714 Epicharmo;
1575 1678 1721 1713 Sophoclis
1737 1686 1771 1705 ex
1792 1678 1870 1704 Euri-

1083 1688 1171 1740 ειιῖιο,
1200 1688 1209 1705 ι
1220 1688 1362 1714 neogmae,
1378 1688 1558 1714 npicnarmo;
1575 1688 1721 1713 oopnocns
1737 1688 1771 1705 ex
1794 1688 1870 1704 Lull-

1083 1715 1161 1750 pite;
1185 1714 1360 1750 Theognidis.
1378 1714 1556 1750 Thucydidis,
1583 1714 1691 1750 Philisti
1705 1721 1739 1740 ex
1755 1714 1871 1750 Solone;

1081 1747 1173 1776 Critia:
1188 1758 1221 1776 ex
1241 1749 1384 1784 Euripide,
1400 1747 1564 1784 Pherecvdis
1584 1757 1617 1776 ex
1635 1747 1775 1778 Homero,
1794 1749 1872 1774 Eun-

1082 1784 1207 1819 pidisque
1221 1793 1253 1811 ex
1269 1783 1363 1812 eodem
1380 1783 1510 1812 l‘lonicro,
1521 1783 1619 1811 Postea
1633 1791 1700 1810 vero
1718 1793 1727 1808 ‹
1743 1784 1847 1809 furtiva
1862 1793 1869 1807 ι

1082 1827 1175 1846 eorum
1188 1839 1194 1851 ,
1210 1820 1256 1854 qui
1279 1829 1288 1844 ι
1302 1819 1383 1846 simul
1399 1819 1564 1850 ﬂoruerunt,
1579 1823 1626 1844 aut
1648 1826 1742 1845 secum
1761 1826 1873 1845 concer-

1082 1859 1184 1885 tarunt,
1203 1864 1211 1880 I
1230 1855 1289 1882 loca
1304 1856 1374 1881 inter
1391 1863 1420 1882 se
1441 1857 1580 1888 comparat
1594 1857 1620 1880 et
1636 1855 1782 1887 componit
1801 1864 1807 1879 :
1824 1854 1872 1879 So-

1082 1890 1189 1923 phoclis
1208 1897 1268 1916 cum
1287 1889 1424 1923 Euripide.
1443 1889 1548 1916 Eumoli
1566 1896 1627 1915 cum
1656 1888 1771 1919 Solone,
1800 1888 1874 1914 Euri-

1082 1922 1154 1959 pidis
1170 1933 1231 1951 cum
1248 1922 1380 1951 Homero.
1399 1924 1565 1958 'l‘heognidis
1581 1922 1782 1959 cum_Panyasi
1793 1944 1801 1953 ,
1819 1923 1871 1949 Hc-

1081 1957 1152 1994 siodi
1176 1967 1254 1994 cum,
1266 1959 1412 1994 Euripide,
1434 1957 1612 1994 ejusdemque
1629 1957 1789 1994 Euripidis
1812 1967 1872 1986 cum

1081 1993 1215 2023 Homero.
1239 1993 1413 2021 Calliae’cum
1437 1994 1605 2024 Menandro,
1621 1993 1786 2021 Antiuiachi
1809 2002 1871 2021 cum

1080 2029 1177 2063 Augia,
1194 2029 1304 2056 Hesiodi
1320 2037 1381 2057 cum
1399 2029 1549 2060 Simonide,
1567 2029 1727 2063 Epicharmi
1742 2036 1808 2055 cum
1831 2028 1873 2054 Di-

1082 2064 1155 2098 philo
1176 2069 1202 2092 et
1226 2064 1353 2095 Platone,
1373 2064 1509 2098 Euripidis
1523 2071 1585 2091 cum
1612 2063 1722 2098 Diphilo
1735 2072 1770 2090 ac
1786 2063 1873 2090 Theo-

1080 2097 1168 2135 ilecte,
1183 2099 1354 2135 Bacchylidis
1369 2097 1800 2135 cumilllosehione,Theognidis
1813 2106 1872 2125 cum

1080 2134 1271 2169 Aristophane,
1287 2142 1318 2161 ac
1334 2135 1441 2161 tandem
1457 2134 1638 2161 Anacreontis
1651 2141 1716 2160 cum
1731 2135 1871 2168 Euripide.

1081 2169 1119 2196 Ne
1135 2174 1225 2196 autem
1242 2170 1348 2204 longius
1370 2177 1419 2196 sua
1441 2170 1623 2204 protrahatur:
1633 2171 1725 2195 oratio
1737 2189 1744 2200 ,
1775 2173 1872 2196 testem

246 2203 355 2240 aliquid
363 2203 520 2232 necessario
535 2206 785 2240 perstringendum,
801 2207 847 2234 ubi
869 2207 896 2232 in
911 2206 1027 2233 medium
1045 2211 1066 2238 1)
1080 2204 1206 2240 Clemens
1231 2203 1299 2230 citat
1321 2203 1462 2239 Hippiam,
1480 2205 1527 2239 qui
1546 2204 1580 2230 de
1604 2203 1765 2231 Graecorum
1794 2207 1873 2231 [urtts

245 2240 414 2275 proferenda:
427 2244 508 2266 erunt
533 2241 689 2267 corumdem
707 2241 861 2268 Grmcorum
879 2241 912 2268 de
927 2242 1028 2275 princi-

246 2274 299 2309 piis
314 2275 496 2311 opiniones".
512 2274 594 2302 Addit
614 2276 731 2310 denique
751 2285 783 2303 ex
804 2277 860 2311 jam
881 2274 963 2303 dictis
976 2278 1030 2303 eol-

245 2311 302 2343 ligi,
315 2309 485 2346 ctqnomodo
494 2318 588 2346 eorum
602 2311 662 2337 libri
674 2309 778 2346 legendi
789 2309 854 2342 sint,
863 2315 1028 2346 etquantum

245 2349 348 2372 aeterna
369 2344 606 2382 Deibeneﬁcentia
619 2350 645 2373 et
658 2344 766 2382 jus—tilia
781 2344 913 2374 omnibus
923 2347 1030 2382 perspi-

245 2387 297 2407 Cua
311 2383 337 2407 et
353 2380 500 2408 manifesta
513 2381 607 2408 fuerit.

498 2436 696 2465 ARTICULUS
723 2437 768 2466 Vl.

462 2492 587 2528 Analysis
625 2494 687 2521 libri
724 2494 801 2522 sexti.

280 2548 404 2586 Hujusre‘
416 2551 555 2584 sequentis
567 2550 627 2577 libri
640 2556 828 2584 argumentum
839 2551 964 2579 Clemens
975 2552 1032 2586 pri-

245 2591 319 2610 mum
326 2584 441 2622 quidem
455 2587 620 2622 proponitac
632 2586 752 2613 declarat
764 2587 822 2613 fore
834 2592 873 2619 ut,
886 2584 1029 2622 postquam

246 2619 376 2656 moralem
396 2618 566 2656 disciplinam
584 2624 609 2647 et
623 2621 684 2648 vita:
701 2630 710 2646 ‹
726 2618 1029 2656 gnosticmi'rationem

245 2654 495 2691 atque_institutum
510 2655 702 2690 descripserit,
719 2654 783 2683 tunc
798 2660 855 2691 ipse
871 2662 964 2684 contra
977 2657 1027 2683 lal-

246 2687 303 2715 sani
315 2687 546 2726 philosophorum
568 2687 724 2725 opinionem
751 2687 829 2726 plane
855 2691 1026 2719 demonstret

245 2731 300 2751 non
317 2724 397 2751 modo
413 2732 468 2751 non
484 2724 595 2759 impium
608 2745 614 2757 ,
634 2727 680 2753 sed
696 2724 759 2754 vere
779 2727 853 2762 pium
876 2734 937 2754 esse
958 2727 1025 2763 θρη-

278 2806 292 2821 ·ι
307 2814 334 2842 ρ.
349 2806 411 2843 eos,
427 2806 490 2836 606.
527 2808 538 2823 ν
553 2809 650 2843 p.607.

249 2810 411 2857 ..ἶνέέἱυδν
423 2810 578 2857 Ξθξλρῖονε
589 2810 652 2857 ίξίέ⁷;
679 2810 741 2857 ;.ε-
758 2810 820 2857 διὲκ
839 2810 906 2857 δρὲξ
938 2812 957 2857 ,³

283 2850 309 2877 p.
321 2842 382 2870 6l7.
423 2843 444 2859 "
456 2851 483 2879 p.
498 2842 559 2871 618.

600 2845 621 2860 ιθ
636 2852 663 2880 p.
679 2845 741 2874 618.
782 2847 801 2862 ¹⁷
815 2854 840 2882 p.
855 2847 906 2874 6l9
921 2851 947 2875 et
961 2845 1020 2883 seq.

973 2819 1000 2846 p.
1018 2812 1081 2840 6l0.
1135 2814 1156 2828 ὀ

1083 2239 1190 2266 abunde
1207 2239 1395 2273 disputavit“.

1118 2274 1217 2301 Verum
1234 2279 1263 2300 ut
1277 2275 1376 2301 similia
1392 2273 1614 2309 philosophorum
1632 2278 1661 2301 et
1675 2274 1872 2301 historicorum

1083 2309 1154 2335 furta
1177 2317 1311 2343 paresque
1335 2309 1541 2344 eompilationes
1562 2309 1750 2344 patefaceret,
1777 2316 1873 2336 rurSus

1083 2344 1129 2371 ille
1148 2345 1317 2379 componit”
1334 2345 1514 2371 Alcmzeonem
1532 2353 1594 2371 cum
1619 2344 1759 2379 Sophocle
1777 2350 1806 2371 et
1821 2344 1872 2370 Xe-

1084 2378 1219 2414 nophone,
1243 2378 1400 2413 Euripidem
1413 2386 1475 2405 cum
1489 2379 1634 2410 Archelao,
1651 2378 1795 2414 Orpheum
1812 2387 1871 2406 cum

1086 2413 1238 2445 Heraclito,
1266 2414 1409 2449 Athamam
1431 2421 1493 2440 cum
1522 2413 1704 2449 Empedocle,
1732 2414 1871 2441 Platonem

1084 2457 1146 2475 Cllm
1167 2449 1329 2479 Menandro.
1347 2448 1504 2484 Euripidem
1520 2448 1582 2476 cuni
1599 2449 1749 2484 Hyperide.
1772 2450 1872 2476 lsncra—

1084 2488 1138 2519 tem
1161 2491 1222 2510 cum
1239 2484 1394 2513 Andocide,
1415 2484 1597 2519 Theognidem
1612 2493 1676 2511 cum
1693 2484 1830 2519 Hyperide
1844 2489 1870 2510 et

1085 2518 1213 2553 Euripide
1224 2539 1231 2549 ,
1244 2519 1395 2554 rStasinum
1412 2526 1473 2545 cum
1487 2518 1670 2554 Xenophonte
1680 2541 1688 2551 ,
1706 2518 1869 2554 Sophoclem

1084 2561 1145 2580 eum
1162 2553 1530 2590 llerodoto,_Theopompum
1547 2562 1609 2580 cum
1627 2553 1782 2590 Sophocle,
1794 2555 1869 2580 Anti-

1084 2561 1145 2580 eum
1162 2561 1311 2585 Iterouoto,
1331 2561 1530 2615 tneopompum
1547 2562 1609 2580 cum
1627 2561 1782 2590 bopnocle,
1794 2561 1869 2580 Anu-

1083 2589 1199 2624 phancm
1211 2597 1285 2624 rcum
1312 2588 1440 2621 Platone,
1491 2590 1654 2624 hucydidem
1686 2598 1749 2617 cum
1776 2590 1869 2616 Demo-

1083 2623 1189 2659 sthene.
1201 2623 1341 2650 Cratinum
1356 2631 1417 2650 eum
1432 2623 1580 2656 Andocide,
1594 2624 1679 2659 Lysia
1694 2631 1720 2652 et
1729 2625 1868 2652 1£scbine.

1081 2657 1151 2690 Quid
1167 2659 1261 2692 plura?
1283 2658 1351 2685 Cum
1370 2658 1478 2686 Philino
1489 2657 1632 2686 contendit
1647 2659 1867 2688 Demosthenem,

1081 2693 1226 2730 [socraten]
1251 2693 1419 2730 cuiirLycia,
1435 2702 1497 2721 cum
1516 2693 1696 2730 Theopompo
1711 2694 1868 2730 Homerum,

1079 2727 1219 2756 Chilonem
1235 2736 1298 2755 cum
1313 2727 1476 2763 Epicharmo
1488 2749 1496 2761 ,
1516 2727 1714 2764 Hippocratem
1731 2738 1792 2757 cum
1813 2729 1867 2756 Eu-

1170 2821 1196 2848 p.
1215 2813 1277 2840 6H.
1333 2814 1351 2829 ”
1368 2822 1392 2849 p.
1410 2813 1472 2840 612.
1524 2815 1545 2830 ⁸⁸
1560 2822 1587 2848 p.
1604 2814 1668 2843 6l3.

1726 2815 1747 2831 ’³
1762 2822 1789 2849 p.
1805 2812 1865 2840 διε.

1060 2849 1081 2864 ¹⁸
1092 2856 1118 2883 p.
1132 2848 1181 2876 02l
1202 2853 1226 2876 et
1243 2857 1301 2884 seq.
1343 2850 1364 2864 "
1377 2857 1404 2885 p.
1420 2849 1472 2877 6⁸24
1485 2853 1511 2877 et
1524 2857 1582 2885 seq.
