1924 3072
239 164 308 193 1019

574 163 606 190 ΙΝ
620 162 834 191 CLEMENTEM
853 162 957 189 ALEX.
979 161 1010 189 D.
1033 161 1076 189 LE
1096 159 1238 189 NOUliRY
1260 159 1485 188 DlSSERTATlO
1501 158 1533 187 ll.

1792 156 1858 185 10Ξο

238 229 282 250 ea.
301 227 360 254 qua:
384 219 489 246 Domini
514 225 586 253 sunt,
601 227 697 247 curare
712 219 819 246 dixerit.
837 219 903 246 Nam
921 219 1020 253 conju-
1035 222 1054 250 Α
1071 219 1217 248 similatur,
1232 218 1379 245 Cassianus
1393 217 1602 254 phantasticum,
1614 214 1740 254 Marcion
1755 223 1819 242 vero
1831 221 1857 242 et

238 263 286 291 ges
302 256 383 282 etiam
396 255 428 281 de
443 255 632 291 rebusdivinis
648 255 757 291 solliciti
770 262 831 281 esse
845 258 872 282 et
889 254 944 281 Deo
961 255 1018 289 pla-

237 297 301 318 cere
317 293 442 325 possunt.
460 290 492 316 At
509 290 544 316 ibi
555 290 682 316 observat
692 290 817 316 Clemens
831 297 917 325 quam
926 297 1019 317 severe

239 324 475 359 idem’Apostolus
491 332 538 352 eos
551 324 691 359 corripiat,
707 325 753 359 qui
768 324 802 351 ad
819 324 952 355 secundas
968 332 1018 351 nu-

239 360 312 395 ptias
329 363 393 387 sunt
405 359 537 395 proclives
548 359 581 387 7’.

278 394 383 421 Ultimae
403 394 511 421 tandem
537 393 694 421 eorumdem
729 393 917 428 haereticorum
941 393 1018 428 obje-

239 429 346 457 ctiones
360 428 423 456 inde
441 429 531 463 petita
548 433 638 459 erant,
656 433 684 456 et
701 429 764 463 quia
781 427 865 455 Judaai
877 436 892 454 a
908 427 1019 456 Christo

239 463 355 491 Domino
373 470 455 498 prava
479 467 506 490 et
529 463 652 492 adultera
677 463 819 498 generatio
836 463 1017 498 appellantur,

239 503 266 525 et
281 499 346 533 quia
363 498 386 526 is
406 499 452 533 qui
469 506 580 525 uxorem
596 497 713 525 duxerat
728 497 761 524 ad
777 498 897 524 divinam
915 505 1018 524 coenam

239 534 331 561 venire
347 534 520 560 recusaverit.
541 533 691 568 Utrumun
707 537 796 559 autem
813 537 910 559 auctor
927 537 1020 568 noster

239 568 320 596 facile
338 567 427 594 diluit.
445 568 572 595 Christus
586 566 658 595 enini
677 566 786 594 Judzeos
802 567 844 594 his
858 567 948 594 verbis
960 567 1019 594 ideo

238 606 293 629 tam
310 602 378 629 dure
392 603 529 637 objurgat,
545 603 608 637 quia
634 603 651 629 ii
675 603 810 637 seniorum
835 603 1018 633 traditionem,

237 636 438 678 praeceptaque"
455 636 598 678 hominum
620 642 774 678 sequentes,
788 636 908 678 divinam
935 638 1019 671 legent

239 671 404 707 virginitatis
423 671 520 699 ducem
536 671 736 699 adulterabant.
755 672 794 698 Ad
812 672 921 707 nuptias
940 680 1020 706 porro

222 709 228 717 '
239 706 359 734 hominis
382 707 487 734 invitati
510 707 620 734 nomine
636 710 662 733 et
679 707 808 741 parabola
826 707 876 734 hos
893 706 1020 734 Christus

239 741 373 777 increpat,
385 742 432 776 qui
449 746 559 777 propter
575 742 731 776 voluptates
743 741 954 777 renuebantDei
973 741 1021 768 ob-

239 776 395 811 temperare
409 776 554 808 mandatis,
571 777 669 811 quibus
683 777 814 810 conjuges
839 776 908 803 haud
925 777 1021 803 dittici-

239 810 304 838 liter
316 810 476 838 satisfacere
487 810 599 846 possunt
607 811 641 838 ⁸⁸.
655 811 733 843 Quod
743 811 862 846 denique
877 811 1020 838 Psalmista

239 846 352 873 cecinit;
363 855 371 871 ‹
385 847 533 873 lnveteravi
549 847 620 873 inter
633 853 726 872 onmes
742 846 866 873 inimicos
883 853 958 873 meos
967 846 1017 878 διν

238 880 365 916 Clemens
382 881 419 907 ait
436 888 490 907 non
503 881 546 916 rad
562 881 777 916 generationem,
794 882 833 908 uti
850 881 919 908 falso
935 881 1021 908 hzere-

240 915 288 942 tici
305 916 446 951 putabant,
463 915 511 942 sed
532 912 575 942 ad'
595 921 743 949 peccatum,
771 920 832 950 puta
862 916 1019 951 fornicatio-
1035 912 1057 939 Β

239 950 314 1011 plent,
340 951 452 978 minime
465 957 532 977 vero
546 951 680 986 legitimas
698 951 806 985 nuptias
822 958 882 979 esse
899 950 1020 978 referen—

261 992 316 1011 um.

261 992 316 1012 um.

276 1020 409 1052 Quoniam
427 1023 517 1046 autem
533 1019 668 1050 Cassiani,
693 1019 853 1046 Docelarum
877 1020 1020 1047 hmretico-

240 1061 301 1081 rum
319 1055 462 1090 principis,
480 1054 550 1081 idem
572 1062 604 1081 ac
634 1055 740 1081 Tatiani
757 1054 791 1082 de
808 1055 878 1081 mala
903 1055 1020 1082 hominis

240 1089 416 1125 generatione
432 1097 510 1117 error
519 1094 588 1125 erat,
600 1090 750 1124 eademque
766 1094 795 1116 ut
813 1091 959 1125 plurimum
976 1091 1021 1116 im-

239 1124 292 1158 pia:
307 1125 444 1159 opinionis
461 1124 647 1155 fundamenta,
667 1125 723 1151 hare
745 1124 871 1152 Clemens
886 1125 941 1159 jam
959 1132 974 1151 a
992 1132 1021 1151 se

241 1159 364 1187 Iunditus
384 1166 477 1186 eversa
495 1167 556 1186 esse
571 1160 680 1187 asserit.
697 1159 877 1192 Quamobrem
909 1159 942 1186 ad
968 1159 1020 1185 alia

240 1201 295 1221 non
315 1195 404 1221 minus
428 1195 530 1221 caduca
554 1194 675 1227 ejusdem
700 1195 825 1222 Cassiani
851 1195 1021 1221 firmamenta

240 1229 367 1264 similiter
382 1228 515 1256 diruenda
536 1230 647 1264 propius
665 1230 778 1256 accedit.
797 1229 867 1262 Quid
897 1230 969 1256 enim
987 1230 1019 1256 ad

240 1263 338 1291 falsam
361 1264 434 1291 illius
450 1263 604 1298 opinionem
620 1264 810 1291 stabiliendatn
827 1264 914 1298 magis
932 1264 1018 1295 futile,

238 1305 321 1332 quam
353 1299 409 1326 haec
435 1299 541 1333 objecta
569 1299 604 1326 ab
628 1307 671 1330 eo,
702 1299 740 1325 uti
768 1299 898 1333 jactahat,
915 1299 1018 1326 Christi

239 1333 322 1360 verba
339 1341 345 1359 :
367 1343 375 1359 ι
387 1333 502 1366 Quando
519 1334 631 1368 pudoris
648 1334 835 1361 indumentum
854 1334 1018 1360 conciliare.

239 1368 310 1400 ritis,
326 1372 353 1396 et
369 1368 423 1396 duo
450 1369 522 1395 facta
548 1369 649 1396 fuerint
667 1377 760 1401 llttlltll,
780 1370 918 1395 masculus
935 1373 961 1395 et
978 1369 1018 1395 fe-

239 1403 345 1429 mina?)
374 1403 481 1430 Etenim
497 1403 623 1431 Clemens
644 1405 775 1431 continuo
799 1404 944 1438 respondet
962 1404 1018 1430 bare

239 1444 328 1473 neque
351 1438 378 1465 in
402 1443 519 1473 quatuor
537 1439 640 1466 nostris
664 1439 828 1472 Evangeliis,
855 1439 901 1465 sed
930 1438 1017 1469 ineo,

238 1472 313 1506 quod
329 1472 478 1501 secundum
494 1472 638 1509 [Egyptios
655 1474 817 1508 inscriptum
839 1478 908 1503 erat,
926 1481 1021 1500 oet-ur-

240 1514 315 1540 rere;
332 1512 413 1542 atque
429 1509 542 1535 masculi
566 1510 698 1536 vocabulo
721 1510 800 1540 iram,
829 1509 935 1535 femina:
955 1516 1021 1535 vero

237 1542 414 1576 cupiditatem
431 1542 579 1577 designari.

274 1577 352 1610 Quod
370 1583 459 1604 autem
472 1578 586 1605 addebat
596 1579 745 1606 Cassianus
760 1578 878 1605 animam
894 1578 927 1605 ab
941 1578 1018 1605 initio
1031 1581 1053 1611 (ς

239 1611 371 1648 divinam,
386 1614 439 1648 huc
454 1612 636 1640 eﬂeminatam
659 1614 693 1640 ad
716 1615 918 1648 generationem
936 1618 962 1640 et
977 1614 1019 1640 iu-

238 1647 350 1674 teritum
372 1647 481 1678 venire,
510 1648 537 1675 id
560 1647 685 1675 Clemens
708 1649 790 1675 nimis
809 1648 978 1674 Platonicum
992 1656 1024 1676 ac

239 1681 319 1718 plane
328 1690 472 1718 ert-oneum
479 1690 541 1709 esse
556 1682 723 1710 demonstrat
732 1684 764 1710 ⁸³.
775 1683 914 1716 Quodnam
924 1683 1023 1718 quippe

240 1716 323 1752 fuerit
337 1717 467 1751 primum,
483 1718 563 1751 cujus
576 1718 683 1745 delendi
699 1718 785 1752 gratia
800 1716 1023 1745 Christus'lioino

240 1751 386 1788 factusest
397 1771 405 1782 ,
422 1752 486 1779 Adae
510 1757 651 1786 peccatum
662 1773 669 1785 ,
688 1751 716 1780 et
730 1753 796 1788 quid
819 1753 889 1787 apud
909 1752 1022 1779 Paulum

239 1786 419 1825 yetushomo‘
433 1787 584 1825 ‘signiticet,
602 1795 634 1815 ac
650 1795 699 1825 cur
717 1786 825 1825 tandem
836 1786 887 1825 :ille
903 1791 1024 1825 nostram

240 1820 271 1857 i_n
284 1821 362 1857 caelis
377 1820 572 1850 habitationem
586 1830 647 1850 esse
662 1823 752 1855 dicat,
770 1823 887 1850 breviter
900 1823 1021 1857 exponit.

239 1854 388 1882 Pollicetur
413 1857 531 1890 denique
548 1865 578 1884 se
594 1858 658 1885 alibi
670 1854 765 1884 contra
782 1857 878 1884 falsam
902 1854 1022 1891 ejusdem

240 1891 369 1927 Cassiani
377 1890 629 1925 interpretationem
639 1894 826 1927 expositurum
838 1900 897 1927 qua:
914 1890 947 1920 sit
961 1901 1024 1919 vera

240 1925 418 1960 pellicearum
433 1926 497 1954 Adae
506 1931 532 1954 et
547 1927 607 1954 Eva:
625 1925 777 1955 tunicarum
790 1925 962 1960 signiﬁcatio.
981 1928 1024 1954 ln—

240 1964 314 2000 tefea
334 1969 399 1988 vero
416 1961 461 1988 ille
470 1962 550 2000 quod
567 1962 671 2000 Paulus
685 1967 794 2000 propter
819 1961 1025 2000 fornicationem

238 1995 317 2030 jubet
334 2004 446 2024 uxorein
459 1995 538 2029 duci,
555 1997 628 2032 quod
642 1995 770 2026 Christus
785 2005 847 2024 eum
860 2017 867 2029 ,
886 1999 933 2032 qui
957 2005 1026 2024 uxo-

240 2037 298 2057 rem
312 2035 340 2058 et
350 2031 420 2067 [ilics
437 2039 499 2067 Anon
528 2031 636 2064 oderit,
666 2033 829 2067 discipulum
860 2031 939 2059 suum
965 2040 1027 2059 esse

240 2069 333 2100 negat,
347 2066 420 2101 quod
435 2065 521 2101 Isaias
533 2068 667 2095 eunuchis
681 2076 695 2094 a
709 2065 823 2094 Domino
847 2067 949 2094 dictum
964 2075 1027 2094 esse

240 2102 336 2133 relert,
353 2101 427 2138 quod
440 2100 574 2138 Ieremias
593 2106 674 2138 atque
690 2102 790 2130 Esdras
808 2102 862 2130 diei
876 2103 1027 2129 nativitatis

240 2143 298 2162 sua:
312 2136 382 2172 male
396 2140 551 2170 precantur,
568 2136 676 2170 horum,
688 2138 809 2172 inquam,
828 2138 949 2164 omnium
962 2145 1027 2164 con-

240 2174 285 2197 lra
311 2171 453 2208 haereticas
484 2172 669 2208 cavillationes
701 2171 796 2201 verum
825 2173 1027 2208 genuinunique

241 2213 354 2233 sensum
371 2207 497 2233 enucleat
511 2207 545 2233 ⁸³.

1072 254 1232 281 Valentinus
1250 253 1366 280 animale
1381 250 1481 286 corpus
1495 251 1528 278 al)
1540 250 1635 278 eodem
1650 250 1858 286 Christoraeee-

1069 293 1145 324 ptum
1172 296 1232 316 esse
1261 285 1438 324 inferebant;
1463 286 1574 313 Frustra
1585 286 1667 313 etiam
1699 285 1857 320 garriebat

1069 322 1215 353 Adamnm.
1239 323 1292 350 nisi
1310 322 1446 349 diabolico
1459 327 1603 356 persuasu,
1618 328 1681 346 eum
1699 327 1788 356 uxore
1809 327 1856 346 sua

1069 366 1210 392 nunquam
1222 355 1470 387 commiscendum,
1488 364 1519 383 ac
1536 355 1649 392 juvenili
1666 355 1770 381 ardore
1784 361 1855 392 ante-

1070 390 1185 420 vertisse
1201 397 1272 420 stata
1301 392 1344 420 sui
1361 400 1421 419 cum
1436 392 1481 418 illa
1506 390 1668 418 concubitus
1684 394 1812 425 tempora
1823 390 1854 416 ".

1071 429 1216 455 Enimvero
1239 428 1296 454 haec
1311 427 1381 454 male
1399 427 1460 453 licta
1485 434 1517 453 ac
1534 433 1676 460 perperam
1701 424 1855 458 excogitata

1069 463 1218 490 errantium
1246 462 1386 489 hominum
1402 459 1553 488 commenta
1573 468 1627 487 non
1649 459 1854 494 impediebant,

1070 498 1216 532 quominus
1231 497 1302 524 bona
1326 497 1361 523 sit
1377 497 1525 531 generatio,
1539 502 1679 532 perquam
1697 502 1753 521 non
1771 495 1856 532 solum

1071 529 1207 559 mundana
1240 532 1331 559 omnia
1363 529 1613 562 consistunt,’sedi
1627 531 1746 565 ipsemet
1775 529 1855 556 etiam

1070 568 1197 595 Christus
1223 567 1388 598 humanum,
1407 574 1462 594 non
1489 570 1578 593 tamen
1594 565 1744 600 pulchrum
1757 571 1858 599 corpus

1071 603 1229 637 assumpsit.

1106 635 1294 671 Non—amplius
1308 637 1398 672 itaque
1414 643 1461 663 eos
1474 635 1599 672 Clemens
1616 638 1791 672 censetAesse
1812 641 1858 660 au-

1071 668 1238 706 diendosqtii
1249 668 1382 706 objiciunt
1391 672 1462 698 hunc
1477 671 1649 706 concubitum
1667 670 1695 696 in
1714 668 1858 706 Scriptura

1071 715 1150 734 sacra
1172 704 1302 741 appellari
1331 717 1339 732 ι
1359 706 1556 741 cognitionem,
1574 715 1582 730 ι
1612 705 1645 731 id'
1670 709 1714 732 est
1737 704 1859 741 mandati

1072 739 1334 777 transgressionem;
1351 749 1382 768 ac
1395 739 1512 776 proinde
1538 747 1598 767 esse
1614 743 1770 777 peecatum.
1791 739 1858 777 Nam

1072 778 1123 804 hoc
1136 775 1298 804 vocabulum
1325 777 1448 803 notitiam
1464 783 1571 810 quoque
1588 775 1712 810 veritatis
1723 794 1736 810 ,ί
1749 781 1803 801 nec
1819 775 1859 800 in-

1072 812 1230 847 fringendas
1241 820 1303 839 esse
1327 811 1446 845 conjugii
1464 809 1536 845 leges
1547 809 1705 847 rsigniftcat.
1721 809 1858 836 Caeterum

1071 844 1177 875 etiamsi
1203 847 1351 882 Apostolus
1368 844 1606 882 earnem,’animae
1630 844 1791 882 inimicam,
1818 851 1859 870 re-

1072 890 1154 917 gnum
1173 882 1219 909 Dei
1228 879 1378 917 'pOssidere
1393 889 1446 908 non
1471 887 1551 917 posse
1572 879 1680 917 dixerit,
1694 883 1805 906 certum
1819 883 1859 917 ta-

1072 914 1134 944 men
1147 921 1189 945 est
1204 914 1315 944 saiiatas
1339 917 1422 944 fuisse
1438 923 1453 942 a
1468 915 1577 942 Christo
1590 914 1682 941 carnis
1698 918 1804 941 nostra:
1819 914 1859 940 in-

1073 952 1225 986 ﬁrmitates,
1242 955 1323 986 atque
1338 951 1472 978 hominem
1484 950 1615 986 idcirco,
1633 950 1656 986 si_
1672 953 1781 986 “tamen
1805 957 1858 975 non

1070 984 1235 1022 peccaverit,
1259 984 1339 1022 posse
1355 992 1468 1021 regnum
1481 985 1534 1022 _De_i_
1545 984 1659 1019 adipisci
1671 984 1704 1022 ff.

1106 1021 1145 1049 Ex
1156 1019 1398 1057 quibus'Clemens'
1411 1020 1550 1057 concludit
1563 1027 1659 1057 omnes
1674 1019 1737 1057 illos
1750 1019 1860 1057 haereti-

1070 1064 1118 1085 eos
1129 1054 1187 1084 toto
1198 1057 1268 1084 creto
1283 1057 1318 1083 ab
1333 1055 1474 1082 catholica:
1496 1054 1618 1081 veritatis
1634 1055 1729 1089 regula
1747 1054 1858 1081 aberra-

1071 1099 1111 1124 re,
1123 1096 1178 1118 tam
1192 1100 1239 1120 eos
1255 1092 1302 1126 qui
1320 1091 1395 1118 falsae
1411 1089 1585 1126 continentia!
1602 1093 1736 1126 praetextu
1749 1089 1857 1126 nuptias

1070 1124 1508 1159 creaturasque‘eondemnabant,
1528 1131 1609 1159 quam
1636 1124 1705 1151 alios
1727 1125 1776 1158 qui
1801 1131 1859 1151 sese

1071 1135 1211 1154 creaturas
1233 1135 1266 1154 ue
1279 1135 1508 1156 condemnabam,
1528 1135 1609 1159 quam
1636 1135 1705 1151 unus
1727 1135 1776 1158 qui
1801 1135 1858 1151 sese

1071 1162 1098 1189 in
1108 1162 1181 1188 omni
1195 1135 1411 1189 egrenatissima:
1424 1160 1545 1187 libidinis
1559 1163 1588 1186 et
1602 1159 1753 1194 voluptatis
1762 1166 1858 1193 genere

1070 1197 1235 1227 volutantes,
1251 1197 1277 1224 id
1291 1196 1397 1224 caeteris
1411 1195 1538 1222 omnibus
1554 1195 1657 1221 licitum
1672 1202 1734 1221 esse
1749 1201 1857 1228 persua-

1070 1232 1134 1260 dere
1160 1231 1341 1259 conabantur.
1371 1230 1551 1263 Quamobrem
1562 1249 1569 1261 ,
1587 1233 1616 1256 ut
1632 1229 1694 1256 illos
1710 1228 1856 1263 fugiamus,

1070 1275 1120 1294 nec
1133 1274 1195 1293 cum
1209 1267 1249 1294 eis
1262 1274 1380 1300 unquam
1393 1272 1598 1296 converscmur,
1613 1263 1691 1300 jubet
1704 1272 1758 1290 non
1772 1264 1857 1290 solum

1072 1301 1206 1336 Propheta
1217 1322 1224 1332 ,
1237 1301 1284 1328 sed
1299 1299 1381 1328 etiam
1398 1300 1554 1335 Apostolus,
1572 1299 1857 1336 quidfornicationem,

1070 1334 1224 1372 neutiquam
1243 1336 1321 1371 116
1339 1334 1515 1369 verottuptias
1524 1334 1669 1372 proscribit
1681 1335 1720 1372 "._
1741 1335 1858 1368 Quapro-

1090 1378 1129 1399 ter
1152 1369 1263 1399 'rursus
1274 1369 1399 1398 Cauneas
1420 1372 1489 1397 alios
1513 1370 1642 1403 corripit,
1675 1369 1722 1403 qui
1741 1374 1858 1395 veterem

1080 1415 1166 1441 cgem,
1197 1406 1276 1441 quasi
1291 1406 1399 1433 easdem
1410 1406 1528 1440 nuptias,
1545 1405 1572 1432 in
1583 1412 1653 1441 nova
1666 1405 1796 1441 rejectas,
1812 1411 1857 1438 ap-

1070 1439 1213 1476 probaret,
1243 1449 1382 1475 perperam
1406 1439 1595 1474 repudiabant.
1625 1439 1754 1476 Denique
1782 1440 1854 1465 htllte

1070 1474 1358 1506 absolvendolibrum,
1378 1483 1426 1502 nos
1444 1476 1537 1502 sedulo
1553 1478 1643 1501 monet
1658 1474 1853 1500 Gnosticorum

1070 1520 1169 1539 nomen
1186 1511 1219 1539 ab
1232 1512 1274 1539 his
1285 1511 1419 1538 hatrctieis
1435 1511 1512 1545 plane
1529 1510 1665 1536 immerito
1680 1509 1820 1544 usurpari.

1334 1577 1532 1606 ARTlCULUS
1552 1576 1596 1604 l‘V.

1310 1635 1436 1670 Analyst‘;
1457 1634 1518 1661 libri
1534 1634 1633 1669 quarti.

1109 1681 1147 1709 De
1171 1682 1302 1717 martyrio
1319 1686 1345 1708 et
1369 1682 1403 1708 de
1424 1681 1544 1717 perfecto
1562 1681 1675 1717 homine
1693 1680 1756 1717 _sih_i
1786 1688 1859 1707 nunc

1074 1715 1266 1751 disputandum
1285 1724 1346 1744 esse
1367 1715 1493 1744 Clemens
1509 1716 1631 1743 declarat
1642 1716 1677 1742 ”.
1693 1715 1723 1742 ln
1743 1715 1796 1742 hoc
1812 1723 1859 1741 au-

1074 1757 1128 1779 tem
1145 1756 1264 1778 tractatu
1278 1752 1315 1778 ait
1331 1759 1360 1778 se
1377 1752 1412 1778 de
1429 1752 1461 1777 iis
1476 1751 1623 1781 dicturum,
1643 1758 1706 1785 quae
1727 1751 1858 1777 orationis

1074 1787 1264 1822 sermonisque
1289 1788 1359 1813 ordo
1383 1791 1409 1814 et
1432 1787 1565 1822 connexio
1591 1785 1755 1819 postulabit.
1784 1785 1857 1818 Qua-

1074 1827 1185 1857 propter
1212 1823 1344 1848 monitum
1375 1821 1522 1856 quemlibet
1549 1821 1614 1847 facit
1638 1824 1857 1857 scapostquam

1075 1856 1153 1884 Servo
1168 1860 1194 1884 et
1212 1857 1307 1888 libero,
1324 1856 1384 1883 viro
1398 1864 1475 1890 atque
1490 1864 1521 1882 ac
1538 1856 1644 1882 mulieri
1661 1856 1857 1890 philosophan-

1074 1892 1139 1918 dum
1154 1899 1215 1919 csso
1229 1892 1363 1922 docuerit,
1380 1896 1445 1918 tunc
1463 1891 1663 1925 disputaturum
1685 1890 1721 1917 de
1749 1891 1811 1919 ﬁde.
1827 1892 1858 1917 de

1075 1927 1262 1962 inquisitione,
1277 1927 1311 1954 de
1331 1926 1480 1962 symbolice
1502 1926 1628 1962 loquendi
1646 1933 1762 1962 genere,
1779 1933 1811 1962 ac
1828 1927 1859 1952 de

1076 1961 1185 1996 iis'qua:
1200 1962 1235 1989 ad
1259 1961 1350 1989 mores
1366 1961 1518 1996 pertinent;
1542 1961 1640 1988 deinde
1658 1968 1724 1987 vero
1746 1961 1781 1988 de
1799 1961 1857 1987 bar-

1075 1995 1149 2024 barae
1163 1997 1341 2032 philosophiae
1368 1995 1385 2023 a
1401 1995 1503 2023 Graecis
1514 1996 1650 2032 _delibatze
1671 1996 1803 2032 utilitate,
1828 1996 1859 2023 de

1076 2030 1171 2059 sacrae'
1187 2030 1336 2066 Scriptura:
1353 2032 1483 2059 adversus
1508 2030 1616 2058 Graecos
1632 2034 1659 2056 et
1680 2030 1793 2058 Iudaeos
1815 2038 1860 2057 ex-

1076 2067 1222 2101 positione,
1237 2072 1264 2094 et
1278 2067 1312 2094 de
1326 2066 1369 2094 his
1386 2073 1446 2101 quae
1462 2067 1488 2092 in
1502 2066 1692 2100 superioribus
1717 2066 1808 2097 libris,
1828 2073 1858 2092 ne

1077 2102 1240 2136 prolixiores
1254 2106 1357 2133 essent,
1374 2101 1554 2136 przetermissa
1572 2105 1653 2133 sunt;
1676 2106 1773 2133 postea
1799 2108 1858 2128 vero

1077 2135 1111 2164 de
1134 2137 1307 2164 naturalibus
1332 2135 1409 2171 juxta
1433 2137 1589 2164 Graecorum
1621 2135 1857 2170 barbarorumque

1077 2172 1219 2206 opiniones
1239 2170 1389 2206 principiis,
1413 2179 1444 2199 ac
1467 2171 1611 2206 praecipuis
1633 2170 1857 2206 philosophan

1078 2207 1262 2247 dogmatibus,
1283 2207 1316 2247 de
1339 2206 1498 2247 Scripturm,
1517 2213 1569 2240 qua
1593 2206 1726 2247 adversus
1744 2207 1858 2247 haereses

277 2239 370 2280 Pergit
384 2241 509 2268 Clemens
522 2242 546 2258 ⁸⁸
559 2242 612 2280 alia
627 2242 1026 2280 diluere_C_assianiargumen-
1041 2252 1063 2280 ι)
1079 2239 1162 2268 unum
1178 2242 1311 2269 duntaxat
1333 2239 1546 2280 omnipotentem
1562 2248 1623 2267 esse
1640 2240 1733 2280 _Deun_i
1749 2242 1859 2268 demon-

240 2277 281 2310 ιε,
297 2275 378 2303 abeo
397 2283 538 2310 perperam
553 2277 668 2305 deducta
685 2285 718 2304 ex
729 2277 790 2304 Jobi
805 2278 897 2304 verbis
910 2275 941 2302 ί(
959 2276 1026 2304 Nul-

242 2309 286 2350 lus
299 2318 315 2337 a
330 2309 548 2350 sordehmirndus,
562 2313 648 2350 nec_si
662 2313 698 2339 sit
708 2312 818 2350 quidem
829 2320 882 2339 una
899 2312 958 2339 dies
968 2312 1023 2339 vita

240 2345 346 2382 ejus“
356 2349 390 2382 et
403 2345 558 2382 Psalmistac
572 2356 579 2374 :
594 2356 603 2373 ε
618 2347 647 2374 ln
659 2345 778 2382 peccatis
789 2351 937 2382 conceptus
950 2354 1022 2378 sum,

241 2384 269 2417 et
283 2380 648 2417 ininiquitatibusconcepit
658 2380 700 2410 ine
710 2388 796 2409 mater
805 2380 902 2415 mea";
909 2391 918 2408 ι
927 2387 1019 2408 actan-

241 2415 305 2452 dent
314 2415 471 2443 Malachize:
491 2425 502 2441 ι
516 2415 627 2445 Videam
643 2418 822 2452 primogenita
838 2424 887 2452 pro
899 2417 1024 2451 impieta-

242 2453 279 2487 te,
294 2449 414 2487 fructum
428 2452 531 2487 ventris
546 2453 598 2479 mei
611 2449 660 2486 pro
671 2449 790 2487 peccatis
805 2449 902 2479 animae
917 2449 992 2478 mete.
1012 2462 1021 2478 ι

241 2483 329 2524 ρουθξ
337 2486 409 2524 enim
427 2486 545 2524 ipsemet
554 2483 681 2515 Clemens
695 2488 752 2524 haec
766 2488 856 2514 omnia
874 2495 927 2524 pro
940 2487 1025 2524 haere—

241 2520 296 2557 tica
322 2520 460 2556 impietate
479 2522 547 2549 nihil
568 2531 681 2557 prorsus
705 2523 812 2552 facere.
829 2530 860 2549 ac
875 2520 1026 2549 catholicos

241 2554 343 2595 habere
361 2554 527 2595 explicatus.
547 2554 587 2584 Ad
605 2558 743 2595 hacqvero
763 2557 839 2595 addit
857 2556 1023 2595 _Apostolutn

240 2589 409 2629 scribentem
421 2600 427 2617 :
446 2591 513 2629 «Qui
524 2596 629 2629 certat,
647 2593 682 2629 ab
701 2592 827 2629 omnibus
839 2589 957 2629 abstinet
967 2589 1024 2629 “,_I

242 2624 285 2652 his
301 2625 391 2653 verbis
405 2634 459 2654 non
474 2627 577 2655 dixisse
592 2628 784 2655 abstinendum
805 2635 866 2654 esse
887 2627 921 2654 ab
936 2627 1024 2653 omni-

241 2658 305 2692 bus,
319 2661 367 2688 sed
383 2661 411 2687 in
426 2663 553 2690 omnibus
567 2664 738 2690 continenter
755 2662 909 2689 vivendum.

277 2694 363 2723 Porro
377 2700 466 2723 autem
482 2698 580 2724 malam
597 2706 649 2724 non
668 2705 728 2724 esse
741 2697 945 2732 generationem
962 2696 1024 2722 inde

242 2729 369 2766 Clemens
382 2731 492 2762 evincit,
518 2732 591 2766 quod
611 2733 734 2759 Christus
743 2729 782 2759 cx
799 2732 902 2762 vimine
916 2732 1024 2766 genitus

241 2766 288 2794 sit.
298 2765 411 2794 Frustra
421 2774 486 2802 ergo
497 2765 562 2801 quia
573 2768 653 2794 homo
664 2767 839 2802 generatione
845 2766 1024 2801 jumentisas-

279 2847 339 2882 "p.
356 2847 418 2874 464.
439 2845 546 2882 suos.
581 2845 690 2882 “Psal.
708 2854 746 2877 νι,
764 2846 809 2882 ελ
824 2846 874 2880 ε’ρ.
892 2845 951 2872 too,

244 2882 267 2913 '1
285 2881 386 2915 p.170.
423 2881 447 2897 "
461 2889 487 2916 p.
509 2881 568 2908 471.
609 2881 630 2896 εδ
643 2888 668 2915 p.
684 2881 745 2914 472,
762 2881 820 2908 475.

991 2846 1012 2860 ’³³
1026 2846 1121 2880 p.467.
1137 2845 1196 2872 468.
1230 2845 1252 2860 ⁸⁸
1265 2844 1361 2879 ρ.469.
1400 2845 1422 2859 ³⁵
1437 2844 1507 2872 Psal.
1525 2852 1550 2872 L.
1569 2845 1593 2870 Τ.

860 2881 883 2897 ⁹⁰
899 2890 924 2915 p.
945 2881 995 2908 ΠΖ
1032 2882 1051 2896 ⁹¹
1075 2890 1099 2916 p.
1119 2881 1180 2907 475.

1077 2280 1189 2308 stratur,
1209 2285 1315 2304 summa
1336 2277 1510 2307 auctoritate,
1532 2283 1563 2302 ac
1583 2276 1691 2302 tandem
1711 2276 1747 2303 de
1772 2286 1781 2301 ‹
1797 2283 1859 2311 gno-

1077 2312 1145 2339 stica
1159 2321 1168 2336 ι
1191 2312 1420 2346 contemplatione
1431 2313 1463 2338 ⁹¹.
1485 2310 1549 2344 Qum
1570 2311 1679 2344 quidem
1705 2315 1736 2337 ut
1762 2310 1859 2338 clarius

1076 2346 1254 2381 explicentur,
1275 2345 1343 2374 dicit
1360 2347 1485 2374 Clemens
1501 2346 1551 2374 sibi
1572 2354 1586 2372 a
1602 2345 1696 2381 parvis
1714 2353 1779 2374 esse
1795 2347 1859 2373 inei-

1075 2380 1203 2416 piendum
1224 2382 1317 2412 rebus,
1332 2386 1358 2408 et
1373 2382 1407 2408 ab
1422 2382 1455 2409 iis
1469 2389 1529 2416 qua:
1549 2381 1582 2407 de
1602 2380 1699 2407 tuendi
1723 2382 1859 2408 creatione

1075 2416 1177 2450 scripta
1200 2421 1275 2448 sunt,
1291 2421 1373 2450 atque
1395 2416 1457 2443 inde
1477 2416 1608 2443 lectorum
1632 2416 1742 2443 animos
1764 2417 1798 2442 ad
1817 2424 1859 2443 sn-

1074 2451 1201 2478 blimiora
1222 2452 1262 2479 sic
1279 2452 1412 2487 gradatim
1429 2451 1643 2487 conductorum;
1661 2455 1691 2487 ut
1717 2456 1859 2486 postquam

1074 2487 1119 2518 iis,
1145 2494 1206 2521 qua
1227 2487 1262 2514 ad
1283 2485 1374 2514 niores
1404 2490 1544 2521 spectant,
1572 2485 1651 2512 tinem
1679 2485 1859 2520 imposuerit,

1074 2522 1137 2584 ijlqlos
1147 2520 1186 2582 ἐλά
1201 2522 1344 2557 ipsiusmct
1354 2520 1508 2549 Divinitatis
1522 2520 1784 2555 contemplationem
1802 2528 1860 2556 per-

1104 2564 1144 2583 ica
1161 2577 1167 2584 .

1104 2560 1167 2584 1030..

1110 2592 1172 2618 Haec
1190 2599 1272 2626 porro
1293 2595 1452 2627 argumenta
1473 2591 1562 2617 omnia
1586 2599 1640 2617 non
1662 2591 1813 2625 separatim
1835 2595 1859 2617 et

1078 2631 1204 2654 accurata
1221 2627 1358 2656 methodo,
1375 2627 1421 2653 sed
1438 2626 1564 2660 permiste
1576 2631 1602 2653 et
1617 2626 1745 2657 confuse,
1759 2627 1795 2652 ab
1809 2634 1859 2652 uno

1078 2662 1113 2689 ad
1136 2661 1210 2688 aliud
1231 2669 1303 2695 saepe
1328 2661 1507 2691 transeundo.
1527 2665 1637 2696 propter
1663 2661 1807 2696 imperitos
1830 2668 1858 2687 ac

1075 2697 1145 2723 male
1166 2696 1277 2723 alTectos
1299 2697 1425 2726 lectores.
1439 2704 1453 2722 ιι
1470 2704 1499 2723 se
1513 2695 1656 2723 tractanda
1671 2695 1735 2724 esse
1755 2695 1857 2723 denun-

1074 2732 1168 2759 tiat.".
1184 2732 1270 2764 Quam
1286 2739 1351 2758 sane
1367 2732 1402 2758 ob
1414 2738 1524 2758 causam
1539 2731 1621 2758 hosce
1636 2731 1855 2761 commentarios,

1074 2775 1144 2802 quos
1161 2774 1222 2793 cum
1239 2774 1306 2801 agro
1323 2767 1450 2793 omnibus
1473 2766 1563 2793 herbis
1589 2766 1670 2801 pleno
1683 2769 1712 2793 et
1733 2773 1797 2794 cum
1814 2773 1856 2793 ve-

1634 2845 1655 2859 ⁵⁵
1668 2843 1752 2871 lCor.
1766 2851 1801 2874 Ix,
1811 2841 1851 2869 25.

1220 2880 1241 2896 θ’
1261 2888 1287 2914 p.
1303 2880 1362 2908 ιίἹϋ.
