1924 3072
86 171 157 200 i021

692 170 738 198 DE
757 170 869 200 LlBltiS
889 171 1113 201 STROMATUM.

1639 170 1708 202 {0‘22

83 229 142 268 teri
164 228 260 268 ﬂorida
276 229 413 257 oblatione
430 233 579 268 comparat,
602 229 767 268 Slromatna
782 239 812 259 se
828 232 870 259 in-
885 235 907 263 Α
923 233 978 264 tim,
1002 237 1030 260 ct
1049 233 1114 268 quid
1142 232 1177 261 sit
1202 233 1320 260 animam
1346 239 1422 259 suam
1435 230 1547 267 perdere
1568 234 1615 257 aut
1633 230 1707 258 hire-

85 264 209 302 scriptos
223 263 308 302 fuisse
321 268 447 302 testatur,
462 263 603 302 aperitque
617 266 755 300 quomodo
768 271 796 294 et
811 275 871 302 qua:

83 299 191 334 utilitas
204 306 238 326 ex
251 298 293 326 eis
309 299 395 333 possit
409 298 574 334 comparari.

121 333 164 370 _Ad
179 340 259 370 suum
280 334 379 370 dehinc
403 340 592 370 argumentum
615 342 769 370 aggressus,
792 336 872 364 docet

86 367 171 395 ﬁdem
186 368 266 395 aliam
292 369 392 396 bonam
414 367 483 404 esse,
506 369 587 404 aliam
607 367 671 397 vero
686 371 802 404 malam;
824 371 873 398 bo-

85 410 151 443 oam
166 410 275 443 quoque
288 411 349 431 esse
363 403 574 443 oontinentiam,
591 408 672 443 atque
682 405 824 443 abstinere
837 406 872 433 ab

85 437 223 472 injustitia
244 445 305 465 esse
331 438 428 465 salutis
450 439 614 473 principium
628 437 663 467 ⁵³.
681 439 782 468 Deinde
805 449 871 468 vero

85 474 215 510 quamvis
240 472 392 510 sapientia,
415 472 503 508 inquit
523 472 578 510 ille,
602 474 629 501 in
653 475 763 502 homine
783 484 793 500 ι
807 484 872 510 gno-

84 508 169 548 stico,
180 517 190 533 ι
204 511 232 535 et
249 507 380 548 perfecto,
394 509 442 542 qui
453 507 471 548 ii
484 509 588 548 angelis
608 513 730 548 tempore
743 515 770 537 et
791 507 871 548 indu-

85 545 182 569 mento
194 551 205 568 ι
223 543 313 570 minor
335 546 387 574 est,
402 551 417 570 a
433 543 546 571 scientia
569 551 622 571 non
648 543 770 577 differat;
795 546 870 573 solus

85 580 180 604 tamen
204 577 276 604 Deus
296 581 340 614 Vest
363 578 472 612 proprie
496 579 616 614 sapiens.
639 586 654 606 a
675 587 729 614 quo
756 580 868 612 veritas,

107 619 171 638 uam
190 620 200 637 ε
213 613 354 647 gnosticus
367 622 376 638 ι
393 617 483 644 amat,
505 613 538 640 ad
562 613 697 641 hominem
720 614 868 642 derivatur.

99 654 113 673 s
125 647 202 682 enim
214 654 269 682 non
290 647 378 674 solum
392 654 516 682 corpore,
532 656 587 682 quo
603 648 637 675 ad
653 653 753 676 terram
770 650 868 682 tendit,

85 680 315 715 quemadmodum
336 682 424 709 bellua
442 680 570 715 constat,
590 683 637 710 sed
660 684 742 711 etiam
767 680 868 716 anima,

58 724 60 726 '
84 723 141 752 qua
160 723 176 743 a
193 716 333 752 corporeis
351 717 555 752 cupiditatibus,
570 722 651 752 atque
669 726 684 745 a
701 723 773 745 metu
789 723 816 746 et
833 720 869 746 la-

84 751 154 787 bore
181 751 308 787 aversus,
329 759 361 778 ac
383 751 453 787 vera
479 751 650 787 philosophia
677 754 812 786 eruditus,
834 755 868 782 ad

84 785 173 822 Deum
191 786 325 822 attollitur
335 786 367 813 “.
383 785 700 822 Neque—tamen'idcirco
714 789 806 820 timor,
822 797 870 817 ne-

106 827 141 858 ue
163 820 205 848 lex
219 821 256 858 _de
270 828 303 848 eo
323 820 440 848 sancita‘
453 823 553 858 malum
577 822 643 857 quid
665 823 718 850 dici
744 828 867 858 possunt.

83 854 166 882 Hunc
182 855 320 883 enimvero
331 864 464 887 errorem,
474 856 531 890 jam
544 864 558 884 a
572 854 601 885 se
616 854 796 890 confutatam,
811 859 870 886 Cle-

82 897 164 930 inens
186 895 280 930 nos_ter
296 898 398 930 rursus
414 890 576 930 refellit,_et
595 893 713 930 explicat
733 894 869 928 quomodo
885 903 905 930 Β

82 925 136 961 lexA
143 925 220 959 justo
236 926 361 961 bonoque
375 926 433 952 viro
449 934 502 953 non
520 927 555 954 sit
571 925 669 961 posiia.

119 959 252 994 Corporis
267 959 369 998 itaque,
384 961 422 988 uti
438 961 483 989 ille
497 959 594 998 pergit,
609 966 635 990 et
648 962 755 995 animae,
768 964 869 998 quibus

81 994 168 1031 homo
184 994 359 1031 compositus
369 999 421 1027 est,
434 994 570 1031 separatio
590 1001 633 1024 est
650 997 723 1024 illius
737 994 811 1026 mors
825 1007 870 1026 na-

81 1030 202 1067 turalis,
226 1030 377 1064 spiritualis
401 1030 473 1058 vero’
492 1036 650 1066 peccatum,
672 1040 687 1059 a
712 1040 766 1067 quo
788 1035 869 1060 etiam

79 1065 196 1127 quando
222 1070 376 1106 separatur,
402 1065 553 1127 spiritualis
585 1067 645 1107 ejus
671 1065 729 1094 vita
755 1072 808 1096 est.
835 1068 870 1096 At

107 1100 259 1127 hrtstlanus
289 1100 413 1127 ohtloson
435 1109 467 1127 us
492 1105 551 1127 toto
575 1106 638 1127 Vlla!
662 1109 718 1127 sua:
748 1106 870 1127 tempore

107 1099 259 1138 hristianus
288 1099 467 1138 philosophus
492 1105 551 1138 toto
575 1099 718 1138 vitaesua:
748 1106 871 1138 tempore

82 1134 160 1172 iilam
179 1135 276 1172 anima;
288 1134 466 1172 corporisque
480 1136 522 1164 sui
540 1137 577 1164 ita
596 1137 744 1164 meditatur
759 1134 870 1172 separa-

80 1169 199 1201 tionem,
216 1174 245 1196 ut
263 1170 290 1196 in
306 1169 388 1197 carne
409 1169 492 1197 vitam
517 1179 609 1203 agens,
627 1172 728 1199 mundo
744 1174 779 1199 sit
791 1169 870 1201 'mor-

81 1208 149 1231 tuus
173 1208 199 1231 et
213 1204 239 1230 in
256 1205 327 1241 cmlo
349 1210 474 1233 versetur
485 1206 518 1232 ³⁵.
536 1204 705 1241 Quapropter
721 1208 796 1234 nullo
818 1217 870 1236 un-

80 1246 166 1273 quam
191 1240 288 1267 mortis
307 1245 380 1267 metu
397 1248 487 1268 veram
508 1241 569 1268 lidei
593 1240 694 1269 nosirze
717 1243 869 1270 doctrinam

80 1278 130 1300 aut
147 1273 292 1311 Christum
309 1275 435 1310 negabit;
457 1277 504 1303 sed
528 1281 638 1311 propter
663 1285 798 1304 summum
822 1278 869 1306 Dei

79 1315 206 1348 amorem
227 1313 253 1336 et
269 1309 431 1348 charitatem
449 1309 610 1348 martyrium
633 1312 782 1348 mortisque
805 1321 870 1348 sup-

80 1344 197 1383 plicium
212 1345 434 1383 consianiissime
451 1344 577 1380 perferet.
591 1346 624 1373 Et
639 1346 664 1373 id
681 1344 788 1382 quidem
807 1344 869 1383 per-

81 1379 187 1415 fcctum
213 1379 355 1406 charitatis
379 1379 458 1415 opus,
483 1385 510 1407 ct
535 1390 543 1405 ι
560 1379 839 1412 consummationem.
856 1393 865 1409 ι

79 1414 231 1452 -ςελείωσιν,
249 1422 395 1452 vocalitas.»
408 1415 578 1452 Necrinirum
597 1424 673 1448 sane,
696 1417 870 1452 quandoqui-

78 1448 144 1475 dem
161 1454 265 1487 veteres
274 1449 365 1487 Cinaei
390 1450 415 1476 in
433 1451 502 1478 bello
518 1456 640 1487 mortuos
657 1448 783 1487 laudibus
806 1448 869 1487 pro-

79 1484 307 1518 sequebantur".
319 1484 405 1512 Porro
418 1489 507 1512 autem
522 1486 538 1512 ii
551 1487 633 1512 etiam
645 1486 792 1514 Christiani
805 1484 869 1515 sunt

80 1523 227 1555 martyres,
249 1520 296 1554 qui
321 1521 439 1555 qualibet
465 1526 551 1548 morte
572 1521 708 1554 defuncti,
732 1523 868 1550 mandatis

77 1553 191 1592 Christi
211 1553 336 1592 seniper'
344 1560 508 1592 paruerunt,
529 1561 636 1584 terrena
664 1553 755 1583 omnia
777 1557 868 1592 despi-

78 1589 154 1616 catui
185 1589 331 1626 habentes,
345 1589 387 1617 iac
411 1599 422 1616 ι
438 1591 531 1622 tidem,
555 1596 684 1626 tanquam
706 1589 867 1626 sanguinem

79 1628 239 1674 pirpiotam
259 1625 359 1658 vitam,
379 1630 406 1653 et
423 1625 504 1652 etiam
526 1626 554 1653 in
576 1625 650 1654 exitu
665 1636 675 1652 ι
699 1625 869 1661 profundeu~

78 1663 122 1686 tes
137 1663 170 1685 ν’.

116 1692 217 1720 Vcrum
244 1694 308 1730 huic
341 1694 498 1722 orthodoxae
520 1695 554 1722 de
578 1696 709 1730 martyrio
733 1696 867 1724 doctrina;

76 1732 159 1755 erant
172 1729 226 1756 duo
242 1737 258 1756 e
274 1729 406 1765 diametro
417 1730 470 1757 sibi
487 1731 604 1757 invicem
621 1729 737 1765 oppositi
759 1731 865 1759 haereti-

76 1739 159 1755 erant
172 1739 226 1756 uno
242 1739 258 1756 e
274 1739 406 1757 diametro
417 1739 470 1757 SlDl
487 1739 604 1757 lnYlCBm
621 1739 640 1757 (ι
659 1739 737 1765 p05ll|
759 1739 865 1759 narret:-

76 1770 176 1790 corum
191 1771 310 1791 errores.
324 1763 439 1797 Quidam
456 1765 528 1792 enim
546 1739 706 1792 dictitabant
722 1766 792 1793 idem
806 1775 868 1794 esse

76 1797 220 1825 Christum
238 1803 328 1826 morte
345 1800 482 1832 confiteri,
498 1808 529 1827 ac
547 1800 681 1828 violentas
700 1801 751 1828 sibi
770 1801 868 1830 aderre

77 1840 188 1860 manus.
201 1833 254 1860 Alii
265 1841 330 1861 vero
340 1834 368 1861 in
376 1834 516 1862 Creatoris
527 1834 620 1862 odium
631 1836 712 1862 morti
725 1843 784 1863 sese
796 1837 867 1864 ultro

76 1872 105 1903 et
124 1873 223 1903 sponte
241 1876 290 1896 sua
316 1868 475 1897 oli‘erebant.
497 1869 597 1897 Probat
625 1874 715 1898 autent
741 1870 867 1899 Clemens

76 1902 130 1930 hos
141 1902 256 1931 nomine
270 1907 350 1931 tenus
363 1904 536 1932 Christianos
555 1913 626 1936 esse,
644 1913 694 1933 nec
711 1906 796 1940 magis
812 1907 867 1934 dici

76 1945 161 1975 posse
188 1942 335 1974 martyres.
358 1947 439 1974 quam
466 1940 595 1975 Indorum
617 1941 865 1975 gymnosophistas,

75 1973 126 2007 qui
148 1981 179 2009 se
195 1973 298 2001 temere
312 1975 341 2009 in
356 1973 445 2009 ignem
462 1974 564 2002 dabant
580 1973 788 2009 praecipitcsfln
805 1984 868 2003 eor-

77 2016 137 2045 pus_
152 2008 359 2045 itaque,_cujus
371 2008 451 2036 recta
470 2008 633 2045 compositio
652 2008 686 2036 ad
703 2010 803 2045 ingenii
821 2019 867 2038 sot-

76 2043 186 2078 tertiain
201 2043 320 2076 confert,
334 2044 361 2070 hi
383 2043 548 2078 praepostere
562 2045 674 2071 omnino
700 2043 868 2073 inveheban-

76 2082 133 2114 tur_.
145 2077 238 2112 Neque
252 2079 325 2114 enim
341 2077 404 2106 huic
416 2077 516 2110 errori,
531 2079 570 2106 uti
587 2079 656 2106 falso
671 2080 864 2114 opinabantur,

75 2112 244 2150 suffragatus
256 2116 299 2141 est
314 2112 402 2150 Piato,
417 2115 463 2150 qui
477 2122 612 2150 expresse
621 2112 714 2142 docuit
730 2112 865 2150 corporis,

113 2156 127 2174 r
140 2148 213 2182 quod
229 2152 304 2175 recte
319 2149 409 2184 vivere
425 2149 500 2181 licet,
513 2148 659 2184 gerendam
677 2157 740 2178 esse
758 2148 864 2179 curam.

90 2183 205 2209 irrorem
219 2190 330 2219 quoque
344 2182 568 2219 Stoicorum,qui
584 2185 701 2219 animam
716 2185 771 2212 ullo
786 2185 866 2213 modo

76 2225 93 2244 a
107 2225 226 2255 corpore
240 2218 476 2255 afﬁciinegantcs,
498 2218 590 2246 omnia
611 2218 866 2255 datéoopaﬁndiﬂe-

922 268 981 295 nire
997 268 1016 296 ¹.

960 311 1044 340 Stoici
1068 320 1160 348 porro,
1183 309 1517 348 proscquitur_Clemens,
1535 310 1630 338 dicunt
1647 311 1708 348 ani—

921 356 994 375 mam
1011 348 1039 375 in
1054 346 1213 382 sapientiam
1231 347 1344 379 mutari;
1360 346 1436 382 Plato
1448 349 1536 372 autem
1550 346 1706 382 conversio-

921 390 984 410 nem
1007 383 1068 412 eius
1086 380 1147 410 fieri
1170 391 1203 410 ex
1229 387 1364 409 nocturno
1382 381 1436 412 die,
1455 381 1512 408 sive
1534 380 1706 408 tenebricosa

922 418 982 444 luce
995 415 1029 444 ad
1042 417 1191 452 perfectum
1208 416 1253 444 Dei
1271 417 1360 444 lumen
1378 420 1404 443 et
1419 415 1599 452 cognitionem
1612 415 1634 443 ¹.
1650 416 1707 442 Alii

922 450 1218 487 denique—philosophi
1239 452 1341 479 homini
1367 451 1525 487 permittunt
1547 450 1664 487 animam
1685 458 1706 487 ra

921 485 1036 522 corpore
1054 485 1091 514 ita
1107 485 1252 518 abducere,
1276 491 1305 513 ut
1321 486 1393 513 nulla
1410 485 1526 522 amplius
1542 485 1653 522 reliqua
1669 486 1705 513 sit

922 519 984 556 spes
1002 522 1129 549 actionis.
1145 522 1179 548 At
1196 521 1367 549 Christianus
1379 525 1480 556 martyr
1491 519 1529 547 ad.
1541 520 1703 554 supplicium

922 562 1038 592 propter
1054 556 1155 584 Christi
1180 557 1380 592 confessionem
1403 556 1513 590 petitus,
1540 556 1632 582 nullus
1652 563 1704 592 uu-

921 590 1003 626 quain
1024 591 1128 619 dubitat
1152 592 1186 618 ab
1204 591 1276 618 omni
1299 592 1371 618 malo
1384 595 1446 617 actu
1470 597 1589 626 cessare,
1608 597 1640 617 ac
1655 590 1705 618 ho-

921 624 1026 654 {uinum
1052 626 1134 654 minis
1151 626 1198 652 Dei
1214 626 1351 661 praeferre
1363 626 1547 653 dilectionem.
1564 624 1641 652 Tunc
1655 632 1704 652 au-

921 665 975 688 tem
1004 661 1050 689 ille
1079 660 1249 688 Dominicum
1280 660 1354 688 istud
1387 660 1480 694 implet
1512 665 1701 694 praeceptum:

923 705 932 721 ι
956 695 1041 728 Vade,
1063 696 1150 723 vende
1173 696 1277 727 omnia,
1300 703 1360 730 qua:
1379 695 1462 722 habes
1480 694 1499 727 ’,
1527 704 1536 721 ι
1559 694 1592 721 τὰ
1615 695 1705 730 ὑπάρ-

920 739 1013 765 χοντα.
1030 731 1118 765 Atque
1136 730 1162 757 id
1184 731 1293 765 quidem
1315 730 1439 757 Clemens
1457 730 1576 757 breviter
1595 730 1703 757 edisse-

920 766 967 796 rit.
982 766 1157 801 ostenditque
1171 765 1238 793 illud
1259 766 1318 793 sine
1333 765 1467 792 charitate
1486 772 1541 791 non
1560 772 1641 800 posse
1654 765 1704 792 ob-

920 801 1033 828 servari.

957 846 1009 880 Qui
1028 854 1093 881 ergo
1108 853 1195 881 neque
1212 850 1324 881 propter
1336 850 1440 873 metum
1458 844 1596 881 supplicii,
1616 853 1708 880 neque

957 855 1009 880 uui
1028 855 1058 874 er
1077 855 1093 874 ο
1108 855 1195 881 neque
1212 855 1324 881 propter
1336 855 1440 873 metum
1458 855 1596 880 supplic",
1616 855 1705 880 neque

920 886 1034 916 propter
1057 855 1122 909 doni
1147 881 1264 915 alicujus
1294 881 1500 915 promissionem
1521 880 1560 916 rad
1584 881 1705 908 salutare

919 915 1033 944 verbum
1045 917 1190 948 accedunt,
1203 916 1229 943 hi
1245 923 1260 942 a
1276 915 1379 943 dextris
1390 915 1537 943 sanctuarii
1551 918 1641 948 stant;
1656 916 1707 950 qui

920 955 1012 979 autem
1036 952 1116 979 donis
1136 952 1283 983 ducuntur,
1306 950 1467 978 mercenarii
1483 954 1556 981 sunt,
1578 954 1705 984 stantque

919 993 934 1021 a
951 986 1090 1020 sinistris;
1107 991 1134 1013 et
1148 986 1176 1013 hi
1190 986 1298 1021 quidem
1314 986 1347 1013 ad
1363 985 1517 1021 imaginem!
1532 985 1570 1011 illi
1589 993 1653 1021 vero
1669 985 1703 1021 ad

919 1020 1022 1049 Christi
1038 1017 1257 1049 similitudinem.
1276 1019 1388 1055 Utrique
1406 1017 1487 1055 porro
1504 1019 1599 1047 Lazari
1613 1027 1645 1047 ex
1660 1017 1703 1046 di.-

919 1055 984 1091 yitis
996 1056 1123 1091 parabola
1143 1056 1334 1090 designantur,
1349 1056 1532 1091 dicunturque
1546 1055 1704 1091 servirevel

920 1089 1036 1118 Domino
1054 1091 1131 1126 117
1147 1092 1187 1118 vel
1205 1089 1368 1117 mammona:
1382 1091 1403 1117 ⁵.
1418 1089 1453 1116 At
1467 1089 1580 1126 secundi
1594 1089 1704 1126 quidem

918 1126 953 1155 ad
970 1124 1181 1153 cmnam'vocati
1196 1133 1250 1152 non
1272 1126 1395 1155 veniunt,
1412 1129 1439 1151 et
1453 1124 1560 1160 vulpes.
1575 1125 1704 1159 quemad.

919 1162 1029 1190 modum
1055 1161 1135 1195 primi
1158 1160 1293 1191 volucres,
1322 1159 1506 1194 appellantur.
1533 1159 1704 1193 Paupertatis

918 1202 1019 1227 tamen.
1034 1197 1056 1223 si
1072 1203 1150 1230 mquo
1164 1195 1255 1222 animo
1269 1202 1323 1221 non
1335 1195 1448 1226 feratur‘,
1461 1195 1611 1221 innumerm
1620 1199 1701 1230 sunt,

919 1232 1000 1261 sicuti
1017 1229 1186 1262 divitiarum,
1202 1230 1296 1265 gloriae
1308 1234 1335 1257 et
1355 1230 1474 1264 eonjugii
1490 1229 1701 1265 sollicitudines,

918 1266 1108 1302 quadripartiti
1132 1263 1245 1302 seminis
1260 1265 1389 1302 parabola
1404 1263 1546 1302 deputatae.
1569 1263 1703 1291 Omnibus

922 1298 1025 1336 itaque;
1054 1308 1114 1336 quae
1139 1298 1277 1332 accidunt,
1303 1299 1340 1325 ita
1353 1298 1494 1336 iutendum
1517 1304 1569 1336 est,
1593 1302 1623 1325 ut
1645 1303 1703 1336 toto

921 1334 1003 1364 corde
1020 1334 1174 1366 credentes,
1189 1339 1301 1370 totoque
1316 1334 1407 1370 animo
1422 1334 1639 1370 tranquilli,rper
1653 1335 1703 1361 ho-

919 1380 982 1399 nam
997 1371 1080 1398 vitam
1102 1380 1111 1396 ‹
1137 1368 1280 1397 'nosticam
1298 1379 1307 1395 ι
1326 1368 1360 1395 ad
1379 1373 1486 1396 aeterna:
1504 1369 1565 1396 vitae
1579 1369 1702 1396 habitum

919 1414 1106 1431 exerceamur.
1127 1379 1158 1431 [Et
1180 1406 1230 1431 hoc
1250 1412 1315 1431 sane
1334 1409 1362 1430 ut
1384 1404 1511 1431 omnibus
1527 1404 1702 1431 persuadeat.

918 1414 1106 1434 exerceamur.
1127 1404 1158 1432 Et
1180 1406 1230 1432 hoc
1250 1412 1315 1431 sane
1334 1409 1362 1430 ut
1384 1404 1511 1431 omnibus
1527 1404 1702 1438 persuadeat,

919 1442 1014 1477 paucis
1030 1441 1156 1478 Clemens
1168 1444 1260 1478 noster
1272 1439 1398 1478 edisserit
1409 1439 1454 1473 qui
1469 1439 1524 1466 sint
1538 1438 1657 1478 thesauri
1674 1439 1703 1465 in

918 1473 1001 1508 terra,
1023 1476 1103 1503 sicuti
1124 1476 1249 1502 Christus
1270 1476 1360 1506 docet,
1383 1482 1437 1500 non
1456 1473 1649 1508 congregandi,
1674 1478 1702 1501 et

919 1512 982 1547 quis
997 1511 1142 1538 thesaurus
1159 1511 1195 1547 in_
1207 1511 1277 1538 cmlo
1292 1517 1349 1547 non
1361 1509 1489 1547 deficiens
1503 1509 1526 1535 ⁵.
1633 1520 1639 1527 ι

954 1547 1137 1579 Quamobrem
1151 1545 1198 1580 qui
1213 1549 1324 1580 propter
1341 1544 1476 1580 justitiam
1493 1550 1626 1580 pauperes
1640 1551 1702 1580 esse

881 1581 902 1610 C
919 1578 1024 1612 volunt,
1046 1581 1085 1608 illi
1110 1578 1371 1614 utiq‘ue’audierunt
1391 1579 1570 1614 quidrcontra
1589 1578 1701 1614 nimiam

918 1616 1075 1643 divitiarum
1103 1613 1315 1642 sollicitudinem
1341 1618 1368 1641 et
1394 1613 1546 1643 avaritiam.
1573 1613 1639 1647 quid
1667 1614 1702 1641 de

919 1651 1060 1691 _Z_acchzeo.
1074 1651 1117 1678 vel
1136 1655 1166 1691 ut
1182 1650 1303 1691 quidam.
1314 1648 1506 1691 opinabantur:
1523 1648 1634 1675 Matthia
1651 1656 1702 1683 pu-

918 1687 1088 1714 blicanorum
1109 1683 1243 1720 principe,
1259 1684 1323 1719 quid
1340 1684 1374 1711 de
1385 1683 1556 1720 viduadtlos
1575 1691 1702 1720 nuinmos

917 1722 945 1749 in
960 1717 1190 1757 gazophylacium
1199 1717 1367 1755 projiciente,
1383 1719 1454 1746 idem
1473 1718 1598 1746 Christus
1610 1717 1702 1745 Domi-

917 1755 973 1784 nus
987 1755 1216 1792 pronuntiaverit.

952 1802 1016 1829 Haec
1029 1809 1112 1836 porro
1123 1801 1249 1829 Clemens
1261 1800 1295 1828 ad
1311 1800 1406 1836 prima:
1422 1799 1600 1836 beatitudinis
1611 1805 1701 1836 evan-

918 1837 1011 1872 gelicae
1030 1834 1241 1872 explicationem
1253 1843 1292 1872 _se
1312 1834 1457 1872 scripsisse
1477 1835 1566 1870 palam
1596 1834 1702 1872 signiti-

917 1869 962 1899 cat
976 1873 995 1898 ⁵.
1017 1869 1082 1898 Inde
1105 1871 1138 1898 ad
1158 1870 1306 1898 secundam
1330 1871 1415 1903 venit,
1432 1869 1566 1904 docetque.
1585 1870 1631 1904 qui
1646 1869 1702 1896 sint

917 1907 956 1934 illi
972 1916 981 1932 ‹
1001 1907 1090 1939 mites,
1110 1915 1119 1931 ι
1139 1913 1209 1940 quos
1221 1905 1349 1933 Christus
1363 1905 1456 1932 beatos
1468 1909 1624 1938 terramque
1638 1911 1701 1938 pos-

917 1949 1044 1969 sessuros
1067 1948 1128 1968 esse
1148 1940 1257 1968 asserit.
1278 1940 1315 1967 lbi
1341 1943 1430 1966 autem
1454 1941 1546 1967 varias
1571 1940 1701 1973 patefacit

917 1975 1051 2003 mercedis
1076 1976 1304 2010 mansionumque
1329 1975 1556 2010 ctelestiiimrpro
1582 1973 1700 2010 diversis

917 2011 1058 2038 hominum
1080 2010 1184 2037 meritis
1200 2008 1367 2037 differentias
1381 2009 1402 2035 ".
1426 2008 1517 2036 Tertia
1534 2016 1598 2035 vero
1613 2008 1699 2035 beati-

916 2046 993 2083 tudo.
1015 2045 1189 2083 prosequitur
1205 2044 1342 2083 Clemens,
1362 2048 1404 2071 est
1427 2053 1436 2069 ι
1456 2043 1616 2083 lugentium,
1633 2052 1643 2067 ι
1662 2043 1700 2069 vi—

916 2079 1177 2118 delicct’eorumqui
1192 2080 1256 2118 vitae
1269 2079 1346 2106 mala:
1358 2083 1424 2118 actia
1435 2079 1604 2117 pmnitentia,
1616 2085 1698 2118 quam

916 2116 961 2143 ille
971 2115 1093 2150 exponit,
1111 2113 1216 2142 sincere
1231 2114 1377 2150 ducuntur.
1393 2113 1494 2146 Quarta
1512 2123 1521 2139 ‹
1543 2113 1700 2150 misericor-

916 2151 975 2182 des,
995 2147 1084 2188 {hoc
1107 2153 1150 2188 est
1170 2149 1243 2182 illos,
1264 2148 1312 2184 qui
1326 2154 1457 2188 quantum
1471 2150 1506 2188 'in
1528 2156 1558 2175 se
1578 2152 1619 2175 est
1636 2147 1698 2188 aliis

916 2193 995 2220 opem
1023 2185 1124 2215 ferunt,
1144 2185 1238 2220 beatos
1260 2182 1412 2220 praedicat._
1426 2182 1527 2216 Quinta
1550 2191 1559 2207 ε
1577 2182 1697 2220 iniu-udos

916 2217 1010 2252 corde,
1031 2230 1040 2245 ι
1065 2220 1112 2254 qui
1134 2219 1242 2254 rejectis
1260 2217 1457 2253 cupiditatibus
1479 2222 1506 2245 et
1525 2217 1697 2252 cogitationi-

76 2253 166 2288 rentia
179 2260 242 2280 esse
257 2253 397 2284 volebant,
409 2253 536 2281 Clemens
555 2254 675 2282 retundit
689 2253 752 2281 cum
774 2263 864 2282 cxetn-
878 2259 900 2287 υ
917 2256 968 2283 bus
985 2253 1089 2287 mundi,
1106 2254 1140 2281 ad
1155 2253 1201 2282 Dei
1217 2254 1330 2282 veniunt
1342 2253 1524 2288 cognitionem
1539 2257 1569 2288 et
1579 2256 1698 2288 contem<

77 2288 122 2325 pio
139 2286 211 2325 J_ohi,
227 2291 285 2314 tum
307 2288 430 2325 Apostoli
450 2289 551 2325 verbis,
575 2289 674 2323 quibus
699 2291 861 2325 martyrium

75 2322 170 2349 docuit
191 2330 253 2358 esse
278 2331 288 2348 ι
300 2324 490 2358 conversionis
516 2322 642 2358 gloriosa:
661 2322 860 2352 sanctificatum

75 2357 216 2394 exemplar
231 2357 281 2394 ⁸⁸.)
299 2357 334 2394 Et
346 2366 420 2390 vero,
437 2357 565 2393 quoniam
582 2359 660 2386 dolor
674 2363 701 2386 et
718 2364 864 2394 paupertas

75 2392 253 2427 imperfectos
265 2392 387 2420 homines
399 2401 414 2420 a
425 2392 536 2421 virtutis
546 2392 742 2421 exercitatione
756 2392 861 2427 avocat,

74 2426 214 2462 adquam
235 2435 284 2454 eos
299 2428 403 2455 sanitas
417 2433 444 2455 et
465 2436 556 2455 rerum
580 2429 748 2456 abundanlia
767 2430 862 2460 allicit,

75 2462 139 2489 hinc
161 2462 290 2498 Clemens
317 2462 398 2490 infert
420 2471 520 2498 corpus
536 2467 648 2498 propter
662 2464 780 2491 animam
801 2472 862 2492 esse

74 2505 148 2533 cura
162 2497 328 2524 habendum.
347 2497 449 2525 Deinde
462 2497 618 2533 vero,’quia
631 2499 756 2533 voluptas
769 2504 795 2526 et
814 2499 864 2526 do.

75 2531 116 2559 lor
129 2540 164 2559 ex
180 2537 278 2558 natura
300 2540 349 2559 sua
371 2540 459 2567 neque
481 2533 552 2560 bona
563 2531 644 2566 'sunt,
669 2531 757 2568 neque
781 2535 862 2565 mala,

75 2567 179 2603 idcirco
198 2571 307 2603 martyr
325 2572 486 2601 praesentem
508 2569 631 2595 dolorem
647 2576 696 2602 spe
712 2567 864 2603 voluptatis

74 2601 173 2630 futurae
197 2601 324 2629 levat'ac
350 2608 470 2630 removet
485 2603 518 2630 ".
535 2603 613 2636 Quod
637 2601 747 2637 quidem
768 2601 864 2631 a‘uctor

73 2642 173 2678 noster‘
184 2637 337 2678 uti-piandus
353 2637 445 2678 faciat.
465 2638 530 2678 quid
552 2639 586 2665 dc
601 2640 733 2678 sanitate,_
749 2646 864 2678 pauper-

72 2675 177 2708 tateﬂet
200 2671 304 2708 divitiis
324 2680 340 2698 a
359 2671 524 2707 quibusdam
547 2673 661 2707 paganis
681 2671 862 2708 scriptoribus

71 2707 276 2743 traditumrsit.
306 2707 402 2743 paucis
432 2712 624 2743 reprzesentat.
652 2707 746 2743 Longe
772 2712 862 2735 autem

73 2742 162 2769 fusius
189 2742 234 2768 ille
259 2742 386 2778 enuelcat
413 2743 439 2769 in
466 2742 523 2778 quo
553 2743 702 2770 secundum
717 2742 863 2770 Christum

72 2778 161 2812 posita
184 2778 221 2804 sit
242 2785 306 2804 vera
327 2777 460 2812 beataque
478 2777 778 2814 'paupertas.vera:que
796 2778 866 2806 divi-

109 2891 131 2906 "
147 2899 172 2926 p.
189 2891 252 2918 4⁵17.

73 2926 82 2941 ⁸
99 2926 192 2954 Matth.
213 2935 273 2959 xix,
289 2926 335 2954 2i.

293 2891 316 2907 »ι
332 2899 358 2925 p.
378 2891 439 2919 ns.
477 2891 517 2907 τοι
538 2900 563 2926 ρ.
578 2891 639 2918 479.

679 2892 700 2907 ⁹“
713 2891 818 2943 Hii;

374 2928 383 2942 ⁸
400 2935 425 2961 p.
446 2927 506 2954 486.
545 2928 554 2942 ³
570 2936 596 2962 p.
611 2927 673 2955 487.

736 2935 760 2962 p.
778 2927 838 2954 488,

864 2892 887 2941 νζ
903 2899 927 2926 ρ.
946 2891 1006 2918 .531.
1051 2891 1112 2925 ηρ.
1129 2891 1191 2917 482.
1215 2891 1236 2905 ευ
1255 2898 1279 2924 ρ.
1299 2891 1345 2939 is:

908 2926 1007 2961 p.439.
1047 2926 1055 2942 ε
1077 2935 1102 2961 p.
1122 2926 1180 2953 tuo.
1220 2926 1258 2960 θιι
1285 2925 1345 2952 in.

914 2290 1070 2330 plationein.
1101 2290 1181 2329 Sexta
1212 2287 1417 2330 ipaciiicos,_i
1437 2289 1484 2323 qui
1509 2287 1696 2330 cupiditatem,

913 2322 993 2356 iram,
1003 2324 1124 2359 aliasque
1135 2324 1218 2351 animi
1231 2322 1387 2351 affectiones
1399 2323 1437 2350 ita
1447 2322 1695 2359 mansuefeccruut,

916 2365 944 2387 ut
957 2363 1028 2394 piam
1045 2358 1222 2393 sanctamque
1236 2359 1317 2387 vitam
1337 2366 1444 2392 semper
1458 2362 1540 2392 agant
1551 2358 1572 2383 ⁸.

954 2392 982 2421 [ιι
1000 2394 1095 2421 ultima
1112 2392 1220 2422 tandem
1243 2394 1410 2421 beatitudine
1420 2401 1525 2426 eorum,
1545 2392 1592 2428 qui
1610 2401 1620 2417 ι
1633 2399 1697 2427 pro-

915 2433 975 2464 pter
994 2429 1128 2463 justitiam
1155 2428 1372 2464 persecutionem
1400 2429 1555 2464 patiuntur,
1574 2436 1585 2452 ι
1613 2433 1697 2464 capo-

915 2462 1003 2491 iieuda
1019 2464 1122 2491 diutius
1137 2462 1262 2491 Clemens
1283 2463 1453 2496 immoratur,
1468 2462 1618 2498 probatque
1635 2463 1697 2489 illos

914 2506 976 2526 esse
987 2499 1033 2533 qui
1050 2498 1168 2526 inflictos
1181 2503 1290 2533 propter
1303 2497 1485 2525 Christianam
1500 2497 1697 2532 professionem

914 2532 1053 2561 cruciatus
1068 2532 1205 2560 constanti
1228 2532 1358 2568 patientia
1373 2537 1400 2560 et
1424 2539 1521 2567 magna
1543 2533 1625 2559 animi
1640 2533 1698 2568 ala—

914 2570 1012 2596 critate
1029 2569 1176 2596 sustinent.
1199 2567 1331 2600 Quaelibet
1349 2572 1439 2594 autem
1459 2568 1583 2600 tentatio,
1598 2567 1696 2602 inquit,

916 2608 959 2631 est
980 2604 1090 2630 occasio
1108 2603 1241 2638 martyrii,
1256 2607 1282 2629 et
1298 2603 1343 2637 qui
1367 2602 1414 2630 Dei
1437 2602 1573 2630 mandatis
1587 2609 1699 2638 morem

916 2647 970 2665 non
997 2639 1076 2673 gerit,
1100 2638 1145 2665 hic
1172 2637 1255 2665 Deum
1279 2639 1404 2672 negando
1429 2639 1548 2673 seipsum
1569 2637 1697 2673 abnegat,

915 2672 1009 2708 estque
1022 2674 1137 2710 infidelis
1153 2677 1180 2700 et
1191 2674 1366 2710 hypocrita}.
1381 2673 1415 2699 At
1430 2673 1476 2710 qui
1490 2672 1574 2699 Deum
1598 2672 1695 2710 diligit,

916 2707 1035 2743 seipsum
1051 2709 1148 2743 diligit.
1165 2712 1192 2734 et
1204 2708 1250 2742 qui
1266 2715 1314 2741 pro
1327 2707 1436 2735 Christo
1451 2707 1597 2743 Servatore
1614 2707 1698 2733 mori-

916 2742 969 2773 tur}
990 2742 1196 2778 propter’suam
1222 2744 1337 2770 moritur
1358 2743 1472 2771 salutem
1498 2745 1525 2778 et
1546 2742 1628 2778 frater
1649 2748 1697 2778 ap-

918 2776 1049 2813 pellatur.—
1062 2778 1224 2813 Quicunque
1248 2785 1330 2813 porro
1353 2778 1481 2806 mandata
1506 2776 1554 2805 Dei
1570 2777 1697 2811 exsequi-

1051 2891 1112 2925 ἐρ.
1129 2890 1191 2917 48Ξ.
1215 2890 1236 2905 ευ
1255 2898 1279 2924 ρ.
1299 2890 1360 2917 iss.
1400 2890 1446 2924 ‘p.
1461 2887 1522 2916 tst.
1559 2888 1569 2903 ι
1585 2894 1611 2922 ρ.
1630 2886 1693 2915 485.
