1924 3072
233 151 304 180 1025

234 247 286 277 stis
300 251 351 275 est.

268 282 299 310 In
315 290 362 310 eos
382 282 474 317 itaque
487 283 533 317 qui
550 283 709 318 martyrium
729 283 947 315 condemnabant
959 285 1021 312 Cle-

233 325 311 346 mens
331 318 459 352 insurgit,
476 319 567 352 aitque
580 318 640 346 illos
656 319 761 346 nescire
776 322 802 346 et
816 319 882 346 illud
898 327 959 348 esse
976 328 1022 347 ve—

233 361 271 380 rae
290 353 351 380 vitm
365 353 539 388 principium,
552 357 580 379 et
599 353 642 388 pie
657 355 812 381 viventibus
826 355 946 382 honores
960 360 1020 389 post

234 392 368 424 mortem,
386 388 457 424 sicut
480 392 507 415 et
524 388 615 422 impiis
639 390 784 424 supplicia,
810 389 921 417 decerni
938 388 969 416 ¹⁰ῖ
986 390 1019 417 Et

234 422 286 450 hoc
305 423 414 457 quidem
432 423 529 450 abillo
554 431 608 450 non
631 422 720 451 solum
747 432 779 451 ex
807 426 894 452 sacris
917 425 1020 453 nostris

232 458 401 493 auctoribus,
426 458 579 493 sedretiam
605 460 727 493 paganis,
756 459 882 487 videlicet
907 459 1020 488 Theano

232 491 412 530 Pythagorica
433 496 459 530 et
476 491 765 530 _Platone,ipi-obatnr.
783 494 850 522 Hinc
875 502 1018 530 postquam

233 528 376 563 castigavit
391 527 551 563 Telephum,
572 527 753 563 qui’unicam
776 538 837 557 esse
860 527 892 556 ad
916 527 1019 559 inferos

231 563 306 600 viam
328 562 444 595 dixerat,
458 562 591 600 planum:
607 564 734 591 omnibus
750 571 798 600 Aex
823 564 1017 600 Aristophane,

231 596 404 636 Epicharmo,
420 596 503 633 atque
517 606 550 636 ei;
567 598 694 636 Matthreo
707 603 733 636 et
750 598 834 636 Paulo
848 596 926 636 facit,
936 596 1019 636 quam

232 633 339 663 infelix,
365 634 465 660 misera
489 637 515 661 et
539 634 629 662 brevis
654 635 690 662 sit
712 635 859 662 infidelium
877 633 1018 663 hominum

230 668 295 694 vita.
314 667 412 695 Verum
429 672 502 696 recte
517 677 567 696 nos
579 669 707 697 admonet
723 669 785 698 inde
802 678 864 696 cum
881 670 1019 699 Marciane

230 703 335 730 nullum
358 702 460 730 inferre
481 711 561 736 posse
584 705 681 731 malam
702 712 764 732 esse
784 709 948 736 creaturam.
971 707 1018 734 sed

230 712 335 730 nultum
358 712 460 730 tnterre
499 712 561 731 0556
584 712 681 731 tuatam
702 712 764 732 esse
784 712 948 736 creaturam.
971 712 1016 734 sed

229 745 278 765 eos
295 745 390 765 revera
402 712 575 776 essebeatos
593 743 620 766 et
637 739 740 773 felices,
757 740 804 776 qui
826 742 958 776 martyrio
974 743 1016 769 vi-

230 776 286 799 tam
301 774 441 807 posuerint
456 774 488 801 “.

266 807 325 845 _No_n
339 808 467 845 audiendi
490 809 582 844 itaque
599 809 618 836 ii
633 812 707 840 sunt,
728 809 774 845 qui
795 809 852 837 ﬁeri
867 817 922 838 non
937 819 1018 845 posse

229 843 390 870 existimant
405 847 434 870 ut
449 844 585 871 imbecilla
610 852 675 872 caro
690 843 871 874 potestatibus
884 850 911 873 et
929 843 1018 874 domi-

229 878 371 905 nationum
385 879 528 913 spiritibus
543 879 663 907 resistat.

230 913 295 940 xilio
307 914 434 940 omnibus
450 914 528 941 facile
539 919 590 947 est,
604 915 685 942 modo
698 919 788 942 tamen
806 915 832 942 in
847 913 1018 944 eo'ftduciam

231 947 359 985 habeant.
385 948 455 981 Quid
477 957 552 985 vero,
577 950 650 984 quod
671 954 699 977 et
719 951 769 977 hoc
787 951 876 985 ipsum
898 959 954 979 non
982 953 1018 979 ita

229 982 375 1022 ditliciliter
389 991 470 1022 posse
482 983 540 1011 fieri
557 982 654 1022 auctor
666 989 759 1012 noster
775 982 943 1020 paganorum
955 995 1019 1022 poe<

230 1021 320 1056 tarum
339 1023 369 1056 et_
382 1019 497 1056 aliorum
513 1020 683 1051 testimonio,
706 1019 788 1055 atque
803 1019 863 1056 ipso
876 1019 962 1048 etiani
974 1022 1018 1049 ln—

230 1053 328 1079 dorum
345 1053 569 1090 philosophorum
587 1056 711 1090 exemplo
731 1053 874 1083 confirmat
892 1057 1016 1084 "?Cum

231 1091 333 1127 autem,
353 1092 421 1127 teste
436 1089 676 1127 lleraclitoipoeta’,
690 1093 884 1127 servorumrsit
901 1096 1017 1119 mortem

230 1123 345 1160 timere,_
365 1123 491 1152 Clemens
516 1132 549 1152 ex
571 1123 700 1160 A'postolo
727 1127 806 1153 docet
829 1126 1016 1155 Christianum

229 1165 281 1190 nec
303 1157 402 1186 habere
426 1160 542 1194 amplius
566 1157 706 1188 servitutis
731 1162 857 1196 spiritum
882 1162 909 1189 in
934 1163 1016 1189 timo-

229 1199 299 1233 rem,
323 1200 374 1233 nec
395 1196 498 1233 servire
515 1199 644 1233 peccato;
662 1196 709 1223 sed
732 1197 809 1223 illum
835 1197 956 1230 virtutis,
973 1198 1016 1224 di-

230 1227 355 1267 lectionis
367 1232 405 1267 _et
426 1227 582 1267 sobrietatis
598 1227 729 1258 donatum
746 1239 807 1259 esse
828 1232 938 1267 spiritu,
950 1227 1016 1267 'quo

229 1263 320 1303 omnia
337 1264 418 1303 etiam
429 1265 584 1303 durissima
601 1267 743 1303 patienter
765 1263 888 1303 ferendo.
906 1263 1014 1301 beatus,

228 1298 269 1325 uti
285 1298 318 1326 de
335 1299 412 1332 justo
429 1299 538 1328 homine
552 1298 647 1329 scribit
662 1301 750 1333 Plato,
765 1301 875 1330 futurus
889 1307 941 1331 est.

266 1333 434 1374 «Cnosticus
445 1344 454 1360 ›
473 1335 556 1371 igitur
566 1337 672 1374 etiamsi
685 1337 819 1364 abiciatur
828 1339 1013 1369 contumeliis.

228 1368 392 1408 spoiiatione
407 1368 555 1404 bonorum,
571 1372 667 1408 exsilio
677 1377 704 1399 et
720 1377 817 1403 morte,
836 1374 1014 1402 nihilominus

227 1410 246 1444 a_
260 1403 384 1444 libertante
395 1408 423 1444 et
440 1413 458 1444 a_
468 1413 575 1444 summa
591 1407 619 1434 in
633 1406 717 1444 Deum
731 1408 874 1440 cbaritate,
891 1416 951 1444 qua;
964 1415 1016 1436 ter-

228 1439 282 1478 iius
299 1439 475 1478 perfectionis
493 1442 566 1468 illius
581 1443 682 1477 gradus
697 1446 739 1469 est
750 1463 757 1474 ,
774 1439 913 1478 nunquam
928 1444 1014 1472 divel-

227 1472 344 1512 letur“,
363 1474 510 1512 Gentilium
529 1472 631 1510 autc'm,
648 1478 694 1511 qui
714 1472 805 1505 omnia
826 1472 899 1505 fatali
917 1487 1014 1507 neces-

227 1509 308 1548 sitate
320 1509 448 1548 obvenire
463 1509 677 1548 somniaveram,
693 1513 873 1547 pervicaciam
885 1513 1012 1542 Clemens

226 1543 469 1584 obiterrinerepat.
492 1545 615 1584 Subinde
630 1543 755 1575 vero-his
768 1568 774 1579 ,
793 1548 897 1584 inquit,
916 1551 961 1584 qui
978 1550 1012 1577 ad

226 1579 422 1640 pedectioneni
443 1582 632 1614 contendunt,
657 1579 857 1619 proponitur'ij
877 1579 976 1618 γνῶσις
997 1587 1011 1622 ἡ

243 1615 332 1640 wth.
349 1616 469 1640 cognitio
484 1617 635 1640 rationalis,
652 1618 732 1640 cuius
750 1617 954 1640 fundnmnntnm
971 1625 1011 1640 ρει

243 1615 469 1652 oytxij,_cognitio
484 1617 637 1650 rationalis,
652 1615 732 1652 cujus
749 1615 954 1646 fundamentum
968 1615 1013 1647 esi

227 1650 469 1689 sanctaATrinitas,
485 1652 564 1689 iides,
582 1660 653 1689 spes,
670 1650 696 1680 et
713 1657 828 1688 utraque
842 1655 930 1688 major
944 1655 995 1682 cba
1006 1670 1012 1676 -

226 1685 304 1724 ritas.
320 1684 378 1724 Qui
388 1694 469 1721 porro
485 1687 534 1724 hac
551 1684 747 1724 przeditusﬂest,
761 1684 852 1715 omnia
866 1684 975 1724 quidem
986 1691 1011 1717 ei

226 1719 317 1760 licent.
332 1721 379 1760 sed
388 1719 505 1760 propter
517 1719 650 1760 infirmam
662 1723 776 1760 aliorum
789 1719 985 1760 conscientiam
997 1733 1011 1752 a

226 1755 401 1789 quibusdam,
414 1755 550 1794 abstinet,
567 1758 659 1794 omnia
679 1759 711 1784 ad
728 1758 773 1785 Dei
790 1758 854 1785 facit
873 1760 987 1794 gloriam
1002 1780 1009 1791 ,

226 1795 329 1825 pugnat
351 1792 436 1819 armis
458 1792 647 1826 spiritualihus
667 1797 762 1820 contra
789 1802 798 1818 ‹
813 1792 984 1822 altitudinem
1001 1805 1008 1821 ι

225 1825 389 1863 quamlibet,
412 1836 421 1852 1
434 1825 566 1855 adversus
582 1828 765 1863 cognitionem
781 1827 828 1855 Dei
849 1837 909 1857 sese
923 1830 1012 1857 extol-

226 1860 337 1898 lentem,
349 1871 358 1887 ι
375 1863 532 1898 nullamque
541 1860 724 1898 atllictionem,
735 1863 837 1890 nullum
846 1865 1008 1898 periculum,

225 1895 385 1933 nullumque
401 1895 501 1933 casum:
510 1897 636 1925 formidat
655 1899 686 1925 ".
700 1897 792 1933 Neque
805 1899 831 1925 id
846 1895 895 1925 ulli
911 1895 1009 1927 mirum

225 1930 306 1968 piane
316 1930 376 1960 esse
384 1933 475 1968 debet.
491 1932 603 1960 Plurimi
616 1930 756 1968 siquidem‘
766 1934 860 1968 pagani
875 1934 1009 1968 homines,

225 1965 354 2003 nimitltm
372 1967 489 2003 Esopii.
506 1965 677 2001 Macedones,
694 1965 826 2001 Lacones,
843 1969 917 1996 Zeno
933 1965 1010 1997 Elea;

223 2003 284 2041 ies,
299 2001 455 2041 Theodotus
469 2003 669 2041 Pyjliagorens,
685 2003 917 2041 PaulusALacydis
932 2005 1012 2032 fami-

224 2035 312 2075 liaris,
324 2035 650 2075 Posthumus'Roinanus,
664 2035 892 2070 Anaxarchusfet
905 2041 1010 2075 legatus

225 2070 258 2096 ad
272 2071 421 2099 Zamolxim
435 2074 594 2106 mittendus,
608 2075 785 2102 acerbissima
798 2070 1013 2103 tormentavcon-

224 2107 394 2142 sta_ntissime
410 2109 580 2142 pertulerunt
596 2110 628 2137 “’.

260 2140 346 2182 Porro
360 2140 542 2182 autémplena
556 2148 597 2172 est
609 2144 728 2182 Ecciesia
742 2144 907 2182 Christianis
921 2145 1010 2180 philo-

225 2176 319 2215 sophis
336 2181 393 2217 tum
410 2176 476 2217 viris
493 2183 549 2217 tum
565 2179 741 2217 muiieribus,
758 2181 804 2215 qui
828 2184 911 2217 totam
922 2176 1010 2209 'vitam

225 2213 253 2237 in
276 2213 372 2240 mortis
394 2213 570 2241 meditatione
585 2214 618 2240 ad
634 2213 774 2242 Christum
792 2216 928 2242 excitante
944 2224 1009 2242 cou-

223 2252 346 2275 sumunt.
356 2248 421 2281 Quae
429 2249 538 2283 quidem
551 2249 720 2284 philosophia
730 2249 764 2276 ab
772 2251 899 2278 omnibus
910 2251 1010 2278 utrius-
1025 2243 1047 2270 D

223 2289 277 2316 que
301 2291 393 2321 SCX_1_IS,
410 2284 467 2321 sive
494 2284 617 2321 barbaris
628 2286 712 2321 [sive
730 2285 842 2316 Graecis,
855 2287 1009 2321 comparari

223 2317 506 2355 potesttNonrminus
520 2320 619 2346 etenim
638 2320 746 2347 feminis
761 2328 841 2355 quam
858 2317 926 2348 viris
939 2326 1007 2348 tem-

223 2353 361 2389 perantia
374 2354 488 2389 aliaque
502 2362 597 2382 omnes
612 2355 736 2387 virtutes,
753 2353 901 2383 secundum
916 2360 1007 2383 tamen

223 2394 306 2415 sexus
321 2388 518 2423 differentiam,
535 2398 693 2417 communes
706 2398 766 2418 esse
785 2391 897 2423 debent;
918 2396 944 2418 et
962 2391 1006 2419 his

222 2429 344 2461 mqueac
359 2424 413 2451 illis
428 2424 640 2461 adversusivitia
655 2429 681 2452 et
695 2426 786 2453 carnis
803 2426 943 2454 illecebras
956 2435 1007 2461 pu—

222 2458 361 2496 gnandum
374 2463 416 2486 est
426 2459 457 2496 ‘f.
474 2459 495 2496 Α
511 2459 618 2487 feminis
631 2461 721 2495 itaque
735 2461 866 2488 fortitudo
878 2466 903 2488 et
916 2458 1005 2496 magni

223 2492 308 2532 animi
324 2493 410 2532 virtus
427 2492 740 2532 desideraturqubl'ent,
762 2497 808 2523 scd
828 2504 880 2532 non
899 2504 929 2523 ea
946 2492 1006 2532 quae

222 2527 251 2557 in
266 2527 412 2557 Amazonis
425 2527 636 2562 Sauromatidis}
653 2529 798 2558 Sacidibus
811 2534 837 2557 et
853 2527 1006 2558 Iberiis'ce-

222 2562 354 2600 lcbratur.
368 2564 502 2591 Omnibus
516 2565 599 2600 igitur
611 2571 638 2593 et
652 2567 782 2600 singulis,
799 2567 832 2593 ad
849 2566 1005 2593 felicitatem

222 2599 462 2636 gonlendentibuis,
478 2600 641 2636 Christiane
656 2599 902 2636 pltiiosophandum
917 2606 959 2628 est
972 2602 1004 2628 ¹⁷.

221 2631 336 2670 fremere
345 2642 410 2669 ergo
420 2634 572 2669 Euripides,
590 2631 671 2670 atque
680 2631 909 2663 ctiam-Homerus
925 2636 1005 2664 modo

221 2666 301 2699 bene,
313 2666 392 2696 modo
403 2666 597 2704 malefcanunt
608 2666 641 2698 de
655 2671 825 2699 mulieribus.
839 2671 939 2698 llarum
954 2679 1004 2702 au-

220 2705 275 2743 tem
287 2707 317 2743 _et
332 2705 462 2737 virorum,
479 2710 621 2743 parentum
641 2710 667 2733 et
683 2707 810 2737 filiorum,
824 2714 964 2743 servorum
978 2710 1006 2734 et

220 2737 412 2778 dominordm,
435 2747 467 2767 ac
479 2737 594 2778 ’tandem
619 2745 712 2778 mutua
733 2742 903 2775 Singulorum
926 2742 953 2768 in
976 2749 1005 2769 se

221 2774 338 2802 invicem
350 2774 477 2803 Clemens
490 2776 615 2804 euucleat
629 2776 726 2809 otlicia,
740 2774 838 2811 quibus
854 2784 937 2812 super
946 2785 1005 2804 0m-

257 2852 278 2868 ιο
296 2860 322 2886 ρ.
336 2850 398 2880 199..
439 2853 579 2888 "p.495.
620 2855 640 2870 η

222 2888 242 2904 ¹⁹
258 2895 284 2922 p.
299 2889 361 2916 50L
400 2889 422 2905 ¹⁰
434 2897 459 2924 p.
475 2889 538 2923 502,
552 2890 613 2917 505.

658 2862 683 2888 ρ.
697 2854 759 2880 tot.

653 2890 672 2904 ²¹
690 2898 716 2924 p.
733 2889 794 2917 {)Ui.

800 2855 821 2870 ’³
838 2863 863 2888 p.
883 2855 945 2882 493.

835 2891 855 2905 ²²
870 2898 896 2925 p.
913 2890 974 2918 505.

564 151 598 179 IN
618 151 827 181 CLEMENTEM
846 153 947 181 ALEX.
969 153 999 182 ι).
1020 153 1064 181 LE
1083 152 1227 181 NOURRY
1247 152 1475 183 DISSERTATIO
1488 151 1520 180 11.

232 215 289 249 tur,
313 211 338 240 is
363 211 508 249 ipsiusmct
534 212 593 246 Dei,
620 213 664 240 cui
687 213 784 246 credit,
805 219 907 249 martyr
931 219 959 242 et
982 219 1021 242 te-
1037 216 1059 245 Α

703 887 745 906 ain
760 881 786 907 id
802 880 848 907 Dei
865 888 916 915 ope
927 885 954 909 et
971 890 1020 908 au-
1035 889 1056 916 Β

987 2856 1007 2871 ιι

1023 2864 1049 2889 p.
1062 2855 1125 2882 1196.
1165 2856 1184 2870 ’⁸
1200 2864 1226 2890 p.
1239 2855 1251 2881 εί

1014 2892 1036 2906 ³³
1051 2899 1076 2925 p.
1093 2891 1143 2918 506
1153 2895 1179 2918 et
1195 2899 1251 2926 seq.

1799 150 1865 180 109ιό

1075 215 1118 241 nia
1143 214 1264 241 Charitas
1281 217 1308 240 et
1328 222 1379 249 pax
1395 212 1502 249 Christi
1515 212 1541 239 in
1557 211 1684 249 omnium
1696 210 1790 249 gratis
1804 219 1864 245 erga

1074 249 1159 277 Deum
1184 249 1313 276 cordibus
1329 247 1430 284 'regnet
1443 249 1474 276 ¹⁸.
1490 247 1578 283 Atque
1600 247 1643 284 ibi
1654 247 1749 274 obiter
1769 247 1864 282 ingrati

1073 286 1100 312 in
1115 284 1246 319 Opificem
1263 283 1411 312 Marcionis
1426 291 1548 311 errorem
1566 283 1680 310 refellit.

1107 331 1146 358 Ex
1161 331 1204 359 his
1220 330 1323 365 itaque,
1339 330 1429 364 inquit
1441 329 1497 365 ille,
1512 328 1617 365 liquido
1630 328 1798 365 inielligitur
1808 336 1864 363 qua:

1072 366 1108 394 sit
1121 366 1181 393 ﬁdei
1192 363 1282 393 unitas
1291 369 1318 392 et
1332 363 1486 392 Christiana
1497 364 1640 398 perfectio.
1654 363 1794 396 Quocirca
1808 364 1864 398 qui-

1072 402 1137 429 libet
1149 401 1333 432 Christianus,
1350 400 1408 427 sive
1424 400 1476 430 vir,
1490 401 1548 426 sive
1562 399 1674 429 mulier,
1689 399 1804 426 tametsi
1821 400 1863 425 bo-

1070 444 1168 464 norum
1191 443 1222 463 ac
1244 436 1405 462 facultatum
1425 435 1546 461 omnium
1559 434 1669 468 jactura
1690 438 1863 468 extremaque

1071 471 1204 507 supplicia
1224 471 1404 507 immineant,
1421 477 1560 507 nunquam
1580 477 1595 496 a
1612 469 1765 507 religione,
1783 469 1863 504 pieta-

1070 510 1097 534 te
1107 505 1136 534 et
1154 514 1217 533 vero
1233 506 1279 533 Dei
1292 506 1367 532 cultu
1383 505 1577 535 deterrebitur,
1590 509 1673 539 atque
1688 505 1716 530 in
1734 505 1769 531 iis
1783 512 1863 538 usque

1071 541 1106 568 ad
1123 546 1238 568 mortem
1258 548 1290 567 eo
1307 541 1478 567 constantius
1494 539 1692 575 perseverabit,
1710 547 1767 574 quo
1779 540 1863 575 magis

1071 577 1147 604 illum
1164 576 1248 611 aliqui
1270 576 1304 602 ab
1319 577 1353 603 iis
1369 583 1463 602 arcere
1482 574 1573 602 conati
1598 575 1704 611 fuerint
1719 575 1757 600 ‘9.
1776 574 1864 611 Neque

1069 612 1142 639 enim
1158 612 1191 638 ad
1206 610 1278 638 aliud
1303 612 1348 638 ille
1361 618 1482 645 unquam
1500 610 1673 640 collineabit,
1690 617 1777 644 quam
1794 610 1826 636 ad
1841 611 1864 636 id

1070 647 1141 682 quod
1160 651 1234 674 recte
1261 646 1439 682 honesteque,
1454 645 1585 682 quidquid
1601 645 1664 682 aliis
1679 653 1765 672 secus
1779 645 1862 682 videa-

1071 680 1125 713 tur,
1138 682 1196 709 fieri
1212 682 1292 716 118
1308 685 1407 716 potest.
1422 680 1498 714 Quod
1510 681 1617 715 quidem
1631 680 1765 707 Clemens
1780 680 1862 707 tinuat

1069 717 1231 744 auctoritate
1247 715 1366 751 Epicuri,
1382 717 1431 751 qui
1444 716 1537 744 docuit
1553 716 1587 743 ab
1598 715 1730 743 omnibus
1752 719 1781 743 et
1796 717 1863 742 omni

1069 756 1191 786 tempore
1205 751 1463 787 philosophandum.

1105 797 1174 824 Tum
1195 797 1328 824 continuo
1345 797 1391 824 ille
1407 797 1487 824 nobis
1507 796 1617 824 exhibet
1633 795 1743 824 Christi
1762 795 1863 824 Domini

1069 831 1103 859 de
1126 833 1257 868 martyrio
1284 832 1449 868 publicaque
1473 836 1574 859 nostra:
1589 831 1664 868 Δῐὶιιυί
1691 831 1863 859 confessione

1070 867 1163 898 verba,
1173 866 1232 902 qua}
1247 866 1464 895 abillcracleone
1478 868 1576 902 partim
1588 866 1670 898 bene,
1683 867 1789 901 partim
1802 869 1865 894 male

1070 902 1202 937 explicari
1232 903 1414 933 demonstrat,
1444 910 1476 929 ac
1493 902 1602 929 tandem
1619 902 1792 937 martyrium
1818 904 1864 929 sibi

1071 941 1246 972 peccatorum
1267 945 1330 965 cum
1352 938 1438 972 gloria
1454 937 1680 972 expurgationem
1699 938 1790 964 videri
1805 945 1867 965 con-

1070 973 1155 1000 cludit
1169 974 1200 1000 ‘°.
1219 972 1283 1000 Eam
1307 980 1374 1000 sane
1387 973 1423 1000 ob
1438 980 1553 1007 causam
1568 973 1687 1007 apostoli
1711 972 1865 1005 Christum,

1070 1008 1117 1042 qui
1134 1016 1184 1043 pro
1199 1007 1355 1043 inﬁdelibus
1371 1008 1469 1034 mortis
1485 1016 1494 1033 ‹
1513 1006 1626 1034 calicem
1639 1006 1710 1033 bibit
1730 1017 1740 1034 ι
1758 1008 1866 1035 imitan-

1070 1048 1122 1078 tes,
1135 1042 1190 1078 pro
1205 1043 1239 1071 iis
1252 1050 1322 1078 quas
1339 1042 1522 1069 fundaverant
1545 1043 1672 1069 ecclesiis
1689 1044 1768 1077 passi
1796 1048 1864 1070 sunt.

1069 1077 1179 1105 illorum
1192 1077 1282 1105 autem
1295 1077 1581 1113 vestigiisinsistentes
1591 1087 1600 1103 ‹
1612 1078 1747 1112 gnostici,
1762 1087 1772 1103 1
1788 1080 1864 1104 vitam

1069 1117 1153 1148 agunt
1170 1113 1238 1140 adeo
1251 1116 1417 1148 sanctamict
1433 1120 1447 1139 a
1469 1118 1580 1148 peccato
1599 1115 1639 1140 sic
1658 1113 1785 1139 alienam
1803 1115 1864 1140 utsi

1068 1147 1150 1176 casus
1174 1148 1275 1182 aliquis
1301 1155 1350 1182 pro
1375 1147 1498 1175 Ecclesia
1522 1148 1644 1182 patiendi
1669 1155 1735 1175 sese
1761 1148 1863 1179 offerat,

1068 1188 1133 1210 tunc
1147 1191 1196 1218 pro
1215 1183 1266 1219 Dei
1278 1188 1519 1219 amorertormcnta
1537 1187 1712 1219 mortemque
1727 1183 1863 1210 obeant".

1102 1217 1229 1246 Christus
1248 1217 1339 1253 itaque
1355 1218 1400 1245 ubi
1422 1226 1470 1245 eos
1485 1218 1551 1245 dicit
1568 1226 1629 1245 esse
1654 1217 1806 1252 fugiendos
1821 1219 1862 1253 qui

1067 1261 1118 1282 nos
1137 1263 1146 1279 ε
1170 1254 1307 1288 persecuti
1324 1253 1437 1285 fuerint,
1462 1263 1471 1278 1
1490 1253 1532 1280 bis
1555 1253 1667 1288 quidem
1694 1254 1792 1281 verbis
1815 1262 1862 1280 non

1067 1289 1205 1324 signiﬁcat
1221 1289 1321 1315 malum
1333 1296 1394 1315 esse
1405 1288 1516 1323 aliquod
1534 1298 1543 1313 ι
1560 1288 1789 1323 persecutionem
1810 1299 1819 1315 ι
1835 1298 1863 1316 ac

1066 1328 1182 1351 mortem
1200 1332 1249 1358 pro
1270 1325 1328 1358 ipso
1348 1332 1357 1349 ε
1375 1324 1445 1357 pati;
1462 1334 1471 1350 1
1491 1324 1539 1351 sed
1564 1324 1644 1350 nobis
1658 1324 1817 1351 cavendum
1833 1333 1862 1352 ne

1066 1363 1168 1386 temere
1180 1364 1208 1386 et
1225 1359 1381 1386 inconsulto
1397 1363 1478 1386 certae
1494 1359 1574 1386 morti
1589 1359 1662 1385 ultro
1676 1365 1731 1385 nos
1748 1359 1863 1386 otl'ercn.

1066 1398 1118 1425 tes,
1137 1395 1261 1429 tyrannis
1285 1393 1415 1429 peccandi
1444 1399 1525 1429 atque
1551 1394 1653 1428 injuste
1682 1401 1737 1421 nos
1763 1395 1864 1421 interti-

1065 1429 1154 1456 cicndi
1172 1430 1344 1456 occasionem
1362 1429 1541 1463 prsebeamus.
1561 1430 1649 1463 Atque
1668 1430 1702 1455 ad
1725 1429 1752 1455 id
1775 1429 1862 1456 enica-

1064 1465 1124 1491 cius
1139 1464 1330 1491 stabiliendmn
1342 1464 1444 1491 Christi
1459 1465 1544 1491 utitur
1560 1464 1738 1495 auctoritate.
1753 1473 1809 1499 qua
1820 1466 1862 1492 ille

1065 1499 1198 1527 auferenti
1215 1500 1327 1534 pallium
1341 1499 1463 1535 praecipit
1477 1500 1536 1526 dari
1552 1504 1580 1527 et
1596 1499 1733 1526 tunicam.

1099 1546 1143 1579 At,
1161 1546 1331 1580 inquiebant,
1347 1554 1397 1573 cur
1411 1546 1562 1574 Christiani
1577 1546 1640 1572 torti
1654 1550 1721 1572 sunt
1737 1549 1765 1572 et
1783 1553 1863 1572 neca-

1065 1581 1096 1612 ti,
1108 1582 1131 1608 si
1148 1579 1218 1608 Deu’s
1237 1589 1330 1608 curam
1354 1589 1448 1609 eorum
1474 1581 1606 1616 gerebat?
1627 1579 1790 1615 Respondet
1804 1580 1864 1607 Cle-

1064 1624 1141 1652 mens
1167 1625 1216 1643 nos
1247 1617 1404 1652 neutiquam
1432 1617 1591 1643 evistimare
1615 1615 1702 1642 Deum
1729 1617 1811 1647 velle,
1835 1621 1863 1642 ut

1062 1650 1210 1679 Christiani
1223 1651 1271 1678 hos
1283 1650 1433 1679 inciderent
1452 1652 1480 1678 in
1493 1659 1593 1683 casus;
1616 1651 1665 1678 sed
1681 1651 1807 1685 ipsorum
1823 1652 1864 1678 fu-

1062 1690 1138 1715 turos
1150 1687 1204 1714 illis
1218 1687 1417 1721 praenuntiasse
1429 1687 1569 1714 cruciatus
1586 1689 1614 1712 et
1631 1690 1784 1717 tormenta,
1803 1687 1863 1721 qui-

1063 1721 1115 1757 bus
1130 1723 1163 1749 ad
1177 1727 1318 1753 aeternam,
1332 1730 1413 1757 quam
1424 1723 1463 1749 eis
1481 1722 1668 1757 promittebat,
1686 1722 1862 1756 pervenirent

1062 1756 1246 1784 haereditatem
1258 1758 1290 1784 ²².
1311 1756 1380 1790 Quid
1397 1765 1470 1788 vero,
1482 1756 1556 1792 quod
1579 1761 1606 1783 et
1630 1757 1744 1791 ipsimet
1763 1758 1862 1792 pagani

1063 1793 1208 1826 suppliciis
1224 1792 1370 1827 aliquando
1381 1791 1590 1819 abiciebantur?

1097 1827 1167 1860 Quid
1182 1832 1238 1854 tum
1269 1826 1378 1855 aiebant
1395 1827 1588 1862 pagani?Nam
1602 1826 1627 1852 lti
1639 1826 1758 1853 maleﬁci
1772 1832 1860 1854 erant.

1061 1862 1169 1897 Optime
1193 1863 1319 1898 quidem,
1344 1863 1430 1897 pergit
1455 1863 1592 1889 Clemens.
1623 1862 1779 1889 Christiani
1810 1863 1860 1897 igi-

1062 1902 1108 1924 tur
1133 1898 1157 1925 si
1181 1902 1292 1933 propter
1313 1898 1449 1932 justitiam
1472 1904 1567 1932 poeuas
1587 1897 1703 1933 iniquis
1718 1897 1860 1931 judicibus

1061 1931 1206 1965 dederunt,
1223 1931 1289 1967 quid
1306 1931 1369 1961 inde
1394 1931 1489 1960 contra
1511 1931 1663 1967 tequissititi
1690 1931 1739 1959 Dei
1767 1934 1860 1967 provi-

1059 1968 1197 2004 dentiam?
1213 1968 1308 1995 Nonne
1326 1968 1450 2004 tyrannis
1465 1968 1506 1995 fas
1531 1971 1595 2004 erat
1617 1969 1860 2004 causamwexami-

1061 2010 1127 2030 nare
1150 2003 1382 2034 Christianorum,
1399 2011 1450 2030 nec
1463 2004 1490 2029 in
1503 2010 1551 2030 eos
1570 2003 1606 2029 ob
1621 2003 1710 2030 solam
1724 2003 1860 2030 Christia-

1061 2038 1265 2100 lifu'reli’gionis
1283 2038 1480 2074 professionem
1496 2038 1705 2073 iniquissimum
1723 2038 1797 2065 ferre
1817 2039 1860 2073 ju-

1061 2076 1179 2100 ucnlm‘.

1061 2074 1183 2100 (licium?

1097 2108 1152 2135 Cur
1161 2117 1237 2144 ergo,
1253 2109 1390 2136 instabant
1409 2108 1518 2143 pagani,
1540 2106 1799 2144 tuchChristianis
1819 2109 1859 2135 ni-

1061 2143 1099 2170 hil
1118 2143 1257 2171 ferebatur
1281 2144 1397 2171 auxilii?
1411 2143 1480 2176 Quia
1504 2143 1589 2174 nulla,
1613 2143 1704 2177 inquit
1720 2143 1857 2175 Clemens,

1062 2179 1163 2213 injuria
1184 2180 1283 2211 atfecti,
1303 2179 1405 2214 gratias
1427 2179 1551 2214 tyrannis
1575 2178 1680 2204 idcirco
1698 2178 1802 2206 habere
1815 2180 1859 2206 de-

1062 2214 1170 2244 bebant,
1186 2216 1258 2249 quod
1271 2215 1322 2242 sibi
1334 2215 1366 2241 ad
1384 2214 1468 2242 Deum
1483 2218 1682 2249 :eternamquei
1691 2214 1776 2240 vitam
1789 2215 1859 2242 cele-

1062 2250 1120 2286 rius
1135 2247 1335 2286 cominigrandi
1354 2250 1451 2286 darent
1467 2247 1702 2286 occasioiieiii,_Et_
1713 2250 1857 2286 verorillos

1062 2285 1156 2320 nullis,
1171 2283 1252 2312 etiam
1274 2284 1508 2320 exquisitissimis,
1532 2283 1677 2320 suppliciis
1697 2284 1761 2320 laedi
1775 2285 1857 2320 Anyti

1061 2319 1198 2355 Melitique
1212 2318 1354 2356 exemplis,
1368 2324 1394 2347 et
1407 2318 1555 2354 Scriptura:
1572 2319 1740 2346 auctoritate
1756 2318 1856 2347 invicte

1060 2356 1168 2382 asserit.

1095 2389 1164 2416 Tum
1185 2389 1284 2417 deinde
1308 2389 1352 2416 ille
1377 2389 1472 2416 falsam
1497 2392 1524 2416 et
1543 2388 1700 2416 haereticam
1726 2388 1856 2417 Basilidis

1059 2424 1093 2451 de
1117 2426 1247 2460 martyrio
1259 2425 1416 2459 opinionem
1428 2425 1516 2460 fusius
1532 2425 1651 2458 exagitat
1671 2428 1699 2450 et
1731 2425 1855 2452 funditus

1059 2459 1196 2487 evertit”;
1214 2460 1305 2487 Monet
1319 2465 1410 2486 tamen
1425 2467 1453 2486 se
1463 2459 1497 2486 de
1512 2466 1544 2485 ea
1559 2459 1623 2485 alibi
1642 2467 1742 2486 rursus
1757 2460 1853 2494 dispu-

1059 2499 1191 2522 taturum.
1210 2495 1265 2522 Nec
1292 2495 1385 2522 leviori
1409 2502 1476 2521 sane
1501 2494 1555 2520 ictu
1580 2494 1703 2521 concutit
1729 2502 1852 2522 errorem

1059 2530 1198 2557 Valentini
1213 2532 1246 2562 “,
1264 2530 1309 2565 qui
1324 2529 1485 2565 martyriqu
1497 2529 1557 2556 ideo
1568 2529 1782 2563 aspernabatur,
1791 2531 1852 2565 quia

1059 2570 1208 2593 sectatores
1220 2564 1295 2596 suos,
1308 2566 1341 2592 ab
1350 2565 1426 2591 initio
1439 2564 1710 2599 immortales,genus
1721 2572 1784 2592 esse
1799 2564 1851 2592 ele-

1059 2606 1152 2633 ctum;
1174 2601 1323 2628 catholicos
1339 2604 1429 2626 autem
1444 2603 1498 2626 tam
1517 2599 1572 2631 ille,
1598 2608 1680 2634 quam
1698 2601 1752 2634 ipsi
1766 2599 1851 2635 Phry-

1058 2644 1114 2672 ges,
1133 2636 1167 2662 de
1181 2636 1282 2670 quibus
1298 2636 1324 2662 in
1340 2639 1457 2662 tractatu
1472 2635 1505 2661 de
1527 2635 1679 2672 prophetia
1695 2643 1849 2672 sermonem

1058 2669 1197 2698 Clemens
1213 2671 1367 2697 habiturqu
1391 2677 1420 2697 se
1445 2677 1505 2697 esse
1527 2669 1642 2704 spondet
1656 2670 1692 2701 ",
1717 2671 1849 2697 animales

1058 2714 1119 2733 esse
1132 2706 1283 2740 garriebat;
1303 2710 1384 2740 atque
1399 2705 1461 2732 inde
1477 2705 1627 2739 disCIpulos
1647 2712 1715 2732 suos
1733 2709 1761 2732 ut
1778 2712 1849 2732 mor-

1058 2745 1112 2768 tem
1128 2749 1143 2768 a
1160 2741 1300 2772 Creatore,
1314 2741 1347 2767 de
1358 2748 1412 2775 quo
1429 2740 1493 2767 alibi
1512 2740 1671 2772 dicendum,
1698 2740 1846 2776 profectam

1057 2777 1248 2808 dissolverent,
1262 2777 1371 2804 venisse
1387 2783 1527 2811 perperam
1540 2776 1701 2811 colligebat,

1165 2855 1301 2890 "p.497.
1341 2854 1362 2870 η
1381 2854 1484 2889 ρ.498.
1522 2855 1579 2889 πρ.
1598 2855 1662 2882 499.

1705 2856 1726 2872 η
1739 2863 1765 2891 p.
1781 2854 1843 2882 sco.

1291 2891 1313 2906 "‘
1328 2898 1354 2925 p.
1371 2891 1433 2924 509,
1453 2890 1513 2918 5H).
1551 2891 1574 2906 ”
1591 2899 1616 2924 ι).
1633 2890 1696 2918 511.
