1924 3072
67 148 141 178 £025

677 152 722 179 ne
742 143 855 180 LlBRlS
872 147 1100 182 STROMATUM.

1632 161 1701 190 Μ)ὶῦ

103 210 251 251 Perfectus
268 206 627 251 ergo-Christianusmtiex
641 213 696 247 jam
706 213 786 251 dictis
799 213 863 240 Cle-
877 218 900 247 Α
915 222 1012 242 norum
1033 216 1139 243 lavabat
1159 215 1241 251 pedes
1266 215 1414 251 hospitum,
1444 222 1470 245 et
1498 217 1564 245 Sara
1585 219 1702 248 Abrahae

65 252 151 273 mens
174 247 309 283 conficit,’
326 247 405 274 debet
422 248 549 275 mandata
570 248 613 275 Dei
638 256 685 283 per
699 249 860 275 charitatem

64 282 260 315 exsequendo,
281 283 314 309 ad
334 282 453 309 divinam
471 283 581 310 tendere
597 282 758 310 amicitiam.
779 283 862 310 Debet

64 316 153 351 etiam
173 316 327 347 inimicum,
344 322 478 351 quatenus
502 319 582 344 homo
598 323 626 345 et
645 318 691 344 Dei
719 326 786 351 opus
808 322 861 350 est,

65 350 198 385 diligere,
216 351 328 387 minime
351 350 414 387 vero
429 353 501 379 il'ius
519 358 638 386 peccata,
659 360 719 387 qum
735 350 784 380 nec
795 354 862 380 sub-

65 386 175 412 stantia
187 386 289 420 aliqua,
300 395 350 414 nec
362 386 407 413 Dei
426 395 493 421 opus
505 388 557 415 diei
570 386 693 422 possunt.
710 387 769 414 Non
783 388 862 415 debet

65 424 165 458 autem
191 421 282 458 aliena
305 422 508 458 concupiscere,
532 421 585 449 non
611 423 670 449 ideo
694 427 767 450 certe
798 423 862 458 quia

64 456 156 486 mala,
175 463 224 482 nec
236 463 254 491 7a
269 456 322 483 Deo
338 457 403 486 sint,
418 457 463 483 sed
480 458 541 491 quia
559 462 631 484 recte
647 458 762 485 terrenis
783 456 861 485 luiuis

65 491 216 526 utendum.
234 490 317 518 Debet
329 492 440 526 insuper
451 490 500 521 eis,
514 493 638 526 aquibus
655 493 724 519 male
735 493 860 523 allicitur,

63 524 246 562 benedicere,
263 531 290 554 et
303 534 366 561 erga
390 524 585 558 adversarium,
607 535 661 554 nou
685 528 805 562 quidem,
822 528 861 555 uti

63 560 185 597 quidam
201 560 395 597 opinabantur,
408 569 508 595 corpus
525 570 615 593 suum,
636 562 683 589 sed
695 560 797 596 pravos
813 563 862 589 ho-

63 595 173 627 mines,
198 595 362 630 quibuscum
390 597 492 623 versari
517 601 632 628 tenetur,
662 595 723 624 esse
746 598 862 624 bcuevo-

64 629 112 666 lus
129 631 165 666 ’ᾗ
185 629 257 658 Nihil
271 631 386 666 denique
398 632 579 666 quodcunque
596 632 736 664 acciderit,
756 633 831 659 illum
845 639 861 658 a

63 665 208 701 cbaritate
223 666 270 693 Dei
285 665 411 701 separare
426 667 514 694 debet.

105 710 116 736 ς
140 700 245 734 Habes,
265 711 275 727 ›
292 700 467 736 prosequitur
487 705 582 729 auctor
598 707 702 733 noster,
721 710 859 736 συγκεφα-

63 734 348 772 λαίωσνιννγνωστὶκοῦ
363 734 510 772 μάρτυρος,
539 746 548 762 ί
579 744 713 772 summam
735 734 861 771 martyris

62 771 204 804 gnostici,
227 781 237 797 ›
253 779 300 798 seu
323 771 478 806 cognitione
503 772 617 806 praediti.
645 771 748 806 Duplex
769 780 860 806 porro,

62 805 171 839 inquit,
187 812 228 833 est
240 805 368 841 cognitio,
384 814 438 833 una
456 805 518 834 cum
544 807 671 834 omnibus
689 805 859 838 communis,

62 848 123 874 qua
138 841 270 868 videlicet
284 850 364 869 verus
382 842 539 877 agnoscitur
555 841 639 874 Deus;
662 842 745 868 altera
761 849 858 877 pauco-

914 257 983 289 uxor
998 251 1291 289 sphciuericiospapes
1308 253 1411 287 angelis
1425 255 1542 287 paravit.
1558 261 1590 281 ac
1603 256 1702 289 puella}

914 285 1096 324 regize_119__
1107 287 1176 321 apud
1201 286 1328 324 llrbrmos
1347 285 1411 314 oves
1423 285 1582 324 pascebant,
1603 285 1702 324 quem-

913 319 1058 373 adm'qdum
1070 319 1210 348 ’lloincrus
1223 321 1387 349 Nausicaam
1403 319 1436 349 ad
1457 323 1533 350 labra
1551 319 1635 352 ivisse
1655 333 1702 353 ce-

913 362 966 373 m“
985 358 989 362 .

912 358 993 381 cinil‘l

947 388 1016 416 Tum
1042 390 1170 428 Clemens
1194 391 1305 428 exponit
1326 391 1462 428 quomodo
1489 393 1585 428 mulier
1606 401 1667 428 quae
1682 401 1700 422 a

911 424 971 463 viro
988 426 1133 463 quominus
1149 427 1206 460 ipsa
1225 424 1265 453 vel
1283 424 1343 460 ejus
1361 426 1459 453 ancilla
1474 427 1568 455 virtuti
1585 424 1697 463 operam

912 458 967 496 det,
993 460 1131 496 prohiberi
1154 458 1207 487 non
1226 458 1313 496 potest
1322 481 1336 496 ,γ
1349 469 1408 489 sese
1429 469 1492 496 erga
1510 470 1572 490 eum
1592 458 1697 496 ἐπει-θ,

912 494 1006 531 illique
1023 495 1140 531 obedire
1164 494 1302 523 debeat“.
1328 495 1367 523 Ex
1389 494 1518 531 Euripide
1542 494 1631 525 autem
1654 494 1699 526 ille

912 529 1040 563 patefacit
1064 530 1129 564 quid
1153 531 1269 564 mulieri,
1287 539 1347 566 qua:
1369 539 1429 558 cum
1447 529 1588 560 honestate
1608 533 1698 560 virmn

912 572 991 600 suum
1007 569 1090 598 amat,
1106 566 1238 600 agendum
1255 567 1297 593 sit.
1312 566 1412 593 Deinde
1427 568 1559 594 describit
1572 572 1598 594 et
1609 572 1699 595 osten-

911 598 952 624 dit
963 600 1099 632 quomodo
1111 598 1266 635 conjugium
1278 602 1429 635 possitesse
1440 606 1564 628 sanctum
1578 607 1605 629 ct
1620 603 1696 635 felix,

912 641 943 660 ac
958 642 1011 668 quo
1025 635 1106 672 etiam
1123 636 1324 672 modomulicr,
1339 637 1362 662 si
1376 637 1474 663 marito
1488 641 1516 663 ut
1529 638 1571 672 pie
1589 638 1696 672 religio-

912 675 996 705 seque
1011 669 1083 705 vivat
1099 670 1262 703 persuadere
1277 678 1330 697 non
1346 672 1442 705 possit,
1462 669 1632 699 sese'debeat
1641 669 1696 700 ﬂex-

912 703 1014 743 hibero.
1034 703 1154 738 Denique
1174 705 1243 743 latas
1257 705 1291 732 ab
1302 703 1430 743 Apostolo
1444 706 1606 742 coujugibus
1622 707 1697 743 leges

911 742 938 765 et
953 743 1086 772 praecepta
1100 740 1255 766 summatim
1271 740 1396 767 cnucleat
1411 739 1442 767 δι.

946 773 1014 800 Cum
1032 774 1122 807 itaque
1138 782 1207 801 unus
1220 775 1255 801 sit
1269 775 1319 801 viri
1337 783 1369 801 ac
1382 775 1505 802 mulieris
1518 774 1579 803 ﬁnis
1595 779 1621 803 et
1633 784 1696 804 sco—

913 815 973 849 pus,
1002 816 1035 835 ex
1064 808 1143 849 Petri"
1163 809 1442 849 Pauliqpe_Epistolis
1470 811 1563 849 pandit
1580 811 1641 845 quis
1653 812 1696 849 _sit

912 843 993 880 homo
1008 850 1071 880 vere
1082 844 1228 880 perfectus.
1250 843 1322 876 Quia
1337 843 1406 880 vero
1421 843 1487 871 varii
1511 848 1574 872 sunt
1588 843 1696 880 _gradus

61 883 146 915 rum,
159 877 208 915 _qui
223 881 319 915 putant
331 877 500 915 lice_re_cihis_
510 878 582 903 vesci
599 876 788 915 falso__nu_mini
802 877 854 915 _im-
878 886 898 913 Β
913 876 1098 915 perfectionis,
1114 879 1238 906 Clemens
1253 879 1368 914 ingenue
1391 879 1490 906 fatetur
1515 880 1567 907 sibi
1585 876 1693 915 p'enitus

60 911 193 947 molatis,
208 919 223 938 a
237 912 336 946 quibus
358 911 548 939 abstinendum
574 911 688 947 apostoli
715 912 772 947 lata
802 911 861 946 lege

61 946 262 973 sanciverunt.
288 947 418 980 Quamvis
440 953 530 973 autem
554 946 580 972 id
592 946 741 981 aliquando
757 946 860 973 licitum

61 985 155 1017 esset,
169 982 205 1008 ab
221 982 263 1008 bis
284 986 373 1009 tamen
392 981 648 1017 propterinfirmam
669 982 784 1008 aliorum
796 988 863 1008 con-

61 1016 216 1042 scientiam
232 1017 370 1043 abstinere
388 1016 520 1043 debemus
530 1017 563 1043 ’⁷.

101 1050 193 1078 Docet
222 1057 349 1085 praeterea
376 1051 523 1086 Apostolus
543 1058 713 1078 communem
735 1051 796 1078 ﬁdei
813 1050 862 1077 (lo-

60 1086 190 1113 ctrinam
205 1094 267 1115 esse
283 1087 393 1114 odorem
400 1085 581 1122 cognitionis,
594 1094 659 1122 quae
672 1086 756 1114 Vetus
766 1085 861 1113 Testa-

61 1126 195 1152 mentum
225 1123 344 1157 legentes
372 1121 547 1156 nondumque
569 1121 601 1148 ad
627 1121 768 1149 Dominum
789 1129 858 1147 con-

63 1164 166 1184 versos
183 1157 259 1192 fugit.
278 1157 319 1184 Ab
335 1158 384 1184 hac
398 1166 461 1185 vero
477 1158 602 1184 Clemens
613 1157 775 1192 distiuguitr
790 1164 858 1192 gno-

61 1192 130 1218 stici
149 1202 158 1217 ›
185 1196 211 1218 et
228 1193 355 1227 martyris
369 1192 574 1227 perfectionem,
596 1197 623 1218 et
646 1193 672 1219 in
684 1201 738 1227 quo
756 1200 787 1219 ea
807 1194 859 1220 sita

61 1227 114 1262 sit,
131 1227 252 1262 explicat
266 1229 428 1254 auctoritate
444 1227 556 1254 Joannis
572 1231 598 1254 et
610 1227 696 1259 Pauli,
707 1228 858 1262 praesertim

61 1261 91 1288 in
104 1270 164 1289 sua
181 1262 215 1288 ad
233 1261 360 1289 Hebraeos
375 1263 504 1297 Epistola,
533 1270 638 1289 necnon
662 1266 689 1290 et
702 1261 735 1289 ex
750 1262 861 1297 Sapien-

61 1298 111 1323 tia:
125 1297 210 1328 libro,
229 1297 274 1324 ubi
289 1298 449 1332 martyrium
466 1297 596 1332 gloriosa.
619 1298 657 1323 uti
673 1298 776 1324 dictum
804 1302 856 1330 est,

61 1332 232 1367 expurgatio
262 1340 324 1360 esse
350 1333 505 1367 perhibetur
525 1332 558 1359 ³⁸.
581 1332 730 1365 Quamdam
751 1340 859 1367 quoque

61 1367 195 1400 ejusdem
209 1376 219 1392 ‹
240 1368 356 1401 gnostici
374 1378 383 1393 ι
403 1368 515 1394 formam
535 1367 562 1394 in
589 1368 746 1398 Clementis.
777 1375 857 1402 quem

61 1402 227 1436 apostolum
250 1406 341 1434 vocat,
359 1402 402 1428 Ad
422 1402 573 1429 Corinthios
603 1402 723 1436 Epistola
745 1403 859 1437 pulchre

60 1437 195 1463 exhiberi
212 1441 308 1463 auctor
321 1443 414 1465 noster
430 1438 554 1472 pluribus
568 1437 754 1470 demonstrat;
777 1442 858 1472 atque

60 1479 97 1498 ea
115 1479 181 1506 qua:
192 1474 226 1498 ab
239 1473 286 1498 illo
299 1473 348 1498 hac
370 1473 396 1499 in
412 1473 524 1507 epistola
542 1472 576 1499 de
597 1472 715 1506 perfecta
725 1473 858 1500 charitale

61 1508 173 1541 scripta
192 1511 266 1535 sunt.
282 1514 379 1534 rursus
399 1506 476 1534 Pauli
490 1507 647 1534 testimonio
662 1508 806 1534 conlirmat
819 1508 855 1535 ".

101 1541 225 1576 Scriptis
242 1550 324 1576 porro
340 1550 402 1569 cum
417 1542 475 1569 hzrc
493 1542 539 1569 ille
559 1541 709 1573 mandaret,
734 1542 761 1568 in
780 1550 855 1569 men-

61 1580 123 1604 tem
136 1577 193 1611 ipsi
201 1577 394 1611 venitquidam
414 1586 422 1602 c
436 1577 587 1612 gnosticus,
606 1586 615 1602 ι
629 1577 708 1611 cujus
720 1577 787 1604 falsa
802 1577 857 1612 opi-

60 1613 113 1639 nio
131 1616 202 1641 erat,
217 1619 279 1639 eum
291 1613 338 1646 qui
355 1613 495 1639 mulierem
507 1621 516 1636 ‹
534 1612 568 1638 ad
583 1612 830 1646 concupiscendum
843 1621 854 1638 ›

60 1651 225 1682 aspexerat,
248 1654 304 1673 non
324 1654 463 1681 peccasse,
478 1647 530 1674 nisi
547 1647 724 1681 cupiditatem
750 1648 857 1674 actione

60 1683 221 1717 aliquando
245 1682 303 1709 sive
326 1682 487 1709 somniando
503 1682 560 1709 sive
580 1682 716 1716 vigilando
732 1682 857 1717 expleve»

59 1718 99 1744 rit
117 1716 152 1743 ³ο.
175 1716 252 1744 Hunc
270 1720 359 1744 autem
374 1724 494 1744 errorem
508 1722 537 1743 ut
553 1717 667 1745 refellat.
685 1716 774 1751 primo
788 1717 857 1743 Boc—

60 1752 194 1780 choridis
209 1753 242 1779 de
258 1752 445 1783 adolescente,
463 1752 508 1786 qui
536 1752 564 1778 in
585 1753 688 1779 sonmis
716 1752 856 1779 libidinem

59 1797 130 1815 cum
156 1787 301 1814 meretrice
324 1787 475 1820 explevisse
489 1787 564 1813 visus
583 1787 633 1814 sibi
656 1787 754 1818 fuerat,
780 1787 854 1821 judi—

59 1824 141 1850 cium
164 1822 303 1856 proponit.
327 1821 429 1849 l)ehinc
448 1823 557 1856 planum
571 1821 636 1849 facit
651 1823 713 1856 quis
728 1826 855 1856 aspectus

59 1858 195 1885 mulieris
210 1858 298 1884 malus
318 1857 363 1888 sit,
380 1862 427 1883 aut
439 1857 541 1888 bonus;
562 1861 589 1884 et
604 1857 730 1883 observat
751 1857 855 1891 appeti-

60 1894 174 1920 tionem
191 1900 207 1919 a
222 1892 371 1927 cupiditate
395 1893 431 1918 ita
449 1892 579 1923 discerni,
602 1896 632 1918 ut
649 1893 705 1918 lucc
718 1892 855 1918 tribuatur

58 1928 203 1962 voluptati
228 1932 254 1954 et
282 1927 507 1960 intemperantia},
533 1927 581 1962 illa
600 1934 663 1953 vero
689 1927 724 1953 sit
748 1935 782 1953 ex
811 1935 855 1953 ra-

58 1961 143 1990 tione
160 1966 263 1993 motus,
278 1966 304 1988 et
320 1963 347 1987 in
363 1963 397 1989 iis
411 1969 471 1996 qua:
482 1961 631 1988 secundum
650 1965 774 1988 naturam
791 1965 855 1988 sunt

59 1998 255 2025 constituatur
269 1997 302 2023 ³¹.
325 1996 445 2031 Denique
469 1997 514 2031 qui
539 1997 627 2023 omnis
645 1996 702 2023 vitii
729 2001 755 2022 ct
771 1996 854 2023 animi

58 2031 285 2068 perturbationis
295 2037 430 2068 expertes,
448 2039 483 2068 ac
502 2032 656 2068 cognitione
667 2036 693 2058 ct
706 2031 784 2058 bonis
794 2039 856 2068 ope:

59 2066 144 2095 i'ibus
158 2068 249 2094 ornati
266 2072 339 2098 sunt,
357 2067 408 2094 hos
432 2067 498 2094 dicit
518 2074 579 2094 esse
597 2067 689 2094 beatos
713 2072 793 2101 atque
820 2066 854 2093 ad

59 2104 153 2130 Deum
170 2101 328 2129 transmitti.

99 2138 286 2165 Perfectionis
302 2140 392 2163 autem
415 2136 495 2164 istius
512 2140 566 2162 tam
581 2135 624 2162 vir
648 2142 728 2170 quam
757 2135 855 2162 mulier

59 2177 186 2208 possunt
210 2180 271 2199 esse
295 2172 450 2206 participes.
469 2171 546 2208 Quod
567 2170 675 2208 quidem
688 2171 852 2208 luculentis-

60 2206 136 2236 Sitne
151 2209 188 2234 ab
205 2211 316 2234 auctore
330 2210 423 2234 nostro
447 2207 529 2233 variis
546 2206 676 2240 probatur
687 2206 708 2221 “
723 2206 864 2240 exemplis:

58 2243 183 2278 Moysis,
203 2243 249 2277 qui
262 2242 357 2278 maluit
373 2249 426 2268 una
438 2249 499 2278 cum
516 2241 615 2278 popqu
628 2241 696 2267 mori
713 2248 793 2275 quam
808 2248 853 2268 so-

62 2276 188 2305 lus-e‘sSe
202 2276 294 2305 salvus
305 2280 331 2303 et
347 2277 506 2310 incolumis;
524 2276 651 2306 Judithze,
667 2283 726 2310 quae
742 2283 791 2310 pro
805 2283 852 2310 pa~

61 2314 120 2340 tria
139 2313 286 2339 imminens
301 2312 361 2338 vita:
375 2312 525 2345 periculum
542 2311 722 2345 contempsit;
744 2310 852 2342 Esther,

62 2349 205 2376 Susanna:
220 2352 247 2373 et
265 2347 364 2381 Moysis
381 2347 502 2378 sororis;
517 2354 623 2373 necnon
639 2351 666 2372 et
683 2346 852 2381 ethnicarpm

60 2384 216 2410 mulierum
231 2379 375 2417 Lysidicaa,
390 2380 545 2413 Philoteraz,
560 2381 662 2408 Leaenae
675 2381 781 2417 Attica),
795 2379 854 2417 ΔΤε-

60 2419 163 2446 lesilla:
183 2415 304 2452 puctrim,
322 2416 548 2452 Danairfiliarum,
563 2415 852 2452 Atalaqtae,Anticlt_3:e,

59 2447 227 2483 Alcestidis,
250 2447 389 2482 Maéaniae,
409 2447 629 2486 Hyacinthidum,
648 2447 774 2478 Theanus
801 2450 854 2485 Py-

60 2489 229 2523 thagoricae,
251 2487 402 2519 Themisto,
428 2486 635 2523 Myatjl'heanus
651 2486 725 2523 [ili-.13,
739 2486 854 2523 Arigno-

61 2520 129 2555 tes,‘
138 2523 251 2550 Diodori
267 2523 394 2553 ﬁliarum,
408 2520 469 2554 qua:
490 2521 646 2551 Meucxeno,
664 2521 754 2555 Argia,
769 2520 855 2547 Theo-

61 2559 141 2594 gnis,
174 2558 321 2594 Artemisia
344 2561 371 2584 et
390 2556 541 2594 VPantaclea
560 2555 855 2594 vocaba_utur._Deinde

60 2590 132 2621 {vero
147 2593 258 2628 Cynica:
269 2593 449 2627 llipparchiaa,
462 2593 556 2628 Aretes
570 2592 734 2628 Cyreniacze,
745 2590 855 2628 Lasthe-

62 2630 120 2656 niae
128 2625 263 2659 Arcadiae,
275 2625 422 2658 Axi—otheze,
435 2635 467 2654 ac
478 2625 599 2653 demunt
610 2626 739 2660 Aspasiae,
751 2634 784 2652 ex
798 2625 856 2660 qui-

62 2665 119 2691 bus
137 2664 230 2698 plures
245 2663 518 2697 philosophabamur.-
534 2661 608 2687 Alias
625 2664 716 2698 plures
729 2661 854 2698 Clemens

62 2707 94 2726 se
116 2691 328 2734 pi‘aateriitjttere
352 2691 605 2734 testaturqpoctrias
619 2691 779 2734 _Corinnam,
799 2691 852 2734 Tef

62 2730 197 2762 lesdlam,
228 2732 316 2767 Myam
344 2737 371 2759 et
398 2730 674 2767 Sappltoppictrices
699 2730 802 2767 irrenem
827 2733 853 2757 et

60 2766 273 2796 Anaxaudraui.
290 2767 360 2800 Quid
378 2775 452 2800 vero,
466 2766 537 2802 quod
553 2766 675 2793 Cleobuli
691 2766 745 2792 ﬁlia
761 2768 853 2800 pater-

99 2847 125 2864 εδ
142 2855 170 2882 ρ.
186 2846 249 2873 5:2.

65 2883 89 2900 ιο
104 2892 130 2917 ν.
150 2882 212 2909 524.

301 2845 322 2861 ιτ
335 2853 360 2879 p.
379 2845 441 2872 διδ.
496 2844 520 2860 ﬂ

253 2881 276 2896 ιε
297 2889 314 2915 ρ
337 2881 396 2908 5-25.
435 2880 494 2915 πρ.
512 2880 573 2907 526.

538 2851 562 2878 ρ.
579 2843 640 2875 δν»,
656 2843 717 2869 διες.

614 2879 636 2894 ³⁸
647 2887 672 2913 p.
687 2878 748 2905 5'27.

869 2228 891 2257 Π

767 2841 1022 2912 ¹⁹εν¹³β⁵ἒξδθί⁸ξὲ¹β
1047 2841 1108 2902 δῗῖηι

912 920 975 950 qsse
1007 913 1225 950 incompertum,
1257 913 1290 950 an
1320 915 1420 949 aliquis
1455 913 1696 950 unquamjpra-ter

913 947 1207 984 ChristunLDominum
1226 949 1345 983 attigerit
1362 947 1508 976 summum
1519 947 1695 984 perfectionis

913 983 1027 1016 apicem.
1046 982 1240 1010 Verumtamen
1255 982 1325 1010 haud
1340 984 1498 1011 dubitanter
1514 982 1628 1011 allirmat
1648 993 1695 1012 ve-

913 1016 978 1054 teris
995 1017 1276 1054 perfectionemrlegis
1289 1019 1462 1054 AChristianze
1479 1019 1617 1054 religionis
1633 1027 1696 1054 pro-

912 1051 1031 1080 fessione
1052 1053 1205 1088 comparari
1231 1051 1263 1081 ³⁷⁵.
1282 1052 1454 1081 Christianus
1478 1051 1542 1080 vero
1560 1051 1695 1088 perfectus

911 1091 963 1118 est,
989 1088 1013 1114 si
1037 1087 1094 1122 lege
1123 1088 1167 1114 illa
1196 1091 1324 1122 tanquam
1351 1089 1435 1123 gradu
1453 1089 1486 1115 ad
1499 1087 1694 1123 perfectionem

912 1126 1002 1153 utens,
1027 1127 1053 1149 et
1069 1123 1153 1153 Illam,
1175 1123 1214 1149 uti
1232 1131 1279 1157 par
1294 1128 1346 1154 est,
1366 1128 1455 1150 mente
1472 1124 1635 1158 percipiens,
1655 1126 1696 1151 vi—

912 1161 966 1183 tam
979 1161 1051 1194 recte
1064 1157 1198 1185 instituat.
1210 1157 1252 1185 Ad
1266 1158 1440 1194 perfectionis
1452 1157 1542 1186 autem
1549 1157 1695 1194 fastigium

912 1193 1059 1226 perveniet,
1074 1194 1096 1220 si
1112 1201 1219 1220 summa
1237 1192 1364 1220 inDeum
1381 1193 1514 1220 cltaritate
1529 1201 1577 1228 pro
1590 1192 1694 1222 Christi

911 1228 1029 1264 nominis
1043 1228 1215 1264 confessione
1230 1232 1346 1256 mortem
1366 1228 1478 1263 profuso
1501 1229 1633 1264 sanguine
1649 1231 1694 1256 lu-

910 1261 1007 1290 benter
1026 1263 1134 1290 obierit.

945 1297 1010 1330 Qum
1021 1301 1111 1325 autem
1123 1298 1179 1324 sint
1189 1297 1251 1325 vitae
1265 1298 1338 1325 illius
1351 1297 1478 1332 perfecta
1489 1305 1537 1325 seu
1558 1307 1567 1323 ι
1583 1299 1691 1333 gnosti-

910 1339 950 1359 cat
964 1343 973 1358 ι
993 1333 1164 1367 prolusiones
1181 1337 1262 1367 atque
1276 1333 1551 1367 precxercitationcs.
1575 1339 1602 1360 ct
1623 1341 1693 1367 quo-

910 1368 999 1403 modo,
1014 1368 1078 1394 dum
1094 1368 1121 1394 in
1132 1367 1182 1403 hac
1195 1370 1250 1394 vita
1264 1367 1398 1403 (legimus,
1412 1368 1490 1395 nobis
1503 1371 1531 1394 ut
1550 1368 1576 1394 in
1602 1369 1691 1395 virum

900 1402 1059 1438 perfectum
1076 1402 1144 1438 etin
1161 1402 1262 1430 Christi
1287 1403 1483 1438 plenitudinem
1512 1410 1692 1438 occurramus

910 1436 1086 1464 a'dnitendum
1097 1437 1143 1469 sit,
1152 1436 1295 1473 perspicue
1305 1442 1400 1464 auctor
1411 1444 1503 1464 noster
1515 1437 1589 1464 Pauli
1600 1442 1693 1464 auctoa

909 1473 989 1499 ritate
1004 1473 1173 1499 demonstrat
1187 1473 1219 1500 ³⁸.
1244 1473 1279 1499 At
1294 1481 1326 1499 ex
1349 1473 1443 1500 eodem
1473 1473 1594 1507 apostolo
1623 1473 1694 1500 scite

910 1507 1105 1534 animadvertit
1116 1508 1191 1533 varia
1206 1515 1267 1534 esse
1287 1507 1461 1542 perfectionis
1476 1515 1583 1542 genera,
1599 1512 1624 1534 et
1640 1508 1693 1534 alia

909 1542 1015 1578 quidem
1030 1543 1177 1577 prophetae,
1197 1543 1248 1568 alia
1258 1542 1325 1576 justi
1340 1542 1470 1578 hominis,
1484 1542 1541 1578 alia
1551 1543 1691 1578 martyris,

908 1577 961 1604 alia
977 1576 1117 1610 doctoris;
1130 1577 1179 1612 sed
1198 1577 1335 1612 apostolos
1350 1578 1376 1604 iii
1389 1577 1515 1604 omnibus
1530 1576 1614 1604 fuisse
1625 1576 1692 1612 per-

908 1612 1071 1647 fectissimois
1085 1613 1117 1639 "’.
1130 1611 1229 1638 Verum
1245 1612 1381 1647 quoslibet
1396 1617 1483 1639 tamen
1505 1612 1549 1638 ille
1573 1613 1692 1640 monitos

906 1654 966 1674 esse
981 1648 1037 1674 vult
1051 1646 1139 1678 Pauli,
1152 1648 1257 1674 caeteris
1274 1647 1404 1681 apostolis
1423 1646 1596 1678 recentioris,
1618 1649 1690 1674 scri—

907 1686 951 1717 pta
966 1690 999 1709 ex
1016 1682 1099 1717 veteri
1118 1682 1236 1716 pendere
1251 1686 1424 1714 testamento,
1444 1681 1576 1717 illudque
1590 1682 1624 1708 ab
1639 1685 1690 1709 ho-

908 1717 1026 1744 minibus
1041 1716 1173 1748 Hebraeis,
1185 1717 1238 1744 nisi
1254 1718 1281 1744 in
1292 1717 1430 1744 Christum
1445 1716 1621 1749 crediderint,
1633 1725 1693 1752 per-

907 1752 959 1786 cipi
973 1755 1000 1779 et
1012 1751 1203 1786 comprehendi
1220 1760 1274 1779 non
1295 1760 1386 1786 posse.

933 1787 1108 1821 lntelligentis
1116 1795 1197 1820 porro
1203 1795 1235 1814 ac
1246 1787 1411 1821 perspicacis
1422 1786 1691 1821 tgnosticitprimum

906 1828 986 1856 opus,
995 1826 1208 1856 caaterorumque
1219 1826 1328 1848 actuum
1340 1822 1399 1856 ejus
1413 1821 1487 1848 basis
1499 1825 1526 1848 et
1534 1821 1693 1849 fundamen-

906 1861 963 1883 tum
975 1860 1016 1884 est
1032 1857 1170 1883 abstinere
1182 1864 1196 1883 a
1216 1857 1309 1888 malis;
1329 1856 1427 1884 deinde
1439 1856 1506 1882 nihil
1524 1856 1587 1883 boni
1604 1864 1693 1891 neque

906 1895 1132 1927 proptermetum,
1142 1899 1228 1926 neque
1236 1896 1345 1926 propter
1354 1891 1481 1927 promissi
1492 1898 1566 1925 spem
1579 1891 1691 1920 honoris

907 1931 953 1965 aut
968 1926 1119 1965 mercedem
1136 1934 1229 1965 agere;
1242 1927 1287 1953 sed
1300 1927 1386 1965 ipsam
1398 1930 1509 1965 propter
1521 1934 1550 1952 se
1564 1931 1690 1960 expetere

907 1961 954 1988 Dei
969 1961 1150 1995 cognitionem
1158 1961 1189 1987 ³³.
1203 1960 1269 1987 Nam
1280 1961 1358 1987 οὐσία
1370 1960 1417 1986 τοῦ
1430 1960 1609 1994 γινώσκοντος
1629 1970 1637 1986 ι
1650 1970 1692 1989 cs-

906 1996 992 2023 scntia
1002 1996 1204 2030 cognoscentis,
1215 1996 1405 2026 iaitClemens,
1413 1999 1454 2021 est
1464 1999 1593 2029 perpetuo
1601 1999 1628 2022 et
1636 1997 1690 2024 ulla

905 2031 1009 2065 absque
1037 2031 1239 2058 intermissione
1261 2030 1344 2057 Deum
1375 2030 1565 2064 contemplari.
1586 2030 1690 2062 Quam—

906 2066 999 2093 obrem
1028 2066 1052 2092 si
1068 2065 1129 2100 quis
1153 2073 1201 2099 per
1223 2065 1406 2100 hypothesim,
1425 2065 1496 2100 quod
1511 2068 1609 2100 tamen
1631 2065 1689 2091 ﬁeri

905 2108 960 2127 non
975 2099 1218 2135 potest,’:eternaln
1246 2100 1360 2127 salutem
1384 2107 1399 2126 a
1415 2099 1633 2135 cognitioneDcir
1645 2108 1690 2127 se-

902 2134 1026 2169 junctam
1041 2135 1214 2170 proposuerit
1232 2143 1241 2159 (
1265 2134 1399 2170 gnostico,
1420 2143 1430 2160 ι
1444 2134 1508 2170 _hic_
1518 2134 1586 2160 nihil
1610 2134 1689 2168 plane

906 2168 1108 2198 haesitans‘Del
1129 2168 1312 2205 cognitionem
1335 2169 1423 2203 eliget.
1444 2168 1590 2205 Perfectus
1606 2169 1689 2204 igitur

906 2206 987 2232 homo
1005 2205 1071 2232 nihil
1092 2209 1203 2240 propter
1219 2212 1285 2232 usus
1301 2205 1436 2240 proprios,
1453 2204 1637 2240 autwg!oriarm
1662 2208 1689 2231 et

906 2241 1016 2271 famam,
1033 2245 1080 2267 aut
1093 2239 1257 2267 ’mercedem
1284 2241 1341 2266 sive
1362 2239 1396 2265 ab
1413 2239 1566 2265 hominibus
1593 2239 1649 2266 sive
1672 2247 1688 2266 a

906 2276 961 2303 Deo
972 2275 1169 2310 accipiendam,
1182 2275 1228 2302 sed
1242 2278 1352 2309 propter
1366 2274 1391 2300 id
1405 2273 1604 2310 tantummodo,
1615 2274 1688 2308 quod

906 2308 1049 2345 pulchrum
1064 2314 1090 2337 et
1106 2308 1249 2337 honestum
1264 2308 1316 2340 est,
1335 2316 1428 2344 agens,
1455 2316 1520 2343 erga
1545 2308 1636 2345 justos
1662 2313 1689 2336 et

906 2343 1024 2380 injuslos
1038 2353 1144 2380 semper
1157 2345 1249 2379 justus
1264 2350 1290 2372 et
1304 2343 1452 2380 beneficus,
1468 2343 1689 2380 vitam__traducet

906 2377 994 2408 suam.
1011 2380 1063 2413 Qui
1078 2377 1167 2406 autem
1178 2380 1218 2406 sic
1230 2379 1304 2410 vivit,
1327 2388 1335 2403 ι
1349 2379 1404 2410 ille,
1420 2388 1428 2404 ι
1444 2378 1522 2413 juxta
1537 2377 1687 2406 Clementis

906 2415 1077 2445 sententiam,
1092 2424 1101 2439 ι
1117 2422 1170 2442 non
1182 2419 1224 2442 est
1236 2415 1353 2449 amplius
1369 2414 1521 2445 continens,
1534 2416 1580 2440 sed
1595 2413 1690 2449 adha-

906 2450 991 2477 bitum
1014 2449 1157 2480 ἀπαθείας,
1176 2447 1396 2484 impatibilitatis,
1414 2449 1546 2484 pervenit,
1564 2451 1594 2474 ut
1616 2447 1687 2484 divif

904 2493 967 2512 nam
986 2485 1098 2519 figuram
1113 2483 1255 2510 induat".
1278 2494 1286 2509 ι
1300 2484 1397 2510 Anima
1413 2484 1484 2510 enim
1501 2483 1584 2514 illius,
1598 2483 1688 2517 quoad

907 2520 964 2547 lieri
977 2518 1076 2554 potest,
1088 2519 1142 2546 Deo
1154 2518 1332 2554 assimilatur,
1343 2519 1365 2546 si
1377 2519 1420 2549 iis,
1431 2526 1491 2553 quae
1505 2519 1687 2554 sunteadem,

906 2552 1012 2589 semper
1024 2554 1154 2585 intendat,
1167 2558 1247 2588 atque
1259 2553 1292 2580 ad
1307 2561 1351 2580 res
1361 2552 1518 2587 corpdrcas,
1532 2552 1631 2588 quibus
1645 2561 1690 2581 va-

905 2591 945 2616 ria
963 2592 990 2615 lit
1003 2590 1061 2623 ejus
1074 2590 1189 2620 affectio,
1207 2596 1261 2614 non
1277 2594 1461 2615 convertatur.

940 2621 1120 2657 Quamobrem
1136 2624 1192 2650 sive
1202 2623 1339 2658 vigilando
1353 2623 1410 2650 sive
1424 2621 1584 2650 dormiendo
1594 2622 1689 2649 eadem

905 2660 992 2694 ipsius
1008 2659 1098 2685 anima
1115 2659 1182 2685 visis
1198 2662 1226 2685 et
1243 2658 1356 2685 somniis
1378 2658 1490 2685 minime
1506 2662 1589 2688 mola,
1606 2662 1634 2684 et
1655 2658 1690 2684 ab

907 2695 980 2721 enini
996 2695 1200 2728 pcrturbat.0ne
1213 2701 1327 2727 prorsus
1342 2700 1437 2723 vacua,
1455 2700 1562 2727 semper
1577 2700 1645 2726 pura
1661 2696 1689 2719 ct

908 2730 1081 2757 immaculata
1108 2732 1272 2763 perseverat.
1294 2728 1353 2760 Qua
1376 2728 1485 2762 quidem
1503 2728 1609 2754 ratione
1633 2733 1688 2753 nox

907 2764 1024 2799 εὐφρόνη
1053 2767 1175 2796 vocatur,
1205 2767 1234 2790 et
1258 2763 1377 2790 maxime
1410 2766 1491 2790 noctu
1521 2766 1688 2796 peraguntur

1061 2840 1083 2856 '°
1099 2847 1124 2875 p.
1143 2839 1204 2867 5‘20.
1231 2874 1235 2875 ν
1257 2838 1277 2855 ³¹
1299 2848 1324 2874 p.
1341 2839 1403 2867 5'2L
1462 2840 1482 2856 ³¹
1499 2847 1524 2875 p.
1546 2837 1607 2870 5‘22,
1622 2835 1685 2864 525.

1299 2848 1324 2874 p.
1341 2839 1403 2867 5'2L

1149 2875 1171 2890 ¹⁹
1187 2883 1213 2909 p.
1229 2874 1292 2902 530.
