1924 3072
234 127 301 155 1027

569 125 602 152 ΙΝ
622 124 833 153 CLEMENTEM
853 123 956 151 ALEX.
980 124 1009 151 D.
1029 123 1072 150 LE
1092 123 1233 151 NOURRY
1256 124 1483 154 DlSSERTATlO
1504 125 1535 152 11.

1794 126 1858 155 ιωε

232 183 373 220 mysteria,
391 184 611 220 quandoquidem
638 188 695 211 tum
718 184 819 215 anima,
849 191 864 210 a
892 184 1018 220 sensibus
1034 188 1055 214 Α
1070 183 1093 220 si
1107 183 1163 210 haec
1179 183 1280 220 virtute
1294 184 1443 220 domuerit,
1455 183 1483 210 fit
1499 183 1702 220 immutabilis;
1719 187 1802 220 atque
1818 185 1856 212 id-

233 219 347 255 prorsus
362 219 498 248 abstracta
512 225 538 247 et
554 220 586 246 ad
604 220 720 255 seipsam
737 226 890 255 conversa,
900 219 1019 253 pruden-

233 255 278 290 tia!
293 255 379 290 magis
393 259 435 282 est
451 255 598 290 particeps.
616 254 652 281 De
668 258 755 290 morte
778 254 973 290 autemuideinﬂ
987 262 1019 281 ac

233 263 278 282 I18
293 263 379 290 "‘3ng
393 263 435 282 εει
451 263 554 290 partlce
575 263 598 281 5.
616 263 652 281 ue
668 263 755 281 “10le
778 263 867 280 autem
886 263 955 280 100111
987 263 1017 281 ac

233 289 378 329 desomno
389 290 542 318 dicendum.
557 263 631 329 giers
648 289 759 323 quippe,
777 293 845 316 teste
870 288 1017 329 Heraclito,

233 326 331 352 anima:
353 325 509 360 abscessum
536 325 633 360 magis,
651 331 763 352 somnus
774 331 848 360 _vero
865 325 955 360 minus
978 325 1018 352 si-

234 360 343 396 gnificat
356 361 389 396 Ὺ).
412 358 593 396 Ωιιίιριιοριοιδ
605 359 752 393 Apostolus
773 358 936 396 Filium_De_i
953 360 1018 386 alle-

233 393 325 430 gorice
348 395 417 430 diem
435 399 462 422 et
473 393 577 426 lucem,
597 398 624 421 et
642 398 775 428 praecepta
789 393 951 430 armaglucis
967 402 1017 428 ap-

268 430 352 457 llavit.
372 429 460 456 Simili
483 437 591 465 quoque
614 430 772 464 metaphora
802 428 931 465 homines
943 429 1017 465 Aolim

229 463 397 500 jubebantur
427 465 460 491 ad
490 463 629 500 sacrificia,
653 463 798 500 et’preces
827 463 962 500 splendidi
984 471 1016 490 ac

232 498 325 527 mundi
340 499 478 547 accedere:
490 507 603 547 mos‘que
617 498 771 547 Judarorrum
787 501 846 526 erat
862 499 933 547 iitrin
947 499 1016 525 lecto

232 543 303 570 sa-pe
333 536 519 562 abluerentur.
540 533 640 561 Verum
658 534 778 569 perfecta
795 533 942 560 mundities
961 541 1015 570 non

231 568 355 604 corporis
368 575 420 600 est,
436 570 482 597 sed
501 570 610 600 mentis.
629 568 754 596 videlicet
766 575 890 603 operum,
910 568 1014 604 cogita-

230 603 334 632 tionum
347 609 374 632 et
390 612 564 637 sermonum;
581 605 618 630 ita
634 609 664 630 ut
680 605 761 630 etiam
779 604 806 630 in
828 603 932 630 somnis
949 604 985 630 sit
1000 611 1015 629 a

230 645 342 674 peccato
356 640 490 667 vacuitas.
508 639 650 666 Sutiiciens
664 646 728 666 vero
738 637 862 673 purgatio
869 641 896 665 et
908 638 1014 674 peccati

229 673 342 702 admissi
363 675 523 710 pmnitentia
545 682 577 701 ea
605 679 657 705 est,
683 681 738 708 qua
753 678 897 710 mentema
917 673 1015 710 priori—

231 709 282 736 bus
298 708 407 737 delictis
418 714 445 736 et
462 710 495 736 ab
513 710 547 736 iis
560 716 732 744 quaersensiis
744 708 879 744 delectant
904 708 1014 742 penitus

229 745 388 772 avertimus.
406 744 484 778 Quod
498 743 606 779 quidem
624 743 684 778 ipsa
699 743 842 779 conﬁrmat
859 744 1013 778 ἐπιστήμης

229 784 257 806 et
274 779 392 811 πίστεως
404 778 576 814 etymologia,
592 786 652 813 qum
668 786 704 814 es
723 778 841 814 statione
869 781 896 804 et
922 779 1014 814 quiete

229 814 339 841 dicitur.
365 813 606 841 Verumenimvero
627 813 672 840 illa
699 813 817 839 hominis
837 816 954 839 mentem
975 813 1012 840 ita

228 848 311 881 sistit,
329 853 359 890 u_t
376 849 450 889 omni
469 856 583 890 prorsus
604 856 651 890 seu
673 847 868 890 suppliciorum
882 854 930 874 seu
948 854 1012 882 pra-
1029 862 1049 890 Β

228 891 324 910 verum
342 882 481 911 hominum
510 885 607 910 timore
628 883 761 917 deposito,
789 882 879 917 justus
906 890 1014 917 semper

228 922 348 946 maneat.
378 918 559 951 Quamobrem
575 919 699 945 Clemens
728 918 874 945 absurdum
904 918 1012 952 penitus

228 954 374 987 proscribit
389 961 510 981 errorem
532 953 651 988 Epicuri,
668 953 714 987 qui
733 953 846 987 putabat
873 952 1012 979 hominem

228 989 378 1023 sapientem
398 997 478 1023 posse
493 987 564 1021 aliis,
578 988 658 1015 modo
670 988 697 1014 id
713 988 821 1022 penitus
846 987 929 1014 latere
958 987 1012 1014 sei-

227 1024 307 1055 verit,
332 1022 421 1051 facere
443 1024 583 1058 injuriain.
599 1023 727 1055 Quinimo
744 1023 858 1057 ipsemet
886 1022 1012 1050 Clemens

227 1062 357 1093 praeterea
373 1057 512 1086 contendit
524 1066 597 1089 eum,
612 1058 658 1093 qui
676 1065 724 1092 spe
739 1057 872 1085 mercedis
901 1057 972 1084 sicut
985 1062 1012 1085 et

226 1093 358 1154 ἓιοῗὲωιιε
375 1094 507 1129 injustitia
533 1094 660 1126 abstinet,
683 1100 733 1120 sua
762 1095 858 1127 sponte
875 1099 928 1119 non
950 1100 1012 1120 esse

246 1129 370 1155 onum“.

264 1162 398 1190 Bonorum
415 1167 515 1196 autem,
531 1163 619 1198 inquit
634 1163 688 1195 ille,
714 1170 762 1190 seu
792 1161 925 1198 malorum
951 1167 1012 1196 post

227 1202 343 1225 mortem
372 1198 526 1226 futurorum
552 1197 615 1233 spes
635 1199 668 1225 ab
692 1197 810 1225 ethnicis
829 1197 1009 1232 philosophis,

226 1240 281 1269 non
309 1233 396 1260 solum
418 1233 577 1269 Pythagora:
601 1233 793 1269 sectatoribus.
813 1239 907 1259 verum
928 1233 1010 1259 etiam

226 1267 363 1294 Heraclito
376 1273 402 1295 et
413 1266 526 1296 Platone
539 1268 631 1303 agnita
644 1272 694 1295 est.
711 1266 773 1303 Haec
787 1271 888 1303 autem,
915 1270 945 1294 iit
968 1271 1011 1294 te-

225 1306 313 1330 statur
327 1303 484 1338 Apostolus.
510 1302 567 1330 non
590 1303 742 1330 confundit.
759 1302 811 1334 Qui
828 1305 917 1329 autem
931 1309 1011 1338 voca-

223 1337 290 1364 tioni
314 1337 370 1364 suae
393 1347 495 1365 morem
520 1339 680 1373 simpliciter
709 1338 869 1371 sincercque
892 1337 971 1372 gerit,
987 1337 1010 1365 is

224 1379 311 1408 neque
327 1379 436 1408 propter
447 1377 558 1403 metum,
571 1381 657 1408 neque
669 1379 779 1408 propter
792 1373 898 1399 lucrum
911 1375 957 1408 aut
967 1374 1011 1399 de-

223 1407 408 1439 lectationem,
422 1409 470 1436 sed
487 1407 631 1435 dilectione
648 1412 750 1434 tractus
766 1407 823 1437 Dei,
840 1415 901 1433 eum
914 1407 957 1441 pie
967 1415 1011 1433 co-

223 1442 254 1469 lit
269 1450 300 1469 ac
313 1448 468 1470 veneratur.
482 1444 652 1477 Quapropter
671 1443 779 1469 etiamsi
795 1442 878 1468 vetita
900 1443 1010 1476 iiiipune

223 1478 319 1512 agendi
336 1482 498 1512 potestatem
516 1486 530 1504 a
547 1478 602 1505 Deo
620 1477 766 1512 acceperit,
785 1477 830 1503 ille
844 1482 944 1508 tamen,
961 1482 1004 1504 iit—

221 1515 289 1556 pote
302 1514 349 1547 qui
363 1513 506 1541 honestum
521 1521 553 1540 ex
570 1513 659 1553 scipso
677 1512 901 1556 amanduin‘esse
922 1520 1007 1556 'llOVti-l
1022 1528 1042 1556 ο

222 1548 267 1578 rit,
284 1549 311 1574 in
329 1555 407 1574 suum
430 1555 567 1581 nunquam
591 1548 709 1573 animum
726 1547 837 1573 inducet
855 1550 885 1573 ut
904 1547 1006 1581 aliquid

221 1587 321 1643 praeter
336 1583 469 1610 rationem
488 1587 560 1617 agat.
582 1582 614 1608 Et
635 1589 700 1608 vero
717 1589 878 1616 persuasum
895 1582 1007 1609 omnino

242 1618 303 1643 abet
320 1626 364 1643 res
379 1622 494 1643 creatas.
511 1618 582 1643 sicut
595 1621 621 1643 et
636 1617 786 1643 leuitiiiiuin
801 1616 956 1643 coniueiuin
974 1625 1006 1643 ac

242 1618 303 1644 abet
320 1626 364 1645 res
379 1622 494 1648 creatas,
511 1616 582 1644 sicut
595 1621 621 1644 et
636 1617 786 1652 legitimum
801 1616 956 1650 conjugiuin
974 1625 1006 1644 ac

221 1652 368 1679 liberorum
384 1652 609 1687 procreationem,
628 1651 760 1686 quidquid
774 1651 893 1687 lizcretici
912 1657 1006 1679 contra

239 1688 353 1719 arriaiit,
371 1686 432 1715 esse
451 1687 560 1722 quidem
576 1688 657 1722 bona,
677 1686 924 1722 scdwpraestanlius
945 1694 1007 1714 esse

239 1695 353 1719 arriaiit,
371 1695 432 1715 esse
451 1695 560 1722 qumciii
577 1695 657 1718 bona,
677 1695 724 1714 sco
750 1695 924 1720 praescaniius
945 1695 1007 1714 esse

220 1695 313 1751 siviiia
334 1723 540 1753 assimilatioue,
563 1721 666 1756 ἀπαθῆ,
689 1721 771 1748 nullis
794 1721 1007 1755 perturbationi-

220 1757 273 1792 bus
292 1757 450 1789 obnoxium,
469 1757 515 1783 καὶ
527 1757 663 1792 ἐνάρετον,
683 1766 700 1792 (γ
711 1761 738 1783 et
751 1756 849 1792 virtute
865 1757 1006 1790 praeditum

221 1791 278 1818 fieri
290 1792 323 1819 ⁸³.
344 1802 353 1818 ι
376 1792 550 1819 Manifestum
570 1790 668 1819 deinde
687 1791 814 1823 Clemens
836 1790 912 1822 facit,
940 1793 1005 1826 quid

220 1826 273 1862 hac
290 1827 348 1862 lege
366 1836 375 1852 i
391 1827 450 1854 Non
470 1827 665 1862 concupisces,
687 1836 696 1852 ι
712 1825 890 1861 signiﬁcetur,
907 1830 933 1853 et
946 1825 1006 1861 qua:

220 1861 256 1888 sit
274 1870 283 1886 ι
300 1861 414 1896 ςιιοειίεἰ
431 1871 440 1887 ι
464 1862 496 1889 ad
511 1861 596 1888 Deum
617 1862 747 1896 precatio.
769 1868 823 1896 qua
845 1864 872 1888 et
893 1869 908 1888 a
928 1863 1006 1896 cupi-

220 1896 305 1924 ditate
321 1897 441 1929 liberari,
463 1901 491 1924 et
507 1897 615 1931 ipsimet
630 1897 684 1924 Deo
697 1896 836 1931 conjungi,
851 1903 883 1923 ac
898 1899 1003 1931 paucis,

219 1933 328 1959 tametsi
350 1936 441 1959 creata
463 1932 555 1959 omnia
578 1932 648 1959 bona
672 1932 738 1964 sint,
768 1935 926 1958 contentum
944 1939 1005 1960 esse

239 1968 349 1994 ostulat.

220 1973 446 2033 p0'i‘lililrlfinauctor,
461 2009 558 2029 rursus
581 2001 703 2036 Apostoli
725 2002 889 2028 auctoritate
909 2001 1003 2033 fultus,

218 2037 318 2064 asserit
332 2045 378 2065 res
391 2041 497 2064 creatas
510 2044 571 2063 esse
586 2035 694 2071 quidem
707 2035 803 2068 bonas,
820 2037 930 2064 tametsi
945 2038 1005 2064 aliae

219 2072 280 2099 aliis
297 2072 353 2099 sint
365 2079 460 2100 revera
474 2070 600 2099 meliores
615 2071 648 2098 ".
664 2070 762 2098 Subdit
776 2076 865 2098 autem
883 2079 925 2103 ca,
944 2080 1004 2106 quit:

218 2107 374 2134 necessaria
397 2107 476 2134 nobis
496 2111 571 2138 sunt,
592 2106 639 2134 Dei
653 2106 818 2141 benignitate
831 2114 893 2134 esse
906 2112 1003 2141 paratu

221 2142 322 2168 facilia.
338 2143 360 2168 Α
373 2141 525 2168 Democrito
540 2142 630 2175 itaque
650 2140 727 2172 illud,
745 2142 824 2175 cujus
845 2140 1003 2176 ipse’ratio-

219 2184 280 2203 nem
295 2177 350 2211 jam
372 2177 534 2208 reddiderat,
552 2177 679 2203 observat
697 2176 810 2210 pulchre
831 2177 942 2203 omnino
962 2177 1003 2203 di-

1070 218 1144 254 eireo
1161 219 1274 254 unicus,
1288 222 1314 254 et
1328 220 1418 254 quoad
1435 219 1492 246 ﬁeri
1508 222 1598 252 potest
1610 238 1617 249 ,
1637 218 1694 245 Deo
1712 218 1812 246 similis
1828 227 1857 247 ac

1070 253 1141 280 Deus
1158 253 1282 280 efficitur.
1293 253 1318 280 Is
1331 262 1395 280 vero
1412 263 1420 279 ι
1436 254 1560 289 gnostica
1575 263 1584 279 ι
1596 259 1697 280 natura
1713 262 1762 281 sua
1776 254 1856 281 Deum

1070 288 1102 324 ad
1120 296 1149 315 se
1164 289 1285 320 attrahit,
1298 297 1359 315 eum
1375 289 1450 319 colit,
1465 293 1492 316 et
1508 288 1616 316 sincera
1630 296 1681 316 sua
1696 290 1857 324 purgatione

1069 323 1158 357 ipsum
1172 328 1266 351 sancte
1281 324 1488 358 contemplatur.

1103 358 1236 385 Caeterum
1250 378 1257 390 ,
1274 359 1337 393 quia
1345 359 1382 394 fin
1398 358 1545 394 cujuslibet
1561 358 1683 385 hominis
1708 358 1797 394 libera
1812 367 1857 394 po-

1068 396 1166 420 testate
1178 394 1260 420 situm
1282 398 1324 421 est
1344 393 1398 420 Deo
1418 393 1528 421 credere
1544 393 1586 420 vel
1602 401 1655 420 non
1674 393 1790 420 credere
1803 413 1810 425 ,
1827 402 1856 420 :ic

1069 432 1202 463 praecepta
1221 428 1293 455 illius
1315 429 1460 456 observare
1475 432 1521 455 aut
1544 429 1716 463 transgredi,
1746 429 1792 455 ille
1817 429 1856 455 id-

1068 462 1142 489 circo
1156 467 1267 498 propter
1288 468 1362 491 recte
1377 463 1419 490 vel
1435 464 1505 490 male
1519 463 1592 490 facta
1607 462 1654 490 aut
1671 463 1781 490 laudem
1802 472 1855 491 nie-

1067 502 1142 524 retur
1160 503 1206 525 aut
1218 499 1443 534 vituperationem
1453 507 1469 534 ᾖ
1476 506 1514 534 θεν
1524 502 1635 534 propter
1647 503 1782 533 peccata,
1799 506 1856 533 qua

1068 536 1159 568 tamen
1173 533 1286 566 omnia;
1304 533 1437 568 quidquid
1455 533 1587 560 Basilides
1603 541 1684 561 secus
1699 534 1856 561 somniave—

1066 566 1105 603 rit
1114 587 1132 603 ,ν
1146 566 1421 603 baptismate—dimitti
1437 572 1542 595 certum
1563 573 1622 601 est,
1640 569 1742 596 merito
1767 570 1855 603 pCEnlS

1066 601 1191 638 afficitur;
1208 602 1353 638 Triplicem
1376 607 1464 629 autem
1488 603 1524 630 ob
1544 604 1698 635 rationem,
1724 601 1856 638 quemad-

1065 637 1175 673 modum
1191 637 1292 673 duplici
1308 637 1398 670 modo,
1415 641 1525 672 peccata
1541 642 1603 672 post
1617 637 1788 673 baptismum
1809 639 1857 666 ad-

1065 671 1150 699 missa
1164 671 1352 708 castigantur;
1369 671 1428 707 qua:
1442 680 1506 700 vero
1523 671 1586 700 ante
1603 671 1679 700 illum
1696 677 1856 708 perpetrata

1065 712 1139 743 sunt,
1155 707 1284 735 dicuntur
1304 708 1458 743 expurgari.
1483 707 1517 734 At
1541 708 1586 743 qui
1602 707 1716 743 peccato
1742 707 1857 736 minime

1066 741 1225 778 inquinatus
1241 741 1422 770 immortalem
1439 742 1486 778 Dei
1499 741 1626 770 naturain
1638 744 1855 778 contemplatur,

1065 776 1110 803 ille
1125 777 1220 805 beatus
1236 782 1288 810 est,
1306 781 1344 810 et,
1359 781 1389 804 ut
1399 778 1438 804 ait
1453 777 1540 810 Plato,
1556 778 1628 805 inter
1643 776 1771 806 homines
1786 778 1856 806 Deus

1064 811 1132 848 erit;
1158 813 1201 848 vel
1225 820 1286 840 cum
1301 813 1412 848 Christo
1426 814 1539 848 angelus
1551 833 1558 845 ,
1579 818 1606 841 et
1621 814 1699 840 solus
1718 813 1855 848 prudens,

1064 845 1306 908 ngsiigéhﬂtgtem
1329 845 1476 875 indefessa'
1488 845 1728 883 contemplatione.
1746 856 1856 884 semper

1064 886 1220 909 considerat
1229 886 1261 910 ⁵⁵.

1098 915 1152 952 Nec
1166 922 1209 944 est
1225 924 1289 945 sane
1300 917 1373 952 quod
1385 917 1446 952 quis
1460 917 1572 952 objiciat
1582 925 1634 946 nos
1647 925 1704 945 non
1717 925 1805 952 posse
1820 918 1854 946 ad

1063 949 1129 982 Dei.
1149 953 1197 1013 ﬁni
1221 949 1402 992 demonstrari
1425 949 1529 987 nequit,
1548 954 1694 988 pervenire
1714 949 1854 992 cognitio

1064 993 1135 1013 nem.
1173 994 1215 1013 am
1226 995 1274 1013 per
1286 987 1384 1013 Filium
1398 988 1457 1013 eius
1474 996 1505 1013 ac
1517 989 1638 1013 infinitas
1652 988 1781 1013 eiusdem
1793 987 1854 1013 Filii

1064 993 1135 1022 nem.
1149 987 1215 1013 Nam
1226 995 1274 1022 per
1286 987 1384 1014 Filium
1398 988 1457 1022 ejus
1474 996 1505 1015 ac
1517 987 1638 1015 inﬁnitas
1652 987 1781 1022 ejusdem
1793 987 1854 1015 Filii

1063 1021 1255 1062 perfectiones,
1268 1023 1343 1049 illum
1360 1021 1519 1062 agnoscere,
1534 1024 1559 1051 ei
1572 1021 1701 1062 credere,
1714 1024 1850 1062 atquein

1063 1056 1114 1091 ipsi
1129 1057 1255 1092 conjungi
1271 1056 1426 1092 possumus.
1453 1057 1550 1085 Verum
1575 1058 1598 1085 si
1621 1058 1655 1086 de
1672 1058 1721 1084 illo
1745 1056 1851 1085 dubite-

1061 1099 1123 1119 mus
1139 1097 1186 1128 iiiit
1196 1093 1220 1119 ei
1232 1100 1286 1119 non
1301 1092 1456 1124 credamus,
1469 1094 1503 1120 ab
1519 1093 1579 1128 ipso
1589 1093 1790 1128 disjungimur,
1804 1101 1851 1120 nec

1062 1134 1156 1162 sumus
1177 1127 1276 1154 Levita:
1290 1147 1298 1158 .
1314 1135 1362 1155 seu
1380 1128 1554 1162 alienigenae,
1571 1129 1619 1162 qui
1634 1129 1661 1154 iii
1678 1127 1780 1156 sancta
1799 1136 1850 1155 non

1062 1161 1264 1196 ingrediuntur.
1281 1163 1387 1190 Etenim
1410 1164 1455 1197 qui
1465 1161 1640 1190 crediderint
1653 1166 1682 1190 et
1698 1164 1786 1190 vitam
1804 1171 1851 1197 pu-

1062 1204 1120 1223 ram
1145 1197 1289 1229 duxerint,
1308 1198 1326 1224 ii
1340 1197 1395 1225 veri
1419 1202 1482 1225 sunt
1512 1198 1557 1226 D‘ei
1576 1198 1740 1225 sacerdotes
1757 1202 1785 1225 et

1061 1231 1133 1268 vilic,
1158 1233 1258 1266 quibus
1281 1236 1403 1260 mortuos
1419 1237 1529 1268 tangere
1549 1233 1664 1260 vetitum
1679 1238 1743 1266 est;
1767 1237 1814 1260 aut
1829 1233 1850 1259 si

1062 1267 1210 1303 tetigerint,
1231 1268 1361 1302 jiibeiitur
1377 1268 1421 1294 die
1435 1267 1550 1303 septimo
1568 1269 1700 1302 purgari,
1715 1274 1744 1295 et
1757 1272 1850 1295 octavo

1061 1301 1159 1338 offerre
1183 1311 1191 1327 i
1208 1301 1429 1338 propitiationem
1438 1301 1475 1330 δεῖ
1489 1313 1497 1328 i
1525 1301 1585 1336 Qua
1602 1301 1714 1338 quidem
1732 1303 1793 1338 lege
1815 1304 1849 1329 si-

1061 1336 1240 1373 gniticatur’a
1257 1336 1403 1372 ignostico
1419 1347 1428 1363 ι
1448 1340 1573 1365 nuntium
1589 1336 1713 1373 peccatis
1730 1336 1851 1365 etﬁmuu-

1061 1371 1141 1408 uanis
1158 1373 1239 1399 rebus
1265 1371 1326 1400 esse
1343 1373 1521 1404 mittendum,
1547 1371 1629 1408 atque
1643 1373 1669 1399 in
1687 1381 1732 1405 ea,
1751 1381 1812 1408 qua:
1824 1374 1849 1399 in

1061 1405 1196 1440 baptismo
1208 1412 1317 1442 accepta
1332 1408 1400 1440 fuit,
1421 1409 1541 1442 perfecta
1565 1405 1693 1442 corporis
1710 1413 1739 1435 et
1756 1405 1851 1435 anima:

1061 1442 1206 1477 sanctitate
1218 1450 1249 1468 ac
1260 1443 1378 1476 jiistitia,
1395 1451 1455 1477 qu.u
1471 1444 1541 1470 idem
1557 1448 1598 1470 est
1617 1451 1649 1469 ac
1663 1451 1719 1477 pax
1730 1448 1760 1471 et
1777 1447 1851 1470 tran-

1060 1476 1191 1512 quillitas,
1210 1477 1241 1503 ad
1254 1483 1367 1505 mortem
1385 1476 1471 1512 usque
1485 1476 1731 1512 perseverandum.

1096 1510 1124 1537 lu
1150 1512 1262 1547 hujusce
1277 1521 1340 1539 vero
1353 1510 1513 1541 assertionis
1529 1513 1774 1540 conﬁrmationem
1791 1513 1850 1541 Cle-

1060 1553 1136 1573 mens
1152 1548 1256 1582 profert
1269 1547 1325 1575 hrcc
1341 1546 1400 1575 Jobi
1414 1549 1495 1575 verba
1510 1557 1515 1574 :
1537 1558 1546 1573 ‹
1560 1548 1656 1575 Nudus
1672 1556 1806 1583 egressus
1818 1557 1849 1576 ex

1059 1585 1148 1612 utero,
1163 1591 1172 1607 ι
1190 1587 1261 1613 etc.,
1287 1590 1318 1609 ac
1334 1583 1452 1610 nominis
1473 1584 1601 1611 Rebeccae
1616 1587 1643 1610 et
1669 1583 1851 1611 Melchisede-

1058 1616 1097 1653 cis
1121 1617 1328 1653 etymologiam,
1354 1618 1551 1653 ipsiusquemet
1572 1618 1704 1645 Basilidis
1724 1620 1851 1645 testimo~

1057 1651 1132 1688 nium
1144 1651 1175 1678 ⁵⁷.
1194 1652 1321 1688 Denique
1334 1651 1477 1687 postquam
1494 1655 1622 1688 mysteria
1648 1660 1748 1680 nostra
1770 1661 1849 1688 paga-

1057 1686 1110 1718 nis,
1125 1688 1170 1721 qiii
1184 1692 1210 1713 et
1225 1686 1275 1714 sua
1289 1687 1369 1714 etiam
1380 1686 1448 1715 alios
1464 1686 1598 1721 celabant,
1608 1686 1779 1715 occultanda
1789 1686 1850 1716 esse

1057 1728 1107 1747 nos
1119 1722 1268 1753 admonuit,
1284 1723 1290 1748 i
1313 1730 1341 1749 se
1356 1722 1389 1749 ad
1404 1723 1516 1750 moralia
1533 1724 1632 1750 transit
1645 1729 1796 1758 praecepta.

1093 1756 1175 1784 Docet
1191 1758 1282 1784 itaque
1295 1730 1468 1784 gervatorem
1486 1765 1609 1784 nostrum
1621 1778 1630 1784 .
1644 1758 1693 1784 aui
1709 1763 1796 1784 mvste

1093 1756 1175 1794 Docet
1185 1758 1282 1794 itaque
1296 1756 1468 1794 Servatorem
1486 1765 1609 1786 nostrum
1621 1778 1630 1790 ,
1644 1756 1693 1793 Qui
1709 1756 1850 1794 m‘ysteriis

1057 1798 1107 1818 nos
1130 1792 1239 1829 initiat,
1272 1792 1360 1829 solum
1383 1801 1445 1820 esse
1471 1792 1665 1829 pneceptorem
1697 1792 1848 1825 nostrum,

1055 1827 1282 1864 quemadmodum
1298 1827 1378 1864 Deus,
1387 1827 1514 1863 principii
1528 1827 1637 1864 expers,
1651 1829 1849 1856 universorum

1056 1866 1098 1899 est
1112 1862 1287 1899 principium.
1300 1862 1447 1899 Hltereticos
1464 1862 1546 1898 igitur
1557 1862 1602 1899 qui
1616 1871 1720 1898 corpus
1738 1865 1850 1899 vitupe-

1056 1896 1153 1923 rabant
1171 1897 1233 1925 hinc
1249 1897 1353 1932 arguit,
1371 1899 1434 1932 quia
1450 1896 1503 1925 non
1517 1896 1605 1926 solum
1620 1896 1697 1926 recta
1711 1903 1756 1926 est
1773 1896 1850 1926 illius

1056 1933 1215 1968 constitutio
1232 1937 1258 1960 et
1270 1933 1442 1968 compositio.
1462 1933 1509 1961 sed
1529 1934 1650 1960 animam
1670 1941 1784 1968 quoque
1801 1942 1850 1961 su-

1056 1966 1161 2004 scipit,_
1179 1966 1232 1994 Deo
1255 1967 1490 2001 pretiosissimam,
1515 1966 1720 2004 virtutumque,
1735 1966 1850 2003 ‘quibus

1055 2001 1128 2039 circa
1143 2001 1228 2039 Deum
1250 2006 1385 2034 versetur.
1405 2010 1498 2039 revera
1512 2001 1851 2039 capacem.‘Quapi‘opter

1055 2036 1077 2063 si
1097 2036 1181 2064 Isaias
1196 2045 1306 2064 carnem
1329 2041 1409 2064 vocat
1433 2038 1525 2065 fenum
1546 2036 1572 2065 ct
1594 2038 1649 2066 feni
1667 2036 1850 2071 ﬂorciu,_bis

1055 2071 1099 2107 ille
1115 2072 1204 2100 verbis
1217 2079 1265 2099 eos
1287 2075 1363 2099 notat
1377 2072 1423 2107 qui
1441 2073 1591 2100 secundum
1613 2081 1742 2105 carnem,
1759 2078 1790 2100 ut
1809 2076 1851 2100 ait

1053 2105 1220 2140 Apostolus,
1247 2107 1275 2134 in
1299 2105 1418 2141 peccatis
1443 2108 1594 2136 ambulant.
1616 2108 1730 2136 Fatetur
1753 2113 1849 2136 tamen

1054 2142 1172 2178 animam
1184 2150 1245 2170 esse
1258 2144 1389 2176 ponerem
1407 2142 1524 2170 hominis
1537 2147 1649 2178 partem.
1665 2144 1711 2172 cui
1730 2144 1850 2178 proinde

1057 2177 1132 2214 bona
1148 2178 1269 2214 actiones
1280 2177 1469 2214 inscribuntur.
1487 2178 1521 2205 At
1537 2177 1668 2213 quoniam
1686 2177 1745 2214 illa,
1762 2187 1848 2214 quain

218 2216 301 2248 ctum,
323 2221 332 2236 ‹
348 2215 473 2248 naturain
494 2216 520 2239 et
532 2211 682 2248 doctrinam
712 2218 768 2248 rem
798 2219 859 2238 esse
879 2212 1004 2246 persimi-
1022 2216 1042 2242 ι)
1056 2212 1164 2246 quidem
1185 2212 1318 2240 Basilides
1335 2216 1432 2239 natura
1448 2220 1498 2239 sua
1513 2211 1621 2248 semper
1636 2211 1850 2242 mundam—esse

219 2246 282 2274 lem.
312 2256 321 2271 )
349 2246 496 2281 Utriusque
515 2250 604 2281 autem
632 2245 702 2272 Deus
729 2246 816 2279 prima
828 2250 855 2273 et
881 2245 1004 2274 secunda

218 2281 356 2308 creatione
379 2280 474 2308 auctor
499 2285 551 2308 est.
573 2280 666 2316 Porro,
687 2286 778 2307 autem
802 2289 868 2316 cum
888 2289 920 2308 ea
944 2290 1004 2316 qua:

217 2317 317 2343 mentis
341 2321 405 2343 sunt
427 2324 442 2343 a
464 2317 541 2343 nobis
569 2316 631 2350 eligi
652 2315 778 2345 debeant.
801 2315 863 2343 inde
877 2315 1002 2344 Clemens

217 2351 320 2386 colligit
335 2359 448 2386 qumque
464 2352 575 2378 honesta
595 2350 676 2377 videri
692 2350 901 2383 jucundissiina,
916 2355 942 2378 et
957 2353 1002 2379 illa

217 2385 288 2420 banc
299 2385 416 2420 praebere
433 2387 513 2412 animi
527 2386 761 2420 tranquillitatem,
778 2393 832 2420 qua
848 2386 940 2417 homo,
962 2388 1002 2414 liti

217 2419 475 2482 Psaéniistalzoct
489 2419 666 2456 Eiiipcheles
677 2419 868 2454 testificantur,
880 2421 908 2448 iii
915 2420 1000 2450 Deum

217 2462 262 2482 cre
284 2461 314 2482 it.

217 2461 314 2483 CI‘CGIL

252 2489 355 2525 Duplex
370 2495 459 2518 autem
475 2491 555 2518 homo
568 2490 776 2526 distinguendus
786 2495 828 2518 est
842 2500 848 2518 :
865 2491 970 2526 primus
985 2499 1001 2519 a

216 2524 273 2552 Deo
288 2524 319 2553 ex
333 2527 467 2560 cougeiiiti
485 2526 598 2561 spiritus
613 2524 673 2554 idea
689 2527 849 2554 naturaliter
863 2524 1000 2561 perfectus

215 2561 273 2595 qui,
290 2561 370 2588 sicuti
385 2561 470 2587 Adam
484 2566 601 2592 creatus.
618 2563 746 2589 omnibus
760 2566 802 2589 est
817 2562 910 2596 utique
921 2569 998 2588 com-

217 2595 323 2627 munis;
338 2596 406 2622 alter
418 2604 488 2632 vero
496 2596 576 2622 homo
588 2597 734 2631 singularis
746 2601 797 2627 est,
808 2596 855 2632 qui
867 2595 899 2624 ex
913 2596 999 2632 forma

215 2637 321 2667 eorum,
328 2631 514 2665 quaaelegerit,
523 2632 661 2666 proprium
667 2632 767 2667 accipit
774 2631 995 2659 characterem“.

217 2664 267 2701 Hic
279 2670 368 2692 autem
389 2673 422 2692 ex
436 2664 532 2693 natura
548 2664 596 2693 sua
611 2667 694 2694 variis
715 2664 797 2693 animi
813 2666 997 2701 perturbatio-

215 2700 298 2727 nibus
314 2705 340 2727 et
358 2701 487 2729 motibus.
502 2709 562 2734 qua:
588 2701 614 2727 in
632 2701 715 2728 Deum
738 2700 837 2728 cadere
861 2709 914 2728 non
933 2709 997 2735 pos-

216 2740 290 2767 sunt,
302 2736 382 2771 plane
397 2735 541 2769 obnoxius,
557 2735 611 2763 dici
627 2741 717 2771 potest
732 2737 884 2772 multiplex.
895 2735 996 2771 Verum

252 2813 276 2829 ιο
289 2821 314 2848 p.
332 2814 392 2841 53L

432 2814 454 2829 “
472 2822 498 2848 ν.
514 2814 575 2841 552.
614 2813 635 2830 δ’
651 2822 676 2849 p.
696 2814 755 2842 555.

216 2847 239 2863 ’⁸⁸
251 2856 276 2883 p.
290 2847 344 2876 540
358 2855 381 2877 et
395 2850 456 2877 5H.

495 2851 515 2865 ιο
530 2858 556 2885 ρ.
572 2849 633 2877 sia.

795 2814 817 2830 ⁸³
831 2823 856 2849 p.
872 2813 932 2841 5'54.

970 2813 993 2829 ιι
1005 2821 1030 2848 Ρ.

1056 2248 1347 2284 perperamasseruit,
1377 2247 1405 2274 in
1428 2255 1542 2282 corpore
1566 2247 1772 2284 peregrinatur,
1807 2250 1851 2276 id-

1055 2282 1131 2308 cirm
1153 2282 1263 2317 sapiens
1282 2284 1377 2314 homo,
1393 2286 1421 2308 et
1449 2292 1457 2306 ι
1473 2282 1651 2317 ειιοδιὶὸιιε.⁷ι
1671 2284 1738 2311 illud
1755 2292 1792 2312 ne
1805 2286 1849 2311 ni-

1055 2317 1107 2342 iiiia
1122 2316 1287 2355 indulgentia
1301 2316 1502 2355 corrumpatur,
1521 2325 1615 2355 severe
1628 2319 1762 2355 castigat;
1775 2327 1809 2347 ac
1820 2321 1849 2346 in

1054 2352 1155 2388 mundo
1168 2357 1295 2387 tanquam
1310 2353 1409 2387 hospes
1425 2354 1451 2379 in
1467 2352 1628 2385 diversorio,
1643 2352 1717 2388 quod
1732 2355 1792 2381 cito
1804 2363 1847 2382 re-

1053 2387 1167 2423 licturus
1180 2392 1241 2423 Vest,
1257 2395 1447 2419 commorans,
1465 2395 1604 2423 nunquam
1627 2387 1703 2416 retro
1726 2397 1847 2417 conver-

1052 2428 1100 2458 sus
1114 2421 1298 2458 longiorisque
1316 2429 1398 2458 mora:
1413 2421 1568 2458 impatiens,
1585 2427 1613 2451 et
1628 2432 1692 2451 cum
1708 2424 1846 2458 Apostolo

1055 2457 1246 2491 ingemiscens,
1255 2457 1288 2484 ad
1303 2457 1442 2485 cmlestem
1453 2457 1628 2486 ’mansionein
1641 2463 1669 2487 et
1682 2457 1845 2487 felicitatem

1054 2499 1161 2529 semper
1176 2492 1366 2529 aspirati“._Dc
1377 2493 1429 2519 bac
1444 2497 1533 2529 autem
1552 2492 1682 2521 felicitate
1695 2495 1763 2529 quid
1779 2494 1846 2529 Epi-

1054 2527 1182 2554 charmus
1204 2526 1231 2554 et
1257 2526 1392 2555 Pindarus
1409 2528 1585 2562 cecinerunt,
1610 2526 1845 2556 obiter—Clemens

1054 2562 1261 2598 animadvertit;
1279 2568 1306 2589 et
1321 2570 1369 2590 eos
1388 2562 1543 2597 redarguit,
1568 2564 1614 2598 qui
1633 2565 1719 2591 stulte
1735 2565 1844 2591 animas

1052 2604 1067 2623 e
1083 2597 1200 2634 εωιυέἰιι
1214 2601 1334 2630 terram,
1356 2601 1385 2624 ut
1400 2598 1436 2625 ibi
1452 2597 1619 2632 puniantur,
1635 2599 1766 2634 delapsas
1781 2607 1843 2627 esse

1050 2632 1260 2660 contendebant.

1085 2667 1391 2704 Deliiiicﬂperspicuum
1415 2668 1460 2696 ille
1486 2668 1589 2700 facit",
1626 2677 1636 2694 ί
1659 2669 1814 2704 gnosticum
1829 2678 1839 2695 ι

1049 2701 1103 2736 pie,
1122 2702 1161 2728 uti
1178 2701 1286 2730 dictum
1298 2707 1351 2735 est,
1369 2703 1503 2731 viventem
1520 2704 1575 2730 Deo
1591 2701 1752 2735 assimilari,
1766 2711 1842 2731 esse-

1049 2745 1102 2772 que
1126 2737 1241 2764 electuin
1264 2742 1290 2765 et
1306 2739 1475 2773 spiritualem
1487 2758 1495 2771 ,
1511 2742 1608 2766 centra
1623 2746 1689 2767 vero
1713 2743 1842 2774 peccato—

1523 2816 1544 2832 "
1561 2824 1587 2851 p.
1604 2816 1675 2850 559;
1690 2815 1741 2844 Job
1755 2823 1776 2849 i,
1792 2815 1837 2843 2!.

1049 2813 1109 2841 535.
1146 2815 1168 2830 ιι
1185 2822 1210 2850 [ι.
1228 2815 1288 2842 537.
1330 2815 1352 2831 ια
1372 2816 1475 2850 p.533.
