1924 3072
243 109 310 139 1051

563 109 598 137 ΙΝ
614 107 824 138 CLEMENTEM
845 110 947 139 ALEX.
969 111 1001 137 D.
1020 109 1064 138 LE
1083 109 1225 138 NOURRY
1247 108 1476 138 DISSERTATIO
1497 109 1530 137 Il.

1803 110 1865 141 10ΰὲ-

242 168 412 199 sanctiﬁcata
427 170 651 205 spectatissimos,
667 168 700 196 ad
715 169 760 196 Dei
773 170 876 198 electos
890 177 950 198 esse
960 171 1028 198 ima-
1043 175 1064 203 Α
1080 160 1207 205 Eamdem
1224 176 1289 196 sane
1302 168 1337 195 ob
1353 167 1486 205 rationem
1496 168 1634 205 nonnulli
1652 168 1822 205 philosophi,
1845 175 1870 199 ut

241 206 349 241 ginem,
367 205 595 242 quemadmodum
619 205 637 231 ii
660 205 910 242 ungcliantur,_qtii
931 206 965 232 ad
987 214 1029 233 re-

241 239 325 276 éuum
338 245 365 268 et
376 239 550 276 prophetiam
567 242 704 276 assumpti
713 239 831 266 fuerant.
847 240 1028 273 Quamobrem

242 275 363 311 Egyptii
382 275 442 303 non
457 276 584 302 omnibus
597 294 604 306 ,
625 276 672 311 sed
684 275 722 311 riis
743 275 809 302 solis
826 276 954 310 mysteria
979 283 1028 302 sua

242 310 450 346 divinarumque
472 318 570 346 rerum?
589 310 779 346 cognitionem
792 311 953 342 credebant,
981 311 1028 345 qui

243 347 285 373 vel
309 347 399 381 futuri
407 345 484 381 reges
496 365 503 377 ,
529 345 572 381 vel
587 353 620 372 ex
637 345 825 381 sacerdotibus
838 350 916 372 erant
933 346 1029 380 proba-

243 381 352 408 tissimi.
379 380 675 416 Tum’iverorbreviterr
692 380 818 407 Clemens
834 381 934 407 enodat
959 381 1024 416 quid

241 416 398 443 eorutndem
431 415 622 450 Egyptiorum
655 415 806 450 signarent
825 416 968 450 aenigmata
1002 420 1030 442 et

241 451 378 485 symbola,
392 449 517 477 videlicet
533 449 689 485 navigium;
710 449 865 477 crocodilus
876 449 889 481 ,ί
909 451 1025 484 puellus.

242 493 336 516 senex,
354 485 493 520 accipiter,
510 486 604 520 piscis.
619 489 646 512 et
662 485 714 511 diis
729 486 881 511 consecrati
897 486 969 512 oculi
984 490 1026 511 at-

241 528 293 555 que
308 522 388 547 etiam
409 528 498 551 aures.
525 521 578 553 leo,
605 521 665 550 bos,
682 527 768 554 equus
780 540 786 552 ,
802 520 899 554 sphinx
910 539 917 551 ,
935 521 1026 551 homo,

240 556 304 582 item
317 559 433 590 quatuor
450 556 577 582 animalia
588 575 595 587 ,
615 555 669 582 duo
689 556 792 582 scilicet
807 563 904 586 canes,
922 561 948 582 et
963 556 1026 587 ibis,

241 594 322 625 atque
336 591 504 625 accipiter“.

274 626 326 652 Alii
347 633 455 660 quoque
466 646 473 657 ,
501 625 588 660 pergit
610 628 706 651 auctor
723 630 833 660 noster,
849 625 1028 660 philosophia:

239 660 332 692 dediti,
351 659 487 687 similibus
501 659 640 696 symbolis
657 659 698 696 usi
716 659 966 696 sunt.rldanthuras
986 665 1026 687 et-

239 696 312 722 enim
323 715 330 727 ,
349 696 512 731 Scytharum
528 703 591 731 rex,
616 695 717 721 bellum
731 695 877 731 minitans,
901 703 1025 731 murem,

238 737 350 764 ranam,
367 730 442 758 avem
454 751 460 763 ,
475 730 597 765 jaculum
618 734 645 757 et
657 735 776 765 aratrum
792 737 841 764 pro
862 730 959 757 litteris
976 730 1027 756 mi-

239 766 283 792 sit.
304 764 560 801 Symbo‘licefetiam
578 764 744 801 Anacharsis
767 764 930 800 significavit
945 765 1024 801 volu-

237 803 360 836 ptatemi,
387 805 414 828 et
437 800 527 827 adhuc
547 800 633 836 magis
656 800 774 836 linguam
798 801 977 836 cohibendam
991 800 1023 827 ‘9.

237 834 316 870 Apud
329 835 438 863 Graecos
455 840 544 862 autem
566 835 742 869 Androcydes
756 835 860 870 litteras
881 834 1023 869 Ephesras,

238 869 318 904 atque
333 870 400 897 adeo
416 870 579 905 symbolicas
596 870 708 896 invenit.
726 871 760 895 At
775 869 920 905 Dionysius
931 878 1022 905 gram-

237 905 354 932 maticus
376 905 471 933 scribit
491 905 611 939 duplicis
622 905 739 940 igcneris
760 912 821 932 esse
841 905 993 940 symbolum
1013 913 1018 929 :

237 940 312 966 aliud
336 940 408 974 quod
432 940 538 973 verbis,
562 944 590 966 ut
621 939 749 973 Delphica
771 939 921 975 pratcepta;
947 940 1021 966 aliud

237 975 309 1008 quod
324 976 404 1002 rebus
424 976 490 1010 ipsis
501 995 507 1006 ,
524 978 553 1001 ut
568 978 626 1002 rota
641 979 667 1001 et
681 982 773 1010 ramus
788 975 890 1010 aliquid
908 975 1022 1010 mystice

237 1010 401 1044 signiﬁcant.
426 1009 581 1045 Symbolica
602 1010 692 1044 itaque
714 1009 759 1045 illa
776 1009 963 1044 interpretatio
987 1009 1020 1036 ad

237 1050 338 1071 rectam
352 1044 513 1079 theologiam
525 1049 552 1072 et
564 1045 690 1079 pietatem
700 1063 707 1076 ,
721 1044 753 1070 ad
769 1045 852 1071 animi
870 1045 1019 1076 solertiam,

236 1080 441 1115 exercitationis
473 1080 654 1110 brevitatem,
673 1083 763 1115 atque
799 1079 833 1106 ad
859 1080 1020 1115 sapientiam

236 1114 432 1142 ostendendam
447 1115 593 1142 utilissima
607 1118 649 1141 est
658 1114 691 1141 "°.

270 1161 326 1196 Age
339 1170 403 1189 vero
414 1182 422 1193 ,
448 1163 506 1197 ipsa
520 1169 639 1197 quoque
655 1168 802 1196 puerorum
826 1161 968 1193 doctrina,
992 1161 1018 1189 in

234 1197 376 1232 elementis
393 1196 482 1224 adhuc
501 1197 599 1232 posita,
615 1196 743 1223 nimirum
760 1197 923 1232 bedy,zaps,
937 1197 1018 1224 chton

233 1236 261 1267 et
275 1231 397 1266 plectron
412 1236 530 1267 quatuor
540 1232 747 1267 elementorum,
761 1232 800 1258 uti
814 1231 942 1267 Clemens
955 1239 1019 1266 pro-

232 1266 296 1298 bat,
322 1266 574 1302 interpretationem
599 1266 800 1302 complectitur.
825 1266 886 1293 Alia
910 1275 1019 1302 quoque

233 1301 361 1329 secundae
374 1307 399 1329 et
413 1302 499 1329 tertiae
515 1302 627 1336 puerilis
649 1301 830 1329 institutionis
845 1301 928 1329 verba
943 1301 1019 1336 pest-

232 1343 313 1370 quam
339 1337 383 1364 ille
407 1338 500 1365 retulit
521 1340 549 1364 et
580 1336 777 1369 enucleavit“,
805 1340 861 1363 tum
886 1337 1017 1364 continuo

232 1371 329 1411 probat
341 1371 486 1411 Epigenem
498 1372 588 1411 plures
599 1372 771 1411 interpretari
789 1371 954 1411 symbolicos
964 1371 1017 1411 9r-

231 1406 293 1441 phei
306 1407 434 1441 loquendi
453 1407 548 1433 modos
559 1407 591 1433 7’.
610 1406 756 1440 Sulijungit
771 1406 839 1434 alios
855 1407 897 1434 his
914 1407 1017 1435 similes

231 1449 285 1469 non
301 1443 388 1469 solum
404 1449 419 1468 a
430 1441 607 1477 Pythagoreis
623 1441 764 1475 usurpari,
778 1441 824 1469 sed
840 1442 910 1476 apud
925 1441 1015 1476 philo-

231 1477 332 1511 sophos
353 1476 546 1512 etiam,'atque
562 1476 633 1511 apud
661 1481 755 1512 poetas
771 1477 871 1511 passim
902 1484 934 1504 ac
949 1484 1016 1511 pene

231 1511 447 1555 numerabiles.
468 1511 1014 1555 οεὲυηψτΑίξηεξεξ.γεῑο..ι.ίξιῖξοτμιη
1030 1527 1050 1555 c

231 1545 292 1574 libri
313 1547 427 1582 aliaeque
442 1547 660 1582 lucubrationes,
672 1550 736 1582 puta
751 1545 890 1578 Heracliti,
908 1546 1017 1582 Eupho-

229 1582 327 1614 rionis,
341 1581 500 1610 Callimachi
520 1586 547 1609 et
563 1581 761 1617 Lycophronis,
785 1589 794 1607 t
809 1582 929 1609 abditam
946 1581 1016 1609 scri—

229 1617 317 1651 ptoris
332 1618 500 1645 voluntatem
512 1617 644 1644 iudicant.
660 1626 670 1642 ι

264 1662 303 1688 Ex
322 1662 453 1690 Barnaba:
473 1669 554 1698 porro
574 1662 690 1698 epistola
714 1661 839 1689 Clemens
863 1661 1014 1689 ostendit"

229 1697 297 1724 illud
313 1697 494 1732 praeceptum,
511 1706 565 1733 quo
583 1697 688 1732 Moyses
704 1705 800 1732 porco,
819 1697 926 1733 aquila,
945 1698 1014 1724 acci-

228 1732 299 1772 pitret
313 1733 432 1772 Iazuet
447 1732 529 1772 corvo
551 1733 623 1772 vesci
641 1733 793 1767 prolnbuit,
812 1736 838 1759 et
855 1732 910 1759 haec
928 1733 1012 1767 ipsius

228 1767 257 1802 in
271 1767 357 1794 Exodi
379 1768 448 1794 libro
464 1769 563 1795 verba:
579 1777 588 1792 ‹
604 1767 708 1802 Equum
721 1772 747 1794 et
762 1775 933 1794 ascensorem
949 1775 1013 1802 pro-

225 1801 330 1836 jecit'in
342 1803 458 1833 mare“,
471 1811 548 1829 suam
564 1801 664 1829 habere
677 1803 817 1837 mysticam
834 1801 1011 1837 significatio-

227 1845 289 1864 nem
301 1842 328 1864 et
338 1838 558 1872 explicationem.
571 1837 774 1872 SimilinIOque
790 1838 870 1864 modo
884 1842 1009 1872 possunt,

226 1875 296 1907 teste
312 1873 406 1900 eodem
422 1876 517 1900 nostro
529 1872 677 1904 Clemente,
691 1880 722 1899 ea
737 1873 866 1907 explicari
880 1892 887 1904 ,
905 1880 965 1907 quae
982 1873 1010 1900 in

226 1905 341 1935 Genesis
362 1908 430 1934 libro
455 1908 488 1935 de
513 1908 666 1942 patriarcha
687 1905 807 1942 Josepli,
835 1915 884 1934 sua
914 1905 1009 1934 tunica

225 1947 317 1974 exuto,
336 1943 363 1969 in
380 1943 468 1970 lacum
483 1944 579 1974 misso,
595 1950 626 1969 ac
640 1948 733 1978 postea
747 1942 856 1969 vendito
872 1942 1007 1977 leguntur.

225 1978 380 2010 Quinetiam
395 1978 514 2005 Joannes
530 1978 659 2012 Baptista,
672 1978 779 2005 etiamsi
793 1978 853 2005 aliis
870 1978 1008 2012 prophetis

224 2013 346 2047 apertius
362 2013 468 2040 loculus
479 2033 486 2044 ,
505 2017 593 2040 tamen
619 2013 787 2048 :enigmatice
810 2013 879 2039 dixit
896 2021 925 2040 se
937 2032 944 2043 ,
961 2014 1007 2047 qui

224 2048 308 2082 calcei
319 2048 418 2075 Christi
428 2048 571 2082 corrigiam
587 2049 713 2079 solveret,
722 2056 775 2074 non
784 2055 844 2074 esse
852 2048 964 2082 dignum
973 2048 1005 2074 ".

225 2081 316 2117 Neque
332 2091 413 2117 porro
431 2081 613 2110 Romanorum
631 2087 792 2110 testamenta
816 2083 850 2109 ab
870 2081 921 2109 hoc
937 2082 1007 2109 scri-

223 2117 304 2144 bendi
322 2118 402 2145 modo
424 2118 532 2152 penitus
550 2126 661 2146 vacasse
682 2122 777 2144 auctor
797 2122 889 2145 noster
913 2121 1006 2145 osten-

223 2151 304 2180 dit".
322 2151 375 2180 Sed
393 2151 457 2185 vita,
475 2153 572 2187 inquit.
591 2161 633 2180 me
650 2153 765 2185 deficiet,
783 2153 805 2179 si
823 2152 922 2182 omnia,
946 2159 1005 2187 quae

223 2187 329 2223 infinita
347 2193 429 2219 sunt,
456 2188 613 2223 symbolicze
635 2188 780 2216 locutionis
802 2188 923 2221 exempla
940 2195 1000 2221 pro-
1021 2194 1043 2221 ι)

222 2222 294 2250 ferre
317 2223 437 2250 voluero.
455 2222 636 2256 Quamobrem
658 2224 715 2249 haec
733 2223 857 2257 quamvis
873 2222 1005 2257 longiora,

221 2257 402 2319 nihiﬂlominus
426 2258 564 2285 memoria:
578 2258 775 2293 brevitatisque
788 2265 848 2284 sese
859 2257 1005 2285 adduxisse

221 2299 271 2319 pro
293 2296 373 2319 tetur.

221 2299 373 2327 prolltetur.

256 2336 380 2373 Paganos
401 2338 503 2373 itaque,
518 2338 565 2372 qui
590 2336 753 2364 Christianis
778 2345 833 2364 non
858 2337 1007 2372 symbolice

220 2376 248 2400 et
256 2374 435 2408 :enigmatice,
447 2374 492 2401 sed
511 2378 583 2400 clare
600 2376 625 2399 et
637 2373 755 2399 dilucide
769 2373 1006 2408 loquendumessc

220 2406 433 2441 contendebant,
449 2409 549 2436 acriter
568 2408 705 2442 variisque
720 2408 871 2434 rationibus
897 2406 1004 2438 refellit,

220 2450 252 2471 ac
269 2443 329 2470 ideo
346 2444 461 2471 maxime
474 2444 547 2478 quod
562 2442 600 2470 illi
612 2451 660 2469 sua
678 2443 805 2478 mysteria
825 2443 885 2469 aliis
899 2442 1006 2478 penitus

220 2478 353 2505 occultari
377 2477 548 2506 sevcriséime
573 2478 760 2512 praeciperent.
779 2477 949 2512 Hipparchus
966 2477 1003 2504 si-

219 2513 329 2574 guidem
346 2513 540 2548 Pythagoreus,
558 2511 591 2540 eo
612 2511 684 2548 quod
703 2517 796 2547 aperte
815 2511 943 2547 magistri
960 2511 1001 2538 sui

239 2552 329 2574 eereta
350 2549 461 2574 serintis
482 2548 649 2574 tradidisset.
662 2556 695 2574 ex
721 2548 814 2574 schola
833 2549 928 2574 pulsus
949 2551 1000 2574 est.

239 2552 329 2575 ecreta
350 2549 461 2583 Scriptis
482 2548 649 2578 tradidisset.
662 2556 695 2575 ex
721 2548 814 2575 schola
833 2549 928 2583 pulsus
949 2551 1000 2578 est,

218 2587 245 2610 et
255 2584 381 2610 columna
396 2582 447 2618 ipsi
460 2590 588 2619 tanquam
600 2588 706 2619 mortuo
718 2583 853 2617 imposita.
865 2582 918 2608 Nec
928 2582 1002 2619 solos

219 2622 325 2646 tantum
334 2617 576 2654 apud’Pythagoi-az‘
584 2623 630 2644 aut
644 2617 764 2654 Plutonis
780 2622 939 2648 sectatores,
954 2617 1001 2644 sed

219 2654 291 2688 apud
300 2652 447 2689 Epicureos
458 2652 550 2684 etiam,
562 2652 668 2689 Stoicos
682 2658 708 2680 et
723 2653 916 2687 Peripateticos
929 2660 1003 2686 qua:-

218 2689 281 2716 dam
293 2693 371 2716 erant
385 2696 495 2721 arcana,
511 2696 571 2724 qua:
585 2688 712 2715 omnibus
726 2696 779 2715 non
796 2688 1000 2723 permittebant.

449 2801 470 2817 ιο
485 2808 512 2835 p.
529 2800 592 2829 568.
647 2800 794 2835 "p.569.
848 2800 873 2816 τι
889 2799 992 2834 p.570.

256 2799 279 2817 ⁸⁸
289 2808 316 2836 p.
330 2800 393 2828 567.

219 2832 242 2850 "
256 2832 359 2871 p.374.

449 2801 470 2817 ιο
485 2800 592 2835 p.568.
647 2801 671 2816 το
687 2808 714 2835 p.
731 2800 794 2829 569.
848 2800 873 2816 τι
889 2799 992 2834 p.570.

401 2837 422 2852 ττ
437 2845 463 2872 ι».
483 2836 543 2864 575.
582 2837 605 2853 τε
622 2844 647 2871 p.
665 2836 746 2873 576.4
805 2835 866 2868 577,
886 2836 947 2862 57s.
984 2835 1007 2851 ιο

1070 2798 1193 2832 'p.57l.
1249 2798 1352 2826 "572.
1409 2798 1433 2814 τι
1447 2798 1534 2827 Exod.
1551 2800 1643 2831 ",1.

1070 2834 1130 2862 579.
1167 2834 1308 2869 “p.580.
1347 2834 1486 2869 "p.581.
1525 2834 1674 2869 "p.583.

1079 204 1166 233 Plato,
1181 204 1308 238 dogmata
1322 211 1370 229 sua
1386 203 1548 238 quibusdam
1569 203 1675 231 fabulis
1693 203 1811 232 obscure
1831 207 1869 234 in-

1080 239 1170 274 voluta
1184 237 1401 274 occultarunt".
1413 237 1532 272 Duplicis
1548 247 1660 274 quoque
1668 241 1780 273 generis
1797 248 1870 270 erant

1079 273 1237 309 Pythagora:
1254 273 1390 307 discipuli,
1403 273 1449 300 alii
1465 273 1619 305 audientes,
1646 274 1695 300 alii
1723 275 1865 303 mathema.

1079 308 1137 345 tici,
1160 309 1262 345 quibus
1274 308 1341 345 solis
1357 308 1390 334 ad
1402 315 1558 345 germanam
1586 310 1648 345 ejus
1670 309 1868 345 philosophiam

1079 344 1169 380 aditus
1193 343 1312 380 patebat.
1326 343 1497 378 Peripatetici
1510 344 1590 380 etiam
1603 344 1706 378 duplex
1723 343 1870 380 distingue~

1078 378 1286 405 bantorationis
1296 386 1394 413 genus,
1408 385 1491 404 unum
1503 379 1652 413 opinabile,
1668 380 1744 406 aliud
1761 378 1869 408 demon-

1079 413 1294 450 strativum,»ita
1312 418 1341 439 ut
1360 413 1513 450 opinionem
1531 419 1557 440 et
1574 414 1677 450 famam
1691 423 1706 440 a
1730 423 1796 442 vera
1819 418 1869 450 glo-

1078 448 1119 485 ria
1143 453 1171 475 el.
1196 448 1311 485 veritate
1328 455 1411 485 prope
1436 448 1627 485 discreverim.
1659 449 1691 475 Et
1714 450 1742 476 id
1761 448 1869 485 quidem

1077 483 1253 510 Parmenides
1273 482 1560 519 duplicemdoctrinze
1579 485 1650 510 viam
1668 482 1801 519 appellat.
1815 487 1869 514 Slu-

1078 525 1115 545 sa:
1147 520 1256 544 tandem
1285 517 1382 544 Ionicae
1404 517 1531 544 dicebant
1550 519 1649 553 vulgus
1666 517 1814 547 hominum
1831 530 1869 549 se-

1078 554 1124 587 qui
1136 557 1229 587 poetas
1241 556 1267 579 et
1280 553 1317 578 uti
1335 553 1450 587 legibus,
1466 554 1583 586 optimos
1600 561 1666 581 vero
1684 556 1868 583 immortalem

1076 590 1189 625 gloriam
1206 588 1331 625 persequi
1344 588 1376 614 ⁷⁸.
1390 587 1571 625 Quamobrem
1588 588 1702 622 Paulus,
1719 597 1753 616 ac
1776 596 1869 625 postea

1079 623 1228 654 Barnabas,
1243 623 1395 649 docuerunt
1415 623 1548 656 duplicem
1569 632 1632 651 esse
1645 623 1817 658 doctrinain,
1831 629 1869 653 al-

1077 662 1162 694 teram
1178 658 1376 694 incipienliutn,
1391 657 1574 694 perfectorum
1587 660 1714 690 alteram,
1734 667 1797 694 quae
1810 657 1869 694 my-

1077 693 1191 720 sterium
1212 697 1269 719 erat
1291 692 1352 719 aliis
1373 693 1562 719 absconditum
1577 694 1610 721 7’.
1631 694 1669 721 lbi
1687 692 1782 722 autem
1811 692 1869 723 Cll:-

1077 735 1153 755 mens
1178 728 1245 755 scite
1274 733 1301 754 et
1327 728 1415 754 obiter
1445 728 1637 764 animadvertit
1659 729 1750 757 fuisse
1763 730 1822 764 jam
1838 733 1869 759 ab

1076 763 1210 801 Apostoli_
1223 767 1418 801 temporcaton
1435 763 1551 801 scriptas
1575 763 1868 801 traditionesﬂPergit

1076 802 1167 824 autem
1184 798 1239 829 ille,
1260 802 1287 825 et
1312 798 1373 824 aliis
1399 797 1548 832 Scriptura:
1573 805 1658 826 saetae
1681 800 1778 827 verbis
1799 797 1867 828 idEm

1076 833 1266 869 absconditum
1290 837 1317 869 e_t
1346 833 1490 869 mysticum
1519 833 1627 860 dicendi
1659 842 1770 869 genus,
1808 837 1867 864 huic

1073 869 1155 928 plane
1168 868 1240 903 quod
1252 867 1285 894 de
1299 867 1365 894 Jove
1379 868 1489 903 fingitur
1501 867 1672 902 oppositum,
1683 869 1719 895 ad
1732 871 1866 898 bonorum

1093 903 1213 928 ominum
1230 902 1424 928 perfectionem
1440 902 1592 928 conducere
1607 904 1743 928 ostendit.

1093 903 1213 930 ominum
1230 902 1425 937 perfectionem
1440 902 1592 930 conducere
1607 904 1743 931 ostendit.

1107 936 1176 965 Illud
1200 936 1298 975 porro,
1319 944 1348 964 ut
1367 945 1399 964 ex
1420 937 1532 975 Platone
1543 942 1584 975 _et
1608 939 1748 973 Apostolo
1773 940 1865 975 liquet,

1071 971 1133 1000 ideo
1154 971 1339 1000 necessarium
1356 976 1432 1005 erat,
1453 973 1516 1006 quia
1542 972 1613 1000 Deus
1633 971 1747 1001 omnem
1777 971 1866 1002 Ιλὺιυεὲ

1071 1015 1134 1034 nam
1167 1008 1350 1045 cognitionem
1371 1015 1504 1045 superans
1525 1009 1607 1045 nullis
1633 1009 1730 1045 verbis
1752 1011 1864 1045 exprimi

1071 1046 1161 1079 potest
1172 1043 1206 1069 ⁸⁸⁷.
1221 1042 1290 1069 llinc
1305 1042 1391 1079 Plato,
1414 1043 1573 1077 priusquam
1590 1044 1624 1070 de
1641 1043 1698 1070 Deo
1713 1042 1863 1079 quaeratur,

1070 1078 1150 1112 jubet
1168 1085 1298 1112 magnum
1321 1077 1378 1104 ﬁcri
1407 1078 1583 1110 sacrificium,
1600 1079 1674 1113 quod
1690 1077 1769 1107 certe
1794 1082 1863 1108 aliud

1070 1120 1125 1150 non
1154 1116 1196 1140 est
1221 1120 1303 1150 quam
1328 1113 1453 1150 corporis
1475 1114 1603 1150 vitiorum
1623 1114 1864 1150 ‘aﬂ'ettionuiizque

1070 1148 1130 1185 ejus
1142 1148 1263 1185 secretio
1283 1152 1309 1174 et
1324 1148 1473 1182 amputatio
1485 1147 1518 1185 "_.
1534 1147 1603 1174 llinc
1620 1148 1759 1176 Socrates
1779 1147 1863 1185 philo-

1070 1183 1205 1217 sophiam,
1222 1186 1315 1217 utpote
1326 1191 1387 1216 qute
1406 1189 1420 1208 a
1437 1183 1563 1209 sensibus
1579 1191 1630 1210 nos
1648 1189 1763 1215 avocet.
1779 1183 1862 1212 inedi-

1071 1218 1474 1255 tationemumortis_nuncupat.
1494 1217 1569 1255 Hinc»
1577 1219 1699 1253 denique
1713 1221 1863 1255 quinquen-

1069 1253 1108 1279 nii
1124 1253 1262 1280 silentium
1278 1260 1293 1278 a
1310 1252 1464 1287 Pythagora
1482 1252 1664 1280 constitutum
1681 1252 1738 1281 est'.
1759 1252 1861 1282 eum:

1069 1288 1178 1322 quidem
1189 1295 1221 1314 ex
1235 1287 1325 1324 Moyse
1339 1287 1426 1324 abhis
1440 1287 1610 1323 philosophis
1638 1296 1759 1324 accepta
1783 1291 1862 1318 fuisse

1069 1328 1165 1349 auctor
1181 1328 1274 1349 noster
1289 1323 1416 1350 advertit.

1103 1356 1217 1394 Plurimi
1235 1358 1316 1394 igitur
1332 1362 1359 1384 et
1375 1358 1472 1394 merito
1492 1357 1603 1394 quidem
1620 1358 1694 1394 jure
1718 1359 1860 1394 vapulant,

1068 1392 1115 1427 qui
1135 1392 1229 1420 eadem
1245 1393 1279 1419 de
1293 1391 1347 1420 Deo
1363 1399 1395 1419 ac
1405 1392 1438 1419 de
1454 1400 1484 1419 se
1499 1391 1566 1426 ipsis
1582 1393 1692 1427 opinari
1709 1391 1768 1421 non
1790 1391 1862 1423 vere?

1067 1427 1178 1464 bantur.
1194 1427 1260 1459 Quae
1270 1427 1342 1464 enim
1358 1427 1391 1454 de
1404 1427 1451 1454 Dei
1468 1428 1565 1464 oculis,
1578 1428 1720 1464 manibus,
1737 1431 1862 1464 pedibus,

1069 1463 1185 1497 aliisque
1200 1463 1329 1498 membris
1349 1463 1583 1498 etrali'eetionihus
1603 1463 1631 1490 in
1651 1464 1802 1498 Scriptura
1818 1474 1861 1493 oc-

1067 1501 1192 1529 currunt,
1203 1497 1261 1535 hate
1275 1497 1430 1535 allegorice,
1443 1498 1486 1535 uti
1499 1497 1708 1535 Clemensialibi
1718 1497 1756 1527 ise
1770 1503 1863 1535 proba;

1067 1536 1158 1560 turum
1174 1533 1319 1567 promittit,
1337 1537 1401 1560 sunt
1417 1532 1587 1567 explicanda.
1600 1534 1640 1560 Ad
1655 1532 1803 1563 sanandos
1813 1538 1862 1564 ita-

1067 1575 1120 1603 que
1135 1568 1244 1594 illorum
1260 1575 1368 1594 errores
1387 1568 1520 1602 sapientia
1537 1567 1659 1601 quidem,
1675 1569 1726 1596 sed
1745 1571 1860 1600 aliorum

1066 1602 1118 1637 ope
1133 1607 1160 1630 et
1177 1603 1331 1630 ministerio
1352 1602 1525 1633 invenienda,
1541 1610 1656 1630 summa:
1666 1604 1801 1633 utilitatis
1810 1612 1860 1635 est.

1065 1637 1183 1677 Quinam
1197 1645 1265 1664 vero
1281 1638 1320 1677 illi
1340 1638 1395 1677 sint
1410 1638 1556 1677 sapientia,
1569 1639 1730 1677 cognitione
1742 1645 1782 1677 Aet
1797 1650 1860 1677 per-

1066 1673 1189 1709 fectione
1205 1673 1307 1705 ornati,
1333 1681 1365 1709 ex
1387 1672 1512 1709 Isocrate?
1527 1672 1655 1702 Clemens
1673 1672 1861 1709 pulchre'ex-

1064 1709 1146 1743 plicat
1169 1708 1207 1746 "_‘;
1235 1712 1317 1746 atque
1347 1708 1409 1735 inde
1429 1708 1575 1746 "concludit
1599 1705 1761 1746 ⁸γνωςιῖττικὺν
1790 1705 1860 1746 βίον,

1066 1753 1075 1768 ε
1095 1742 1246 1780 gnosticam
1264 1744 1382 1780 vitam”
1399 1750 1413 1769 a
1425 1743 1537 1780 Graecis,
1555 1744 1605 1780 etsi
1620 1751 1681 1771 eam
1703 1742 1797 1780 qualis
1818 1753 1861 1775 est

1064 1785 1117 1805 non
1136 1778 1271 1808 noverint,
1295 1778 1395 1804 divinis
1413 1778 1505 1805 extolli
1519 1778 1657 1806 laudibus.
1676 1778 1794 1808 At‘cum
1810 1791 1860 1810 no-

1062 1813 1104 1840 bis
1132 1817 1237 1840 constet
1264 1812 1363 1846 γνῶσιν
1391 1813 1552 1839 rationalem
1581 1821 1644 1841 esse
1666 1815 1774 1847 cibum.
1795 1817 1861 1845 inde

1062 1849 1106 1875 ille
1121 1848 1223 1882 colligit
1237 1855 1285 1874 eos
1302 1855 1395 1875 revera
1411 1855 1472 1874 esse
1487 1848 1581 1875 beatos
1604 1849 1651 1883 qui
1673 1851 1805 1878 esuriunt
1822 1853 1860 1880 si-

1059 1884 1186 1946 Liuntque
1203 1883 1350 1918 justitiam,
1373 1883 1436 1918 quia
1455 1886 1557 1910 aeterno
1575 1884 1622 1910 illo
1651 1884 1714 1912 cibo
1744 1891 1859 1914 satura-

1079 1923 1172 1945 untur.

1079 1923 1172 1945 untur.

1095 1953 1164 1991 Tum
1184 1952 1310 1991 Clemeus
1334 1953 1421 1991 aperit
1436 1952 1575 1991 quomodo
1591 1953 1646 1986 bis,
1662 1961 1726 1991 quae
1739 1955 1776 1983 de
1793 1964 1858 1991 per-

1059 1987 1138 2026 Γεςιίε
1153 1991 1181 2026 et
1195 1987 1360 2026 imperfectis
1374 1995 1389 2014 a
1402 1995 1431 2015 se
1446 1987 1584 2026 disputata
1605 1987 1680 2026 sunt;
1705 1987 1858 2026 Eurip‘ldes

1058 2024 1158 2060 mirum
1175 2023 1202 2060 in
1226 2024 1336 2060 modum
1357 2023 1534 2060 assentimur.
1550 2023 1626 2060 Quod
1640 2027 1674 2060 fut
1690 2023 1785 2060 magis
1797 2035 1859 2054 ma-

1058 2059 1153 2093 gisque
1166 2058 1280 2089 eluceat,
1294 2058 1382 2093 palam
1395 2058 1441 2085 ille
1456 2058 1521 2084 facit
1532 2059 1624 2086 varios
1637 2059 1721 2086 fuisse
1738 2058 1856 2094 igradus,

1057 2093 1156 2130 quibus
1173 2093 1271 2130 pagani
1296 2093 1487 2130 mysteriorum
1510 2101 1622 2130 suorum
1639 2095 1792 2130 participes
1808 2098 1858 2124 tie-

1058 2127 1123 2155 bant
1134 2128 1167 2155 ⁸³.
1181 2127 1302 2154 Primum
1317 2128 1451 2162 siquidem
1469 2129 1540 2162 apud
1556 2129 1618 2155 illos
1635 2127 1725 2156 iocum
1741 2127 1858 2159 obtine-

1057 2163 1122 2190 bant
1138 2162 1309 2200 expiationes
1320 2167 1348 2189 et
1365 2163 1554 2200 iustrationcs,
1569 2164 1724 2200 sicutapud
1752 2166 1857 2193 barba-

1058 2206 1103 2236 ros
1119 2205 1167 2224 seu
1182 2197 1354 2236 Christianos
1369 2198 1638 2236 lavacru‘iupdeinde
1655 2197 1740 2234 parva
1755 2207 1857 2236 mysta.

1057 2234 1108 2264 ria,
1126 2240 1186 2267 quae
1201 2236 1314 2260 erantet
1325 2233 1457 2259 doctrina:
1472 2232 1690 2264 fundamentum.
1706 2239 1733 2262 et
1749 2232 1855 2263 ad'alia

1057 2267 1229 2304 praeparatio.
1245 2267 1311 2295 Post
1327 2268 1427 2304 hzecin
1449 2269 1536 2304 sacris
1548 2270 1687 2304 mysteriis
1707 2271 1780 2297 nihil
1795 2280 1855 2298 am-

1058 2302 1128 2338 plius
1144 2303 1249 2339 discere
1263 2307 1332 2339 erat,
1348 2302 1395 2329 sed
1410 2311 1454 2339 res
1471 2303 1545 2337 ipsas
1560 2302 1801 2339 rcbmpchendere
1821 2315 1854 2333 ac

1058 2336 1246 2374 contemplari.
1266 2336 1309 2374 Ita
1319 2338 1400 2364 etiam
1416 2336 1565 2364 Christiani
1582 2336 1673 2365 anilna
1694 2341 1854 2374 expiatione

1057 2379 1083 2400 et
1093 2372 1264 2409 confessione
1279 2373 1311 2399 ad
1331 2374 1445 2407 primam
1460 2373 1611 2407 procedens
1626 2372 1852 2409 intellig-entiam,

1057 2416 1090 2435 ac
1105 2407 1203 2435 deinde
1218 2415 1261 2434 res
1283 2415 1430 2442 corporeas
1445 2412 1649 2443 praetergressa,
1669 2410 1704 2436 ad
1721 2407 1852 2438 immensi

1058 2447 1085 2470 et
1108 2443 1373 2480 omnipotentis_l)ei_
1396 2443 1519 2469 notitiam
1543 2448 1570 2470 et
1585 2449 1851 2480 contemplationem

1056 2483 1194 2516 utcunque
1209 2478 1350 2516 pervenit;
1369 2478 1406 2504 ita
1421 2482 1509 2505 tamen
1528 2483 1558 2505 ut
1581 2486 1641 2516 non
1649 2478 1780 2516 id,'quod
1794 2482 1851 2516 ipse

1054 2513 1172 2550 esttsed
1189 2513 1262 2550 quod
1278 2521 1333 2550 npn
1347 2518 1398 2544 est,
1411 2518 1573 2550 cognoscat,
1587 2513 1850 2550 nihilquecorporei

1055 2549 1088 2575 de
1103 2548 1149 2575 illo
1163 2548 1272 2584 cogitet.
1291 2547 1361 2575 Deus
1371 2549 1470 2584 quippe
1482 2556 1531 2575 uec
1544 2549 1636 2576 verbis
1647 2547 1782 2584 exprimi;
1794 2553 1850 2577 imo

1053 2591 1118 2610 vero
1133 2590 1184 2609 nec
1200 2582 1253 2610 nisi
1278 2584 1337 2618 ipso
1355 2582 1402 2618 per
1416 2583 1513 2610 Filium
1535 2582 1691 2619 opitulante
1716 2586 1848 2621 cognosci

1073 2622 1152 2646 otest.

1053 2627 1201 2690 miliae;
1221 2660 1303 2690 porro
1319 2652 1363 2690 ille
1387 2652 1419 2690 ad
1436 2652 1556 2690 diVim‘m
1583 2656 1847 2690 “mempialionem

1055 2688 1155 2723 gradus
1168 2688 1310 2723 allegorice
1323 2688 1591 2724 signiticatur'tribus
1602 2689 1658 2717 illis
1671 2688 1851 2726 diebus,qui-

1249 2798 1369 2840 11,5792.
1409 2798 1662 2840 Ἴηξκοάεέννέε-
1699 2799 1846 2840 "lt-573-
