1924 3072
49 129 59 156 i
66 127 117 157 053

640 127 689 156 DE
707 127 820 158 LIBHIS
836 128 1063 157 STROMATUM.

1596 131 1664 158 ιοδι

49 188 100 215 luis
124 186 259 223 Abraham
283 185 316 223 ad
327 184 404 214 isaac
424 185 508 223 ﬁlium
533 190 612 223 suum
629 186 824 214 immolandum
839 191 862 220 Α
876 187 943 220 dito,
959 188 1024 215 hinc
1040 187 1207 223 collegerunt
1221 187 1307 215 Stoici
1323 187 1401 216 finem
1417 188 1536 217 hominis
1553 197 1615 217 esse
1626 199 1664 218 se-

47 220 208 257 perrexit“.
236 221 265 248 1η
291 222 342 248 hac
359 225 457 257 tamen
483 221 536 257 vita
548 221 622 248 Deus
637 223 758 249 cernitur
779 230 826 257 per

47 255 185 292 speculum
198 256 383 292 tantummodo
394 260 423 292 et
436 255 463 282 in
474 256 625 292 tenigmate,
637 257 664 283 in
679 257 762 284 altera
780 255 828 283 an-

44 290 317 319 tetnfaeiead‘l‘aciem
332 291 466 327 videbitur
476 290 510 318 ".
527 292 708 323 Quamobrem
722 291 829 327 Moyses

46 328 133 355 voluit
145 335 226 354 unum
246 327 379 354 duntaxat.
390 325 436 353 Dei
456 326 585 361 templum
601 327 741 359 aediﬁcari,
766 325 828 354 nul-

45 363 155 398 lumque
175 363 209 398 in,
219 362 266 398 illo
288 362 355 398 poni
376 361 552 398 simulacrum
575 361 630 395 “';
658 369 690 388 ac
709 361 828 390 Verbum

42 398 180 425 sacriﬁcia
197 397 253 424 ﬁeri
268 397 424 431 prohibuit,
444 402 474 423 ut.
488 404 571 431 unum
593 401 709 428 tantum,
733 401 828 424 contra

43 433 170 460 Basilidis
181 430 345 467 opinionem,
365 431 495 458 mundum
511 439 527 467 a
534 430 606 467 Deo,
622 431 668 467 qui
690 439 760 459 unus
774 437 827 464 est,

42 473 71 495 et
89 468 140 495 sub
154 466 292 502 aspectum
309 474 376 502 non,
387 466 469 499 cadit,
482 466 612 501 nulloque
632 466 693 502 loco
708 468 828 494 circum-

41 501 193 533 scribitur,
207 501 347 529 conditum
365 501 448 528 fuisse
463 501 637 535 signiﬁcaret.
656 501 723 529 lluie
738 507 827 529 autem

42 537 304 573 Moysisrsententiat,
314 537 488 573 prosequitur
498 536 632 573 Clemens,
642 537 829 573 subscripsere

42 571 100 600 non
117 572 203 599 solum
220 572 331 604 Paulus,
346 572 394 599 sed
411 572 492 598 etiam
515 571 660 606 Euripides
687 576 714 599 et
739 571 826 603 Plato,

41 609 90 642 qui
119 607 201 635 Deum
227 608 339 634 inventu
361 611 387 634 et
403 607 514 640 cognitu
538 607 684 642 diﬁiciiem,
702 615 752 634 nec
766 608 828 635 ullis

40 640 136 670 verbis
152 642 282 676 explicari
335 649 379 668 sse
400 643 526 669 asseruit.
547 640 583 668 Et
603 641 630 668 id
645 642 754 676 quidem
769 643 826 673 ille.

40 677 271 704 quemadmodum
295 649 431 704 ginheus.
457 683 490 703 ex
512 676 606 703 eodem
624 676 713 704 Movse
730 677 826 704 hause-

40 677 271 712 quemadmodum
295 676 431 711 Orpheus,
457 683 490 712 ex
512 676 606 703 eodem
624 676 713 712 Moyse
730 677 828 704 hause-

41 711 133 739 rat“.
160 711 229 738 Tum
243 718 307 739 vero
329 712 455 738 Clemens
483 711 554 738 hanc
570 711 729 746 impendam
744 717 771 739 et
784 719 828 739 oc-

40 747 200 773 cultandam
215 753 276 774 esse
288 746 333 773 Dei
347 746 527 781 cognitionem
546 746 641 781 probat
653 755 707 774 non
722 751 826 774 tantum

40 790 76 809 ex
102 783 218 817 ipsemet
242 781 381 816 Apostolo,
400 781 445 808 ubi
456 781 586 817 nonnulla
603 782 636 809 de
665 782 759 815 tertio,
793 782 827 809 ad

40 817 115 850 quod
133 820 226 851 raptus
240 821 290 848 est,
307 817 377 843 cmlo
395 816 570 851 perstringit;
586 824 679 844 verum
695 818 778 844 etiam
793 824 826 844 cx

40 850 229 879 Romanorum
246 851 278 877 ad
295 851 451 878 Corinthios
465 850 586 885 Epistola
601 852 634 883 ⁸⁷,
648 859 680 879 ac
696 852 824 879 subcinc-

880 223 1000 251 cundum
1013 227 1137 250 naturant
1152 223 1253 255 vivere,
1267 223 1342 250 Plato
1356 228 1445 251 autem
1470 229 1497 251 ct
1521 224 1595 252 Zeno
1612 225 1665 253 Dea

879 258 1036 289 assimilari,
1052 262 1080 285 et
1099 265 1194 285 rursus
1210 257 1287 286 Plato
1300 259 1371 286 inter
1394 259 1467 286 solos
1493 260 1580 287 bonos
1605 268 1665 288 esse

880 293 1027 320 amicitiam
1045 297 1071 320 et
1086 293 1304 324 similitudinem,
1328 301 1360 321 ac
1385 294 1493 322 tandem
1512 295 1547 322 ab
1567 296 1666 322 intelli-

877 332 969 365 gente_
983 328 1092 365 homine
1115 328 1187 365 hunc
1203 329 1311 365 optimae
1325 329 1483 365 vitaiﬁnem
1500 330 1663 365 computari,

879 363 989 399 quando
1003 363 1038 394 ei,
1058 371 1138 398 quem
1151 363 1287 399 intelligit,
1301 363 1479 391 assimilatur.
1562 363 1569 365 “
1694 366 1702 375 “

914 397 991 434 Quid
1003 397 1082 434 vero,
1098 399 1175 434 quod
1202 397 1359 434 ex‘Moysis
1377 399 1488 433 scriptis
1510 398 1665 427 didicerunt

880 433 967 459 solum
985 432 1012 459 id
1025 441 1086 460 esse
1097 433 1195 460 bonum
1209 434 1280 467 quod
1296 432 1441 461 honestum
1458 438 1511 465 est,
1534 438 1561 461 ct
1578 441 1664 462 Virtu-

880 470 933 504 tem
949 467 982 494 ad
1001 468 1336 504 felicitatemisullicere“?
1361 468 1398 496 lbi
1423 477 1505 504 porro
1535 469 1663 498 Clemens

879 503 1003 538 observat
1019 503 1053 530 ab
1068 502 1222 530 Aristobulo
1237 504 1336 538 multos
1348 502 1519 538 conscriptos
1535 504 1617 531 fuisse
1631 506 1663 532 li-

879 537 954 575 ὶποεΕ
979 538 1024 564 ubi
1054 537 1252 575 philosophiam
1281 537 1494 575 Peripateticam
1511 546 1543 566 ex
1561 539 1663 575 Moysis

878 572 1127 633 prophetarumque
1158 573 1268 614 scriptis
1300 572 1446 600 delibatam
1479 572 1660 615 demonstrat.

900 611 970 633 crant
992 607 1098 633 (lctude.
1114 612 1141 633 et
1164 616 1196 633 ex
1223 609 1276 633 illis
1299 616 1408 633 nuoune
1439 608 1598 633 deﬁoratum
1624 617 1660 633 ait

900 607 1098 643 crgitﬁdeiude,
1114 612 1141 635 et
1164 616 1196 635 ex
1223 609 1276 635 illis
1299 616 1408 643 quoque
1439 608 1598 636 deﬁoratum
1624 610 1663 637 ait

878 642 950 676 quod
967 642 1043 669 Plato
1065 643 1099 669 de
1122 643 1225 678 triplici
1248 642 1391 678 hominum
1415 651 1514 677 genere
1540 644 1662 678 tradidit,

878 677 950 705 unde
966 678 1049 711 aliqui
1065 677 1199 712 triplicem
1212 678 1366 712 reipublicae.
1378 677 1543 710 Iudaeorum,
1555 677 1675 707 Grzccoé'

878 719 939 739 rum
951 715 977 739 et
995 711 1212 740 Christianorum
1228 711 1342 740 formam
1358 713 1523 748 descriptam
1539 721 1600 741 esse
1614 723 1662 741 au-

877 750 999 789 tumant;
1017 748 1088 782 quod
1103 748 1186 789 etiam
1203 747 1247 774 hic
1261 747 1482 789 philosophorum
1494 750 1615 789 omnium
1626 749 1664 776 fa-

877 781 929 809 cile
945 781 1073 817 princeps
1094 782 1170 810 docet
1191 781 1286 810 omnes
1304 784 1330 809 in
1349 781 1458 810 civitate
1471 791 1532 810 esse
1550 784 1661 816 fratres.

877 821 904 854 ct
919 819 1031 844 vetitum
1047 817 1312 854 csscjusjurandum
1326 818 1366 851 '7;
1388 819 1459 852 quod
1480 818 1548 853 ipse,
1569 823 1595 846 et
1611 819 1663 854 Py-

877 852 1006 887 thagoras
1021 855 1102 887 atque
1112 851 1240 880 Socrates
1254 851 1409 880 statuerunt
1420 860 1474 879 non
1489 851 1569 880 modo
1581 851 1662 880 mun-

40 887 120 914 riciis
135 887 271 923 prophetae
285 886 415 923 panibus,
423 893 474 913 nec
487 882 542 912 non
557 882 659 923 et_aliis
677 894 738 923 eum
752 886 822 922 Apo-
841 882 861 909 Β
875 882 940 923 dum
951 894 966 913 a
982 887 1035 914 Deo
1050 882 1235 919 conditum,et
1250 889 1288 923 ab
1299 895 1332 915 eo
1347 889 1514 923 conservari,
1531 888 1578 916 sed
1591 889 1662 923 quod

40 923 106 949 stolt
123 927 179 949 tum
191 921 329 956 Evangelii
343 921 443 952 verbis.
460 925 541 955 atque
560 921 641 948 etiam
654 921 782 956 parabola
793 922 825 950 de

41 957 178 984 fermento
193 957 220 983 in
239 957 328 984 tribus
344 956 438 983 farina:
454 956 590 984 mensuris
605 956 775 987 abscondito,
794 965 826 984 ac

40 992 167 1027 profanis
197 991 306 1018 demum
334 990 516 1026 scriptoribus
531 990 631 1027 Solone
647 994 674 1018 et
685 991 826 1027 Empedo-

40 1026 125 1054 rte“.
144 1027 209 1060 Quae
225 1026 333 1061 quidem
348 1029 445 1053 auctor
454 1029 546 1061 noster
558 1026 646 1053 tribus
660 1026 752 1053 adhuc
765 1034 828 1054 con-

40 1063 133 1089 tirmat
159 1060 296 1089 rationum
324 1061 476 1088 momentis.
503 1060 562 1088 Non
587 1060 716 1088 diﬁitetur
735 1062 827 1089 tamen

59 1099 120 1123 Iura
138 1095 307 1124 circumferri
326 1095 373 1122 Dei
387 1097 508 1127 nomina,
531 1096 578 1123 sed
591 1096 625 1123 iis
644 1096 770 1123 omnibus
784 1097 827 1123 ni-

46 1134 77 1159 til
93 1132 166 1167 aliud
181 1138 261 1167 quam
278 1131 351 1158 illius
364 1131 587 1167 omnipotentiam
603 1132 750 1166 signiﬁcari
765 1139 829 1159 con-

40 1166 179 1194 tendit.Et
191 1165 266 1194 certe
281 1165 418 1201 quomodo
431 1166 479 1201 ille
487 1166 598 1201 proprio
611 1165 722 1194 nomine
736 1171 827 1201 possm

40 1202 174 1237 appellari
189 1203 223 1229 ab
233 1200 350 1231 homine.
360 1201 406 1236 qui
418 1200 564 1236 perfectam
577 1201 611 1228 de
625 1201 672 1229 illo
687 1200 827 1229 scientiam

40 1238 143 1265 habere
157 1244 212 1264 non
228 1240 318 1271 potest
327 1237 370 1263 εοτ

76 1273 173 1299 Restat
202 1270 284 1307 igitur
303 1275 344 1302 ut,
364 1275 434 1299 teste
456 1271 538 1299 etiam
565 1270 680 1305 ipsomet
703 1271 825 1304 Platone,

40 1307 140 1337 Deum,
157 1306 237 1341 quem
258 1306 359 1334 Paulus
375 1307 495 1341 ignotum
511 1313 573 1333 esse
592 1307 766 1341 pronuntiat,
784 1307 828 1333 di-

40 1344 105 1369 vina
133 1341 215 1369 Verbi
238 1342 312 1369 illius
337 1342 487 1376 opitulante.
508 1341 595 1376 gratia
618 1348 826 1376 cognoscamus.

40 1378 228 1410 Quamobrem
250 1377 302 1412 ipsi
320 1377 353 1404 de
368 1377 423 1404 Deo
441 1376 575 1412 Patteque
596 1383 646 1403 suo
662 1380 690 1403 et
704 1384 751 1411 per
765 1384 829 1411 pro-

40 1414 141 1447 phetas
160 1416 187 1447 et
205 1419 253 1446 per
264 1411 387 1446 'seipsum
399 1411 655 1447 loqtienti,'omnino
663 1412 828 1439 credendum

43 1452 83 1474 εει
98 1448 133 1475 ’⁸.
161 1446 213 1480 Qui
238 1451 328 1475 autent
348 1447 373 1475 ei
395 1446 508 1474 ﬁrmiter
524 1446 649 1477 credunt,
667 1454 721 1473 non
741 1447 828 1474 solum

40 1484 134 1514 "idem,
151 1483 284 1509 bonorum
301 1482 484 1516 operatricem
501 1485 527 1508 et.
541 1482 624 1515 justas
638 1481 754 1509 actionis
767 1481 829 1508 fun—

40 1520 211 1548 intuentum.
222 1517 299 1552 123
306 1517 352 1544 sed
362 1517 487 1544 ﬁduciam
496 1524 603 1551 quoque
613 1521 827 1551 consequuntur.

877 921 914 957 illi
932 930 1041 957 quoque
1068 923 1130 956 ipsi.
1158 927 1239 957 atque
1267 921 1412 954 Homerus,
1430 921 1612 951 Callimachus
1635 928 1663 951 et

876 956 1021 993 Hesiodus
1035 964 1135 992 corpus
1160 956 1299 984 terrenum
1321 961 1498 985 asseruerunt
1520 958 1573 993 "7;?
1587 960 1661 993 quod

877 991 961 1019 Stoici
972 991 1106 1020 deﬁniunt
1120 993 1208 1027 ignem
1231 1000 1292 1020 esse
1310 997 1454 1026 naturam;
1475 992 1548 1027 quod
1566 991 1663 1021 Home-

877 1034 925 1054 rus
943 1027 977 1054 de
993 1035 1070 1061 aqua:
1088 1031 1115 1054 et
1137 1031 1217 1054 terrae
1235 1028 1407 1062 separatione
1422 1028 1538 1060 cecinit;
1556 1029 1629 1062 quod
1648 1037 1664 1056 a

878 1064 966 1096 poetis
980 1061 1154 1096 Epicharmo,
1167 1067 1228 1089 vate
1239 1061 1335 1097 lyrico,
1352 1066 1380 1090 et
1394 1062 1480 1090 Arato
1496 1062 1529 1089 de
1541 1061 1587 1090 Dei
1602 1072 1663 1090 Otlt~

877 1097 1039 1130 nipoteutia.
1056 1104 1161 1124 necnon
1181 1100 1208 1124 et
1224 1097 1341 1124 llomero
1358 1097 1391 1124 de
1403 1097 1662 1130 mundi'creatione,

877 1131 954 1167 ct_ab
965 1132 1025 1159 aliis
1036 1132 1070 1159 de
1084 1131 1150 1167 Jove
1165 1131 1225 1166 ipso
1245 1131 1373 1167 traditum
1389 1133 1488 1167 legitur
1501 1133 1534 1158 ".

913 1165 1045 1194 Praeterea
1056 1174 1122 1194 vero
1134 1165 1209 1193 Plato
1219 1174 1253 1194 cx
1268 1165 1532 1201 Scripturis’nostris
1543 1166 1663 1200 Patrem,

878 1205 905 1228 et
922 1201 1030 1231 Filium.
1047 1209 1079 1229 ac
1094 1201 1295 1229 sanctissimam
1308 1201 1469 1229 Trinitatem
1482 1202 1539 1230 suis
1554 1202 1580 1229 in
1594 1205 1664 1230 scri-

878 1236 932 1272 ptis
945 1237 1026 1263 modo
1042 1237 1136 1264 nescio
1151 1244 1205 1271 quo
1219 1237 1361 1271 agnovisse
1374 1238 1491 1265 videtur.
1506 1237 1566 1272 ipse
1581 1239 1664 1265 etiam

879 1271 942 1298 inde
957 1271 1075 1298 futuram
1093 1277 1262 1298 mortuorum
1283 1271 1526 1302 resurrectionem;
1538 1272 1578 1299 vel
1603 1273 1663 1299 atti-

879 1313 930 1333 mte
956 1314 1004 1341 per
1023 1306 1165 1334 duodecim
1195 1307 1270 1341 signa
1295 1314 1437 1334 ascensum
1457 1311 1484 1334 et
1500 1307 1663 1335 desecnsum

879 1341 1045 1376 praedicavit.
1060 1341 1238 1376 Empedocles
1251 1345 1351 1374 autem,
1371 1341 1523 1369 Heraclitus
1537 1345 1564 1369 et
1575 1342 1662 1369 Stoici

878 1376 1010 1403 mundum
1036 1380 1157 1404 creatum
1184 1377 1246 1411 igne
1269 1377 1484 1404 consumendum
1517 1381 1544 1403 et
1570 1378 1663 1405 divina

878 1411 1049 1447 providentia
1060 1411 1277 1447 administratum
1290 1415 1447 1447 memorant
1463 1412 1482 1439 ‘.
1499 1411 1579 1444 Quid,
1589 1413 1663 1447 quod

878 1445 906 1473 et
923 1446 992 1474 idem
1008 1445 1086 1474 Plato
1101 1454 1162 1473 cutn
1178 1446 1259 1480 hujus
1271 1446 1333 1473 vita:
1345 1447 1414 1474 diem
1440 1445 1614 1479 nocturnum,
1635 1451 1664 1474 et.

880 1487 1017 1515 somnum,
1045 1488 1077 1508 ac
1097 1485 1212 1516 mortem
1223 1481 1385 1508 descensum
1402 1482 1498 1508 anima:
1514 1482 1541 1508 in
1562 1490 1663 1516 corpus

879 1520 975 1547 vocat,
1001 1524 1072 1552 cum
1094 1516 1148 1543 diei
1177 1515 1324 1552 Dominicae
1348 1519 1489 1552 tanquam
1508 1515 1663 1552 quietis;et

40 1554 136 1587 Neque
147 1548 343 1587 porro—hTs'ullo
355 1552 432 1586 plane
442 1548 521 1578 modo
530 1548 639 1578 obstant
652 1559 683 1578 ea
698 1548 757 1587 quae
768 1559 830 1579 con-
843 1548 863 1577 C
880 1556 988 1587 seterrnze
1003 1551 1290 1587 felicitatisrmeminit,
1308 1551 1365 1587 haec
1382 1548 1437 1578 non
1451 1548 1538 1578 solum
1553 1551 1663 1587 exﬁVc-

40 1596 79 1614 .ra
100 1586 262 1614 Aristoteles
278 1587 432 1622 disputasse
446 1587 585 1614 nonnullis
601 1586 823 1622 videtut'.70por-

40 1627 76 1650 et
94 1623 190 1657 itaque
204 1630 262 1653 e05,
277 1629 309 1650 ac
319 1621 454 1657 Quaslibet
470 1622 551 1649 etiam
571 1628 691 1656 paganos
708 1621 828 1657 philoso-

40 1659 121 1688 whos.
135 1656 182 1692 qui
193 1656 334 1685 veritatem
347 1657 512 1688 didicerunt,
525 1663 572 1691 per
579 1656 722 1692 Christum
736 1658 827 1684 salvos

45 1691 229 1727 itiqne’ﬁeri.
254 1692 293 1719 Ex
318 1692 384 1727 ipsis
404 1696 494 1719 autem
510 1691 628 1719 ethnicis
647 1692 827 1726 scriptoribus

40 1729 170 1755 Lllemens
195 1728 315 1755 ostendit
335 1734 429 1754 omnes
445 1727 546 1762 aliqua,
565 1734 625 1762 qua;
640 1731 732 1762 postea
749 1734 828 1761 aper-

46 1763 155 1798 issimer
167 1763 303 1798 patefacta
317 1765 368 1793 est,
379 1762 462 1798 unius
472 1762 666 1798 omnipotentis
678 1761 724 1798 Dei
738 1763 829 1797 cogni-

40 1800 115 1825 .ione
146 1796 230 1825 fuisse
247 1798 365 1824 imbutos
380 1798 413 1824 ⁹¹.
443 1796 578 1825 Craterum
602 1796 760 1824 Christiano
779 1798 828 1824 ho-

40 1833 106 1860 nini
118 1833 243 1860 credenti
252 1832 386 1867 quomodo
399 1831 518 1867 Spiritus
528 1836 640 1860 sanctus
656 1832 826 1863 infundatur,

41 1874 61 1895 -t
79 1868 217 1903 quidnam
236 1869 271 1895 sit
287 1867 331 1895 ille
348 1867 466 1903 Spiritus
482 1871 604 1900 sanctus,
618 1875 647 1895 se
658 1867 722 1894 alibi
737 1867 826 1903 expli-

40 1908 170 1931 :aturum
186 1903 338 1938 pollicetur.

72 1939 144 1966 inde
158 1935 223 1966 vero
247 1939 281 1966 ad
297 1937 442 1973 retegenda
458 1936 618 1973 Grmcortun
629 1944 662 1964 ex
679 1935 766 1973 sacris
781 1943 828 1963 no-

40 1975 103 2002 ;tris
122 1973 276 2009 Scripturis
291 1971 430 2009 furtarille
446 1973 559 2009 transit.»
576 1971 698 2009 Primu_m
718 1972 825 2009 itaque,

40 2014 64 2036 ιι
89 2010 143 2036 ille
169 2004 306 2040 narrat",
322 2008 407 2035 Stoici
423 2015 456 2035 ex
472 2007 527 2034 illis
543 2006 639 2034 iisdem
665 2004 825 2041 Scriptur'is,

40 2044 84 2072 sed
117 2051 176 2071 non
204 2044 273 2071 bene
297 2043 452 2074 intellectis,
483 2042 578 2074 Deum,
600 2041 827 2077 quemadmodum

40 2081 175 2112 minuant,
192 2086 253 2106 esse
273 2086 372 2112 corpus
386 2081 412 2105 et
428 2078 565 2112 spiritum,-
580 2083 612 2104 ac
628 2078 717 2112 omnia
733 2084 828 2111 perva-

40 2116 103 2142 lerc
121 2111 299 2147 acceperunt.
312 2111 459 2148 Exiiisdem’
474 2113 595 2139 fontibus
607 2119 686 2148 suum
698 2111 828 2148 Pythago-

40 2159 92 2179 as,
120 2146 287 2177 Aristoteles
309 2151 335 2175 et
351 2147 429 2175 Plato
443 2147 478 2175 de
496 2147 620 2177 materia,
637 2146 771 2181 Epicurus
794 2147 828 2173 de

41 2185 157 2211 ortuito
178 2191 269 2211 rerum
286 2184 407 2210 omnium
424 2186 541 2213 eventu,
558 2182 718 2209 Aristoteles
733 2182 766 2208 de
779 2189 827 2208 su-

877 1586 929 1613 teri
943 1586 1119 1614 Testamento
1134 1586 1280 1620 decerpsit,
1300 1586 1347 1613 sed
1360 1589 1387 1612 et
1399 1586 1530 1613 nonnulla
1547 1587 1572 1613 in
1587 1586 1663 1613 Novo

877 1622 1050 1656 postmodum
1075 1621 1195 1649 stabilita
1215 1621 1562 1656 divinavit'ikSeptimum
1580 1629 1664 1656 porro

877 1654 947 1683 diem
962 1664 1070 1684 sacrum
1081 1659 1215 1683 noverunt
1229 1664 1282 1683 non
1294 1656 1381 1683 solum
1394 1654 1511 1688 Hebrmi,
1524 1656 1570 1683 sed
1580 1654 1663 1683 etiam

877 1690 963 1718 Graeci
992 1691 1137 1724 Hesiodus,
1161 1690 1306 1722 Homerus,
1329 1690 1512 1718 Callimachus
1528 1695 1555 1718 et
1568 1690 1662 1719 Solon.

877 1726 917 1753 Ex
936 1734 1015 1754 sacra
1039 1726 1127 1753 adhuc
1149 1725 1289 1760 Scriptura
1304 1726 1435 1753 delibavit
1459 1725 1537 1753 Plato
1556 1726 1662 1760 justum

878 1761 1014 1788 hominem
1031 1762 1058 1788 in
1074 1761 1125 1788 hac
1139 1761 1244 1788 scilicet
1255 1761 1310 1787 vita
1327 1760 1415 1795 ptenis
1429 1764 1455 1788 et
1470 1761 1663 1789 afﬂictionibus

877 1796 1069 1831 cruciaudum;
1078 1796 1254 1823 Antisthenes
1265 1803 1372 1831 quoque
1387 1795 1470 1823 Deum
1484 1796 1586 1823 nemini
1602 1804 1666 1823 esse

878 1831 1010 1864 similem;
1027 1830 1178 1865 Xenophon
1194 1838 1259 1858 Vero
1274 1830 1308 1858 iet
1320 1830 1420 1865 Sibylla
1445 1831 1533 1865 ipsum
1552 1838 1567 1857 a
1587 1831 1664 1858 nullo

877 1866 988 1893 homine
1011 1865 1168 1896 videndum.
1198 1870 1279 1900 atque
1305 1865 1484 1899 Xenophanes
1508 1865 1584 1892 illum
1603 1873 1665 1893 esse

878 1908 963 1937 unum
978 1904 1005 1937 et
1019 1899 1245 1937 incorporeum".
1256 1899 1314 1937 Huc
1325 1900 1440 1937 accedit,
1456 1900 1527 1937 quod
1543 1901 1665 1937 Bacchy-

878 1936 956 1967 lides.
983 1934 1129 1962 Cleanthes
1152 1938 1180 1962 et
1206 1935 1339 1968 Amphion
1360 1934 1394 1962 de
1415 1934 1507 1962 divina
1525 1940 1621 1962 natura
1634 1934 1664 1962 'et

877 1974 973 1997 contra
989 1970 1180 2000 idololatriam,
1196 1970 1345 2004 Sophocles
1361 1968 1394 1996 de
1403 1968 1479 1996 Jovis
1491 1970 1665 1997 incontinen-

877 2006 926 2036 tia,
946 2009 972 2032 et
989 2004 1141 2032 Heraclitus
1155 2005 1189 2032 de
1212 2004 1353 2031 hominum
1369 2006 1522 2039 Ignorantia
1546 2007 1664 2039 posteri-

876 2041 926 2067 tati
942 2039 1115 2067 mandarunt.

913 2074 983 2107 Quid
1001 2075 1096 2109 plura?
1111 2074 1150 2101 Ex
1174 2074 1269 2102 iisdem
1289 2073 1388 2109 divinis
1410 2073 1487 2100 libris
1502 2073 1663 2108 Melanippi-

878 2110 926 2137 des
946 2108 1041 2137 didicit
1061 2109 1179 2139 Patrem,
1199 2116 1294 2143 nempe
1311 2108 1406 2139 Deum,
1420 2116 1481 2135 esse
1507 2109 1665 2136 mortalium

879 2145 1051 2176 miraculum,
1068 2148 1094 2171 et
1116 2145 1221 2171 animas
1237 2151 1343 2178 semper
1365 2143 1487 2171 viventes
1504 2147 1640 2178 regentem
1655 2152 1664 2176 ;

877 2178 958 2207 Plato
973 2181 1048 2207 illunt
1070 2187 1132 2207 esse
1147 2179 1309 2214 ingenitum,
1322 2179 1478 2214 unigenaiu,
1502 2186 1665 2213 semperque

40 2227 133 2247 irema
147 2219 217 2246 nihil
230 2219 346 2253 amplius
362 2222 438 2245 extra
449 2218 520 2244 lunze
529 2217 659 2253 terminos
672 2219 768 2253 agente
780 2216 826 2243 Dei
843 2221 866 2251 ο
879 2215 1002 2253 eumdem
1014 2214 1043 2253 ‘_;
1064 2213 1197 2242 Hesiodus
1211 2213 1544 2253 cunctorumndominum;
1559 2214 1666 2253 Sopho-

40 2255 214 2282 trovidentia
226 2254 259 2286 ³³,
273 2252 319 2280 alii
330 2260 395 2280 vero
408 2252 562 2288 philosophi
572 2256 599 2279 et
609 2256 696 2286 poetae.
709 2252 742 2278 de
752 2258 823 2288 sup-

40 2290 130 2317 iliciis
162 2292 224 2324 post
240 2285 358 2315 mortem
386 2285 449 2324 igne
467 2285 586 2324 luendis,
609 2285 652 2324 ac
666 2285 778 2321 proinde
792 2286 825 2313 de

40 2326 139 2352 .nima:
155 2321 369 2354 immortalitate.
382 2321 413 2350 ac
421 2323 455 2350 de
465 2322 570 2356 angelis
582 2321 724 2356 hominum
733 2325 825 2348 custo-

40 2361 119 2387 libus
135 2364 166 2386 et
182 2358 343 2394 praesidibus
361 2355 564 2394 dogmatasunt
575 2357 700 2383 mutuati.
714 2355 824 2394 ‘liursus

40 2403 101 2422 'ero
115 2402 153 2422 ex
170 2391 265 2421 iisdem
281 2393 368 2421 sacris
382 2391 460 2420 libris
479 2392 605 2426 decerpta
623 2395 687 2418 sunt
698 2391 749 2417 alia
764 2391 825 2425 phi-

40 2430 225 2465 osophorutn
241 2428 361 2465 decreta,
386 2428 516 2465 videlicet
531 2426 661 2465 mundum
675 2433 736 2453 esse
753 2433 827 2465 crea-

40 2461 107 2496 um:
132 2464 274 2491 diabolum
300 2464 452 2491 daemonum
477 2462 626 2497 principem
641 2468 702 2488 esse
724 2461 825 2488 maleﬁ-

44 2509 97 2527 um
115 2500 154 2531 ",
170 2499 240 2526 duos
258 2506 319 2526 esse
333 2499 461 2529 mundos,
481 2505 563 2524 unum
578 2497 778 2531 gintelligentem
799 2498 827 2531 et

45 2530 238 2571 rchetypum,
260 2534 374 2561 alterum
405 2533 463 2571 qui_
481 2533 546 2571 sub_
555 2539 653 2559 sensus
677 2530 827 2571 cadit,_ad

40 2566 146 2597 u-ioris'
159 2566 303 2606 imaginem
318 2572 345 2595 et
359 2566 497 2606 exemplar
508 2566 643 2606 eﬁ‘ectum,
659 2572 758 2606 corpus
774 2569 828 2605 ter-

41 2614 137 2632 enunt
156 2601 429 2634 csse—habitaculum,
439 2601 469 2630 et
485 2603 603 2628 animam
618 2601 727 2628 ccclitus
742 2601 828 2634 inspi-

41 2647 141 2671 atatu,
159 2645 241 2674 atque
255 2639 390 2665 hominem
405 2638 437 2674 ad
458 2637 504 2664 Dei
526 2636 627 2674 factum
655 2635 739 2674 fuisse
759 2635 827 2661 ima-

44 2670 180 2702 incm'”.
199 2670 270 2701 Cum
295 2678 385 2701 autem
413 2673 519 2708 Moyses
545 2673 625 2708 aliam
650 2670 749 2698 dixerit
765 2676 828 2696 esse

40 2712 79 2739 Dei
96 2710 251 2745 imaginem
268 2709 296 2736 in
318 2709 429 2736 homine
448 2707 594 2735 virtutibus
605 2710 702 2734 ornato
717 2710 744 2734 et
757 2712 828 2740 praev

266 2785 290 2801 ³⁸
306 2784 388 2812 lCor.
405 2791 468 2815 xm,
482 2784 523 2812 I2.
554 2779 700 2818 "‘p.58.i.

63 2789 92 2804 “
106 2796 137 2823 p.
157 2786 220 2814 585.
266 2786 290 2801 ³⁸
306 2786 388 2812 lCor.
405 2791 468 2815 χιιι,
482 2786 523 2812 l2.
554 2786 556 2797 ‘

71 2832 102 2854 ν.
122 2823 191 2850 590.
230 2822 290 2854 “p.
305 2821 367 2848 591.
405 2820 428 2837 ⁵³
451 2827 477 2854 p.
495 2819 556 2847 592.

40 2826 43 2839 '
71 2821 191 2859 95590-
230 2822 252 2838 “
264 2821 367 2859 ei!“-

755 2781 777 2797 “
791 2789 817 2815 p.
829 2780 890 2808 585.

594 2815 732 2852 “p.593.
771 2817 835 2850 πῃ.
853 2815 917 2852 sat.
954 2815 1021 2851 σειν.
1038 2815 1099 2844 595.
1138 2816 1161 2832 ιτ
1176 2823 1203 2850 p.
1231 2815 1295 2842 596.

879 2251 935 2277 cies
953 2249 1075 2277 omnium
1097 2253 1258 2282 creatorem;
1275 2247 1414 2283 tragcetiia:
1429 2253 1536 2280 auctor,
1549 2247 1610 2275 euut
1636 2249 1665 2275 in

878 2285 948 2312 ctelo
975 2284 1108 2311 duntaxat
1132 2282 1351 2319 suspiciendum;
1385 2282 1527 2318 Euripides
1551 2283 1666 2319 immen-

878 2327 950 2350 sum,
982 2327 1014 2346 ex
1042 2320 1132 2354 seipse
1146 2317 1247 2352 orium,
1268 2323 1439 2354 mentemque
1454 2319 1594 2354 opiﬁcem;
1611 2317 1666 2345 Eu-

898 2355 992 2381 ltorion
1006 2352 1096 2381 omnia
1111 2358 1137 2382 et
1152 2361 1234 2388 supra
1247 2354 1338 2380 oumia
1353 2361 1413 2380 esse
1427 2352 1535 2385 Jovem;
1548 2352 1625 2380 Plato
1638 2357 1667 2380 et

899 2362 992 2381 norton
1006 2362 1096 2381 otnnta
1111 2362 1137 2382 et
1152 2362 1234 2388 supra
1247 2362 1338 2380 omnia
1353 2362 1413 2380 esse
1427 2362 1535 2385 Jovem;
1548 2362 1625 2380 nato
1638 2362 1664 2380 et

877 2362 1032 2416 Heraclitus
1052 2389 1140 2424 ipsum
1167 2390 1254 2415 solum
1281 2388 1442 2424 sapientem,
1466 2392 1500 2424 eti
1514 2389 1538 2414 ei
1551 2388 1601 2415 soli
1614 2389 1664 2414 oh-

879 2423 1099 2460 tetuperanduiu;
1114 2431 1145 2460 ac
1160 2423 1270 2460 tandem
1284 2423 1406 2460 Tumens
1421 2427 1453 2460 ct_
1465 2423 1566 2458 Sibylla
1581 2431 1666 2450 unum

878 2458 943 2494 esse
958 2459 1078 2486 omnium
1097 2459 1263 2494 principium
1274 2458 1463 2494 ingenitum“.

915 2493 1016 2521 Deinde
1031 2492 1214 2520 vero'Patrcm
1231 2497 1258 2520 et
1273 2492 1371 2519 Filium
1388 2492 1526 2519 indicasse
1537 2492 1666 2519 videntur

879 2528 1025 2559 Homerus,
1039 2528 1163 2562 Orpheus
1175 2532 1202 2554 et
1221 2528 1401 2562 Xenocrates.
1423 2527 1569 2561 Propterea
1592 2528 1665 2554 enim

880 2564 1013 2591 Homerus
1026 2569 1052 2590 et
1068 2561 1201 2598 Epicurus
1215 2564 1314 2598 negant
1327 2561 1410 2598 Deum
1422 2568 1469 2589 aut
1487 2562 1667 2597 comprehen-

880 2599 908 2634 di
924 2606 1012 2634 posse,
1028 2603 1074 2625 aut
1089 2597 1360 2634 hutnanisrmembris
1384 2604 1446 2624 esse
1471 2597 1666 2634 compositum,

880 2631 1032 2660 De'divino
1053 2636 1143 2660 autem
1170 2631 1256 2660 Verbo
1273 2631 1452 2666 Epicharmus
1467 2636 1560 2666 aperte
1578 2632 1667 2666 loqui-

880 2673 935 2696 tur.
957 2668 996 2695 Ex
1023 2668 1110 2695 sacris
1136 2668 1275 2702 prophetis
1292 2666 1441 2702 Menander
1457 2667 1564 2701 accepit
1583 2666 1667 2693 Deum

880 2711 932 2731 nec
944 2703 1080 2731 sacriﬁcia
1091 2701 1145 2731 nec
1155 2701 1293 2733 victimas,
1311 2701 1359 2729 sed
1385 2708 1482 2736 puram
1507 2709 1523 2728 a
1546 2702 1667 2736 peccatis

1211 2780 1274 2808 587.
1326 2779 1349 2796 "
1364 2787 1391 2814 p.
1404 2779 1467 2807 588.
1522 2778 1547 2814 ξ’
1562 2786 1588 2813 p.
1603 2778 1665 2814 589.

942 2780 1090 2847 arta
1211 2780 1281 2842 5a.
1326 2780 1391 2846 ἐινις
1404 2780 1469 2841 ea
1518 2780 1547 2829 εξ
1560 2786 1588 2847 ε·
1603 2780 1664 2841 ἓξὲξ

50 2850 84 2895 p'.
105 2858 174 2887 599.
215 2850 342 2892 -p.'eoo.
379 2850 580 2889 'p.(.ioi.ii0‘2.
618 2850 749 2887 "p.605.
786 2850 916 2887 -p.oot.

248 2906 384 2935 ΡΑτιιοι.
407 2904 465 2934 Gn.
490 2903 545 2933 IX,

1506 2894 1545 2923 33
