1924 3072
236 96 305 124 1055

565 96 601 124 ΙΝ
618 97 828 125 CLEMENTEM
848 97 949 125 ALEX.
964 97 995 125 D.
1016 97 1060 125 LE
1075 97 1219 126 NOURRY
1239 97 1466 126 DlSSERTATIO
1487 98 1520 127 ll.

1802 97 1864 125 ηδτ

235 158 391 186 desiderare
401 158 615 194 conscientiam;
633 159 707 186 illum
723 160 850 187 omnibus
871 159 976 191 adesse.
997 164 1024 188 et
1039 164 1061 192 Α
1077 161 1169 192 exstat;
1195 159 1242 186 τοῦ
1265 159 1426 194 γνωτικοῦ,
1452 169 1460 185 ε
1473 159 1618 194 religionis
1643 159 1696 184 viri
1715 158 1831 191 gnostici
1853 170 1861 184 ι

233 194 328 221 Videre
343 194 433 220 omnia
443 194 466 229 7‘.
480 193 517 220 Ex
532 194 627 221 iisdem
643 195 767 229 Diphilus
781 195 879 222 cecinit
903 195 1024 222 futurum

231 229 392 256 "universale
402 228 595 265 jrudiciumkac
610 228 748 263 post’tllud
762 230 907 265 impiorum
922 231 1026 265 suppli—

235 265 296 297 cia;
315 264 455 298 tragoedus
471 271 536 300 vero
554 263 705 300 Sophocles
725 269 752 292 et
772 263 896 300 inheus
925 263 1024 292 cuncta

236 300 300 335 igne
316 299 513 335 consumenda,
525 302 625 333 etpost
642 299 698 326 luce
715 299 909 333 instauranda;
925 300 1024 335 Empe-

237 334 329 361 docles
345 334 464 360 futuram
485 334 623 368 justorttm
639 338 767 362 aeternam
787 334 983 362 beatitudinem
994 336 1002 351 ⁷
1016 344 1024 368 ;

236 368 362 404 Orpheus
374 369 477 395 nullttut
491 368 538 395 Dei
552 369 643 403 iugere
653 370 799 404 justitiam,
815 377 861 397 aut
876 371 913 397 illi
930 372 1024 401 latere.

236 405 326 439 ipsum
342 404 393 430 sub
405 404 505 431 nullius
522 410 662 439 aspectum
681 405 788 437 cadere,
807 406 873 433 solis
892 406 1025 433 Chaldmis

236 439 490 476 cogtiittttn,__cujus
508 440 587 476 sedes
606 445 648 468 est
664 441 775 472 ccelum,
794 445 820 468 et
835 445 907 468 terra
926 440 1024 476 pedum

236 474 465 511 ejusseabellum,
480 475 525 509 qui
541 476 616 511 solus
631 479 672 502 est
688 476 870 511 omnipotens.
885 474 1026 502 iniinorta-

235 509 281 545 l_is.
298 509 459 540 immensus.
476 512 566 537 omnia
575 509 697 545 ‘impcrio
713 509 808 545 regens
820 515 846 538 et
859 511 1024 545 gubernans.

236 543 436 582 Porro__aut_em
466 545 529 579 quia
560 546 605 582 ille
622 543 714 582 ’Deum
743 543 929 582 inatripatrem
944 546 1024 578 dixit,

236 579 301 615 hinc
313 579 396 614 aliqui
410 581 548 607 iiuXcrunt
561 580 607 607 Dei
621 581 764 615 conjugem
776 581 798 608 ³.

273 614 435 650 Phocylidcs
461 616 573 649 insuper
589 624 622 642 ex
647 614 734 643 sacris
753 616 855 644 nostris
869 615 1027 651 auctoribus

237 650 345 684 collegit
358 650 470 684 angelos
482 651 567 677 honos
579 659 640 678 esse
654 655 680 677 et
693 651 794 684 malos;
804 650 1026 678 Philemoautem

237 685 463 721 proscribendum
489 686 697 712 simulacrorum
729 687 850 720 cultum;
877 685 1026 721 Sophocles

238 720 289 746 soli
300 719 358 746 Jovi
371 721 461 756 omnia
481 725 576 754 sponte
588 721 725 756 advenire,
739 726 832 756 utpote
844 719 891 756 qui
905 719 1027 748 omnium

238 756 274 781 sit
293 755 455 789 principium
479 760 505 782 et
521 756 581 782 tinis
593 765 600 789 ;
613 755 738 790 Orpheus
753 755 836 783 unum
852 755 912 784 esse
930 756 1024 787 Deum,

238 798 252 815 a
269 798 322 824 qtto
343 792 433 816 omnia
457 797 610 818 moventur.
636 791 769 818 Pindarus
784 800 858 824 vero,
875 792 921 819 ubi
948 799 1027 819 sacro

1076 197 1203 227 modum;
1223 196 1259 222 ita
1269 200 1360 222 tamen
1385 199 1414 222 ut
1430 195 1586 229 praecipuus
1597 194 1651 222 sibi
1670 201 1774 228 seopus
1787 195 1822 219 sit
1837 201 1863 220 ea

1076 231 1167 257 omnia
1179 231 1247 257 citra
1268 230 1420 265 periculum
1436 230 1539 258 chartis
1553 230 1720 265 inscribere,
1738 236 1799 265 qua:
1814 236 1863 255 me-

1075 266 1169 292 morize
1193 263 1278 292 causa
1302 266 1400 292 litteris
1418 265 1548 292 tradenda
1565 269 1641 292 sunt.
1661 263 1691 290 In
1711 264 1801 290 tribus
1818 270 1864 288 au-

1076 305 1128 327 tem
1144 300 1285 335 Pwdagogi
1301 301 1378 327 libris
1396 300 1468 326 illam
1495 301 1557 326 vita:
1581 299 1790 335 institutionem
1807 305 1822 335 ξι
1838 306 1864 326 se

1076 335 1153 370 prius
1169 333 1340 370 explanatam
1364 343 1424 362 esse
1437 335 1574 365 declarat.
1592 343 1654 369 qute
1673 343 1688 361 a
1709 333 1863 370 Christiana

1076 368 1211 404 pueritia,
1228 378 1276 397 seu
1289 370 1424 398 catechesi
1435 391 1443 403 ,
1458 374 1499 397 est
1521 368 1640 397 ineunda
1653 391 1661 400 ,
1680 376 1799 404 qumque
1817 368 1864 395 ﬁde

1077 409 1201 440 augetur,
1214 410 1240 432 et
1250 405 1368 431 animam
1379 406 1412 431 ad
1427 414 1436 430 ‹
1448 408 1600 439 gnosticam
1617 415 1626 430 ι
1642 405 1790 440 scientiam
1803 411 1864 440 pra-

1076 439 1154 474 parat
1173 444 1201 467 ct
1219 440 1351 475 disponit.
1371 440 1551 473 Quamobrem
1568 448 1631 467 cum
1656 439 1747 466 Graeci
1762 448 1795 466 ex
1814 439 1862 469 his.

1076 483 1136 509 quae
1165 475 1399 510 disputabuntur,
1425 475 1570 502 didicerint
1597 483 1681 510 quant
1711 474 1796 509 impie
1812 483 1863 510 Vre-

1076 518 1137 537 rum
1160 509 1292 537 cultorem
1317 513 1415 537 vex'eut
1440 514 1466 536 et
1490 511 1680 541 inscctentur,
1715 513 1783 536 tunc
1810 509 1865 543 ipse

1076 553 1170 572 eorum
1187 546 1221 573 de
1232 545 1334 572 Christi
1353 546 1469 573 adventu
1483 545 1668 573 dubitationes
1684 545 1762 572 tollet
1777 548 1806 570 et
1817 546 1866 571 dis-

1078 580 1178 607 sinabit
1190 582 1221 606 ³³.

1104 589 1238 648 ριλίὃῖωιῖε
1250 622 1341 650 porro,
1355 615 1454 650 inquit,
1464 615 1491 642 in
1509 615 1700 649 superioribus
1719 614 1812 644 libris,
1827 618 1866 640 ta-

1076 650 1111 677 lis
1130 651 1156 677 in
1171 652 1213 678 bis
1224 651 1421 685 posterioribus
1436 650 1634 685 componendis
1652 651 1706 676 erit
1726 650 1865 676 scribendi

1077 686 1192 716 modus:
1211 693 1265 721 quo
1279 686 1370 713 omnia
1393 686 1493 713 mistiiu
1519 691 1546 712 et
1567 686 1691 716 confuse.
1715 685 1782 721 rsine
1810 689 1866 721 arte

1078 724 1104 747 et
1120 720 1225 753 ordine,
1242 725 1323 756 prout
1342 721 1426 748 menti
1441 728 1501 748 sese
1517 721 1676 751 obtulerint,
1692 720 1799 754 ubique
1828 720 1867 746 di-

1078 755 1250 791 spergentur.
1264 766 1273 782 ι
1289 756 1321 782 lit
1334 755 1391 782 haec
1412 755 1520 790 quidem
1538 759 1766 790 argumentorum
1781 756 1867 791 varii--

1077 794 1120 818 tas
1143 790 1170 818 et
1184 792 1314 826 seipsum,
1332 795 1358 818 et
1377 792 1446 818 alios
1463 791 1508 825 qui
1523 791 1554 817 ad
1572 791 1775 825 cognitionem.
1798 790 1866 823 γνὼ-

238 824 334 866 _fur.ore'
355 830 508 866 correptus,
525 825 707 866 Deum-yocat
725 827 845 866 τὺλτένη
863 827 915 854 hoc
935 827 980 866 il_le
993 835 1025 854 ex
1043 837 1064 863 Β
1078 834 1129 866 etv,
1145 826 1199 866 apti
1215 824 1288 866 sunt,
1303 826 1335 866 ad
1350 833 1381 866 ea
1395 834 1455 866 qua:
1468 824 1520 853 sibi
1537 824 1617 866 utilia
1628 830 1715 866 sunt,_
1728 826 1867 866 laboriose

238 859 307 886 Isaia
320 860 471 890 deﬂoravit,
481 861 551 888 sicut
565 865 592 888 et
610 860 743 888 Hesiodus
755 861 863 889 ditlicile
875 866 901 889 et
910 861 1025 888 arduum

238 895 341 922 homini
363 903 425 922 csse
450 903 575 929 suprema
596 896 669 923 illius
685 897 799 923 consilia
815 898 931 924 serutari
947 897 967 923 ’.
987 896 1027 923 Ex

238 930 332 966 Moyse
348 930 430 966 etiam
446 931 517 957 alius
530 939 583 957 non
597 931 723 966 ignobilis
738 937 817 966 poeta
837 932 955 966 sumpsit
966 940 1027 958 mu-

238 965 331 991 lierem
347 965 373 1001 in
390 965 480 1001 labore
503 970 530 993 et
552 966 646 993 dolore
665 965 824 1000 parituram.
854 965 975 1001 Denique
993 975 1026 994 ex

238 1000 335 1036 iisdem
347 1000 417 1036 rivis
432 1000 569 1034 proﬂuxit.
579 1001 650 1035 quod
665 1001 798 1029 llomertts
810 1001 893 1029 Deum
906 1000 1024 1036 justum,

238 1035 385 1072 Menander
409 1035 519 1067 bonum,
548 1036 694 1072 [Eschylus
718 1038 881 1065 altissimum
896 1035 1025 1072 appellat.

238 1070 334 1105 Apollo
362 1073 450 1096 autem
477 1071 568 1105 gloria:
596 1070 642 1099 Dei
656 1080 706 1098 suo
723 1072 756 1099 dc
773 1072 892 1099 Minerva
913 1070 1026 1099 oraculo

241 1104 320 1140 124
327 1106 376 1131 l'ert
385 1104 576 1133 testimonium.
586 1106 705 1141 Denique
713 1106 860 1134 Thearitles
868 1111 894 1134 et
903 1107 1026 1141 Orpheus

239 1142 390 1178 docuerunt
417 1148 500 1167 unum
524 1149 585 1168 esse
606 1143 780 1177 principium,
798 1147 879 1178 atque
901 1142 1026 1178 Diphilus

239 1175 448 1236 lsolquliopatrem
473 1175 750 1212 omniutu’pcrpetuo
767 1175 954 1204 honorandum
976 1178 1024 1205 dc-

250 1219 285 1236 un
343 1231 348 1236 .

250 1211 300 1237 iuit
318 1211 348 1236 '°.

276 1245 315 1282 Eii
328 1245 428 1282 quibus
442 1244 643 1282 ita_disputatis
664 1247 804 1274 concludit
815 1247 940 1274 Clemens
954 1247 1025 1282 opti-

238 1288 282 1307 ma
296 1280 424 1316 ingenia
442 1288 457 1307 ει
478 1280 589 1308 Platone
613 1282 646 1308 ad
667 1282 840 1316 disciplinam
857 1283 955 1309 tnerito
972 1280 1026 1309 Vas-

239 1315 357 1343 sueﬁcri.
375 1314 439 1342 Vult
453 1315 525 1342 enitn
545 1316 680 1344 hominem
693 1325 726 1344 ex
739 1314 874 1344 nocturno
884 1317 927 1344 die
940 1317 974 1343 ad
985 1317 1026 1344 lu-

239 1358 299 1378 cem
319 1351 456 1387 conrerti,
481 1358 512 1377 ac
528 1352 658 1385 paulatim
682 1352 715 1378 ad
737 1353 820 1384 illius,
834 1352 882 1387 qui
896 1360 957 1379 vere
972 1356 1025 1385 est,

239 1386 668 1423 pervenirerordemplationem1
685 1387 711 1413 in
734 1396 788 1421 quo
802 1386 891 1423 posita
905 1392 946 1423 est
961 1395 1025 1415 vera

239 1421 422 1456 philosophia.
436 1421 559 1448 Tametsi
577 1429 640 1448 vero
654 1421 725 1449 Deus
738 1421 820 1450 Pater
836 1427 863 1449 et
880 1422 1026 1450 universo-

239 1464 299 1492 rum
326 1455 438 1492 etieetor
462 1455 498 1482 ab
519 1457 647 1484 onmibus
673 1459 807 1485 creaturis
827 1465 876 1492 pro
891 1457 1025 1492 cujusque

238 1491 320 1518 modo
331 1495 357 1518 et
372 1491 476 1517 viribus
490 1497 683 1526 cognoscatur,
699 1500 754 1519 non
768 1491 863 1519 omnes
875 1497 963 1519 tamen
979 1491 1025 1520 ne-

239 1534 291 1588 aue
302 1527 327 1553 id
344 1526 417 1560 qttod
433 1529 484 1557 cst,
497 1534 584 1560 neque
598 1527 734 1561 quomodo
750 1528 892 1558 Dominus,
910 1526 990 1554 Pater
999 1533 1026 1555 et

263 1566 353 1588 reator
368 1561 420 1588 sit.
442 1568 530 1588 neque
549 1562 630 1588 aliam
655 1562 776 1588 veritatis
794 1563 1026 1588 dispensationem

263 1566 353 1588 reator
368 1561 420 1598 sit,
442 1568 530 1595 neque
543 1562 630 1598 aliam
655 1562 776 1598 veritatis
794 1563 1026 1598 dispensationem

239 1601 350 1628 norunt,
363 1596 417 1622 nisi
433 1598 510 1630 prius
526 1596 559 1623 ab
573 1597 619 1623 illo
632 1597 721 1624 edocti
737 1596 880 1624 iuerint“.
893 1598 1026 1630 Quamob-

240 1639 297 1658 rem
312 1631 338 1657 hi
364 1631 410 1665 qui
423 1632 448 1657 ei
463 1631 641 1663 crediderint,
654 1631 762 1659 Patrem
776 1632 926 1665 etFilium;
939 1632 1025 1660 Graeci

240 1670 330 1692 autem
347 1666 398 1702 ipsi
415 1673 469 1702 non
488 1666 641 1699 credentes,
659 1667 747 1694 solum
766 1668 922 1695 Creatorem
939 1675 1024 1702 agno-

240 1705 329 1737 scunt.
349 1701 427 1733 Quod
441 1708 523 1737 porro
534 1702 572 1728 illi
590 1709 644 1728 non
655 1702 787 1734 credant,
804 1703 830 1729 id
847 1703 874 1729 in
890 1709 938 1729 cos
951 1701 1024 1737 ipsos

240 1737 286 1770 qui
301 1735 425 1772 libertate
437 1736 549 1772 pollent,
569 1745 623 1763 non
643 1737 673 1772 in
689 1737 783 1769 Deum,
804 1738 849 1772 qui
867 1737 930 1764 ntali
942 1735 1025 1765 causa

240 1779 295 1797 non
308 1775 360 1802 est,
377 1770 485 1807 rcfuudi
497 1772 576 1798 debet
590 1771 722 1807 “.rbliscr
734 1770 820 1807 igitur
832 1777 858 1799 et
873 1772 967 1799 infelix
980 1773 1025 1801 ille

240 1810 294 1838 est,
309 1807 355 1840 qui
371 1806 479 1842 veritati
495 1814 549 1833 non
571 1806 658 1834 credit
674 1807 705 1834 ".
720 1806 755 1842 At
781 1808 805 1835 is
822 1807 868 1842 qui
884 1807 917 1834 ad
932 1815 1024 1836 veram

240 1841 347 1868 accedit
373 1840 544 1875 disciplinam
561 1863 567 1872 ,
581 1842 644 1868 huic
658 1863 666 1874 ,
681 1847 710 1868 ut
725 1840 902 1870 Parmenides
917 1846 944 1869 et
971 1843 1025 1870 Me-

238 1877 368 1903 trodorus
380 1877 466 1907 aiunt,
478 1877 504 1902 in
521 1876 565 1904 Dci
576 1885 720 1911 rerumque
736 1877 888 1904 divinarum
901 1881 1024 1905 contem-

239 1912 360 1945 platione
385 1911 547 1947 versandum
573 1916 626 1939 est.
646 1912 687 1939 Ad
712 1921 774 1939 ettm
801 1917 891 1940 autent
916 1920 1024 1947 semper

240 1947 387 1982 ascendere
409 1946 550 1979 debemus,
575 1947 661 1974 donec
682 1947 872 1982 perveniamus
895 1947 928 1974 ad
941 1946 1024 1975 coile-

240 1986 308 2018 stetn
326 1981 499 2018 felicitatem,
518 1990 605 2018 quam
623 1981 790 2017 Pythagoras
817 1983 976 2018 ἀντίχθονα,
997 1987 1024 2011 et

240 2015 374 2053 Jercntias
386 2017 500 2053 electam
518 2015 701 2044 hicreditatem
713 2015 869 2053 appellavit.

275 2051 411 2088 Hactenus
422 2050 549 2088 Clemens
562 2053 673 2088 se_satis
685 2050 821 2088 superque
838 2053 1024 2080 demonstras-

238 2094 269 2114 se
286 2087 351 2113 dicit
374 2094 424 2113 cur
437 2085 522 2113 Graeci
551 2094 565 2113 a
593 2086 709 2114 Domino
720 2085 800 2115 Tui-es
816 2088 955 2121 dicuntur,
973 2097 1022 2115 nec

241 2129 271 2158 se
286 2121 393 2158 vellerin
416 2122 466 2147 hoc
485 2127 674 2156 argumentum
697 2123 768 2157 quod
786 2123 919 2150 inﬁnitum
942 2124 1022 2158 plane

239 2156 319 2189 foret,
342 2157 419 2191 plura
436 2164 593 2191 congerere.
617 2156 743 2184 Attamen
757 2159 806 2185 sibi
829 2158 918 2185 adhuc
935 2156 969 2185 de
990 2167 1022 2186 eo

1078 860 1240 895 inquirenda
1261 860 1410 888 excitabit.’
1424 861 1517 895 Neque
1540 862 1614 888 enim
1629 862 1691 888 sine
1709 860 1807 887 labore
1825 862 1865 886 illa

1077 896 1197 929 cognitio
1216 896 1368 930 comparari
1390 901 1488 931 potest.

1112 932 1215 966 Duplex
1231 935 1321 958 autem
1348 939 1379 958 ea
1390 930 1454 959 ’cst.
1473 931 1552 958 Prior
1573 930 1646 957 enim
1667 930 1790 957 habetur
1808 937 1867 957 sen-

1077 974 1155 993 suum
1165 966 1327 997 ministcrio,
1337 970 1431 1001 estque
1443 974 1504 993 cuiu
1516 966 1615 996 brutis,
1632 970 1692 992 tum
1708 966 1866 992 hominibus

1077 1002 1241 1034 communis,
1264 1001 1311 1029 sed
1326 1010 1424 1036 quant,
1446 1002 1534 1035 inquit
1553 1001 1681 1028 Clemens
1694 1020 1701 1032 ,
1725 1008 1866 1034 nunquam

1077 1036 1260 1071 cognitionem
1275 1037 1477 1071 appellaverint.
1503 1036 1642 1063 Posterior
1666 1043 1753 1071 mera
1768 1041 1811 1062 est
1826 1044 1866 1061 ra-

1077 1070 1188 1098 tionalis
1216 1070 1460 1106 animie’operatio,
1476 1079 1530 1106 qua
1557 1071 1660 1106 aliquid
1685 1070 1865 1106 intelligentia

1076 1107 1315 1141 apprehendimus.

1134 1142 1272 1176 rittsqttatn
1296 1149 1361 1168 vero
1384 1141 1416 1168 ad
1437 1145 1626 1177 argumentum
1645 1149 1729 1168 suum
1749 1144 1866 1177 tractau-

1076 1176 1140 1204 dum
1153 1177 1277 1204 Clemens
1291 1176 1513 1211 aggrediatuhea
1525 1176 1593 1203 dicit
1607 1184 1670 1203 esse
1686 1176 1864 1206 absolvenda,

1076 1211 1109 1247 de
1126 1212 1226 1245 quibus
1243 1212 1275 1238 ad
1293 1214 1394 1239 calcem
1407 1213 1467 1239 libri
1480 1211 1579 1246 quinti,
1598 1219 1646 1238 seu
1662 1212 1699 1238 de
1715 1212 1864 1247 symboliu.

1076 1246 1183 1274 dicendi
1200 1254 1316 1281 genere,
1343 1251 1398 1273 tam
1421 1255 1435 1273 a
1455 1247 1555 1274 Graecis
1578 1254 1660 1281 quam
1685 1247 1721 1273 ab
1747 1246 1864 1273 Hebr-mis

1077 1287 1218 1316 usurpato.
1232 1282 1399 1309 disseruerat
1410 1282 1440 1307 ¹⁷.
1451 1281 1550 1308 Verum
1564 1282 1615 1308 hoc
1628 1282 1655 1307 in
1670 1281 1749 1308 aliud
1763 1287 1864 1315 tempus

1076 1316 1166 1343 adltuc
1180 1316 1274 1348 dilato,
1285 1317 1340 1350 jam
1352 1317 1520 1351 probandum
1532 1318 1558 1343 in
1572 1324 1602 1343 se
1614 1317 1736 1351 suseipit
1760 1316 1864 1343 (Enetos

1076 1352 1122 1386 qui
1135 1352 1263 1386 plurima,
1280 1352 1317 1379 liti
1330 1351 1544 1378 demonstratqu
1558 1356 1599 1378 est
1612 1371 1619 1383 ,
1636 1359 1669 1378 ex
1689 1353 1796 1378 nostris
1810 1352 1865 1378 sui-

1077 1387 1157 1413 furati
1169 1390 1244 1417 sunt,
1256 1386 1319 1413 furti
1337 1395 1444 1422 quoqtte
1456 1387 1483 1414 in
1497 1395 1525 1414 se
1539 1387 1656 1422 invicem
1674 1387 1794 1413 admissi
1809 1395 1866 1413 esse

1076 1430 1147 1449 reos.
1164 1422 1284 1448 Primum
1297 1423 1387 1456 itaque
1403 1422 1516 1448 tnissutn
1532 1422 1597 1448 illud
1614 1421 1696 1453 facit,
1710 1422 1785 1455 quod
1799 1424 1866 1455 apud

1076 1456 1138 1484 illos
1154 1457 1182 1483 in
1205 1456 1332 1484 confesso
1354 1460 1428 1487 erat,
1451 1459 1586 1483 variarum
1610 1462 1759 1483 sectarum
1783 1457 1867 1491 philo-

1077 1492 1177 1526 sophos
1196 1499 1228 1518 ex
1243 1491 1354 1519 Socrate
1369 1492 1504 1526 praecipua
1522 1491 1690 1519 delibavisse
1707 1499 1758 1518 sua
1774 1492 1867 1526 placita

1077 1530 1103 1553 et
1123 1527 1242 1553 decreta.
1263 1526 1365 1554 Deinde
1391 1527 1632 1553 celeberrimorum
1659 1527 1735 1560 apud
1762 1527 1867 1553 Graecos

1077 1567 1219 1588 auctorum
1236 1570 1268 1588 ex
1282 1563 1340 1588 suis
1359 1561 1451 1589 itidem
1472 1561 1574 1588 Gracis
1592 1561 1665 1587 furta
1683 1567 1712 1588 et
1728 1562 1868 1587 latrocinia

1076 1597 1209 1631 aperit”;
1226 1595 1334 1624 Homeri
1348 1605 1379 1623 ex
1396 1596 1504 1630 Orpheo
1519 1601 1546 1623 et
1557 1596 1675 1628 Musaeo;
1698 1597 1866 1626 Archilochi,

1076 1631 1197 1661 Cratini.
1217 1631 1353 1666 Euripidis
1372 1640 1405 1659 ex
1428 1631 1561 1664 Homero;
1585 1631 1731 1665 Euripidis
1749 1640 1783 1658 ex
1807 1631 1866 1658 £5—

1076 1667 1166 1701 ehylo,
1189 1666 1356 1701 Tlteognide,
1373 1666 1551 1701 Epicharmo;
1569 1666 1720 1701 Sophoclis
1736 1674 1771 1693 ex
1791 1667 1866 1692 Euri-

1077 1702 1155 1737 pide;
1179 1701 1354 1735 Theoguidis.
1372 1701 1550 1737 Thucydidis,
1577 1701 1688 1737 Philisti
1703 1710 1738 1728 ex
1756 1702 1867 1737 Solone;

1075 1736 1167 1772 Critim
1182 1745 1214 1763 ex
1235 1737 1378 1771 Euripide,
1390 1735 1558 1772 Pherecydis
1578 1744 1611 1763 ex
1630 1735 1755 1763 Homero
1767 1757 1774 1768 ,
1793 1736 1868 1762 Euri-

1076 1771 1202 1806 pidisqtte
1215 1779 1246 1798 ex
1263 1774 1357 1799 eodem
1375 1771 1501 1800 Homero.
1516 1771 1614 1799 P05tca
1627 1779 1697 1798 vero
1716 1781 1725 1796 σ
1743 1772 1842 1797 furtiva
1857 1781 1865 1795 ι

1076 1814 1188 1839 eorutn,
1204 1807 1249 1842 qtti
1273 1816 1282 1831 ε
1296 1807 1377 1833 simul
1393 1806 1558 1838 floruerunt,
1573 1811 1621 1832 aut
1643 1814 1741 1833 secum
1760 1814 1869 1842 concer-

1076 1846 1178 1872 tarunl,
1197 1851 1205 1868 ι
1223 1842 1283 1869 loca
1298 1843 1368 1868 inter
1386 1850 1414 1869 se
1435 1845 1574 1876 comparat
1588 1845 1614 1867 et
1631 1843 1779 1875 componit
1797 1852 1802 1867 :
1819 1841 1868 1867 So-

1077 1878 1183 1910 phoclis
1201 1885 1262 1903 cum
1281 1877 1418 1910 Euripide.
1436 1876 1541 1903 Eumoli
1560 1884 1621 1903 cum
1651 1875 1768 1907 Solone,
1795 1876 1870 1902 Ettri-

1076 1912 1148 1946 pidis
1163 1920 1225 1939 cum
1242 1911 1374 1939 Homero.
1393 1912 1559 1946 Theognidis
1575 1910 1778 1946 cumﬁPanyasi
1789 1931 1796 1941 ,
1814 1911 1868 1937 He-

1075 1945 1146 1982 siodi
1170 1946 1406 1982 cutnAEuripide,
1428 1945 1606 1982 ejusdemque
1623 1945 1785 1982 _Euripidis
1807 1954 1868 1973 eum

1075 1980 1209 2010 Homero.
1233 1980 1407 2009 Callizecum
1431 1980 1579 2009 Menandro
1592 2001 1599 2012 ,
1615 1980 1780 2008 Antiniachi
1803 1989 1867 2008 cum

1074 2016 1170 2050 Augia,
1189 2016 1298 2043 Hesiodi
1314 2025 1375 2044 cttm
1393 2016 1543 2048 Simonide,
1562 2015 1722 2050 Epicharmi
1736 2024 1802 2043 cum
1826 2017 1869 2042 Di-

1075 2051 1149 2085 philo
1169 2055 1196 2079 et
1220 2051 1347 2082 Platone,
1367 2051 1502 2086 Euripidis
1517 2059 1579 2078 cum
1604 2051 1717 2086 Diphilo
1730 2059 1764 2078 ac
1781 2051 1869 2078 Their

1074 2086 1161 2122 decte,
1176 2086 1347 2122 Bacchylidis
1362 2085 1606 2116 cum’llloschioue,
1618 2085 1793 2121 Theognidis
1806 2094 1869 2113 cum

1073 2121 1264 2156 Aristophane,
1281 2129 1312 2148 ac
1327 2122 1435 2149 tandem
1451 2121 1632 2149 Anacreontis
1645 2128 1711 2148 cum
1724 2122 1868 2156 Euripide.

1075 2155 1113 2183 Ne
1128 2155 1218 2183 autem
1236 2157 1342 2191 longius
1364 2165 1413 2183 sua
1435 2157 1617 2192 protrahatur:
1627 2159 1737 2188 oratio.
1769 2155 1869 2183 testem

240 2190 349 2226 aliquid
357 2190 514 2227 necessario
529 2193 779 2227 perstringendum,
795 2193 841 2220 ubi
862 2193 890 2220 in
905 2193 1021 2220 medium
1039 2198 1060 2225 Ῑ)
1074 2191 1200 2227 Clemens
1224 2190 1293 2217 citat
1315 2190 1456 2226 Hippiam,
1474 2192 1520 2226 qui
1540 2191 1573 2218 de
1598 2190 1760 2218 Graecorum
1788 2194 1870 2218 turtis

239 2226 408 2261 proferenda:
422 2230 502 2253 erunt
515 2226 683 2262 cot'utndem
701 2227 855 2255 Graecorum
873 2228 906 2254 de
921 2228 1022 2262 princi-

240 2262 292 2296 piis
308 2261 490 2297 opiniones“.
506 2261 589 2288 Addit
608 2262 725 2297 denique
744 2271 776 2290 ex
797 2263 854 2297 jatn
874 2261 956 2290 dictis
970 2265 1024 2290 col-

239 2295 296 2330 ligi,
309 2295 479 2333 etquomodo
488 2304 582 2333 eorum
596 2297 656 2324 libri
668 2295 772 2333 legendi
783 2295 848 2329 sint,
857 2302 1022 2332 etquanttun

239 2336 341 2358 interna
363 2331 601 2369 Deibeneﬁcentia
612 2337 639 2360 et
652 2331 759 2368 jus’titia
775 2331 907 2360 omnibus
917 2334 1024 2369 perspi-

239 2374 290 2394 cua
304 2370 331 2393 et
347 2366 493 2394 manifesta
507 2367 601 2394 fuerit.

491 2422 689 2451 ARTICULUS
716 2424 762 2453 Vl.

455 2479 581 2515 Analysis
618 2481 681 2508 libri
717 2481 795 2509 sexti.

243 2535 245 2538 ⁴
274 2535 397 2573 Hujuse‘
409 2537 548 2571 sequentis
560 2537 620 2564 libri
634 2542 822 2571 argumentum
833 2538 958 2566 Clemens
969 2539 1025 2573 pri-

238 2571 433 2608 muurquidem
448 2573 574 2608 proponit
582 2580 613 2599 ac
625 2573 745 2600 declarat
758 2574 816 2600 fore
828 2578 867 2606 ut,
880 2571 1023 2608 postquam

239 2606 370 2643 moralem
389 2605 560 2643 disciplinam
577 2611 603 2634 et
616 2608 677 2634 vitte
695 2617 704 2633 ε
719 2609 850 2643 guosticm
861 2605 1023 2636 {rationem

239 2641 488 2678 atque_institututn
504 2642 696 2676 descripserit,
712 2641 777 2670 tunc
791 2646 849 2678 ipse
864 2648 958 2670 contra
971 2644 1021 2670 fal-

239 2674 296 2702 sam
309 2674 540 2713 philosophorum
562 2674 717 2711 opinionem
744 2674 823 2713 plan‘e
848 2678 1019 2706 demonstret

238 2718 293 2738 non
310 2711 390 2738 modo
407 2718 462 2738 non
477 2711 608 2745 impium,
627 2713 674 2740 sed
689 2711 753 2740 vere
773 2713 846 2748 pium
870 2721 931 2741 esse
951 2713 1019 2750 Θρη-

271 2793 285 2808 λ·
301 2801 327 2829 ρ.
342 2793 404 2827 605,
420 2793 483 2822 606.
521 2795 531 2810 τ

271 2795 285 2808 λ·
301 2801 327 2829 p.
342 2795 404 2827 605,
420 2795 483 2822 606.
521 2795 531 2810 ⁷
546 2803 572 2830 p.
582 2795 644 2822 607.

241 2827 263 2844 “
276 2837 302 2863 p.
314 2829 375 2857 617.
417 2830 438 2846 ¹⁸
450 2838 476 2863 p.
492 2829 553 2858 618.
593 2831 614 2847 ³⁸
630 2839 644 2863 p

682 2797 692 2812 ⁸
708 2805 734 2831 p.
751 2796 814 2829 608,
833 2797 895 2825 609.

417 2830 438 2846 ιι
450 2838 476 2865 ρ.
492 2829 553 2858 eis;

593 2831 614 2847 ιθ
629 2839 656 2867 p.
672 2831 734 2860 618.
775 2833 795 2848 ’⁷
808 2841 834 2868 p.
848 2834 900 2861 619
915 2838 941 2862 et
954 2831 1013 2870 seq.

967 2806 994 2833 p.
1011 2799 1074 2827 610.
1128 2801 1149 2815 ¹⁰
1163 2808 1189 2834 p.
1208 2800 1270 2827 6H.

969 2842 1013 2870 eq.
1054 2836 1111 2870 ‘“p.
1126 2835 1174 2863 62i
1195 2841 1219 2863 et
1237 2844 1295 2871 seq.

1076 2226 1184 2253 abunde
1200 2226 1388 2260 disputavit”.

1111 2260 1211 2288 Verum
1228 2267 1257 2287 ut
1271 2262 1369 2288 similia
1386 2261 1608 2296 philosophorum
1625 2265 1654 2288 et
1668 2262 1869 2289 historicorum

1077 2296 1148 2322 furta
1171 2304 1304 2330 paresque
1328 2297 1534 2331 compilationes
1555 2297 1741 2331 patefaceret.
1771 2304 1869 2323 rursus

1077 2331 1122 2357 ille
1134 2332 1310 2367 componit‘r’
1324 2331 1507 2367 Alcmmonem
1526 2340 1587 2358 eum
1612 2332 1753 2367 Sophocle
1771 2337 1801 2359 et
1816 2332 1869 2358 Xe-

1078 2366 1212 2402 nopltoue,
1237 2366 1394 2402 Euripidem
1407 2374 1468 2393 cum
1482 2367 1627 2402 Archelao.
1645 2366 1789 2402 Orpheum
1808 2375 1868 2394 cum

1080 2400 1231 2433 Heraclito,
1259 2401 1401 2436 Athamam
1424 2409 1486 2428 cum
1516 2400 1698 2436 Empedocle,
1724 2401 1869 2429 Platonem

1078 2443 1139 2462 cum
1161 2435 1496 2472 MenandroLEuripidem
1514 2435 1576 2463 cuni
1592 2437 1741 2472 Hyperide.
1766 2437 1869 2465 Isocra-

1077 2475 1140 2507 t_ent
1155 2479 1215 2507 cum
1232 2471 1387 2501 Audocide,
1408 2471 1590 2507 Theognidem
1605 2471 1669 2499 ςιῐιιι
1687 2472 1827 2507 Hyperide
1842 2478 1869 2498 et

1078 2505 1206 2540 Euripide
1217 2526 1225 2537 .
1250 2507 1388 2541 Stasinunt
1406 2513 1466 2532 cum
1481 2505 1681 2541 Xenophonte,
1699 2505 1867 2541 Sophoclem

1077 2548 1138 2567 ctttn
1155 2540 1523 2577 llerodoto,_Theopompum
1540 2540 1603 2568 cum
1620 2540 1758 2577 Sophocle
1769 2563 1776 2572 .
1788 2543 1867 2568 Anti-

1077 2576 1192 2610 phanem
1217 2584 1279 2603 cum
1305 2575 1433 2608 Platone,
1459 2575 1741 2611 Thucydidem-cum
1770 2578 1867 2604 Demo-

1077 2611 1184 2647 sthene,
1195 2610 1334 2647 Cratinum
1349 2619 1410 2647 cum
1425 2611 1573 2643 Andocide,
1588 2611 1672 2647 Lysia
1687 2612 1866 2640 etA-Iscbine.

1074 2644 1144 2677 Quid
1160 2646 1254 2680 plttra?
1276 2646 1344 2672 Cutn
1363 2646 1471 2673 Philino
1482 2644 1625 2674 contendit
1639 2647 1865 2676 Demosthenem.

1074 2680 1220 2717 {socraten}
1244 2680 1412 2717 cumﬁLycia,
1428 2689 1490 2708 cum
1509 2681 1690 2717 Theopompo
1704 2682 1865 2712 Homerum,

1073 2714 1213 2742 Chilonem
1229 2724 1291 2742 cum
1307 2714 1469 2751 Epicharmo
1481 2736 1489 2748 ,
1509 2714 1708 2752 Hippocratem
1725 2726 1788 2745 cum
1810 2717 1864 2744 Eu.

1128 2800 1270 2836 {°p.stt.
1326 2801 1465 2836 "p.6l‘2.
1517 2801 1662 2836 “p.613.

1720 2803 1742 2818 ¹³
1758 2810 1787 2837 p.
1802 2800 1863 2829 δίε,

1337 2837 1357 2852 ¹⁹
1370 2845 1397 2872 p.
1414 2837 1465 2864 6‘26
1478 2840 1503 2865 et
1516 2845 1574 2872 seq.
