1924 3072
244 107 255 133 1
261 103 313 133 039

573 102 607 131 IN
627 102 837 130 CLEMENTEM
855 100 960 129 ALEX.
981 99 1012 127 ι).
1033 99 1077 127 LE
1092 99 1238 128 NOURRY
1257 99 1487 128 DISSERTATIO
1508 100 1542 128 Π.

1802 102 1865 130 1080

222 163 343 198 :perint,
362 169 412 189 nec
430 168 666 198 unquamﬂverum
689 161 843 198 invenerint
866 161 1025 198 magistrum
1041 163 1062 191 Α
1080 160 1138 198 ipse
1155 159 1304 198 Christum»
1319 160 1464 198 Dominum
1481 167 1575 198 earum
1593 163 1736 198 expertem
1753 169 1865 196 prorsus

240 195 269 226 et
284 197 433 225 doctorem.
459 195 525 223 Nam
540 196 682 224 Cleantttes
697 196 832 223 Zenonem
845 217 853 229 ,
868 195 1027 229 Theophra-

243 237 304 260 stus
321 232 510 264 Aristotelem,
531 230 703 258 Metrodorus
723 231 882 266 Epicurum,
904 236 931 258 et
947 230 1027 258 Plato

244 268 386 295 Socratem
403 267 454 294 sibi
471 267 618 300 magistros
633 267 782 294 asciscunt.
797 270 832 293 At
850 266 873 293 si
893 266 1027 300 gradatim

243 302 376 331 ascendas
396 305 422 328 et
442 302 557 328 sollicite
572 302 693 336 inquiras
714 302 760 336 qui
777 301 878 328 fuerint
893 301 1028 336 Pythago-

192 336 198 372 ἒ
243 346 291 368 rae.
306 337 470 372 Plterecydis
482 357 489 367 ,
506 336 626 363 Thaletis
642 340 669 372 et
687 337 801 372 aliorum
817 337 974 372 primorunl
983 344 1027 362 sa-

193 369 198 374 ’
242 373 385 408 pientitttn
398 369 532 408 magistri,
552 371 755 408 respondebunt
771 369 825 408 hos
843 370 1027 408 furisserngy-

243 405 326 444 ptios,
339 406 430 438 lttdos,
443 405 668 444 Babylonios_aut
682 413 786 444 magos.
798 405 875 438 Quod
892 405 1024 444 siiuste’s,

242 441 270 470 et
291 449 400 469 rursum
423 449 529 475 quzeras
546 441 624 477 126
640 449 709 476 quos
724 442 769 468 isti
790 448 898 476 quoque
923 442 1026 468 habue-

243 478 298 504 rint
310 481 499 512 praeceptores
514 496 520 508 ,
533 478 578 512 ad
595 476 719 512 primum
732 480 806 503 certe
826 477 962 504 hominem
982 483 1026 503 re-

241 511 338 539 curras
353 515 470 546 oportet.
488 511 555 544 Quis
575 519 655 546 porro
677 511 757 545 hujus
781 512 862 547 fuerit
884 512 1024 547 magister,

241 548 264 574 si
281 547 371 574 adhuc
387 548 543 581 rogaveris,
559 547 583 574 is
599 550 674 573 certe
695 554 782 581 neque
797 546 878 573 homo
894 546 955 574 esse
977 555 1026 581 po-

242 583 312 613 tuit,
332 589 420 616 neque
433 581 514 608 etiam
538 582 643 616 angeli,
659 585 752 615 tttpote
774 582 820 616 qui
841 582 1024 608 membrorum

242 617 385 651 omnisque
400 616 523 651 corporei
539 617 633 651 organi
650 617 705 643 sitit
721 621 856 651 expertes.
876 616 928 643 Sed
951 621 1022 647 esto,

242 652 270 679 lti
286 652 365 687 primi
388 651 507 679 hominis
529 651 651 687 magistri
669 651 805 687 dicantur,
828 656 913 679 restat
935 652 1024 678 adhuc

241 686 434 722 inquirendum
459 686 520 721 quis
543 686 650 713 illurum
666 686 747 713 fuerit
758 687 912 722 imagister.
929 687 963 713 At
979 687 1025 714 ille

241 721 307 750 sane
329 722 401 748 alius
426 729 487 749 esse
503 728 557 747 non
581 725 671 756 potest
685 721 737 748 nisi
753 721 799 748 Dei
824 722 908 749 Filius
928 726 953 748 et
979 730 1023 748 sa-

241 757 422 792 ptentia.»per
442 764 523 791 quent
539 757 629 782 omnia
647 757 719 792 facta
737 761 809 783 sunt.
833 756 927 784 Omnis
943 757 1026 791 igitur

241 791 307 820 Sana
323 797 453 826 rectaque
467 792 591 818 doctrina
606 792 633 818 itt
646 791 720 817 illttnt
737 792 847 818 unicum
864 792 1023 826 magistrum

240 832 267 854 et
288 828 427 854 doctorem
451 826 618 853 rel'undeuda
636 830 677 853 est
692 826 724 853 ³³.

240 862 314 889 illius
331 862 483 889 doctrinam
500 862 627 888 humanis
643 861 836 888 traditionibus
858 862 1023 894 adttlteraut,

241 898 338 924 horttm
356 896 479 931 profecto
495 897 624 930 magister
641 903 694 922 non
711 901 764 924 est.
778 896 804 923 Si
818 897 863 931 qui
881 897 1024 924 veroillius

240 933 367 959 adventui
385 931 525 965 sacrisque
542 931 600 964 ejus
615 932 725 966 scriptis
741 932 918 963 crediderint,
935 932 952 958 ii
971 933 1026 966 pla-

239 975 275 994 ne
292 974 401 998 omnes,
419 966 491 993 sicut
508 966 660 1001 philosophi
677 967 816 993 Dontinica
830 967 953 994 doctrina
971 975 1024 994 non

240 1003 328 1029 solum
345 1001 378 1037 ad
397 1001 659 1036 reraaphilosophiaa
674 1009 798 1036 veraeque
814 1002 880 1036 legis
895 1002 1026 1037 cognitio-

239 1045 302 1064 ttent
329 1036 512 1067 adducuntur,
541 1037 588 1063 sed
609 1037 709 1063 divinis
734 1037 808 1064 illius
823 1036 949 1072 eloquiis,
967 1043 1026 1063 Ian-

239 1079 320 1107 quam
336 1075 476 1108 argentum
490 1072 602 1105 ignitum
620 1076 647 1108 et
661 1076 853 1108 expurgatttm,
871 1079 985 1107 corpore
998 1077 1024 1099 et

239 1107 329 1134 anima
348 1107 407 1141 pttri
424 1108 567 1141 sanctique
583 1107 744 1133 reddttntur.

278 1151 287 1167 ε
303 1141 405 1176 Duplex
424 1145 523 1172 autem,
536 1143 623 1176 inquit
640 1142 776 1173 Clemens,
793 1145 833 1169 cst
850 1142 974 1176 purgatio
990 1141 1024 1169 “.

238 1176 319 1204 Prior
339 1177 411 1203 ettitn
437 1181 479 1203 est
506 1184 521 1203 a
539 1177 619 1203 malis
636 1177 811 1207 abstinentia.
829 1176 933 1209 Judzeo,
952 1176 994 1203 fidi
1007 1177 1024 1203 li

238 1220 270 1238 ac
283 1211 377 1239 Greco
392 1212 554 1243 communis,
567 1219 648 1246 quam
663 1212 772 1247 quidam
789 1219 921 1239 summam
938 1212 1025 1247 perfe-

238 1248 355 1274 ctionem
374 1254 434 1274 csse
450 1247 551 1273 frustra
570 1247 735 1274 existimant.
758 1247 897 1274 Posterior
914 1255 978 1273 vero
993 1254 1025 1274 ea

237 1287 288 1313 est,
303 1290 356 1316 qua
373 1291 382 1307 ι
394 1282 534 1316 gnosticus
547 1291 555 1307 ι
567 1282 682 1316 justitia:
696 1286 722 1308 et
738 1282 921 1309 beneficentia:
936 1283 1024 1308 incre-

237 1322 328 1344 ntento
345 1321 469 1351 augetur,
483 1317 569 1344 donec
585 1317 631 1343 fiat
648 1316 784 1352 perlectus
799 1322 825 1344 ct
839 1317 871 1344 ad
888 1317 934 1344 Dei
952 1317 1025 1344 simi-

237 1353 379 1379 litudinem
408 1351 436 1379 in
461 1351 678 1387 incommumbili
706 1352 774 1379 bene
803 1352 899 1387 agendi
931 1352 1024 1378 habitu

236 1391 402 1422 perseveret.
417 1396 426 1413 ι
442 1387 478 1413 lix
489 1386 531 1414 his
543 1395 704 1421 porro,qu:e
721 1387 756 1414 ibi
774 1386 869 1414 auctor
886 1392 979 1414 noster
991 1387 1025 1414 de

236 1421 369 1458 sapientia
380 1421 510 1458 disputat.
522 1422 656 1458 duplicem
673 1423 774 1457 colligit
786 1430 847 1449 esse
861 1423 1025 1457 contempla-

235 1458 350 1487 tionem,
369 1464 450 1483 unatn
476 1457 711 1492 philosophorum,
728 1465 780 1492 qua
797 1458 917 1484 divinam
942 1465 1024 1492 appe—

235 1496 297 1518 tunt
313 1493 420 1526 quidem
432 1493 609 1528 sapientiam,
627 1493 674 1519 sed
687 1499 745 1519 eam
759 1493 812 1519 nisi
830 1493 1022 1528 prophetatum

236 1535 303 1554 voce
318 1531 364 1553 aut
385 1526 495 1561 scriptis
511 1527 674 1554 declaratatn
695 1535 750 1554 non
767 1526 960 1562 assequuntur.
976 1528 1023 1553 Al-

235 1568 320 1589 teram
347 1569 412 1588 vero
435 1562 502 1588 dicit
525 1569 589 1598 csse
615 1561 848 1593 Christianorum,
868 1570 928 1598 qua:
955 1563 1022 1596 ipsis

235 1598 318 1624 etiam
349 1598 408 1624 sine
439 1597 540 1631 scripto
566 1597 600 1623 ab
626 1598 757 1632 apostolis
787 1597 895 1629 tradita,
920 1603 1022 1624 mlcl‘llo

235 1632 359 1667 nullique
382 1632 525 1667 mutationi
549 1632 669 1659 obttoxio
691 1632 785 1659 habitu
815 1641 922 1667 semper
945 1640 1023 1660 excr-

235 1666 322 1694 cenda
353 1671 404 1693 est.
439 1666 574 1699 Quocirca
606 1674 744 1701 nunquam
774 1666 949 1698 Christiano,
983 1668 1022 1694 uti

236 1703 274 1729 ait
286 1702 445 1736 Apostolus,
472 1702 505 1728 ad
522 1709 691 1737 paganorum
718 1702 781 1729 licet
797 1703 887 1730 redire
902 1703 1023 1738 philoso-

257 1737 340 1763 hiant.

235 1745 357 1798 pllggiiio
383 1774 472 1798 tamen
494 1775 614 1806 opponat
631 1771 757 1807 hanchab
780 1771 874 1799 eodem
891 1771 1022 1807 Apostolo

236 1807 321 1842 plane
331 1807 492 1841 penitusque
506 1805 641 1841 proscribi
653 1807 686 1834 ³⁸.
705 1805 795 1834 Variis
821 1805 959 1834 enimvero
975 1815 1021 1833 sa-

233 1841 454 1878 creScriptuAt-re
470 1842 644 1878 testimoniis,
663 1846 742 1878 atque
755 1842 813 1876 ipsa
829 1841 958 1878 Barnahte
973 1842 1021 1878 [le-

234 1876 346 1912 gendum
360 1882 398 1903 est
409 1876 556 1904 Clementis
570 1876 697 1912 Romani]
711 1878 870 1904 auctoritate
895 1876 1021 1905 Clemens

235 1917 330 1939 noster
356 1912 453 1946 probat
474 1919 582 1938 omnem
605 1912 745 1938 scicnttatn
771 1917 798 1939 ct.
815 1913 1019 1947 intelligentiam

234 1955 297 1974 cunt
314 1947 429 1981 singulis
452 1946 620 1977 hominibus,
638 1947 744 1974 diverse
758 1950 850 1974 tamen
877 1946 913 1974 ac,
937 1949 1020 1975 variis

235 1982 334 2014 modis,
352 1983 412 2017 plus
429 1986 476 2008 aut
492 1982 583 2009 minus
607 1982 691 2009 fuisse
706 1983 944 2009 communicatam.
962 1983 1021 2010 llttc

234 2016 439 2052 accedit,’quod
455 2016 625 2051 philosophia
641 2017 756 2051 sapienti
785 2017 846 2044 ideo
870 2019 905 2044 sit
934 2019 1018 2050 utilis,

235 2053 299 2086 quia
315 2051 388 2079 illius
404 2051 636 2087 opepobjeetiones
650 2053 774 2083 altorunt,
793 2052 873 2079 modo
887 2053 944 2087 ipse
956 2053 1022 2080 fide-

235 2085 269 2115 lis
284 2091 310 2114 et
325 2085 436 2114 humilis
454 2085 545 2117 fuerit,
563 2087 692 2121 variaque
708 2088 875 2121 sophismata
896 2085 978 2114 diluit
993 2092 1020 2115 et

234 2123 331 2149 evertit
347 2123 380 2148 ".
408 2120 510 2148 Deinde
525 2120 656 2157 Clemens
674 2120 846 2149 aliis’adltuc
863 2123 1018 2157 respondet,

234 2158 282 2191 qui
297 2156 496 2191 philosophiam
521 2163 536 2182 a
551 2156 658 2183 diabolo
672 2157 836 2191 profectam,
851 2157 892 2184 vel
907 2156 1019 2185 iizaniis

234 2197 262 2219 et
284 2192 424 2218 erroribus
440 2199 614 2225 conspersatu
635 2199 696 2218 esse
721 2192 914 2226 prtedicabant.
938 2191 1019 2220 Falsa

235 2227 382 2261 siquidem,
399 2227 470 2253 sicut
483 2225 592 2261 Epicuri
605 2226 639 2253 de
650 2225 797 2261 voluptate,
813 2227 976 2254 docutnenta
991 2228 1018 2255 itt

234 2261 328 2288 Crmca
345 2261 516 2296 philosophia
529 2281 536 2293 ,
553 2266 580 2288 et
595 2261 714 2289 itzerescs
737 2262 763 2288 in
779 2262 935 2289 Christiana
956 2271 1017 2289 cum

234 2297 307 2323 bono
322 2296 444 2323 veritatis
461 2296 552 2323 tritico
562 2301 621 2323 orta
634 2297 742 2331 quidem
756 2304 817 2324 esse
833 2302 956 2331 constat;
970 2298 1018 2325 sed

234 2332 261 2357 id
287 2339 340 2358 non
367 2331 478 2366 impedit
505 2330 650 2366 quominus
674 2330 766 2358 Graeca
787 2332 820 2359 de
835 2332 1018 2366 singularibus

191 2366 195 2393 ἠ
234 2365 413 2400 philosophia
437 2365 702 2400 verm'perfectmque
728 2371 826 2394 nostra:
841 2365 1019 2401 philosophia:

235 2402 409 2428 fundamenta
434 2402 634 2436 quodammodo
649 2401 757 2435 jeccrit.
782 2400 849 2428 [1:126
862 2400 1019 2436 porro’ver—

234 2442 311 2463 satur
328 2437 462 2472 circahres
478 2436 645 2470 spirituales,
659 2444 719 2470 quae
730 2437 825 2471 procul
836 2436 919 2463 dubio
931 2437 1019 2472 prius-

233 2478 314 2505 quam
325 2478 372 2498 eas
387 2470 512 2498 Christus
525 2472 705 2506 patefecisset,
720 2470 811 2498 nullus
823 2470 944 2499 noverat.
958 2472 1017 2498 .Iunt

233 2513 299 2532 vero
316 2513 439 2542 asserere
456 2506 587 2534 audemus
603 2507 663 2533 illas
676 2514 691 2533 a
704 2515 713 2531 ι
732 2507 875 2542 gnosticis,
895 2516 903 2532 t
921 2507 1017 2541 quales

234 2541 350 2576 apostoli
369 2541 488 2572 fuerunt,
505 2543 644 2576 cognosci.

269 2574 337 2602 Tum
355 2583 418 2602 vero
438 2574 556 2610 explicat
570 2577 696 2602 Clemens
712 2575 734 2591 ³⁷
752 2583 811 2610 qua:
824 2575 869 2609 sit,
886 2579 912 2602 et
935 2583 1016 2610 quam

233 2611 314 2645 longe
333 2614 424 2644 pateat
436 2610 485 2645 illa
509 2611 643 2644 cognitio,
661 2618 713 2645 qua
730 2610 811 2638 ltutno
828 2611 861 2637 ad
878 2618 939 2637 ettm
956 2619 1018 2645 per-

230 2644 360 2672 lectionis
378 2644 490 2679 gradum
507 2646 646 2680 pervenit,
664 2644 693 2673 ut
707 2646 787 2673 nulla:
803 2646 921 2680 amplius
937 2644 963 2672 in
982 2646 1014 2672 il-

234 2681 289 2708 lutn
306 2681 402 2707 cadant
422 2679 589 2710 affectiones.
606 2680 658 2708 nisi
673 2688 733 2715 qua:
749 2682 782 2708 ad
798 2681 1013 2715 conservandum

234 2715 464 2750 reficiendumquc
485 2722 586 2750 corpus
607 2714 769 2743 necessariae
789 2720 863 2743 sunt.
888 2714 941 2742 Sed
967 2715 1014 2742 ille

271 2791 291 2812 ιο
320 2799 345 2826 ρ.
374 2791 436 2819 6U.
475 2791 538 2826 ιιι).
560 2791 622 2819 645.
660 2791 684 2808 ιι

710 2798 738 2827 p.
765 2791 828 2819 646.

234 2827 255 2843 δ’
277 2835 303 2863 p.
322 2827 384 2855 656.
423 2827 446 2843 δ’
460 2836 488 2863 p.
507 2828 569 2855 «57.
600 2827 623 2844 υ
639 2835 666 2862 ρ.
683 2827 745 2855 658.

868 2792 890 2808 ισ
915 2799 943 2826 ρ.
969 2791 1032 2819 648.

784 2827 806 2843 ⁵⁸
822 2835 850 2863 p.
866 2826 929 2854 659.
963 2827 984 2843 ⁸⁸
1002 2835 1029 2862 p.
1046 2827 1109 2855 660.

1078 194 1163 232 fuisse
1179 196 1336 232 contendit;
1354 201 1380 232 et
1393 196 1488 231 quales
1503 196 1557 232 illae
1573 199 1656 230 atque
1677 194 1778 223 animo:
1795 200 1865 232 cupi-

1077 231 1178 258 ditates
1202 231 1229 257 in
1258 231 1389 265 apostolis
1412 234 1474 265 post
1497 230 1600 257 Christi
1633 230 1864 259 resurrectionem

1076 265 1197 297 fuerint,
1211 269 1258 292 aut
1272 266 1421 293 etiamnum
1437 266 1464 292 in
1480 265 1600 300 perfecto
1615 275 1624 290 ε
1645 266 1773 300 gnostieo
1792 275 1802 292 ι
1821 275 1863 294 oc-

1077 304 1199 333 currant,
1231 301 1304 327 clare
1333 299 1506 335 breviterqne
1530 299 1659 327 edisserit
1675 301 1707 327 ³⁸.
1727 299 1765 328 Ibi
1787 309 1864 336 porro

1076 336 1202 362 Clemens
1218 336 1346 370 graphice
1370 336 1499 362 describit
1515 336 1542 362 itt
1560 344 1614 370 quo
1634 335 1688 362 sita
1705 337 1742 362 sit
1760 335 1863 363 summa

1077 371 1150 397 illitis
1165 372 1306 405 perfectio,
1323 379 1370 398 seu
1387 371 1562 406 perfectionis
1580 374 1680 401 status,
1701 379 1757 405 quo
1783 373 1864 398 nullis

1076 406 1271 440 voluptatibus,
1285 411 1332 432 aut
1345 405 1550 440 cupiditatibus,
1562 410 1608 432 aut
1622 406 1707 432 animi
1725 408 1864 440 perturba-

1076 441 1197 468 tionibus
1214 446 1365 468 cotnmotus
1382 445 1408 467 et
1424 443 1552 476 agitatus,
1567 441 1614 468 sed
1634 442 1720 476 rebus
1741 442 1864 476 spiritua-

1075 475 1146 504 libns
1162 481 1188 503 et
1205 476 1303 503 divinis
1328 483 1434 510 srmper
1448 475 1606 507 inhaerens,
1634 475 1702 504 Deo.
1733 475 1864 511 quantum

1076 510 1201 538 humana:
1215 515 1319 538 natura:
1337 511 1377 538 fas
1397 515 1449 541 est,
1467 511 1504 537 ita
1522 511 1616 538 iutinte
1638 510 1828 546 cnttjttngatur
1841 516 1864 537 et

1075 547 1251 578 assimiletur,
1274 550 1302 572 ut
1319 546 1397 573 bonis
1413 546 1541 580 operibus
1559 553 1669 582 semper
1691 548 1826 578 intentus,
1840 551 1865 574 et

1075 582 1108 617 ad
1126 589 1157 607 ea
1174 589 1312 617 nunquam
1331 589 1383 608 non
1396 587 1517 616 paratus.
1532 588 1613 617 suam
1629 581 1807 617 aliorumque
1822 589 1865 609 sa-

1075 616 1158 642 lutem
1171 616 1279 650 semper
1302 617 1395 650 cupiat
1410 620 1437 643 et
1462 616 1607 644 desideret.
1627 616 1866 651 Quamvisitaqae

1075 651 1158 678 nullis
1175 652 1219 678 ille
1232 652 1425 686 \oluptatibus,
1444 659 1530 686 neque
1544 652 1590 677 ditt
1609 659 1700 686 neque
1713 657 1796 678 noctu
1817 655 1866 679 tra-

1075 691 1146 716 ctus.
1163 691 1189 713 et
1206 687 1399 721 temptet-autne,
1416 686 1607 715 moderationi.
1621 688 1760 713 honestati
1776 695 1866 715 assue-

1076 721 1172 752 factus,
1195 720 1269 748 solis’
1283 726 1387 748 tantum
1404 720 1486 748 rebus
1502 722 1534 748 ad
1552 722 1636 747 vitatu
1654 722 1865 749 sustentandam

1075 757 1186 783 omnino
1201 758 1364 784 necessariis
1379 761 1522 784 contentus
1540 757 1621 789 sit”;
1641 757 1684 784 hre
1701 762 1795 784 tamen
1815 759 1866 784 vir-

1076 795 1147 818 tutes
1172 793 1223 826 ipsi
1246 792 1415 818 secundarite
1432 797 1504 822 sunt,
1528 792 1658 825 primaria
1675 800 1744 819 vero
1760 797 1787 819 et
1811 801 1867 819 om-

739 826 920 866 Quamobrem
938 828 960 853 si
978 827 1023 861 qui
1041 836 1061 866 Β
1076 827 1304 866 nitttunprmciptta
1320 828 1501 866 est__cngnit_to.
1517 827 1702 866 Quamobrem
1721 828 1786 854 aliis
1802 836 1868 861 qnoc

1076 868 1128 896 que
1141 862 1302 896 disciplinis,
1321 863 1420 897 quibus
1433 862 1465 888 ad
1483 862 1667 896 cognitionem
1693 869 1866 893 exercemur,

1076 904 1130 923 non
1157 897 1330 932 indiligenter
1358 898 1489 927 attendit,
1514 901 1596 931 atque
1625 905 1658 923 ex
1691 905 1866 932 unaquaque,

1075 935 1149 966 puta.
1168 940 1281 964 tuttswa,
1294 933 1474 961 arithmetica,
1489 932 1649 966 geometria.
1662 932 1824 965 dialectica,
1836 941 1866 960 ea

1076 968 1197 1002 cegerpit.
1213 975 1273 1002 qua:
1288 968 1319 994 ad
1335 968 1475 994 veritatem
1493 966 1663 994 conducunt.

1112 1001 1174 1029 Illos
1198 1001 1288 1037 itaque
1315 1003 1385 1029 idem
1403 1006 1498 1029 auctor
1515 1007 1608 1029 noster
1632 1002 1751 1037 corripit
1762 1002 1796 1034 “,
1817 1003 1863 1037 qui

1076 1036 1195 1064 Graecam
1219 1038 1428 1072 philostipbiam.
1453 1037 1685 1072 quemadmodum
1709 1036 1793 1072 ’pueri
1819 1036 1867 1064 lar-

1075 1080 1134 1102 vas,
1152 1073 1292 1100 timebant.
1309 1072 1376 1099 Nam
1393 1073 1415 1100 si
1432 1079 1524 1099 eorum
1542 1072 1608 1099 fides
1626 1073 1719 1106 aliqtta
1734 1072 1864 1107 probabili

1076 1107 1200 1134 oratione
1212 1108 1395 1138 concutiatur,
1413 1107 1440 1134 hi
1467 1108 1606 1134 fateantur
1627 1115 1744 1134 necesse
1768 1113 1810 1134 est
1836 1116 1865 1135 se

1075 1144 1226 1174 veritatem,
1252 1151 1312 1177 qua:
1337 1144 1413 1170 nullo
1432 1150 1549 1177 unquam
1567 1142 1650 1169 modo
1666 1142 1742 1169 vinci
1764 1147 1863 1178 potest,

1077 1185 1129 1204 non
1145 1183 1351 1205 consecuturos.
1374 1178 1413 1204 Ad
1435 1178 1491 1204 haec
1511 1185 1575 1204 vero
1592 1177 1739 1204 dialectica
1757 1177 1799 1204 est
1815 1181 1867 1204 val-

1075 1212 1118 1239 lus
1133 1212 1242 1247 qttidam
1267 1213 1348 1240 nullas
1365 1213 1547 1246 sophistarum
1566 1213 1796 1239 cavillationibus
1816 1221 1864 1239 un-

1075 1255 1157 1281 quam
1174 1249 1373 1283 expugnabilis.
1396 1248 1566 1282 Quapropter
1590 1256 1599 1272 t
1624 1248 1773 1282 gnostieus
1798 1258 1807 1273 ι
1826 1249 1864 1275 di<

1076 1283 1200 1318 sciplinis
1220 1287 1347 1318 tanquam
1367 1283 1547 1317 adjutricibus
1575 1283 1673 1313 utitur,
1695 1288 1726 1308 ut
1744 1291 1835 1309 verum
1849 1291 1864 1309 ι

1076 1317 1145 1353 falso
1165 1317 1288 1345 secernat
1304 1323 1330 1346 et
1350 1318 1377 1345 itt
1403 1325 1511 1345 errores
1531 1325 1674 1352 nunquam
1694 1318 1862 1353 prolabatur.

1075 1352 1108 1387 Et
1125 1353 1188 1387 quid
1205 1353 1315 1384 tnirutn,
1337 1361 1397 1380 cum
1413 1353 1552 1380 nominum
1565 1352 1718 1387 rerumque
1736 1353 1764 1379 in
1782 1354 1866 1380 sacris

1076 1386 1226 1422 Scriptttris
1237 1389 1502 1415 disiinctioanimum
1512 1395 1609 1422 magna
1622 1386 1685 1414 luce
1703 1388 1866 1422 perfundat?

1076 1422 1210 1450 Vitandus
1233 1427 1322 1451 tamett
1347 1424 1449 1450 ntultus
1473 1426 1500 1449 et
1522 1423 1629 1450 inutilis
1651 1423 1863 1457 disciplinarum

1075 1457 1192 1489 abusus,
1209 1463 1235 1485 et
1258 1459 1291 1485 iis
1307 1467 1359 1485 non
1377 1459 1456 1489 male,
1473 1459 1512 1484 uti
1539 1457 1678 1489 haeretici,
1697 1459 1747 1484 sed
1761 1466 1867 1492 semper

1076 1493 1158 1524 bene,
1172 1494 1334 1520 secundario
1349 1499 1437 1520 tamen
1453 1493 1583 1520 utendum
1597 1494 1630 1519 οι.
1648 1491 1787 1519 Ettttttlem
1803 1491 1866 1520 sane

1075 1527 1101 1554 in
1131 1528 1240 1554 modutu
1268 1528 1404 1555 Abraham
1436 1528 1602 1555 astronomia
1632 1533 1659 1554 et
1691 1528 1865 1555 arithmctma

1073 1570 1153 1590 usunt
1167 1571 1227 1590 esse
1242 1563 1366 1591 Clemens
1382 1563 1460 1590 docet
1471 1563 1503 1594 ",
1521 1567 1602 1597 atque
1617 1562 1652 1589 ibi
1670 1563 1755 1596 plura
1773 1563 1806 1589 de
1822 1571 1866 1589 nu-

1073 1598 1178 1630 meris,
1214 1605 1246 1625 ac
1275 1599 1425 1632 praesertim
1457 1597 1491 1625 de
1522 1598 1723 1624 trecentesimo
1762 1598 1866 1624 decimo

1073 1636 1170 1659 Octavo
1186 1632 1316 1667 disputat.
1335 1632 1495 1660 Geometrite
1511 1641 1575 1660 vero
1592 1633 1619 1659 in
1637 1633 1817 1660 tabemaculi
1837 1637 1863 1659 et

1073 1675 1144 1694 arere
1158 1667 1269 1695 fo'deris
1286 1669 1496 1698 constitutione,
1514 1675 1619 1695 necnon
1639 1669 1758 1695 musica:
1771 1669 1798 1694 itt
1816 1667 1864 1693 Da-

1073 1703 1169 1730 vidicis
1185 1703 1300 1730 Psalmis
1317 1712 1395 1730 usuut
1410 1703 1539 1732 ostendit,
1556 1703 1693 1738 pluraque
1713 1707 1813 1730 narrat
1832 1703 1866 1730 de

1072 1738 1156 1765 variis
1171 1739 1282 1765 musica:
1307 1743 1333 1765 et
1356 1739 1504 1764 harmonia:
1521 1737 1667 1773 generibus
1680 1740 1722 1771 ·³;
1747 1745 1781 1764 ac
1803 1745 1867 1772 quo-

1072 1773 1163 1805 modo,
1175 1778 1202 1800 et
1214 1781 1283 1807 quos
1295 1773 1326 1799 ad
1342 1773 1499 1803 ususillam,
1515 1781 1569 1799 non
1584 1780 1665 1800 secus
1681 1777 1769 1807 atque
1784 1779 1868 1799 astro-

1072 1808 1190 1833 nomiam
1207 1808 1354 1835 Christiani
1378 1808 1506 1834 adbibere
1522 1808 1655 1837 debeant,
1675 1810 1756 1834 clare
1780 1816 1863 1842 expo-

1072 1843 1112 1868 nit
1126 1842 1158 1878 f‘.
1177 1843 1332 1878 Disriplinze
1349 1851 1428 1877 ergo,
1446 1843 1484 1868 ttti
1505 1850 1537 1870 ex
1561 1843 1643 1869 dictis
1659 1842 1793 1870 Clemens
1804 1851 1865 1870 con-

1073 1877 1168 1909 cludit,
1180 1886 1257 1912 opem
1274 1878 1450 1912 philosophiae
1466 1878 1567 1908 ferunt,
1585 1882 1612 1904 et
1625 1878 1685 1903 inec
1697 1878 1733 1905 ad
1750 1881 1867 1904 tractan-

1071 1913 1135 1939 duttt
1162 1913 1196 1940 de
1221 1914 1335 1940 veritate
1364 1913 1485 1946 adjuvat.
1513 1912 1598 1945 Quam
1621 1912 1738 1946 quidem
1757 1913 1866 1939 illaruttt

1072 1948 1215 1984 utilitatem
1232 1952 1376 1984 postquam
1384 1948 1494 1984 ratione
1509 1948 1720 1984 comprobavit,
1736 1952 1822 1982 atque
1834 1955 1867 1975 eo

1072 1982 1245 2016 potissimum
1265 1982 1337 2017 quod
1357 1983 1391 2009 ad
1412 1983 1575 2017 sequendam
1599 1983 1793 2017 cognitionem
1810 1991 1867 2009 ma-

1072 2024 1123 2078 gna
1135 2018 1330 2045 exercitatione
1341 2022 1368 2045 et
1383 2018 1549 2052 experientia
1563 2023 1633 2051 opus
1650 2022 1704 2050 est,
1718 2022 1788 2044 tunc
1802 2018 1867 2044 illud

1093 2052 1220 2078 crintura:
1232 2060 1317 2078 sacrae
1331 2053 1495 2078 auctoritate
1508 2060 1605 2078 rursus
1617 2053 1770 2078 conﬁrmat
1785 2057 1814 2078 et.
1826 2061 1867 2078 ις-

1093 2052 1220 2086 criptura:
1232 2060 1317 2080 sacra:
1331 2053 1495 2080 auctoritate
1508 2060 1605 2079 rursus
1617 2053 1770 2079 confirmat
1785 2057 1814 2080 et
1826 2061 1867 2079 as-

1071 2087 1135 2114 serit
1147 2088 1179 2113 ".

1106 2121 1145 2148 Ad
1157 2130 1251 2149 eorttm
1266 2122 1386 2157 posthaec
1401 2121 1556 2149 solvendam
1570 2120 1757 2155 objectionem
1772 2126 1867 2149 trans-

1072 2156 1112 2189 it,
1134 2158 1180 2191 qui
1201 2156 1350 2192 arguebant
1364 2157 1519 2184 Christiano
1536 2157 1640 2183 homini
1663 2157 1778 2191 penitus
1804 2165 1867 2184 esse

1072 2192 1207 2224 inutilem,
1230 2193 1296 2220 solis
1313 2196 1503 2226 astrorutnque
1532 2195 1637 2223 motus,
1667 2196 1754 2226 atque
1782 2194 1866 2219 etiam

1072 2229 1235 2261 geometriae,
1259 2227 1407 2255 dialecticae
1422 2232 1637 2260 cteterarumque
1649 2226 1868 2261 disciplinarum

1071 2262 1253 2296 cognitionem
1276 2268 1303 2289 et
1323 2262 1517 2293 scientiam“,
1539 2268 1571 2287 ac
1594 2262 1705 2288 tandem
1738 2261 1868 2288 Cmam

1071 2303 1177 2323 omnem
1195 2297 1393 2332 philosophiam
1406 2304 1467 2324 esse
1481 2296 1593 2323 humani
1607 2296 1709 2332 ingenii
1722 2296 1868 2323 inventio-

1072 2339 1144 2363 nem,
1162 2330 1222 2366 quie
1239 2340 1253 2358 a
1270 2330 1384 2359 veritate
1408 2339 1463 2358 non
1481 2332 1621 2359 edocetur.
1639 2330 1674 2357 Ut
1692 2332 1753 2358 haec
1773 2333 1869 2366 itaque

1072 2365 1290 2394 adversariorum
1306 2374 1417 2393 suorum
1435 2370 1593 2401 argumenta
1614 2365 1745 2392 Clemens
1766 2365 1868 2396 dilu’at,

1072 2402 1189 2436 primum
1206 2402 1325 2429 Ostendit
1348 2402 1409 2428 illos
1423 2401 1451 2428 itt
1471 2402 1552 2428 rebus
1571 2401 1699 2427 maximis
1717 2401 1805 2435 plane
1819 2402 1869 2428 de-

1072 2436 1140 2470 cipi;
1159 2441 1250 2471 utpote
1266 2437 1311 2471 qtti
1330 2445 1383 2463 nou
1396 2437 1521 2463 noverint
1539 2445 1548 2460 ι
1564 2436 1734 2470 gnosticuttt,
1752 2445 1763 2461 ι
1780 2437 1869 2463 libero

1071 2472 1218 2499 voluntatis
1237 2473 1377 2506 praeditum
1394 2471 1522 2502 arbitrio,
1538 2477 1619 2506 posse
1641 2471 1797 2506 humanam
1813 2472 1863 2498 do-

1071 2506 1198 2538 ctrinam,
1215 2505 1323 2534 tametsi
1338 2507 1371 2532 ab
1392 2506 1548 2533 hominibus
1561 2505 1725 2539 accipiatur,
1748 2508 1867 2532 omnino

1071 2546 1194 2567 sanctam
1222 2541 1347 2569 reddere.
1374 2541 1530 2568 Absurdum
1558 2544 1692 2575 prazterea
1716 2540 1798 2567 dictu
1824 2547 1867 2567 est

1071 2576 1269 2610 philosophiam
1289 2584 1351 2603 esse
1367 2576 1456 2602 fabrili
1472 2581 1500 2603 et
1512 2575 1734 2602 zedificandarutn
1751 2577 1864 2602 nat-inut

1071 2617 1129 2638 arte
1145 2611 1319 2638 deteriorem.
1335 2612 1425 2645 Atque
1451 2611 1478 2637 in
1502 2611 1665 2637 assertionis
1683 2617 1743 2637 sua:
1769 2611 1864 2637 lima-

1067 2650 1188 2672 mentum
1204 2646 1281 2673 aﬂ‘ert
1296 2647 1417 2681 qttinque
1433 2645 1511 2680 127
1524 2645 1742 2672 hordeaceorum
1759 2651 1864 2679 panum

1066 2685 1093 2716 et
1110 2681 1226 2707 dttoruttt
1242 2680 1378 2715 piscium,
1397 2683 1496 2716 quibus
1512 2680 1640 2716 Christus
1657 2681 1784 2716 quinque
1793 2681 1864 2716 Vinii-

1066 2715 1101 2742 lia
1117 2715 1256 2743 hominum
1273 2719 1392 2750 paverat,
1407 2715 1547 2750 mysticam
1563 2715 1780 2750 explicationem
1791 2715 1824 2741 ".

1069 2792 1092 2828 ξ’
1113 2800 1139 2828 p.
1157 2792 1219 2819 649.
1242 2791 1282 2828 gn
1297 2799 1324 2827 p.
1342 2791 1395 2819 650
1410 2800 1469 2828 seq.
1508 2792 1529 2810 ιο
1549 2799 1577 2828 p.
1600 2792 1665 2820 est.
1705 2792 1729 2808 ιο
1748 2799 1779 2827 p.
1795 2791 1859 2819 655.

1508 2792 1529 2810 ιο
1549 2799 1577 2828 p.
1600 2792 1665 2820 est.

1147 2828 1170 2842 ιο
1190 2835 1216 2862 ρ.
1235 2827 1298 2854 661.
1333 2827 1354 2844 ιτ
1375 2835 1401 2863 ρ.
1423 2827 1486 2854 sua.
