1924 3072
79 210 156 238 1045

693 209 738 238 DE
754 211 865 238 LlBRlS
883 209 1107 242 STROMATUM.

1636 216 1704 246 1016

78 276 144 294 men
162 268 330 308 se,_lamelsi
348 267 496 303 Scriptum
513 268 697 308 sacratyerba
711 268 738 295 in
753 269 870 308 mediqm
887 271 909 298 Α
924 277 1018 308 verum
1037 271 1119 298 Deum
1140 279 1193 298 non
1209 271 1404 308 agnoscunt".
1417 272 1505 308 Atque
1519 280 1552 300 ex
1569 273 1601 300 iis
1617 275 1705 301 omni.

79 311 137 329 n0u
155 303 293 336 proferat,
306 304 380 331 illius
392 309 480 331 tamen
495 304 646 332 sententias
658 308 823 331 sectatnrnm
835 305 868 331 "".

119 337 207 364 Suum
228 339 326 366 deimle
340 345 527 371 argumentum
547 339 591 367 ille
617 339 869 372 aggressns,dupliv

77 381 144 400 cem
174 374 319 407 distinguit
349 375 460 401 cultum.
490 374 609 401 Primum
636 374 769 407 siquidem
798 375 870 400 circa

78 408 221 439 homines,
236 410 370 436 set-nudus
382 409 455 436 circa
469 410 553 436 Deum
567 414 704 436 versatttr.
717 409 750 436 At
768 419 776 434 ι
805 416 872 442 gno-

78 444 196 475 sticuui,
219 454 229 470 ι
252 445 477 479 quemadmodum
494 444 617 477 angelos.
634 444 658 470 in
674 449 789 478 utroque
810 452 872 470 rem

77 479 159 510 pium
169 485 196 506 ct
210 480 366 514 religiosum
382 487 441 506 esse
454 479 608 514 planissime
633 479 759 505 ostendit.
772 489 780 504 I
801 479 873 505 Gun-

81 515 198 540 sticus»
228 513 330 548 itaque,
353 522 398 541 seti
425 522 505 541 verus
534 514 578 540 ille
595 513 778 546 Christianus,
801 515 871 547 apud

79 555 207 581 paganos
228 550 365 576 immerito
379 549 474 576 atlteus
503 554 530 576 et
545 548 654 582 impius,
671 549 762 579 audit,
779 554 872 582 utpote

80 583 131 614 qui
150 592 307 617 persuasum
325 585 418 611 habeat
432 585 644 616 omnipotentem
662 592 723 610 esse
738 585 832 615 Deum,
845 590 872 611 et

80 619 176 645 divina
203 621 331 653 mysteria
351 619 383 646 ab
408 619 544 652 unigenito
569 618 627 653 ejus
641 617 708 645 Filio
735 620 871 651 didicerit,

82 661 136 679 nec
154 655 266 687 lignum,
284 659 331 680 aut
343 654 479 688 spiritum,
506 657 533 679 et
548 654 687 680 hominem
711 654 737 680 iii
758 655 871 680 deorum

79 688 186 715 referat
197 697 349 720 numerum,
360 697 409 715 ttec
421 688 522 723 aliqttid
534 696 652 721 ttnquatn
665 688 764 722 injuste
780 689 870 716 faciat.

81 724 142 750 Res
162 730 228 758 ergo
240 742 247 754 ,
267 725 305 752 ait
319 724 454 755 Clemens,
469 723 694 758 praestantissima
704 729 745 750 est
756 724 781 750 in
793 726 871 751 terris

79 761 126 784 vir
142 759 197 791 ille,
214 767 318 786 summa
332 760 359 786 in
378 759 461 785 Deum
483 760 583 791 pietate
597 759 735 790 prtetlitus,
752 759 777 785 in
796 760 871 786 cozlis

77 799 176 820 autem
190 795 319 828 angelus;
331 795 376 821 sed
388 794 507 820 omnium
525 793 603 828 longe
614 794 870 821 excellentissimum

77 834 110 854 et
126 829 352 861 perfectissitmmt
367 836 430 855 esse
455 833 564 855 constat
590 828 708 856 Verbum
726 833 753 856 et
773 829 868 855 Filium

79 863 144 895 Dei,
160 865 204 898 qui
218 865 362 891 humanam
376 870 487 891 carnem
503 864 658 899 assumpsit,
676 864 721 898 qui
734 864 871 899 mysteriis

78 900 238 930 gnosticum
265 900 372 932 imbuit,
396 898 441 933 qui
469 898 575 925 fidelem
605 898 688 925 lactat
715 898 783 926 horia
811 907 869 933 spe,

78 935 232 970 quiicnrde
245 935 343 962 durum
356 933 483 967 castigat,
498 934 543 968 qui
557 941 571 959 a
584 934 723 968 prophetis
741 934 868 962 Dominus
885 944 906 970 Β

77 969 257 1004 (ιινδθτνιιιον
273 969 478 1004 praenuntiatus,
502 969 636 996 neminem
655 969 785 1003 cogendo,
809 978 869 997 om—

78 1003 166 1040 nibus
187 1011 217 1032 ut
244 1003 313 1032 bona
326 1004 427 1040 eligant.
449 1009 476 1030 et
492 1003 619 1040 impleant
641 1005 796 1040 persuadet,
823 1007 868 1040 qui

77 1039 242 1070 angelorum
259 1047 340 1074 opera
373 1039 483 1067 Cra-cos
507 1038 676 1073 philosophia
701 1038 868 1072 informavit,

77 1074 136 1110 t_ini_
155 1076 277 1102 omnittm
301 1075 370 1108 gerit
386 1081 489 1110 curant.
519 1079 548 1110 et
564 1082 612 1108 pro
628 1075 756 1108 cujusque
772 1077 868 1110 ἐπιτη-

75 1108 221 1146 δειόιςητος
237 1110 365 1146 beneficia
396 1117 444 1146 sua
464 1108 577 1141 Graecis,
607 1110 732 1137 barbaris
747 1116 776 1137 et
801 1108 869 1146 prai-

77 1144 226 1179 dcstinatis
239 1145 393 1179 impertitur
408 1145 441 1171 ⁷⁹.

134 1178 183 1206 llle
212 1187 292 1212 porro
307 1187 401 1207 omnes
424 1187 455 1207 ex
479 1187 555 1212 mque
571 1179 690 1210 vocavit,
706 1181 753 1207 sed
769 1182 869 1210 eximie

75 1215 378 1250 credentibuseximios
393 1215 487 1241 tribuit
498 1215 624 1242 honores.
637 1215 683 1241 Ille
694 1222 733 1242 est
749 1222 868 1250 paterna:

74 1248 232 1286 voluntatis
248 1251 381 1282 minister,
397 1250 522 1283 qui,eum
539 1259 553 1277 a
570 1250 641 1276 nullo
656 1248 785 1284 unquam,
800 1260 868 1286 quo-

76 1283 174 1322 minus
194 1286 292 1322 aliquid
309 1285 400 1322 faciat,
414 1285 559 1322 prohiberi
579 1286 673 1322 possit.
689 1283 746 1320 ipse
762 1283 868 1322 quoque

74 1319 113 1344 ad
126 1319 345 1352 impatibilitatis,
361 1319 502 1352 ἀπαθείας.
518 1321 638 1347 habitum
657 1319 791 1348 hominem
806 1319 868 1349 eru-

75 1353 151 1380 divit
167 1355 200 1382 “.
218 1356 285 1388 Quid
301 1356 397 1389 plura?
424 1355 470 1382 Ille
486 1362 528 1383 est
544 1355 673 1383 Servatur
698 1358 865 1385 credentium

74 1392 106 1424 et
124 1397 179 1415 non
195 1391 361 1417 credentium
376 1391 514 1422 Dominus,
528 1392 752 1424 atqueneminem
767 1393 868 1421 idcirco

74 1423 220 1461 hominem
243 1427 305 1452 odio
330 1426 421 1458 habet,
436 1427 484 1453 sed
503 1423 592 1453 omnia
620 1427 741 1461 respicit,
764 1428 866 1456 nullum

73 1458 219 1493 relinquit,
232 1462 352 1488 omnium
366 1461 497 1488 bonorutn
513 1469 604 1493 causa,
625 1458 728 1495 priinus
745 1469 865 1490 niotttttm

72 1499 177 1520 auctor
190 1503 220 1521 ac
232 1497 328 1523 virtus.
346 1495 391 1523 Ille
406 1497 476 1522 idem
489 1496 545 1530 ipse
558 1501 610 1529 est,
624 1498 667 1530 qui
685 1505 746 1523 cum
757 1505 771 1524 a
792 1499 866 1526 nullo

72 1531 274 1563 tomprehendi
292 1531 554 1568 posset,rhumanau_t
573 1539 683 1558 carttetn
700 1531 796 1565 induit,
812 1541 865 1568 qua

72 1571 302 1601 unumquemque
319 1567 417 1593 divinis
431 1575 510 1600 posse
527 1566 715 1601 obtemperare
733 1566 866 1597 mandatis

72 1601 197 1626 ostendit
212 1600 244 1626 “.
263 1601 358 1627 Otnnia
370 1609 451 1635 porro
473 1600 626 1635 gubernat.’
637 1602 757 1636 singulos
778 1603 803 1629 iit
817 1611 865 1631 suo

73 1641 191 1673 quoque
205 1636 301 1673 ordine
316 1637 355 1663 sic
370 1637 499 1667 collocat,
521 1637 718 1673 'ttﬁinferiores
734 1638 766 1663 ad
783 1646 864 1673 super

73 1669 180 1706 r_i_ores.
206 1671 311 1705 sibique
326 1673 484 1705 prtepositos
499 1672 590 1697 taudiu
608 1672 765 1706 respiciant,
780 1669 865 1704 quan-

71 1704 122 1729 diu
143 1705 177 1731 ad
207 1704 363 1738 supremum
382 1704 538 1739 pontificem
556 1704 737 1740 pervenerint.
753 1708 803 1741 Qui
818 1717 864 1735 att-

73 1744 132 1775 tcnt
156 1748 188 1766 ex
209 1741 366 1767 inﬁrmitate
377 1742 402 1767 in
417 1741 517 1767 malum
535 1742 655 1768 liabitttitt
671 1742 826 1775 inciderint,
839 1744 863 1771 lii

71 1774 178 1810 anitum
204 1776 453 1810 perturbationibus
485 1776 597 1810 agitati,
628 1777 700 1803 httnti
725 1778 863 1806 decidunt.

73 1808 178 1846 Anima
196 1808 284 1837 alitem
296 1811 361 1844 justi
378 1811 493 1838 hominis
503 1808 651 1845 spontanea
669 1812 754 1846 It'gtttn
772 1815 866 1840 obser-

74 1844 193 1881 _v;itiot_te
210 1853 318 1879 semper
346 1848 375 1873 lit
392 1845 497 1877 melior,
516 1844 543 1872 et
563 1847 645 1873 variis
664 1844 817 1881 in'pietate
838 1855 864 1876 ct

69 1878 119 1917 jits
135 1879 183 1905 itia
203 1878 392 1915 progressibus
411 1882 444 1907 ad
464 1881 597 1913 ἀπαθείας
627 1878 748 1909 Ιιηιιῑιιιίη
777 1885 863 1917 venit,

71 1914 166 1950 donec
178 1914 307 1942 retentam
322 1916 506 1943 hmreditatem
525 1917 690 1950 adipiscatur
707 1917 739 1942 ⁸³.

131 1949 206 1978 Deus
230 1950 319 1987 itaque
336 1951 482 1987 quemlibet
499 1952 531 1977 ad
552 1953 593 1978 sui
611 1953 864 1987 contemplationem

72 1983 228 2022 advocatus,
242 1986 284 2012 his
300 1983 420 2019 quiante
430 1986 514 2020 legent
534 1993 612 2013 erant
624 1983 755 2022 praecepta
772 1989 845 2015 dedit
857 2009 863 2020 ,

71 2018 183 2055 tirxecis
201 2027 267 2046 vero
289 2018 499 2054 philosophiam,
517 2022 613 2055 quibus
624 2018 722 2050 omnes
739 2024 771 2050 ad
786 2018 864 2050 ﬁdem

72 2052 111 2092 ita
121 2056 266 2092 pervenire
274 2052 428 2088 potuerunt,
439 2060 468 2082 ut
479 2052 568 2083 utilius
577 2057 609 2083 de
621 2057 692 2083 illius
702 2058 864 2092 privatione,

71 2089 108 2113 de
122 2089 187 2114 horti
206 2090 252 2126 Dei
270 2091 432 2123 ignorantia,
454 2091 487 2117 de
504 2099 551 2118 stto
568 2099 616 2126 pro
634 2089 738 2119 viribus
759 2093 786 2119 iii
809 2089 865 2120 vir;

72 2127 135 2149 tute
153 2131 206 2150 non
223 2125 294 2162 facto
308 2133 462 2160 progressu,
475 2134 507 2153 ac
520 2127 552 2153 de
569 2125 681 2153 minime
692 2133 750 2154 acta
768 2136 863 2162 pecca—

72 2161 357 2196 torunihpmnitentia
379 2162 503 2188 excusari
529 2166 620 2196 queat.
637 2161 782 2189 Gnoslicus
802 2171 865 2190 vero

70 2191 148 2218 alios
163 2191 263 2232 divina,
276 2196 507 2232 contemplatione
530 2191 674 2229 superans,
705 2198 863 2232 inexplebili

69 2232 102 2265 et
121 2233 226 2255 :eterna
253 2231 383 2257 felicitate
411 2232 556 2258 donabitur
567 2232 599 2258 ⁸³.
652 2232 756 2265 Quibus
773 2238 863 2260 autem

69 2262 209 2301 virtutum
227 2265 416 2300 bonorumque
442 2273 553 2300 operum
570 2262 697 2301 gradibus
723 2269 755 2294 ad
776 2268 866 2301 perfe-

69 2302 150 2335 ctam
168 2299 226 2331 Dei,
253 2301 340 2334 quoad
369 2299 426 2328 fieri
451 2299 550 2335 potest,
565 2299 788 2330 assimilationetit
811 2309 864 2330 tam

70 2333 297 2371 ipsepervenire,
308 2343 389 2370 quam
402 2333 468 2363 alios
478 2338 626 2370 perducere
636 2339 730 2371 possit,
739 2338 867 2366 Clemens

68 2367 182 2401 liquido
197 2371 295 2403 aperit.
316 2367 371 2397 llas
390 2367 485 2397 autent'
499 2372 610 2398 virtutes
626 2367 684 2398 esse
699 2367 777 2399 dot-et
792 2381 867 2399 litati-

67 2404 249 2442 suctndinem
270 2410 297 2432 et
314 2406 519 2437 lmntanitatetn,
541 2407 695 2442 ἡμερότητα
711 2409 756 2434 καὶ
774 2407 866 2442 φιλαν-

68 2437 219 2472 ορωπίαν,
245 2448 292 2467 cor
320 2449 335 2467 a
360 2441 485 2475 superbia
521 2437 808 2473 etnl'astu'alienuui,
833 2451 864 2470 ac

67 2481 215 2500 sumntum
240 2475 505 2513 perhictumqueiDei
521 2477 634 2513 cultum,
651 2485 730 2512 quem
755 2483 862 2513 gratum

66 2514 275 2543 acceptumque
293 2511 349 2538 Deo
369 2512 532 2538 sacrificium
550 2517 577 2538 ct
594 2511 779 2539 holocaustum
802 2521 862 2540 esse

65 2542 201 2582 aiﬁrmat.
217 2542 282 2572 Eam
295 2546 396 2582 etenim
408 2547 447 2582 iob
466 2554 576 2573 causam
589 2547 764 2581 Evangelium
780 2554 862 2582 atque

64 2579 236 2615 Apostolus.
246 2581 329 2607 veteri
342 2581 450 2607 homine
466 2590 527 2608 cum
539 2579 732 2615 cupiditatibus
744 2587 770 2609 et
780 2579 861 2610 animi

66 2614 325 2652 perturbationibus
336 2616 491 2647 interfecto,
502 2614 600 2643 uovuiu
617 2619 756 2651 suscitari,
766 2627 845 2652 quem
853 2634 861 2638 -

64 2649 221 2687 admodum
245 2650 288 2677 lex
313 2657 481 2684 pet-calorem
503 2653 536 2679 de
559 2653 647 2680 medio
676 2649 861 2687 tolli,vp'r;ece-

63 2688 184 2721 perunt.
202 2684 329 2721 Eamdein
345 2694 452 2720 quoque
466 2687 501 2712 ob
516 2695 623 2714 causam
641 2688 706 2719 Deo,
724 2684 768 2721 qui
786 2690 859 2716 nulla

62 2726 99 2745 re
115 2719 231 2756 indiget,
256 2720 357 2747 nullum
373 2719 442 2748 sicut
456 2723 552 2756 pagani
573 2729 600 2749 et
615 2722 697 2749 .lttd:ei
719 2719 859 2750 donarium

61 2759 117 2780 aut
137 2754 321 2792 sacrificium,
360 2757 410 2782 nisi
434 2754 616 2792 nosmetipsos
634 2757 785 2786 oll'eriutus.
807 2759 860 2792 Qtti

60 2794 163 2826 autem
180 2790 238 2816 hsce
264 2798 317 2826 non
340 2791 511 2826 intelligunt,
533 2790 612 2820 “Vill”.
633 2794 715 2820 Deum
730 2802 800 2826 esse,
813 2790 859 2820 aut

62 2823 148 2850 idum
174 2825 265 2852 omnia
287 2825 386 2854 intueri
415 2823 527 2861 n'egant,
552 2833 599 2854 aut
621 2828 728 2856 tandem
744 2823 804 2856 eum
831 2834 859 2857 ut

113 2905 138 2920 τ’·
153 2913 179 2938 p.
197 2904 258 2937 700.
281 2906 342 2934 ³101.

393 2908 415 2924 ⁷³
430 2917 455 2943 p.
466 2908 527 2935 7th.).

61 2939 130 2975 ισρ.
150 2939 213 2967 709.

581 2909 601 2925 ἰο
617 2919 642 2945 ρ.
660 2911 721 2938 765.
775 2911 798 2927 ιιι

250 2941 272 2957 ετ
286 2950 314 2977 ρ.
327 2961 331 2964 .
346 2942 406 2970 710.

448 2944 471 2961 “
487 2953 510 2979 υ.
528 2945 587 2974 711.
617 2944 648 2962 ⁷⁸⁸³
665 2955 692 2981 ν.
705 2947 764 2976 712.

817 2918 842 2945 p.
861 2911 921 2938 704.
971 2912 992 2927 θ’

803 2948 825 2964 ὀ
838 2955 865 2982 ρ.
885 2948 944 2976 775.
982 2948 1004 2963 οι
1019 2956 1045 2984 μ.
1059 2947 1120 2980 7n,
1134 2946 1195 2976 715.

925 306 975 332 bus
1003 311 1099 332 auctor
1127 312 1220 333 noster
1248 307 1407 334 concluditt
1434 306 1585 341 gnosticum
1603 318 1612 334 ι
1641 317 1705 337 vero

924 341 997 373 pium
1015 345 1042 367 et
1056 341 1211 377 religiosum
1225 349 1302 373 esse;
1315 342 1415 376 quippe
1429 343 1474 376 qui
1490 343 1524 369 de
1544 350 1591 369 sua
1612 346 1704 377 proxi-

923 370 1081 410 inorumqne
1090 370 1184 402 ‘s'alute
1202 377 1236 402 sit
1252 370 1370 403 omnino.
1379 370 1520 410 sollicitus,
1536 386 1567 404 ac
1583 370 1704 406 materia:

922 409 1147 446 imbecillitatem,
1163 416 1209 437 attt
1226 411 1334 438 fatalcnt
1356 413 1500 446 quamdam
1515 409 1704 440 necessitatem

924 452 976 480 non
991 451 1050 471 esse
1067 445 1197 472 malorum
1211 453 1318 472 causam
1333 454 1488 480 persuasus,
1506 448 1605 477 Deique
1617 448 1705 476 factus

923 479 1053 516 imitator,
1064 488 1157 506 omnes
1166 488 1213 513 pro
1220 481 1288 507 virili
1298 479 1375 515 parte
1386 489 1432 508 sua
1447 483 1586 509 beneficiis
1598 488 1705 516 augeat.

923 513 951 550 Si
969 521 1031 550 vero
1044 515 1231 549 magistratum
1249 513 1304 550 ipse
1321 522 1407 549 gerat,
1425 513 1706 550 bonos,qneinadmo.

923 549 985 585 dum
1005 549 1118 584 Moyses,
1134 551 1245 582 honore,
1260 549 1348 584 pretiis
1377 552 1513 585 ititprobos
1527 549 1607 580 allicit
1624 553 1657 580 ⁸⁸.
1676 555 1703 581 Ιιι

923 584 996 610 illius
1020 590 1099 618 porro
1115 586 1202 612 anima
1219 585 1288 611 Deus
1303 585 1382 612 Pater
1397 593 1423 612 et
1444 586 1560 613 Verbum
1578 593 1705 615 accurata

923 619 1075 656 divinarum
1102 620 1189 656 legunt
1220 620 1409 656 observatione
1434 623 1599 654 collocatur,
1624 629 1706 656 atque

923 654 1121 690 ipsihimpressa
1140 655 1172 681 ab
1187 655 1279 681 eodem
1299 655 1387 682 Verbo
1407 656 1452 683 Dei
1476 657 1595 690 perfecta
1613 659 1645 684 ad
1662 654 1704 684 aui

922 688 1127 726 similitudinem
1146 690 1372 726 contemplatione
1393 691 1432 724 fit,
1450 688 1580 726 quantum
1599 693 1716 719 homini.

921 722 1029 759 fasiest,
1045 724 1122 759 tertia
1142 724 1232 750 divina
1248 726 1346 759 imago.

957 758 1032 786 Tunc
1047 758 1138 793 itaque
1151 759 1226 785 firma
1238 765 1265 785 et
1279 758 1368 787 stabili
1383 760 1480 788 divina:
1493 762 1613 789 scientiae
1631 771 1705 789 cont-

922 794 1101 831 prehensione
1118 803 1128 819 (
1147 795 1312 831 gnoslicusp
1329 795 1379 822 sibi
1397 797 1509 831 suisque
1531 798 1655 831 imperat,
1677 803 1713 824 eti

922 829 955 855 ad
981 829 1122 855 veritatem
1151 830 1266 856 accedit.
1288 829 1427 862 Quomodo
1444 829 1532 858 autem
1549 829 1599 859 hac
1613 833 1705 860 divina

921 863 1033 891 scientia
1050 864 1095 890 ille
1109 864 1134 890 in
1150 865 1230 890 rebus
1242 871 1302 891 cum
1316 865 1424 897 divinis,
1445 871 1499 892 tum
1513 868 1635 893 humanis
1644 875 1704 894 ver-

921 904 1006 930 setur,
1026 904 1053 925 et
1069 899 1204 933 quomodo
1221 904 1336 933 quatuor
1356 901 1548 931 cardiualibus.
1564 902 1600 927 uti
1618 903 1701 934 aiunt,

921 934 1126 971 ῖίτιιιιὶὺυειίει
1142 940 1263 971 operam,
1291 935 1427 971 sigillatim
1440 936 1565 963 Clemens
1577 937 1703 971 explicat.

921 968 1023 1006 Quibus
1034 970 1174 1006 subnectit
1190 977 1250 1006 eum
1271 977 1331 997 esse
1356 969 1403 1006 Dei
1419 978 1537 1002 servum,
1554 973 1598 1005 qui
1609 968 1704 1006 sponte

922 1011 968 1040 sua
988 1004 1086 1031 divinis
1109 1005 1250 1038 praeceptis
1266 1012 1295 1032 se
1310 1005 1418 1039 subjicit
1441 1005 1481 1032 ἠε
1499 1007 1544 1040 qui
1563 1004 1630 1033 vero
1651 1015 1704 1034 non

918 1039 974 1076 jam
997 1044 1106 1076 propter
1131 1045 1279 1073 praecepta,
1305 1043 1351 1067 sed
1373 1041 1456 1074 ipsam
1482 1039 1589 1076 propter
1609 1043 1718 1076 cogui—~

922 1075 1033 1106 tionem,
1049 1073 1160 1107 γνῶσιν,
1177 1075 1260 1101 corde
1276 1080 1318 1102 est
1336 1073 1465 1107 mundus,
1489 1073 1561 1102 hunc
1575 1084 1635 1103 esse
1644 1073 1703 1104 'Dei

921 1110 1048 1136 amicum.
1067 1109 1160 1136 Virtus
1177 1110 1248 1135 enim
1271 1117 1284 1135 a
1301 1110 1418 1142 nemine,
1437 1111 1488 1137 nisi
1505 1118 1568 1137 vera
1584 1112 1704 1141 omnium

919 1144 1001 1170 animi
1012 1145 1245 1178 perturbationum
1258 1145 1370 1172 victoria
1383 1147 1543 1179 acquiritur.
1554 1147 1603 1179 Qtti
1613 1153 1715 1173 autem

921 1179 946 1205 in
962 1187 994 1205 eo
1019 1179 1179 1211 certamine,
1201 1185 1329 1214 tauquam
1357 1180 1434 1207 fortis
1461 1182 1579 1210 athleta.
1599 1190 1702 1208 morem

920 1214 1098 1252 omnipotenti
1112 1214 1346 1252 Deoagonotheta:
1355 1215 1472 1252 gerendo
1484 1217 1633 1248 vicerit,ab
1646 1218 1705 1252 ipso

919 1248 1011 1274 laurea
1031 1249 1177 1275 ititmortali
1195 1248 1343 1276 coronatur
1355 1251 1388 1276 ³⁷.

955 1283 1040 1321 Porro
1050 1289 1142 1321 autem
1158 1285 1183 1310 itt
1205 1285 1347 1321 cujuslibet
1363 1289 1495 1319 potestate
1508 1285 1588 1313 silum
1607 1292 1648 1313 est
1662 1288 1700 1321 id,

919 1319 941 1345 si
957 1318 1079 1351 voluerit,
1095 1319 1234 1354 consequi.
1251 1320 1295 1346 Ille
1310 1328 1374 1346 Vero
1388 1321 1432 1354 qui
1452 1321 1577 1348 mandata
1591 1322 1636 1349 Dei
1655 1318 1703 1349 ob;

919 1355 1088 1392 scrvanrerit,
1118 1354 1203 1392 fidelis
1230 1356 1284 1392 liet.
1311 1354 1362 1388 Qui
1381 1355 1488 1392 tandem
1520 1364 1569 1390 pro
1593 1364 1703 1392 accepto

919 1388 1062 1420 beneficio,
1078 1389 1166 1423 quoad
1179 1390 1286 1423 poterit,
1297 1391 1398 1424 gratias
1413 1391 1463 1424 ipsi
1480 1388 1577 1424 egerit,
1594 1392 1616 1418 is
1628 1388 1703 1419 certe

916 1424 1082 1461 jamamicus
1094 1424 1138 1450 Dei
1148 1430 1199 1452 est.
1214 1426 1245 1450 At
1257 1425 1380 1452 Clemens
1391 1425 1424 1452 ibi
1436 1431 1525 1452 mouet
1537 1428 1700 1461 praecipuam

936 1459 1063 1495 ratiaruut
1073 1460 1205 1486 actionem
1218 1467 1277 1487 eSSe
1286 1468 1317 1487 ea
1334 1461 1423 1486 facere
1444 1468 1503 1494 qua:
1514 1459 1700 1495 optima—sunt.

936 1467 1063 1485 rattaruut
1073 1467 1205 1486 actionem
1218 1467 1277 1487 eSSc
1286 1468 1317 1487 ea
1334 1467 1423 1486 tacere
1444 1468 1503 1494 qua:
1514 1467 1614 1495 optima
1627 1468 1700 1490 sunt.

917 1467 987 1531 gusti
1005 1494 1086 1531 igitur
1100 1495 1148 1531 viri
1163 1496 1283 1531 actiones
1292 1503 1352 1522 cum
1373 1495 1442 1522 Deus
1455 1502 1546 1529 gratas
1561 1502 1702 1531 acceptas-

918 1537 970 1563 qtte
981 1529 1087 1567 habent,
1100 1530 1125 1555 hi
1138 1530 1229 1567 procul
1244 1531 1336 1562 dubio,
1346 1531 1391 1564 qui
1407 1531 1534 1567 adversus
1546 1529 1653 1567 ipsimel
1662 1534 1702 1559 ei-

918 1563 1060 1598 demlso
1068 1564 1119 1591 Deo
1129 1566 1268 1591 credentes
1277 1563 1444 1599 grassantur,
1456 1565 1528 1592 illum
1538 1563 1700 1595 contumelia

918 1601 1070 1634 probroque
1086 1599 1214 1628 alliciunt.
1229 1600 1261 1626 Et
1278 1608 1340 1627 vero
1360 1603 1485 1635 quamvis
1500 1601 1617 1628 Verbum
1630 1604 1701 1630 divi-

920 1642 982 1672 n_tnu
995 1635 1184 1672 utnlcijttaqtte,
1203 1636 1274 1662 siettt
1297 1635 1346 1672 sol,
1371 1635 1495 1662 diffusum
1511 1638 1600 1663 omnia
1616 1640 1702 1672 respi-

920 1670 991 1700 ciat,
1018 1669 1104 1696 erci
1127 1675 1215 1697 tamen
1237 1672 1301 1698 deos
1315 1671 1418 1705 tingunt
1436 1672 1558 1704 corporis
1575 1669 1701 1700 formaet

916 1705 1007 1730 animo
1027 1705 1077 1730 sibi
1105 1705 1248 1732 similes".
1273 1708 1306 1732 At
1326 1714 1336 1730 ι
1367 1706 1504 1739 gnoSIicus
1519 1715 1528 1731 ι
1547 1707 1580 1733 ab
1604 1715 1699 1734 eorum

915 1739 1054 1766 erroribus
1078 1740 1155 1774 plane
1179 1741 1293 1773 alienus,
1318 1749 1411 1768 verum
1432 1741 1515 1776 Deum
1531 1742 1596 1769 colit
1610 1748 1636 1769 et
1653 1744 1713 1770 lto-.

916 1779 1004 1801 ιιοιιιι.

951 1810 1080 1846 Quamvis
1096 1818 1177 1844 porro
1192 1810 1225 1837 de
1250 1810 1316 1838 falsa
1333 1811 1490 1838 Graecorum
1513 1811 1643 1846 religione
1673 1813 1699 1840 in

917 1842 1080 1878 Prutreplico
1097 1842 1168 1872 satis
1183 1854 1212 1872 se
1226 1847 1379 1880 disputasse
1395 1847 1518 1873 Clemens
1539 1842 1675 1881 significet
1688 1869 1696 1880 ,

916 1885 1101 1906 verumtamen
1118 1887 1146 1907 tit
1161 1881 1266 1914 planius
1282 1881 1370 1907 adhuc
1387 1882 1468 1908 faciat
1485 1887 1585 1915 quanta
1603 1883 1638 1909 sit
1652 1891 1699 1909 eo-

918 1922 975 1950 rum
991 1914 1124 1947 impietas,
1142 1923 1175 1941 ex
1194 1916 1284 1942 multis
1300 1923 1384 1949 pauca
1401 1914 1501 1950 seligit,
1517 1917 1616 1950 quibus
1633 1918 1699 1944 deos

916 1949 1068 1975 ltotttitiiluts
1081 1951 1197 1987 similes
1210 1971 1217 1982 ,
1236 1951 1289 1977 itno
1305 1956 1331 1977 et
1347 1949 1496 1987 deteriores
1518 1949 1551 1977 ab
1578 1953 1610 1978 iis
1635 1954 1698 1987 tingi

917 1992 1001 2020 magis
1018 1985 1156 2020 magisque
1170 1985 1381 2012 detnoustretttr.
1403 1985 1577 2020 [inpudenter
1596 1985 1698 2015 etenim

916 2018 1002 2045 Grieci
1018 2019 1052 2045 illi
1067 2040 1073 2051 ,
1090 2020 1176 2053 pergil.
1190 2020 1326 2052 Clemens,
1341 2018 1464 2054 garriunt
1479 2021 1542 2047 deos
1558 2023 1592 2049 ab
1610 2022 1698 2048 homi-

918 2054 996 2090 ndtus
1012 2054 1096 2081 fuisse
1118 2054 1206 2086 Ιίιεςυε,
1236 2060 1262 2081 et
1280 2055 1389 2081 Dianam
1412 2056 1437 2082 iit
1457 2055 1565 2083 [Etolos
1587 2063 1698 2090 propter

916 2088 1038 2115 OEueum
1050 2109 1058 2121 ,
1084 2098 1114 2116 ac
1133 2090 1282 2126 Minervam
1299 2090 1325 2115 in
1341 2091 1426 2124 ipsam
1438 2098 1547 2126 quoque
1563 2088 1674 2118 Dianam
1688 2112 1696 2124 ,

918 2129 1058 2158 propterea
1073 2126 1179 2158 quodin
1191 2125 1291 2159 templo
1303 2126 1464 2159 peperisset.
1481 2127 1521 2152 ira
1535 2127 1651 2160 pcrcilas
1661 2127 1695 2153 “.

917 2159 972 2186 Nec
988 2159 1096 2185 mininta
1116 2160 1197 2186 etiam
1214 2166 1256 2186 est
1274 2160 1380 2186 illuruut
1396 2159 1565 2194 superstitio,
1582 2169 1634 2195 qua
1651 2162 1695 2193 iis,

918 2202 977 2229 quos
990 2195 1148 2221 naturaliter
1162 2196 1298 2227 accidunt,
1313 2196 1386 2221 verbi
1399 2196 1497 2229 gratia,
1512 2197 1534 2223 si
1548 2204 1607 2224 ntus
1621 2205 1696 2224 aram

921 2229 1068 2264 perfuderit
1080 2249 1088 2260 ,
1104 2234 1150 2256 aut
1163 2230 1299 2264 lccythum
1314 2231 1471 2262 corroserit,
1488 2232 1509 2258 si
1520 2239 1566 2258 sus
1582 2232 1697 2258 devora-

922 2265 988 2291 vcril
1006 2265 1150 2298 porcellos,
1162 2265 1184 2291 si
1201 2265 1329 2299 pistillum
1342 2271 1494 2299 serpentem
1508 2266 1696 2293 circumdede—

919 2302 962 2331 rit,
973 2308 1004 2326 ac
1017 2300 1133 2333 tandem,
1149 2300 1169 2326 si
1183 2301 1244 2334 quis
1252 2302 1453 2333 sternutaverit,
1466 2301 1553 2327 futura
1564 2302 1613 2328 sibi
1628 2310 1696 2335 pra:-

916 2335 1035 2361 nuntiuri
1052 2335 1244 2369 opinabantur.
1261 2335 1354 2370 Neque
1370 2343 1434 2362 vero
1460 2337 1548 2362 minus
1564 2338 1697 2370 supersti-

916 2371 976 2397 tiosi
996 2375 1059 2395 sunt
1073 2370 1137 2402 alii,
1165 2371 1209 2404 qui
1234 2372 1408 2397 sobrietatem
1429 2372 1627 2406 sanitatemque
1644 2380 1695 2400 εχ-

914 2409 1004 2436 orant,
1019 2411 1045 2431 et
1061 2405 1156 2432 diebus
1169 2406 1245 2432 festis
1261 2407 1368 2432 morbos
1383 2406 1434 2432 sibi
1446 2407 1578 2433 ebrietate
1590 2408 1696 2434 consci-

913 2445 992 2467 scttnt
1003 2448 1010 2472 ;
1022 2441 1102 2466 simili
1113 2441 1219 2466 dcniunt
1232 2441 1424 2476 superstitione
1438 2441 1481 2467 alii
1494 2449 1638 2476 snspensas
1655 2443 1696 2469 itt-

913 2477 1090 2509 srriptiones,
1106 2476 1181 2501 lanas
1195 2475 1294 2507 flavas,
1310 2475 1395 2502 frusta
1411 2478 1487 2508 salis,
1501 2475 1574 2504 faces
1588 2483 1615 2503 et
1630 2477 1694 2504 scil-

913 2512 965 2537 lam
977 2530 984 2540 ,
998 2511 1096 2544 quibus
1119 2511 1146 2536 iit
1173 2510 1378 2537 lustrationibus
1399 2512 1596 2545 expiabuntur,
1613 2513 1696 2540 variis

913 2546 1042 2573 incantati
1057 2546 1200 2580 praestigiis
1216 2546 1430 2573 extimescebant
1446 2546 1480 2572 ⁹⁰.

949 2581 1016 2607 Vera
1033 2585 1122 2607 attteut
1138 2582 1236 2607 anima:
1250 2581 1368 2614 expiatio
1381 2586 1433 2613 est,
1450 2583 1472 2608 si
1485 2582 1530 2608 illa
1545 2590 1559 2608 a
1574 2583 1697 2615 peccatis

911 2623 991 2652 atque
1009 2616 1098 2649 impiis
1116 2621 1142 2641 et
1166 2616 1448 2652 falsisrdogmatibus,
1461 2618 1542 2650 quale
1561 2618 1623 2643 illttd
1640 2623 1700 2649 est,

912 2650 994 2679 Deinn
1009 2652 1114 2685 templis
1133 2656 1161 2677 et
1175 2651 1328 2677 simulacris
1345 2650 1454 2684 includi,
1470 2652 1580 2679 omnino
1595 2660 1694 2687 purge-

911 2693 954 2714 tur
971 2686 1003 2713 “l.
1028 2687 1155 2712 Sanctum
1171 2687 1309 2713 enimvero
1327 2694 1474 2720 verumque
1497 2688 1541 2714 Dei
1563 2687 1693 2722 tentplum

911 2728 953 2750 est
980 2721 1109 2754 Ecclesia,
1135 2730 1182 2748 seu
1200 2721 1317 2748 fidelium
1344 2723 1536 2756 congregatio,
1560 2728 1641 2755 atque
1665 2724 1693 2749 in

910 2758 1005 2793 primis
1020 2765 1029 2781 ί
1041 2757 1191 2790 gnoslicus,
1204 2766 1213 2782 ι
1232 2757 1257 2783 itt
1278 2758 1355 2792 eujtts
1368 2764 1459 2783 anima
1474 2760 1506 2793 et‘
1518 2763 1642 2793 purgata,
1667 2761 1695 2783 et

909 2791 997 2820 beatis
1016 2793 1144 2826 operibus
1160 2797 1255 2818 ornata
1266 2811 1273 2823 ,
1293 2792 1429 2818 invenitur
1442 2792 1534 2819 divina
1550 2791 1651 2825 elﬁgies
1666 2797 1694 2818 et

910 2829 1009 2863 imago.
1019 2828 1145 2860 Quiuituo
1157 2836 1165 2852 t
1177 2827 1308 2862 quidquid
1317 2828 1482 2855 crediturum
1498 2832 1550 2860 est,
1561 2834 1618 2861 jam
1635 2833 1694 2853 tati-

1162 2910 1185 2924 δι
1199 2910 1304 2945 p.706.
1342 2910 1364 2926 ει
1378 2917 1404 2947 ρ.
1424 2909 1485 2937 707.
1547 2909 1611 2945 up,
1631 2908 1703 2941 708,.

1009 2919 1034 2946 p.
1050 2910 1111 2937 705.
