1924 3072
55 192 124 222 1049

671 191 714 219 DE
733 191 843 220 LlBRlS
861 191 1084 221 STROMATUM.

1602 195 1671 225 {050

54 249 146 286 dentis
160 249 263 279 instar.
279 254 307 277 et
322 251 440 285 acceptis
455 250 489 277 ab
505 249 635 285 Apostolo
645 249 836 283 documentis,
853 252 874 280 Δ
889 257 984 286 rursus
1003 250 1032 277 tit
1047 252 1132 283 virgo.
1146 250 1182 278 At
1196 250 1242 286 qui
1262 250 1494 284 perturbationem
1509 250 1606 279 animae
1619 259 1670 280 no-

53 285 135 319 plane
145 287 297 313 contemnit
311 289 339 312 et
350 289 519 320 aspernatur.

93 319 232 347 thnstici
247 329 257 346 I
277 320 368 354 itaque
382 318 488 347 ’anima
517 319 561 353 his
585 318 730 346 virtutibus
755 326 836 346 exor-

54 359 119 380 nata
133 374 142 387 ,
159 355 186 381 I‘u
205 355 351 390 terrestris
363 355 485 390 qtuedam
506 354 552 382 Dei
575 355 703 390 imagoﬂet
722 354 839 390 Spiritus

53 390 143 416 sancti
155 389 284 422 templum
297 390 330 417 ’⁸.
343 388 389 416 Ille
402 390 550 421 enimvero,
560 391 604 423 qui
619 388 690 415 nulla
703 389 840 423 voluptate

54 425 129 450 vinci
146 429 245 458 potest,
261 425 441 458 omnibusque
455 424 649 458 cupiditatibus
666 424 819 450 dominatur
830 444 837 456 ,

55 460 188 485 adversus
200 466 282 487 omne
297 459 458 493 periculum,
476 466 583 486 omnem
599 463 709 490 metum,
726 466 839 492 pauper-

55 499 140 520 tatem
154 512 162 525 ,
188 495 312 521 morbttm
323 514 331 525 ,
355 494 527 528 ignominiam
543 513 551 525 ,
568 494 708 527 ipsamque
726 498 838 520 mortem

55 530 187 555 audacter
200 528 325 564 insurgit.
342 529 581 564 Persuasissimum
595 529 693 563 quippe
708 528 788 564 habet
799 529 840 555 vi-

54 565 140 594 tium.
154 571 187 591 cx
203 571 257 598 quo
274 563 407 598 ignoratio
422 564 523 594 oritttr,
539 563 627 590 solum
645 570 705 590 esse
722 563 838 594 malum,

55 604 141 632 a'que
156 597 374 630 adversusillud,
391 599 474 627 armis
491 599 593 625 Domini
610 598 768 629 instruc‘us,
787 597 840 624 for-

55 633 120 660 titer
136 633 257 660 dimicat.
275 633 359 661 Porro
370 637 458 660 autem
473 633 516 660 illa
534 642 543 658 ι
555 633 670 668 gnostici
683 643 692 659 ι
710 633 839 661 fortitudo

52 675 145 701 neque
166 675 199 695 ex
214 676 284 696 ca-co
299 669 387 695 oritur
405 668 585 695 temerariove
609 668 727 700 impetu.
748 668 784 694 uti
812 668 838 695 in

52 704 148 736 pueris
161 708 189 730 et
203 703 315 736 belluis;
333 710 419 738 neque
431 710 463 729 ex
481 702 527 728 vili
545 708 572 730 et
586 704 686 729 caduca
704 703 837 735 mercede,

53 743 84 763 ut
102 738 127 763 in
145 737 401 772 prmstiaiatoribus;
417 737 462 765 sed
478 744 585 771 semper
597 745 629 764 ex
646 742 718 764 recta
736 738 839 765 ratione

52 777 221 806 procreatur
237 773 268 800 “.
285 774 416 806 Quocirca
433 777 565 807 martyres
580 780 716 806 nttnquatn
738 777 839 800 temere

51 807 81 833 in
101 814 217 834 mortem
237 808 389 842 praecipites
404 811 493 838 ruttnt,
513 807 571 840 sed,
594 807 647 834 Dco
665 812 796 839 vocante,
812 813 839 834 et

51 841 112 868 sola
134 849 296 877 summaque
311 841 337 869 iu
353 850 413 869 eum
428 841 562 869 charitatc
581 842 653 869 illam
671 842 838 869 constantis-

50 877 126 903 sime
142 876 261 904 obeunt.’
272 877 443 904 Christianos
463 881 551 903 autem
567 876 749 910 imperfectos,
765 884 796 904 ac
812 877 838 903 iu

889 284 971 320 luerit
983 286 1153 317 exscindere,
1175 284 1218 313 ille
1232 287 1349 320 seipsum
1365 286 1476 314 occidit.

926 329 935 344 ι
945 319 1089 348 Gnosticns
1101 330 1110 346 ι
1127 321 1217 354 itaque
1232 319 1280 353 per
1294 321 1489 356 cognitionem,
1501 328 1562 356 quat
1573 321 1672 349 animat

888 360 929 381 est
946 356 1104 391 alimentum
1116 375 1122 386 ,
1140 360 1167 382 et
1186 363 1235 389 per
1251 363 1282 384 ea
1298 364 1359 391 qua:
1372 356 1508 390 cognovit,
1527 356 1670 384 salvator:

890 393 970 423 atque
995 390 1167 423 evangelicas
1187 391 1306 424 virgines
1326 391 1470 422 imilatus.
1495 391 1548 418 sibi
1575 398 1589 418 a
1616 391 1672 419 Deo

889 424 1023 457 promissa
1046 425 1080 451 ita
1099 425 1218 459 postulat
1229 446 1235 457 ,
1262 430 1290 453 ut
1306 430 1393 452 tamen
1409 426 1443 452 ad
1458 433 1490 453 ea
1505 433 1565 459 qute
1579 426 1670 461 petit,

891 465 944 495 Lam
959 466 1011 485 non
1027 461 1196 495 assequemla
1209 468 1289 494 quant
1302 461 1486 495 assequenda,
1502 461 1536 488 sit
1548 465 1669 494 paratus.

889 493 957 521 Tota
974 499 1063 520 autent
1082 494 1154 522 illius
1169 493 1234 526 vita,
1249 495 1328 530 modo
1346 493 1456 530 peccato
1473 503 1527 523 non
1543 496 1671 530 inquine-

890 533 944 559 tur,
958 533 999 556 est
1013 530 1145 563 precatio,
1160 535 1186 557 et
1201 538 1261 556 cunt
1276 529 1329 556 Deo
1343 530 1512 557 conversatio
1524 540 1532 563 ς
1546 529 1671 564 ιιιίιιιιίιί-

889 564 955 598 quid
971 564 1041 596 vult,
1059 564 1124 590 nihil
1141 569 1230 591 autem
1251 564 1344 591 inutile
1358 565 1453 597 cupit,
1469 565 1527 599 ipse
1538 566 1670 593 continuo

889 599 1076 632 consequitur.
1088 599 1164 632 Quod
1177 600 1198 626 si
1215 599 1276 632 quis
1288 599 1417 633 obiecerit
1427 600 1557 632 quosdam
1570 607 1669 634 pecca-

889 637 964 660 tores
976 634 1001 660 id
1015 634 1085 667 quod
1102 638 1197 666 rogant
1209 635 1353 668 aliquando
1366 635 1522 668 impetrare,
1533 635 1596 662 huic
1607 634 1669 662 Cle-

891 676 967 694 mens
982 669 1125 702 respondet
1138 669 1160 685 ¹⁶
1172 669 1237 696 illud
1253 676 1315 696 raro
1325 669 1395 701 fieri,
1409 674 1435 696 et
1446 669 1509 703 quia
1522 669 1592 697 Detts
1607 670 1670 698 illos

892 703 970 738 132
984 703 1086 736 aliquid
1102 703 1161 730 aliis
1177 704 1240 731 inde
1255 703 1398 737 largiturus
1411 711 1470 731 esse
1483 705 1622 738 prasvidel.
1634 705 1671 733 At

889 738 923 765 iis
950 738 995 772 qui
1011 738 1084 772 digiti
1101 745 1175 770 sunt,
1193 740 1274 766 etiam
1295 746 1347 766 non
1366 739 1533 772 petentibus,
1554 746 1585 766 ea
1609 746 1670 773 quae

888 781 953 799 vere
970 774 1038 800 bona
1054 777 1133 804 sunt,
1149 774 1345 800 conceduntur.
1367 773 1451 807 Regia
1470 774 1552 808 igitur
1566 775 1609 802 via
1624 774 1670 801 ille

890 807 1058 842 incedit,qui
1072 808 1142 834 nulla
1156 809 1329 839 necessitate,
1341 813 1387 835 aut
1400 816 1457 842 spe,
1471 807 1516 835 aut
1528 814 1610 841 metu,
1623 808 1670 835 sed

890 842 976 869 libero
990 843 1075 870 auitni
1092 843 1216 870 instituto
1230 842 1318 876 justus
1334 843 1458 871 efficitur.
1477 851 1486 868 ι
1498 843 1643 870 Gnosticus
1655 853 1665 870 ι

890 881 995 910 autem,
1013 882 1141 911 tanquam
1158 878 1265 905 divinus
1281 878 1410 912 agricola,
1432 878 1597 912 cupiditates
1612 886 1669 904 am-

51 911 108 937 tide
120 919 232 944 pueros,
244 913 351 946 quando
365 911 465 946 aliquid
484 916 594 946 propter
607 912 688 938 Deum
704 911 840 939 nonnullis
855 919 877 946 B
892 917 985 946 putat,
1000 920 1032 939 ac
1047 913 1170 946 plantaus
1187 918 1214 940 et
1230 911 1346 946 irrigans
1362 913 1496 946 duplicem
1521 914 1598 940 metit
1614 913 1671 939 fru-

49 946 116 972 aliis
137 947 289 974 rationibus
316 947 387 974 ducti
412 946 568 980 patiuntur,
590 946 696 973 etiamsi
719 947 840 981 quaedam

50 988 159 1008 corona
174 987 292 1014 maneat;
311 988 419 1014 semper
436 986 526 1007 tamen
545 982 662 1008 charitas
677 986 788 1016 propter
801 989 841 1013 se,

49 1021 80 1043 et
99 1024 154 1042 non
171 1022 279 1051 propter
293 1017 375 1049 aliud,
394 1016 516 1050 eligenda
532 1022 560 1044 et
574 1016 721 1050 expetenda
737 1021 788 1043 est.

90 1050 182 1079 Efﬁcit
203 1050 293 1085 itaque
310 1052 336 1079 in
354 1061 363 1077 ι
375 1051 498 1084 gnostico
513 1060 522 1076 ι
549 1051 678 1078 fortitudo
692 1070 699 1081 .
721 1055 749 1077 ut
770 1055 842 1078 metu

49 1092 165 1119 semper
178 1093 278 1113 vacuus
294 1086 345 1117 sit;
359 1086 476 1120 justitia,
492 1085 521 1112 ut
534 1093 641 1119 semper
653 1093 745 1112 verum
759 1086 841 1119 dicat;

51 1122 239 1154 temperantia
253 1141 259 1152 ,
277 1126 306 1160 ut
326 1122 399 1148 nulla
416 1121 495 1160 platie
511 1121 630 1147 humana
645 1120 791 1160 Cupiditate
808 1120 842 1160 ιι-

49 1163 190 1189 quescens
204 1162 248 1183 aut
263 1155 387 1188 affectus,
402 1155 453 1183 sibi
468 1162 575 1190 semper
589 1161 697 1182 constet
713 1161 740 1182 et
752 1155 840 1182 domi-

50 1195 136 1216 nctur
152 1191 183 1216 ”.
206 1190 306 1218 Horum
324 1196 415 1218 autent
433 1190 554 1217 omniurtt
567 1197 648 1217 causa
669 1194 710 1216 est
723 1191 837 1217 sanctiu

47 1225 159 1261 silltﬂrel
175 1227 291 1253 maxime
304 1224 615 1261 praeciptta,xuptmd'rq,
624 1225 712 1252 omnis
723 1225 841 1261 scientia:

48 1260 188 1291 charitas,
202 1268 255 1294 qua
271 1269 281 1286 ι
293 1259 431 1295 gposticus
441 1269 450 1285 ι
466 1260 496 1286 fit
509 1261 551 1286 vir
562 1259 624 1286 vere
638 1261 783 1294 perfectus,
795 1259 840 1287 Dei

49 1295 173 1331 anticus,
186 1297 212 1321 in
223 1295 282 1328 ejus
296 1294 388 1331 'ﬁliurn
401 1298 555 1331 cooptatus,
569 1296 709 1331 ipsumque
724 1295 794 1322 facie
806 1297 839 1322 ad

47 1329 155 1356 ladem
177 1331 202 1356 in
216 1335 347 1357 arternuut
364 1330 474 1357 videbit.

86 1363 124 1391 Et
141 1372 206 1391 vero
225 1365 270 1392 ille
293 1365 444 1399 proximum
462 1371 515 1391 non
537 1363 618 1392 modo
638 1372 690 1391 non
707 1364 820 1399 despicit
832 1385 840 1398 ,

46 1399 100 1426 sed
116 1400 248 1426 alllicttnn
265 1399 500 1427 consolationibus
513 1404 540 1426 et
555 1400 790 1427 adhortationibus
801 1401 841 1427 le-

46 1439 108 1470 vat,
127 1434 244 1470 pauperi
260 1435 368 1462 tametsi
385 1434 473 1468 ipsum
492 1434 555 1462 odio
571 1434 680 1464 haheat,
696 1442 728 1461 ea
744 1435 842 1468 quibus

46 1469 177 1505 indiget.
196 1477 245 1505 pro
258 1471 316 1503 ejus
335 1470 433 1497 merito
451 1470 566 1505 benigne
582 1474 609 1496 et
627 1469 775 1505 liberaliter
788 1471 842 1496 lar-

46 1478 177 1505 tnutget.
217 1478 245 1495 ro
258 1478 316 1503 cJus
335 1478 433 1497 tnertto
451 1478 566 1503 uentgne
582 1478 609 1496 et
627 1478 775 1497 nneranter
788 1478 841 1496 tar-

46 1504 127 1537 gitur
143 1505 175 1531 ”.
194 1478 288 1532 Rullus
303 1505 439 1531 enimvero
456 1505 520 1538 ipsi,
537 1503 587 1531 nisi
603 1509 630 1530 et
646 1502 712 1535 Deo,
728 1505 763 1531 ob
777 1506 841 1532 vitia

47 1547 83 1565 ac
96 1544 210 1572 peccata
223 1540 349 1567 inimicus
358 1544 409 1566 est.
422 1539 506 1566 Porro
517 1544 606 1566 autent
618 1541 640 1565 si
656 1539 739 1573 aliqui
752 1541 840 1568 adhuc

46 1575 208 1607 imperfecti
224 1580 335 1609 propter
343 1574 536 1609 promissiones
551 1578 594 1600 aut
613 1573 658 1600 Dei
672 1579 769 1601 metum
782 1583 841 1602 sese

46 1610 234 1642 contineant,
250 1610 296 1637 tlle
311 1615 421 1644 propter
437 1609 598 1636 charitatetn
610 1628 619 1641 ,
634 1613 660 1636 et
676 1613 705 1637 ut
719 1610 769 1637 soli
786 1610 841 1637 Deo

47 1644 162 1678 placeat
179 1664 187 1676 .
209 1646 300 1672 omnia
312 1643 420 1671 ’sulfert
436 1649 463 1671 et
483 1644 609 1671 sustinet.
635 1645 663 1670 Si
680 1652 761 1678 quant
779 1645 841 1672 inde

47 1680 163 1706 laudem
178 1684 372 1714 consequatur.
391 1680 461 1706 hanc
475 1679 501 1705 in
521 1678 635 1705 aliorutn
653 1688 729 1706 usum
744 1685 771 1706 ct
790 1681 841 1706 uti-

46 1714 159 1740 Ιὶιηιο-ιιι
174 1715 279 1742 derivat
294 1714 326 1744 “.
340 1714 399 1742 Alio
420 1720 528 1749 quoque
547 1714 626 1749 modo
644 1715 788 1742 continens
801 1715 842 1742 di-

47 1751 145 1781 citur,
167 1751 275 1784 quando
300 1757 354 1776 nott
377 1748 462 1776 solum
484 1748 568 1775 animi
594 1749 815 1783 perturbationes
833 1771 840 1782 ,

48 1792 60 1809 α
74 1785 151 1810 haud
170 1784 249 1811 dubie
267 1785 369 1815 tnalas,
387 1793 397 1810 ›
413 1783 566 1818 comprimit
578 1785 651 1818 ,Vsetl
664 1784 734 1811 bona
749 1785 841 1818 etiam,

46 1824 117 1852 puta
145 1828 156 1845 ι
174 1820 260 1847 bonos
279 1819 362 1847 anitni
379 1817 480 1851 motus,
494 1819 529 1845 ob
548 1817 677 1852 majorem
697 1821 841 1852 quamdam

48 1853 268 1887 perfectionem,
282 1864 292 1881 ι
314 1855 437 1882 continet
456 1859 617 1885 ctcoercet,
637 1854 796 1888 firmamque
811 1863 843 1882 ac

46 1890 182 1916 Stabiletn
198 1890 320 1924 possidet
335 1889 457 1916 scientiae
470 1888 697 1922 magnitudinem.
712 1892 783 1916 unde
796 1898 842 1917 eas

48 1925 178 1957 profert,
194 1923 253 1957 qua:
268 1933 301 1952 ex
318 1925 416 1950 virtute
432 1925 500 1950 liunl
512 1943 518 1953 .
535 1923 668 1958 actiones.
683 1924 740 1958 Οὺχ
756 1925 770 1950 ὁ
789 1925 842 1951 τῶν

48 1958 148 1996 παθῷν
160 1959 238 1994 μόνον
247 1959 367 1996 sparti“,
377 1958 443 1985 ἀλλὰ
451 1958 497 1996 κα).
504 1959 518 1984 ὁ
525 1957 578 1984 τῶν
590 1958 699 1996 ἀχαῌῶν
708 1957 843 1996 ἐῗκρατὴς

49 1993 214 2029 γενόμεὺος,
224 1993 271 2021 καῖ
282 1994 398 2030 βξὸαίως
407 1993 575 2030 κτησάμενος
585 1993 799 2030 τῆς-ἐπιστήμης
809 1993 844 2021 ’ἑὰ

50 2028 199 2066 parnasia.
219 2030 275 2063 Ἀφ’
283 2028 328 2056 ὧν
341 2028 509 2066 χαρποφὸρεῖ
521 2029 570 2060 τὰς
582 2028 642 2066 κατ’
653 2028 754 2065 διεμετὴῆ
769 2028 845 2066 ἐνερ-

47 2064 143 2099 γείας.
162 2065 344 2097 Quamobrem
363 2065 408 2091 ille
424 2070 534 2098 propter
550 2064 635 2090 solam
655 2064 843 2091 necessitatem

48 2099 189 2130 comedit,
202 2099 280 2132 bibit,
294 2099 423 2135 ducitque
438 2106 560 2135 uxorem,
579 2103 659 2135 prout
673 2104 744 2126 recta
760 2100 846 2126 dicta-

48 2136 125 2161 vcrit
147 2135 226 2162 ratio.
243 2135 270 2161 ltt
285 2134 457 2162 domus’vero
477 2134 711 2161 administratione
728 2140 756 2161 et
781 2135 846 2161 lilio-

49 2177 116 2196 rum
144 2171 336 2203 procreatione
359 2169 428 2196 citra
452 2168 573 2196 dolorem
600 2173 628 2195 et
651 2169 815 2204 voluptatem
830 2177 845 2195 a

48 2204 193 2231 cbaritate
208 2205 254 2232 Dei
270 2211 409 2239 nunquam
422 2204 554 2235 divulsus,
569 2203 683 2238 insurgit
697 2205 722 2231 itt
737 2212 844 2231 Omnem

50 2239 239 2267 tentationem
255 2259 263 2271 ,
283 2247 342 2273 qua:
358 2247 389 2266 ex
406 2239 468 2265 ﬁliis
479 2259 486 2268 .
503 2245 587 2265 uxore
599 2259 607 2271 ,
623 2239 729 2265 famulis
740 2259 747 2271 ,
765 2244 846 2272 atque

48 2283 84 2301 cx
105 2275 186 2302 bonis
199 2295 207 2306 ,
221 2280 248 2302 et
264 2275 366 2302 divitiis
385 2273 486 2301 oboriri
502 2273 582 2301 solet.
598 2273 688 2300 (Laelibi
708 2280 801 2301 autent
816 2283 848 2302 ac

50 2310 182 2343 virgini,
200 2311 298 2336 dmuus
318 2317 411 2336 curant
434 2316 488 2335 nou
508 2309 618 2334 habenti
631 2329 639 2340 ,
660 2317 732 2343 sa-pe
749 2310 849 2342 :a‘pius

49 2345 152 2372 evenit.
167 2350 196 2372 ut
215 2352 268 2371 non
285 2350 417 2377 tentetur,
443 2348 527 2378 atque
543 2343 579 2370 ita
596 2344 676 2371 alteri
692 2346 719 2371 itt
735 2346 848 2379 quibus-

50 2382 118 2406 dam
139 2380 268 2412 inferior,
289 2379 316 2406 iu
334 2379 395 2406 aliis
411 2379 536 2413 superior
548 2383 600 2405 cst.

87 2414 132 2441 Ad
151 2414 353 2449 suscipiendant
374 2422 453 2449 porro
468 2414 650 2449 cognitionem
667 2414 742 2448 prius
757 2414 849 2442 anima

49 2450 131 2476 varie
151 2448 275 2476 exerceri
288 2448 382 2478 debet;
404 2448 471 2475 Nam
485 2457 516 2475 ca
533 2448 644 2483 γνῶσις,
661 2450 791 2483 cognitio,
807 2455 850 2477 est

49 2486 159 2512 animte
176 2485 300 2519 quaedam
319 2492 393 2511 mors
410 2484 552 2511 rationalis
564 2503 572 2515 ,
592 2492 645 2517 qua
660 2493 674 2510 a
689 2484 805 2511 motibus
821 2490 849 2512 et

50 2519 315 2554 perturbationibus
329 2523 470 2554 separata,
489 2523 518 2545 et
540 2519 594 2546 Deo
608 2519 659 2546 ttoli
672 2524 747 2553 grata
766 2524 848 2552 atque

50 2553 182 2589 accepta,
201 2556 285 2588 libere
299 2553 376 2589 vivit.
393 2553 461 2581 Tum
477 2559 566 2580 autem
591 2559 696 2580 tarttunt
713 2555 801 2586 abest,
818 2560 848 2582 ut

50 2600 66 2615 a
84 2588 162 2619 cilio.
179 2595 242 2624 potu
258 2595 285 2616 et
304 2588 408 2616 Vertere
428 2589 545 2623 aliquam
561 2589 652 2622 capiat
666 2589 843 2622 voluptatem;

49 2625 208 2658 quinetiam
234 2624 456 2658 scrtnonetn,qui
474 2624 575 2658 aliquid
591 2624 782 2651 delectationis
801 2624 843 2650 af-

50 2663 127 2686 lerre
145 2664 247 2694 potest,
264 2664 421 2693 suspectum
437 2659 535 2686 habeat
547 2659 580 2685 ".
596 2658 680 2694 Nemo
700 2659 774 2685 euint
788 2658 844 2694 Deo

47 2702 79 2722 et
97 2695 231 2728 voluplali
248 2695 349 2728 poterit
365 2701 484 2729 unquam
499 2694 643 2722 inservire.
661 2693 714 2721 Sed
730 2694 775 2727 qui
791 2693 845 2721 Do-

49 2731 130 2757 Inino
142 2731 234 2756 studet
245 2731 303 2756 fieri
317 2729 422 2760 similis.
432 2729 466 2762 is,
479 2734 508 2755 ut
520 2729 721 2763 sitcttpiditatis
733 2735 842 2763 expers,

50 2773 156 2797 tuagua
183 2764 207 2790 vi
226 2765 352 2791 enititur.
370 2763 421 2797 Qui
445 2768 535 2790 autem
560 2763 737 2798 concupivit,
763 2769 790 2790 et
816 2772 847 2791 se

50 2805 150 2834 postea
163 2799 310 2831 continuit,
323 2800 410 2825 instar
426 2803 468 2826 est
480 2798 577 2833 viduzc,
590 2806 650 2834 qua:
663 2800 843 2833 temperantia

91 2868 114 2884 ε·
131 2867 234 2903 p.757.
262 2867 294 2903 7“
311 2866 412 2903 P5438.
450 2867 587 2902 “p.739.
627 2868 678 2903 ην
703 2868 763 2894 7n).

51 2906 78 2924 ιν
100 2902 206 2939 μξτιιί.
246 2902 268 2918 ιο
288 2909 317 2937 ρ.
334 2902 394 2930 ἷ47.

804 2869 824 2884 (⁵
841 2876 867 2903 p.
882 2867 943 2895 7H.

893 952 977 974 ctum.
995 947 1041 974 Ille
1054 955 1118 975 vero
1133 955 1147 973 a
1162 948 1268 975 nemine
1285 953 1408 978 vexatur,
1425 947 1476 974 nisi
1492 948 1561 974 Deus
1571 948 1596 974 id
1609 955 1670 982 ριόο

893 987 953 1017 pter
969 982 1081 1009 aliorum
1100 983 1242 1010 utilitatem
1265 983 1431 1015 permiserit.
1447 982 1521 1009 lllata
1537 990 1618 1017 porro
1636 983 1670 1009 ab

893 1017 955 1044 aliis
968 1017 1037 1044 mala
1054 1017 1117 1044 forti
1134 1017 1258 1052 virilique
1273 1018 1363 1044 animo
1377 1024 1529 1052 perpessus,
1546 1022 1670 1047 ca‘teros.

892 1052 1119 1086 quemadmodum
1130 1053 1254 1086 apostoli,
1268 1053 1294 1079 in
1308 1053 1359 1079 lide
1371 1053 1526 1083 contirmat,
1541 1056 1672 1087 rogatque

892 1092 922 1114 ut
938 1089 960 1114 si
978 1087 1023 1120 qui
1041 1088 1128 1121 ipsum
1144 1088 1207 1115 odio
1223 1087 1333 1119 habent,
1351 1088 1511 1121 poenitentia
1525 1088 1670 1114 ducantur.

927 1121 1020 1155 Itaque
1032 1122 1064 1149 iis
1077 1127 1217 1156 postquam
1239 1123 1283 1149 diu
1302 1129 1364 1149 sese
1376 1123 1498 1150 exercuit
1508 1144 1516 1156 ,
1527 1126 1583 1150 tum
1597 1122 1670 1148 nulla

891 1156 1055 1191 liqttefactus
1073 1157 1229 1191 voluptate,
1246 1157 1375 1191 nullaque
1391 1157 1527 1184 tnundana
1550 1157 1671 1191 qualibet

891 1190 1070 1226 promissione
1093 1190 1207 1224 fractus,
1230 1193 1256 1218 in
1279 1190 1419 1226 peccatum
1443 1190 1581 1226 nunquam
1602 1190 1673 1218 labi-

892 1232 936 1253 tur
950 1227 971 1242 ”
985 1234 992 1253 :
1008 1227 1052 1253 sed
1069 1227 1094 1253 in
1108 1234 1192 1254 carne
1206 1227 1295 1254 adhuc
1308 1227 1410 1261 positus
1422 1247 1429 1259 ,
1444 1234 1554 1254 omnem
1567 1226 1672 1260 cupidi-

893 1266 973 1288 tatem
991 1267 1112 1296 supcrat,
1130 1262 1231 1296 illeque
1245 1262 1317 1289 dolet
1332 1262 1401 1295 qttod
1418 1263 1507 1289 adhuc
1528 1261 1562 1288 sit
1580 1262 1607 1288 itt
1622 1268 1671 1287 ne-

891 1295 1064 1324 cessitatibus
1083 1295 1162 1330 hujus
1186 1295 1247 1323 rita:
1267 1297 1448 1328 constitutus,
1465 1302 1547 1331 atque
1561 1296 1612 1323 hac
1625 1303 1672 1322 ea-

892 1333 952 1358 dem
976 1332 1114 1365 temporali
1139 1332 1220 1358 vitam
1243 1336 1371 1366 tanquam
1393 1332 1445 1359 sibi
1465 1332 1550 1358 aliena
1573 1331 1670 1357 utitur.

892 1366 973 1393 Novit
998 1371 1126 1400 pra-terea
1147 1366 1311 1401 jejuniorum
1333 1371 1438 1400 quartae
1459 1372 1486 1393 et
1509 1371 1593 1393 sextae
1618 1365 1671 1401 diei

893 1401 1034 1434 :cuigmuta
1044 1420 1052 1432 ,
1067 1409 1129 1427 cum
1143 1401 1177 1428 ab
1189 1402 1304 1428 avaritia
1317 1406 1344 1428 et
1357 1401 1483 1434 libidine,
1497 1401 1618 1428 omnium
1633 1400 1673 1426 vi—

893 1437 991 1462 tiortttn
1006 1435 1139 1466 fontibus.
1165 1441 1245 1470 atque
1269 1435 1303 1463 ab
1327 1436 1399 1462 otnni
1424 1437 1494 1463 mala
1517 1437 1624 1462 actione
1645 1438 1673 1461 et

893 1470 1169 1505 cogitationejejuuat
1180 1476 1207 1498 et
1218 1471 1345 1498 abstinet.
1357 1472 1443 1505 Atque
1456 1472 1507 1498 ltac
1519 1471 1671 1497 divinoruut

892 1510 1086 1540 pneceptorutn
1098 1506 1288 1534 observatione
1302 1505 1469 1533 Dominicum
1482 1511 1508 1533 et
1523 1506 1670 1533 Dominicu

893 1540 1103 1567 resurrectionis
1118 1541 1187 1567 diem
1203 1541 1269 1575 agit.

927 1575 996 1608 Quid
1014 1583 1078 1602 vero
1093 1575 1134 1603 “4?
1149 1576 1171 1603 si
1192 1572 1301 1609 qu'audo
1314 1575 1434 1609 aliquid,
1446 1575 1516 1610 quod
1530 1582 1583 1602 non
1596 1572 1651 1600 vult
1662 1593 1671 1604 ο

893 1610 1019 1641 videndo,
1032 1617 1061 1636 se
1074 1610 1210 1644 voluptate
1220 1610 1287 1637 allici
1299 1611 1422 1641 senserit,
1436 1616 1498 1637 tunc
1509 1611 1594 1644 ipsam
1607 1616 1673 1644 cou-

893 1646 968 1672 tittuo
975 1645 1089 1679 castigat
1099 1646 1207 1673 videndi
1219 1646 1384 1675 facultatem.
1392 1653 1423 1671 ac
1435 1646 1486 1672 hoc
1497 1643 1584 1673 stilum
1595 1643 1669 1678 quod

892 1681 926 1707 ad
939 1687 967 1718 se
979 1681 1115 1718 pertinet,
1128 1683 1258 1718 \‘idereret
1269 1682 1362 1707 audire
1375 1682 1463 1718 cupit,
1476 1686 1557 1718 atque
1572 1679 1598 1706 in
1611 1686 1674 1718 cor-

892 1717 967 1750 poris
981 1715 1032 1742 sibi
1047 1716 1144 1749 objecti
1157 1716 1360 1750 pttlchritudme
1373 1723 1401 1742 se
1414 1716 1497 1742 Deum
1509 1715 1600 1742 videre
1610 1715 1673 1740 exi-

892 1749 993 1788 'stitnat.
1005 1749 1033 1776 Si
1046 1758 1078 1777 ex
1094 1749 1253 1788 necessitate
1266 1751 1341 1778 cibos
1355 1752 1535 1784 capescendo,
1548 1749 1674 1788 aliquan-

895 1787 980 1812 lultnn
1002 1786 1132 1819 temporis
1153 1791 1294 1813 cousumal
1306 1805 1313 1816 η
1335 1790 1410 1819 putat
1426 1793 1440 1812 a
1455 1792 1506 1812 suo
1519 1792 1549 1812 se
1561 1786 1672 1818 negotio

893 1820 986 1846 avelli.
1000 1819 1182 1852 Quamobrem
1196 1821 1222 1847 in
1234 1821 1337 1847 somnis
1351 1820 1418 1847 nihil
1431 1820 1502 1854 quod
1518 1820 1604 1847 electo
1621 1825 1673 1844 non

893 1855 1038 1882 conveniat
1049 1875 1056 1886 ,
1068 1855 1174 1889 aspicit.
1185 1855 1211 1882 Is
1224 1863 1306 1889 porro
1321 1857 1346 1882 in
1359 1856 1409 1882 hac
1424 1856 1477 1881 vita
1491 1860 1564 1882 totus
1577 1855 1674 1887 hospes

893 1895 921 1916 et
934 1890 1093 1924 peregrinus
1112 1897 1144 1917 ea
1169 1892 1319 1917 cotttetnnit
1336 1897 1397 1924 quae
1424 1891 1468 1916 alii
1486 1891 1627 1919 ntirautur,
1642 1895 1674 1914 ac

894 1926 922 1951 itt
936 1925 1046 1951 civitate
1063 1930 1190 1959 tanquam
1207 1925 1233 1952 in
1246 1925 1392 1952 solitudine
1406 1925 1482 1951 vivit.
1499 1924 1556 1951 Uno
1571 1925 1652 1951 verbo
1664 1942 1673 1955 ,

898 1960 925 1986 in
941 1960 1014 1986 otnni
1031 1961 1085 1986 vita
1101 1961 1251 1987 absentiam
1269 1960 1445 1993 apostolicam
1465 1959 1569 1994 implet.

929 1994 998 2027 Quid
1012 1994 1107 2028 plura?
1126 2002 1186 2022 cum
1198 1992 1422 2028 optimatiumque
1433 1992 1670 2029 agit,'hontiui_brus

894 2030 952 2056 vult
966 2027 1054 2056 latere
1064 2050 1071 2061 ,
1085 2037 1118 2056 ac
1132 2030 1183 2057 sibi
1199 2027 1366 2063 Dominoque
1379 2027 1544 2063 persuadere
1558 2035 1588 2054 se
1602 2027 1676 2053 illius

895 2066 987 2091 vivere
1000 2065 1154 2098 praeceptis.
1171 2065 1301 2097 Quocirca
1317 2065 1435 2099 seipsum
1448 2070 1556 2099 semper
1568 2067 1595 2089 et
1607 2070 1676 2099 nun-

895 2107 975 2133 quam
992 2096 1144 2132 proxinium
1160 2096 1294 2133 despicit,
1309 2096 1390 2133 atque
1403 2096 1674 2133 idcirco’illutnaﬂli-

895 2132 969 2161 ctum
986 2134 1153 2167 consolatur,
1169 2132 1335 2169 indigentem
1357 2134 1421 2160 facit
1435 2141 1543 2161 suorum
1555 2152 1563 2165 ,
1577 2132 1601 2169 si
1616 2139 1677 2169 quae

896 2169 1010 2199 habeat,
1026 2168 1157 2196 bonorum
1170 2167 1326 2204 participem
1338 2176 1345 2201 ;
1358 2170 1411 2196 imo
1424 2176 1487 2195 vero
1499 2169 1571 2195 etde
1585 2167 1674 2204 inopia

896 2211 945 2231 Sua
968 2209 1049 2238 auget
1070 2203 1287 2232 beneﬁcentiam.
1310 2203 1382 2230 Pura
1403 2204 1514 2238 insuper
1528 2207 1554 2230 et
1569 2203 1678 2238 sincera

900 2237 1083 2276 ornatusqlide
1094 2259 1102 2271 .
1119 2247 1168 2274 per
1183 2247 1265 2273 opera
1280 2243 1308 2266 et
1322 2239 1575 2276 contemplationem
1589 2237 1676 2276 Evan-

901 2274 999 2308 gelimn
1019 2272 1130 2306 laudat,
1149 2279 1178 2302 et
1195 2272 1253 2309 ipse
1267 2281 1299 2300 ea
1311 2293 1319 2306 ,
1333 2281 1393 2308 qua:
1409 2274 1478 2300 Deus
1496 2272 1604 2304 docuit,
1624 2272 1678 2298 rite

900 2309 1083 2346 perficiendo,
1099 2310 1133 2346 ab
1147 2317 1179 2346 eo
1201 2309 1307 2336 laudern
1328 2309 1437 2346 accipit.
1459 2309 1514 2346 Spe
1528 2315 1592 2334 vero
1612 2314 1677 2346 pro-

901 2344 958 2378 pria
976 2344 1087 2370 minitne
1108 2345 1277 2376 ablactatus,
1293 2344 1418 2377 quaelibet
1435 2343 1570 2370 mundana
1586 2343 1676 2369 omnia

901 2384 1072 2412 aspernatur,
1088 2383 1116 2406 et
1132 2380 1279 2407 miseretur
1292 2386 1403 2411 eorum,
1418 2379 1465 2412 qui
1481 2383 1543 2412 post
1563 2381 1676 2404 mortem

902 2414 1045 2448 suppliciis
1060 2413 1150 2442 allecti
1163 2433 1171 2447 ,
1185 2414 1268 2440 Deum
1284 2413 1461 2440 confitentur.
1481 2414 1566 2447 ipsius
1583 2416 1675 2438 autem

903 2453 977 2476 recta
995 2456 1102 2482 semper
1116 2454 1159 2476 est
1174 2449 1338 2476 conscientia
1348 2468 1356 2481 ,
1371 2453 1398 2474 et
1414 2449 1448 2475 ad
1465 2453 1579 2475 ntortctn
1602 2453 1677 2472 sem-

901 2490 949 2517 per
972 2489 1101 2518 paratus,
1128 2485 1155 2511 itt
1180 2484 1231 2511 hoc
1251 2484 1353 2510 mundo
1374 2487 1503 2517 tanquam
1519 2482 1680 2517 peregrinus

901 2519 979 2552 vivit,
996 2526 1028 2546 ac
1039 2519 1186 2547 secundum
1205 2523 1286 2545 rectae
1307 2518 1422 2545 rationis
1443 2519 1579 2545 dictamen
1600 2524 1678 2543 com-

900 2554 975 2585 edit,
999 2554 1085 2584 bibit,
1111 2560 1223 2582 uxorem
1242 2554 1332 2585 ducit,
1362 2558 1388 2581 et
1413 2555 1439 2580 in
1461 2552 1564 2579 somnis
1583 2556 1680 2578 sancta

900 2596 1007 2624 semper
1024 2589 1090 2616 facit
1107 2594 1133 2616 et
1157 2589 1279 2623 cogitat:
1295 2593 1377 2622 atque
1392 2588 1428 2615 ita
1443 2586 1563 2624 καθαρὸς
1583 2587 1622 2617 εἰς
1636 2586 1680 2612 εὑ-

899 2623 948 2659 χὴν
969 2624 1096 2658 πάντοτε,
1115 2631 1224 2658 semper
1242 2624 1276 2651 ad
1296 2624 1481 2657 precationem
1503 2630 1599 2658 purus,
1618 2629 1679 2649 cum

897 2659 1003 2720 arripelis
1019 2664 1080 2686 orat
1095 2663 1123 2686 et
1142 2663 1269 2693 precatur
1287 2659 1320 2686 “.

957 2702 1000 2720 unt
1017 2701 1110 2720 rursus
1123 2694 1248 2720 Clemens
1262 2694 1320 2720 doct

957 2702 1000 2720 unt
1017 2701 1110 2722 rursus
1123 2694 1248 2722 Clemens
1262 2694 1340 2722 dOcet
1353 2693 1441 2728 qualis
1456 2694 1493 2721 sit
1508 2693 1566 2725 ejus
1581 2698 1679 2728 opera-

896 2727 954 2761 tio,
975 2729 1081 2763 jttstitia
1101 2735 1130 2756 et
1151 2730 1290 2764 precatio,
1312 2727 1376 2764 quid
1393 2736 1407 2755 ιι
1422 2729 1479 2756 Deo
1500 2727 1636 2764 postulet,
1652 2730 1680 2751 et

896 2762 1031 2796 quomodo
1047 2762 1186 2791 Christum
1207 2762 1352 2791 vocantem
1375 2768 1542 2791 antevertat.
1563 2762 1678 2796 Planum

896 2794 1002 2833 quoque
1026 2798 1092 2826 facit
1112 2799 1248 2834 quomodo
1275 2799 1321 2828 ille
1341 2803 1446 2834 patrem
1461 2803 1490 2825 et
1512 2802 1626 2824 matrem
1640 2794 1676 2825 ’⁸.

982 2869 1003 2885 ί·
1020 2867 1121 2904 p.752.
1162 2868 1183 2885 ιε
1199 2876 1227 2904 ρ.
1245 2867 1305 2897 745.
1345 2868 1365 2883 ιτ
1385 2874 1410 2901 ιι.
1429 2865 1490 2893 ut.
1530 2865 1550 2880 ι·
1570 2871 1594 2898 p.
1615 2861 1678 2890 πε.
