  <div class='ocr_page' id='page_1' title='image "/cluster/home/n/w/nwhite01/storage/ocr_20150623/9/njp.32101077772398/643.png"; bbox 0 0 1924 3072; ppageno 0'>
   <div class='ocr_carea' id='block_1_1' title="bbox 241 187 307 217">
    <p class='ocr_par' dir='ltr' id='par_1_1' title="bbox 241 187 307 217">
     <span class='ocr_line' id='line_1_1' title="bbox 241 187 307 217; baseline 0 -1"><span class='ocrx_word' id='word_1_1' title='bbox 241 187 307 217; x_wconf 75' lang='grc'><strong>1051</strong></span> 
     </span>
    </p>
   </div>
   <div class='ocr_carea' id='block_1_2' title="bbox 580 180 1021 213">
    <p class='ocr_par' dir='ltr' id='par_1_2' title="bbox 580 180 1018 213">
     <span class='ocr_line' id='line_1_2' title="bbox 580 180 1018 213; baseline 0 -1"><span class='ocrx_word' id='word_1_2' title='bbox 580 185 614 212; x_wconf 84' lang='grc' dir='ltr'><strong>ΙΝ</strong></span> <span class='ocrx_word' id='word_1_3' title='bbox 632 184 844 213; x_wconf 81' lang='lat' dir='ltr'><strong>CLEMENTEM</strong></span> <span class='ocrx_word' id='word_1_4' title='bbox 854 180 966 212; x_wconf 60' lang='grc' dir='ltr'><strong>ΔΑΙᾸΞΧ.</strong></span> <span class='ocrx_word' id='word_1_5' title='bbox 986 184 1018 212; x_wconf 88' lang='lat' dir='ltr'><strong>D.</strong></span> 
     </span>
    </p>
   </div>
   <div class='ocr_carea' id='block_1_3' title="bbox 1076 180 1534 213">
    <p class='ocr_par' dir='ltr' id='par_1_3' title="bbox 1076 182 1534 213">
     <span class='ocr_line' id='line_1_3' title="bbox 1076 182 1534 213; baseline 0 -2"><span class='ocrx_word' id='word_1_6' title='bbox 1076 185 1081 211; x_wconf 76' lang='grc'>1</span> <span class='ocrx_word' id='word_1_7' title='bbox 1097 183 1242 213; x_wconf 78' lang='lat' dir='ltr'><strong>NOURRY</strong></span> <span class='ocrx_word' id='word_1_8' title='bbox 1260 182 1486 211; x_wconf 81' lang='lat' dir='ltr'><strong>DlSSERTATlO</strong></span> <span class='ocrx_word' id='word_1_9' title='bbox 1501 182 1534 211; x_wconf 90' lang='lat' dir='ltr'><strong>ll.</strong></span> 
     </span>
    </p>
   </div>
   <div class='ocr_carea' id='block_1_4' title="bbox 1801 182 1863 210">
    <p class='ocr_par' dir='ltr' id='par_1_4' title="bbox 1801 182 1863 210">
     <span class='ocr_line' id='line_1_4' title="bbox 1801 182 1863 210; baseline 0 0"><span class='ocrx_word' id='word_1_10' title='bbox 1801 182 1863 210; x_wconf 70' lang='lat' dir='ltr'><strong>l05!</strong></span> 
     </span>
    </p>
   </div>
   <div class='ocr_carea' id='block_1_5' title="bbox 243 237 1863 279">
    <p class='ocr_par' dir='ltr' id='par_1_5' title="bbox 243 237 1863 279">
     <span class='ocr_line' id='line_1_5' title="bbox 243 237 1863 279; baseline -0.006 -8"><span class='ocrx_word' id='word_1_11' title='bbox 243 252 375 279; x_wconf 60' lang='lat' dir='ltr'><strong>illlllllfllle</strong></span> <span class='ocrx_word' id='word_1_12' title='bbox 390 245 507 271; x_wconf 85' lang='lat' dir='ltr'><strong>animam</strong></span> <span class='ocrx_word' id='word_1_13' title='bbox 524 243 587 269; x_wconf 89' lang='lat' dir='ltr'><strong>odio</strong></span> <span class='ocrx_word' id='word_1_14' title='bbox 603 240 702 279; x_wconf 82' lang='lat' dir='ltr'><strong>habeat</strong></span> <span class='ocrx_word' id='word_1_15' title='bbox 713 263 720 275; x_wconf 81' lang='lat'><strong>,</strong></span> <span class='ocrx_word' id='word_1_16' title='bbox 737 251 769 271; x_wconf 86' lang='lat' dir='ltr'><strong>ac</strong></span> <span class='ocrx_word' id='word_1_17' title='bbox 788 243 940 279; x_wconf 24' lang='lat' dir='ltr'><strong>omniAvita:</strong></span> <span class='ocrx_word' id='word_1_18' title='bbox 956 248 1025 279; x_wconf 74' lang='lat' dir='ltr'><strong>tem-</strong></span> <span class='ocrx_word' id='word_1_19' title='bbox 1039 245 1062 272; x_wconf 80' lang='grc' dir='ltr'>Α</span> <span class='ocrx_word' id='word_1_20' title='bbox 1076 242 1201 279; x_wconf 77' lang='lat' dir='ltr'><strong>veritatis</strong></span> <span class='ocrx_word' id='word_1_21' title='bbox 1217 241 1398 279; x_wconf 76' lang='lat' dir='ltr'><strong>cognitionem</strong></span> <span class='ocrx_word' id='word_1_22' title='bbox 1413 248 1462 279; x_wconf 81' lang='lat' dir='ltr'><strong>nos</strong></span> <span class='ocrx_word' id='word_1_23' title='bbox 1477 239 1596 279; x_wconf 52' lang='lat' dir='ltr'><strong>adjuvit.</strong></span> <span class='ocrx_word' id='word_1_24' title='bbox 1612 238 1653 265; x_wconf 75' lang='lat' dir='ltr'><strong>Ex</strong></span> <span class='ocrx_word' id='word_1_25' title='bbox 1670 237 1775 279; x_wconf 65' lang='lat' dir='ltr'><strong>divinis</strong></span> <span class='ocrx_word' id='word_1_26' title='bbox 1789 237 1863 272; x_wconf 76' lang='lat' dir='ltr'><strong>igitur</strong></span> 
     </span>
    </p>
   </div>
   <div class='ocr_carea' id='block_1_6' title="bbox 242 277 1024 315">
    <p class='ocr_par' dir='ltr' id='par_1_6' title="bbox 242 277 1024 315">
     <span class='ocr_line' id='line_1_6' title="bbox 242 277 1024 315; baseline -0.004 -9"><span class='ocrx_word' id='word_1_27' title='bbox 242 288 308 315; x_wconf 83' lang='lat' dir='ltr'><strong>pore</strong></span> <span class='ocrx_word' id='word_1_28' title='bbox 320 277 338 306; x_wconf 53' lang='lat' dir='ltr'><strong>a&#39;</strong></span> <span class='ocrx_word' id='word_1_29' title='bbox 347 280 392 306; x_wconf 82' lang='lat' dir='ltr'><strong>De]</strong></span> <span class='ocrx_word' id='word_1_30' title='bbox 406 279 538 305; x_wconf 87' lang='lat' dir='ltr'><strong>mandatis</strong></span> <span class='ocrx_word' id='word_1_31' title='bbox 549 283 577 304; x_wconf 86' lang='lat' dir='ltr'><strong>et</strong></span> <span class='ocrx_word' id='word_1_32' title='bbox 591 285 639 311; x_wconf 87' lang='lat' dir='ltr'><strong>spe</strong></span> <span class='ocrx_word' id='word_1_33' title='bbox 651 278 728 315; x_wconf 83' lang='lat' dir='ltr'><strong>plane</strong></span> <span class='ocrx_word' id='word_1_34' title='bbox 740 277 931 315; x_wconf 76' lang='lat' dir='ltr'><strong>inseparabilis</strong></span> <span class='ocrx_word' id='word_1_35' title='bbox 944 298 951 308; x_wconf 83' lang='grc'>,</span> <span class='ocrx_word' id='word_1_36' title='bbox 969 277 1024 315; x_wconf 80' lang='lat' dir='ltr'><strong>Deo</strong></span> 
     </span>
    </p>
   </div>
   <div class='ocr_carea' id='block_1_7' title="bbox 243 312 1025 349">
    <p class='ocr_par' dir='ltr' id='par_1_7' title="bbox 243 312 1025 349">
     <span class='ocr_line' id='line_1_7' title="bbox 243 312 1025 349; baseline -0.006 -7"><span class='ocrx_word' id='word_1_37' title='bbox 243 312 351 349; x_wconf 70' lang='lat' dir='ltr'><strong>semper</strong></span> <span class='ocrx_word' id='word_1_38' title='bbox 368 313 711 349; x_wconf 31' lang='lat' dir='ltr'><strong>gratias‘agensLOinnia,</strong></span> <span class='ocrx_word' id='word_1_39' title='bbox 736 314 807 340; x_wconf 85' lang='lat' dir='ltr'><strong>sicut</strong></span> <span class='ocrx_word' id='word_1_40' title='bbox 836 312 898 349; x_wconf 84' lang='lat' dir='ltr'><strong>Joh,</strong></span> <span class='ocrx_word' id='word_1_41' title='bbox 920 313 1025 349; x_wconf 65' lang='lat' dir='ltr'><strong>patieri-</strong></span> 
     </span>
    </p>
   </div>
   <div class='ocr_carea' id='block_1_8' title="bbox 245 347 1023 382">
    <p class='ocr_par' dir='ltr' id='par_1_8' title="bbox 245 347 1023 382">
     <span class='ocr_line' id='line_1_8' title="bbox 245 347 1023 382; baseline -0.006 -5"><span class='ocrx_word' id='word_1_42' title='bbox 245 347 351 377; x_wconf 49' lang='lat' dir='ltr'><strong>tissi&#39;me</strong></span> <span class='ocrx_word' id='word_1_43' title='bbox 370 347 514 378; x_wconf 65' lang='lat' dir='ltr'><strong>tolerans.</strong></span> <span class='ocrx_word' id='word_1_44' title='bbox 540 347 619 374; x_wconf 81' lang='lat' dir='ltr'><strong>bonis</strong></span> <span class='ocrx_word' id='word_1_45' title='bbox 643 347 774 382; x_wconf 83' lang='lat' dir='ltr'><strong>malisque</strong></span> <span class='ocrx_word' id='word_1_46' title='bbox 796 348 931 381; x_wconf 85' lang='lat' dir='ltr'><strong>superior,</strong></span> <span class='ocrx_word' id='word_1_47' title='bbox 962 347 1023 373; x_wconf 85' lang='lat' dir='ltr'><strong>aliis</strong></span> 
     </span>
    </p>
   </div>
   <div class='ocr_carea' id='block_1_9' title="bbox 243 383 1024 416">
    <p class='ocr_par' dir='ltr' id='par_1_9' title="bbox 243 383 1024 416">
     <span class='ocr_line' id='line_1_9' title="bbox 243 383 1024 416; baseline -0.005 -4"><span class='ocrx_word' id='word_1_48' title='bbox 243 393 304 412; x_wconf 77' lang='lat' dir='ltr'><strong>sese</strong></span> <span class='ocrx_word' id='word_1_49' title='bbox 322 388 400 411; x_wconf 83' lang='lat' dir='ltr'><strong>caute</strong></span> <span class='ocrx_word' id='word_1_50' title='bbox 415 383 641 414; x_wconf 70' lang='lat' dir='ltr'><strong>accommodans,</strong></span> <span class='ocrx_word' id='word_1_51' title='bbox 659 387 686 409; x_wconf 89' lang='lat' dir='ltr'><strong>et</strong></span> <span class='ocrx_word' id='word_1_52' title='bbox 702 390 795 410; x_wconf 86' lang='lat' dir='ltr'><strong>eorum</strong></span> <span class='ocrx_word' id='word_1_53' title='bbox 819 383 845 409; x_wconf 89' lang='lat' dir='ltr'><strong>lll</strong></span> <span class='ocrx_word' id='word_1_54' title='bbox 860 389 889 409; x_wconf 84' lang='lat' dir='ltr'><strong>se</strong></span> <span class='ocrx_word' id='word_1_55' title='bbox 911 386 1024 416; x_wconf 80' lang='lat' dir='ltr'><strong>peccata</strong></span> 
     </span>
    </p>
   </div>
   <div class='ocr_carea' id='block_1_10' title="bbox 244 417 1025 452">
    <p class='ocr_par' dir='ltr' id='par_1_10' title="bbox 244 417 1025 452">
     <span class='ocr_line' id='line_1_10' title="bbox 244 417 1025 452; baseline -0.005 -7"><span class='ocrx_word' id='word_1_56' title='bbox 244 420 397 449; x_wconf 71' lang='lat' dir='ltr'><strong>tllllllllcns,</strong></span> <span class='ocrx_word' id='word_1_57' title='bbox 416 418 512 451; x_wconf 84' lang='lat' dir='ltr'><strong>dignus</strong></span> <span class='ocrx_word' id='word_1_58' title='bbox 530 418 593 448; x_wconf 86' lang='lat' dir='ltr'><strong>ﬁat,</strong></span> <span class='ocrx_word' id='word_1_59' title='bbox 610 418 684 452; x_wconf 66' lang='lat' dir='ltr'><strong>quin</strong></span> <span class='ocrx_word' id='word_1_60' title='bbox 701 425 715 444; x_wconf 87' lang='lat' dir='ltr'><strong>a</strong></span> <span class='ocrx_word' id='word_1_61' title='bbox 732 418 822 452; x_wconf 87' lang='lat' dir='ltr'><strong>seipso</strong></span> <span class='ocrx_word' id='word_1_62' title='bbox 834 425 882 451; x_wconf 88' lang='lat' dir='ltr'><strong>per</strong></span> <span class='ocrx_word' id='word_1_63' title='bbox 895 417 1025 443; x_wconf 87' lang='lat' dir='ltr'><strong>obedien-</strong></span> 
     </span>
    </p>
   </div>
   <div class='ocr_carea' id='block_1_11' title="bbox 245 451 1023 487">
    <p class='ocr_par' dir='ltr' id='par_1_11' title="bbox 245 451 1023 487">
     <span class='ocr_line' id='line_1_11' title="bbox 245 451 1023 487; baseline -0.004 -7"><span class='ocrx_word' id='word_1_64' title='bbox 245 456 308 480; x_wconf 88' lang='lat' dir='ltr'><strong>tiam</strong></span> <span class='ocrx_word' id='word_1_65' title='bbox 328 453 443 486; x_wconf 86' lang='lat' dir='ltr'><strong>accipiat</strong></span> <span class='ocrx_word' id='word_1_66' title='bbox 464 453 629 486; x_wconf 71' lang='lat' dir='ltr'><strong>prmsitlium.</strong></span> <span class='ocrx_word' id='word_1_67' title='bbox 641 462 650 478; x_wconf 74' lang='grc' dir='ltr'><strong>ι</strong></span> <span class='ocrx_word' id='word_1_68' title='bbox 665 451 756 487; x_wconf 80' lang='lat' dir='ltr'><strong>Pergit</strong></span> <span class='ocrx_word' id='word_1_69' title='bbox 774 451 868 479; x_wconf 78' lang='lat' dir='ltr'><strong>auctor</strong></span> <span class='ocrx_word' id='word_1_70' title='bbox 885 456 978 478; x_wconf 83' lang='lat' dir='ltr'><strong>noster</strong></span> <span class='ocrx_word' id='word_1_71' title='bbox 990 452 1023 483; x_wconf 63' lang='lat'><strong>‘1,</strong></span> 
     </span>
    </p>
   </div>
   <div class='ocr_carea' id='block_1_12' title="bbox 245 486 1026 522">
    <p class='ocr_par' dir='ltr' id='par_1_12' title="bbox 245 486 1026 522">
     <span class='ocr_line' id='line_1_12' title="bbox 245 486 1026 522; baseline -0.003 -8"><span class='ocrx_word' id='word_1_72' title='bbox 245 495 326 522; x_wconf 84' lang='lat' dir='ltr'><strong>atque</strong></span> <span class='ocrx_word' id='word_1_73' title='bbox 341 486 461 514; x_wconf 87' lang='lat' dir='ltr'><strong>ostendit</strong></span> <span class='ocrx_word' id='word_1_74' title='bbox 474 487 536 521; x_wconf 90' lang='lat' dir='ltr'><strong>quid</strong></span> <span class='ocrx_word' id='word_1_75' title='bbox 552 487 597 512; x_wconf 87' lang='lat' dir='ltr'><strong>ille</strong></span> <span class='ocrx_word' id='word_1_76' title='bbox 611 495 620 512; x_wconf 76' lang='grc' dir='ltr'><strong>ι</strong></span> <span class='ocrx_word' id='word_1_77' title='bbox 635 486 784 521; x_wconf 79' lang='lat' dir='ltr'><strong>giiosticus,</strong></span> <span class='ocrx_word' id='word_1_78' title='bbox 797 497 806 513; x_wconf 80' lang='grc' dir='ltr'><strong>ι</strong></span> <span class='ocrx_word' id='word_1_79' title='bbox 824 487 897 521; x_wconf 90' lang='lat' dir='ltr'><strong>quia</strong></span> <span class='ocrx_word' id='word_1_80' title='bbox 913 487 966 513; x_wconf 88' lang='lat' dir='ltr'><strong>Deo</strong></span> <span class='ocrx_word' id='word_1_81' title='bbox 978 494 1026 522; x_wconf 83' lang='lat' dir='ltr'><strong>po-</strong></span> 
     </span>
    </p>
   </div>
   <div class='ocr_carea' id='block_1_13' title="bbox 243 521 1025 557">
    <p class='ocr_par' dir='ltr' id='par_1_13' title="bbox 243 521 1025 557">
     <span class='ocr_line' id='line_1_13' title="bbox 243 521 1025 557; baseline -0.003 -7"><span class='ocrx_word' id='word_1_82' title='bbox 243 521 298 551; x_wconf 69' lang='lat' dir='ltr'><strong>tius</strong></span> <span class='ocrx_word' id='word_1_83' title='bbox 314 523 406 557; x_wconf 77' lang='lat' dir='ltr'><strong>exigit,</strong></span> <span class='ocrx_word' id='word_1_84' title='bbox 427 529 506 555; x_wconf 86' lang='lat' dir='ltr'><strong>quam</strong></span> <span class='ocrx_word' id='word_1_85' title='bbox 523 522 600 555; x_wconf 83' lang='lat' dir='ltr'><strong>petit,</strong></span> <span class='ocrx_word' id='word_1_86' title='bbox 620 529 669 556; x_wconf 91' lang='lat' dir='ltr'><strong>pro</strong></span> <span class='ocrx_word' id='word_1_87' title='bbox 684 522 818 549; x_wconf 77' lang='lat' dir='ltr'><strong>fratribus</strong></span> <span class='ocrx_word' id='word_1_88' title='bbox 833 522 975 556; x_wconf 74' lang='lat' dir='ltr'><strong>agentibus</strong></span> <span class='ocrx_word' id='word_1_89' title='bbox 991 521 1025 548; x_wconf 86' lang='lat' dir='ltr'><strong>ab</strong></span> 
     </span>
    </p>
   </div>
   <div class='ocr_carea' id='block_1_14' title="bbox 245 557 1026 593">
    <p class='ocr_par' dir='ltr' id='par_1_14' title="bbox 245 557 1026 593">
     <span class='ocr_line' id='line_1_14' title="bbox 245 557 1026 593; baseline -0.004 -9"><span class='ocrx_word' id='word_1_90' title='bbox 245 560 302 593; x_wconf 91' lang='lat' dir='ltr'><strong>ipso</strong></span> <span class='ocrx_word' id='word_1_91' title='bbox 317 562 461 590; x_wconf 80' lang='lat' dir='ltr'><strong>exposcat.</strong></span> <span class='ocrx_word' id='word_1_92' title='bbox 474 557 609 593; x_wconf 81' lang='lat' dir='ltr'><strong>quomodo</strong></span> <span class='ocrx_word' id='word_1_93' title='bbox 623 557 721 593; x_wconf 62' lang='lat' dir='ltr'><strong>divinie</strong></span> <span class='ocrx_word' id='word_1_94' title='bbox 733 557 862 593; x_wconf 82' lang='lat' dir='ltr'><strong>bonitatis</strong></span> <span class='ocrx_word' id='word_1_95' title='bbox 875 557 911 583; x_wconf 90' lang='lat' dir='ltr'><strong>sit</strong></span> <span class='ocrx_word' id='word_1_96' title='bbox 926 557 1026 583; x_wconf 83' lang='lat' dir='ltr'><strong>instru-</strong></span> 
     </span>
    </p>
   </div>
   <div class='ocr_carea' id='block_1_15' title="bbox 244 591 1025 625">
    <p class='ocr_par' dir='ltr' id='par_1_15' title="bbox 244 591 1025 625">
     <span class='ocr_line' id='line_1_15' title="bbox 244 591 1025 625; baseline -0.005 -5"><span class='ocrx_word' id='word_1_97' title='bbox 244 591 362 620; x_wconf 75' lang='lat' dir='ltr'><strong>mentum</strong></span> <span class='ocrx_word' id='word_1_98' title='bbox 376 598 403 619; x_wconf 87' lang='lat' dir='ltr'><strong>et</strong></span> <span class='ocrx_word' id='word_1_99' title='bbox 417 599 529 625; x_wconf 85' lang='lat' dir='ltr'><strong>parvum</strong></span> <span class='ocrx_word' id='word_1_100' title='bbox 545 592 686 625; x_wconf 82' lang='lat' dir='ltr'><strong>ipsiusmet</strong></span> <span class='ocrx_word' id='word_1_101' title='bbox 701 592 748 618; x_wconf 85' lang='lat' dir='ltr'><strong>Dei</strong></span> <span class='ocrx_word' id='word_1_102' title='bbox 763 591 891 625; x_wconf 82' lang='lat' dir='ltr'><strong>templum</strong></span> <span class='ocrx_word' id='word_1_103' title='bbox 905 610 913 622; x_wconf 78' lang='lat'><strong>.</strong></span> <span class='ocrx_word' id='word_1_104' title='bbox 926 598 958 617; x_wconf 86' lang='lat' dir='ltr'><strong>ac.</strong></span> <span class='ocrx_word' id='word_1_105' title='bbox 972 595 1025 617; x_wconf 92' lang='lat' dir='ltr'><strong>ler-</strong></span> 
     </span>
    </p>
   </div>
   <div class='ocr_carea' id='block_1_16' title="bbox 243 626 1026 659">
    <p class='ocr_par' dir='ltr' id='par_1_16' title="bbox 243 626 1026 659">
     <span class='ocr_line' id='line_1_16' title="bbox 243 626 1026 659; baseline -0.003 -5"><span class='ocrx_word' id='word_1_106' title='bbox 243 629 317 654; x_wconf 84' lang='lat' dir='ltr'><strong>renis</strong></span> <span class='ocrx_word' id='word_1_107' title='bbox 328 628 454 654; x_wconf 87' lang='lat' dir='ltr'><strong>omnibus</strong></span> <span class='ocrx_word' id='word_1_108' title='bbox 468 626 568 652; x_wconf 83' lang='lat' dir='ltr'><strong>relictis</strong></span> <span class='ocrx_word' id='word_1_109' title='bbox 580 645 586 656; x_wconf 83' lang='grc'>.</span> <span class='ocrx_word' id='word_1_110' title='bbox 603 627 696 653; x_wconf 86' lang='lat' dir='ltr'><strong>tendat</strong></span> <span class='ocrx_word' id='word_1_111' title='bbox 709 627 741 653; x_wconf 88' lang='lat' dir='ltr'><strong>ad</strong></span> <span class='ocrx_word' id='word_1_112' title='bbox 757 627 839 653; x_wconf 87' lang='lat' dir='ltr'><strong>Deum</strong></span> <span class='ocrx_word' id='word_1_113' title='bbox 851 626 1026 659; x_wconf 68' lang='lat' dir='ltr'><strong>caelestiaque</strong></span> 
     </span>
    </p>
   </div>
   <div class='ocr_carea' id='block_1_17' title="bbox 243 661 1027 696">
    <p class='ocr_par' dir='ltr' id='par_1_17' title="bbox 243 661 1027 696">
     <span class='ocr_line' id='line_1_17' title="bbox 243 661 1027 696; baseline -0.004 -7"><span class='ocrx_word' id='word_1_114' title='bbox 243 663 429 689; x_wconf 83' lang='lat' dir='ltr'><strong>transcendat.</strong></span> <span class='ocrx_word' id='word_1_115' title='bbox 466 661 516 693; x_wconf 89' lang='lat' dir='ltr'><strong>Ita,</strong></span> <span class='ocrx_word' id='word_1_116' title='bbox 528 661 789 696; x_wconf 75' lang='lat' dir='ltr'><strong>inquitClemens“,</strong></span> <span class='ocrx_word' id='word_1_117' title='bbox 799 661 919 696; x_wconf 80' lang='lat' dir='ltr'><strong>perferte</strong></span> <span class='ocrx_word' id='word_1_118' title='bbox 933 668 1027 694; x_wconf 76' lang='lat' dir='ltr'><strong>ignos-</strong></span> 
     </span>
    </p>
   </div>
   <div class='ocr_carea' id='block_1_18' title="bbox 243 695 1026 730">
    <p class='ocr_par' dir='ltr' id='par_1_18' title="bbox 243 695 1026 730">
     <span class='ocr_line' id='line_1_18' title="bbox 243 695 1026 730; baseline -0.001 -7"><span class='ocrx_word' id='word_1_119' title='bbox 243 698 312 724; x_wconf 87' lang='lat' dir='ltr'><strong>ticus</strong></span> <span class='ocrx_word' id='word_1_120' title='bbox 328 707 337 723; x_wconf 68' lang='grc' dir='ltr'><strong>ι</strong></span> <span class='ocrx_word' id='word_1_121' title='bbox 350 697 424 728; x_wconf 86' lang='lat' dir='ltr'><strong>vivit,</strong></span> <span class='ocrx_word' id='word_1_122' title='bbox 434 704 508 730; x_wconf 84' lang='lat' dir='ltr'><strong>spem</strong></span> <span class='ocrx_word' id='word_1_123' title='bbox 517 704 576 722; x_wconf 92' lang='lat' dir='ltr'><strong>cuin</strong></span> <span class='ocrx_word' id='word_1_124' title='bbox 586 695 636 722; x_wconf 92' lang='lat' dir='ltr'><strong>ﬁde</strong></span> <span class='ocrx_word' id='word_1_125' title='bbox 645 697 676 722; x_wconf 76' lang='lat' dir='ltr'><strong>ad</strong></span> <span class='ocrx_word' id='word_1_126' title='bbox 686 695 835 723; x_wconf 82' lang='lat' dir='ltr'><strong>futurorum</strong></span> <span class='ocrx_word' id='word_1_127' title='bbox 844 696 1026 729; x_wconf 81' lang='lat' dir='ltr'><strong>exspectatio-</strong></span> 
     </span>
    </p>
   </div>
   <div class='ocr_carea' id='block_1_19' title="bbox 245 731 1025 765">
    <p class='ocr_par' dir='ltr' id='par_1_19' title="bbox 245 731 1025 765">
     <span class='ocr_line' id='line_1_19' title="bbox 245 731 1025 765; baseline -0.004 -7"><span class='ocrx_word' id='word_1_128' title='bbox 245 740 307 759; x_wconf 88' lang='lat' dir='ltr'><strong>nem</strong></span> <span class='ocrx_word' id='word_1_129' title='bbox 322 732 498 763; x_wconf 89' lang='lat' dir='ltr'><strong>commiscet,</strong></span> <span class='ocrx_word' id='word_1_130' title='bbox 516 735 597 765; x_wconf 90' lang='lat' dir='ltr'><strong>atque</strong></span> <span class='ocrx_word' id='word_1_131' title='bbox 611 731 739 764; x_wconf 82' lang='lat' dir='ltr'><strong>operibus</strong></span> <span class='ocrx_word' id='word_1_132' title='bbox 754 731 934 765; x_wconf 77' lang='lat' dir='ltr'><strong>cognitionem</strong></span> <span class='ocrx_word' id='word_1_133' title='bbox 953 738 1025 757; x_wconf 88' lang='lat' dir='ltr'><strong>sein-</strong></span> 
     </span>
    </p>
   </div>
   <div class='ocr_carea' id='block_1_20' title="bbox 242 766 1024 800">
    <p class='ocr_par' dir='ltr' id='par_1_20' title="bbox 242 766 1024 800">
     <span class='ocr_line' id='line_1_20' title="bbox 242 766 1024 800; baseline -0.003 -7"><span class='ocrx_word' id='word_1_134' title='bbox 242 774 292 798; x_wconf 78' lang='lat' dir='ltr'><strong>per</strong></span> <span class='ocrx_word' id='word_1_135' title='bbox 319 766 549 800; x_wconf 77' lang='lat' dir='ltr'><strong>subsequentibus</strong></span> <span class='ocrx_word' id='word_1_136' title='bbox 577 766 667 792; x_wconf 90' lang='lat' dir='ltr'><strong>divina</strong></span> <span class='ocrx_word' id='word_1_137' title='bbox 696 766 824 792; x_wconf 85' lang='lat' dir='ltr'><strong>mandata</strong></span> <span class='ocrx_word' id='word_1_138' title='bbox 855 766 1024 798; x_wconf 68' lang='lat' dir='ltr'><strong>exsequitur.</strong></span> 
     </span>
    </p>
   </div>
   <div class='ocr_carea' id='block_1_21' title="bbox 242 800 1027 835">
    <p class='ocr_par' dir='ltr' id='par_1_21' title="bbox 242 800 1027 835">
     <span class='ocr_line' id='line_1_21' title="bbox 242 800 1027 835; baseline -0.004 -7"><span class='ocrx_word' id='word_1_139' title='bbox 242 800 320 828; x_wconf 82' lang='lat' dir='ltr'><strong>Nullo</strong></span> <span class='ocrx_word' id='word_1_140' title='bbox 335 805 424 828; x_wconf 88' lang='lat' dir='ltr'><strong>autem</strong></span> <span class='ocrx_word' id='word_1_141' title='bbox 441 808 506 827; x_wconf 86' lang='lat' dir='ltr'><strong>casu</strong></span> <span class='ocrx_word' id='word_1_142' title='bbox 523 801 566 827; x_wconf 89' lang='lat' dir='ltr'><strong>ille</strong></span> <span class='ocrx_word' id='word_1_143' title='bbox 579 800 755 827; x_wconf 82' lang='lat' dir='ltr'><strong>conturbatus</strong></span> <span class='ocrx_word' id='word_1_144' title='bbox 766 821 772 831; x_wconf 88' lang='grc'><em>,</em></span> <span class='ocrx_word' id='word_1_145' title='bbox 789 808 820 827; x_wconf 87' lang='lat' dir='ltr'><strong>ac</strong></span> <span class='ocrx_word' id='word_1_146' title='bbox 834 808 975 835; x_wconf 84' lang='lat' dir='ltr'><strong>nunquam</strong></span> <span class='ocrx_word' id='word_1_147' title='bbox 985 800 1027 832; x_wconf 87' lang='lat' dir='ltr'><strong>ju-</strong></span> 
     </span>
    </p>
   </div>
   <div class='ocr_carea' id='block_1_22' title="bbox 242 834 1025 869">
    <p class='ocr_par' dir='ltr' id='par_1_22' title="bbox 242 834 1025 869">
     <span class='ocr_line' id='line_1_22' title="bbox 242 834 1025 869; baseline -0.001 -7"><span class='ocrx_word' id='word_1_148' title='bbox 242 837 359 862; x_wconf 88' lang='lat' dir='ltr'><strong>cundum</strong></span> <span class='ocrx_word' id='word_1_149' title='bbox 376 842 404 863; x_wconf 90' lang='lat' dir='ltr'><strong>et</strong></span> <span class='ocrx_word' id='word_1_150' title='bbox 418 836 484 862; x_wconf 84' lang='lat' dir='ltr'><strong>utile</strong></span> <span class='ocrx_word' id='word_1_151' title='bbox 498 835 589 861; x_wconf 90' lang='lat' dir='ltr'><strong>divino</strong></span> <span class='ocrx_word' id='word_1_152' title='bbox 603 836 717 862; x_wconf 82' lang='lat' dir='ltr'><strong>consilio</strong></span> <span class='ocrx_word' id='word_1_153' title='bbox 732 834 913 869; x_wconf 77' lang='lat' dir='ltr'><strong>anteponens,</strong></span> <span class='ocrx_word' id='word_1_154' title='bbox 928 836 956 861; x_wconf 89' lang='lat' dir='ltr'><strong>lit</strong></span> <span class='ocrx_word' id='word_1_155' title='bbox 969 834 1025 861; x_wconf 87' lang='lat' dir='ltr'><strong>Deo</strong></span> 
     </span>
    </p>
   </div>
   <div class='ocr_carea' id='block_1_23' title="bbox 242 870 1024 904">
    <p class='ocr_par' dir='ltr' id='par_1_23' title="bbox 242 870 1024 904">
     <span class='ocr_line' id='line_1_23' title="bbox 242 870 1024 904; baseline -0.001 -7"><span class='ocrx_word' id='word_1_156' title='bbox 242 878 390 904; x_wconf 74' lang='lat' dir='ltr'><strong>acceptus.</strong></span> <span class='ocrx_word' id='word_1_157' title='bbox 414 870 568 904; x_wconf 89' lang='lat' dir='ltr'><strong>mundoque</strong></span> <span class='ocrx_word' id='word_1_158' title='bbox 593 870 747 897; x_wconf 79' lang='lat' dir='ltr'><strong>laudabilis.</strong></span> <span class='ocrx_word' id='word_1_159' title='bbox 771 870 891 904; x_wconf 86' lang='lat' dir='ltr'><strong>Denique</strong></span> <span class='ocrx_word' id='word_1_160' title='bbox 908 871 934 896; x_wconf 93' lang='lat' dir='ltr'><strong>in</strong></span> <span class='ocrx_word' id='word_1_161' title='bbox 953 870 1024 896; x_wconf 90' lang='lat' dir='ltr'><strong>bono</strong></span> 
     </span>
    </p>
   </div>
   <div class='ocr_carea' id='block_1_24' title="bbox 1077 273 1862 311">
    <p class='ocr_par' dir='ltr' id='par_1_24' title="bbox 1077 273 1862 311">
     <span class='ocr_line' id='line_1_24' title="bbox 1077 273 1862 311; baseline -0.005 -8"><span class='ocrx_word' id='word_1_162' title='bbox 1077 277 1184 304; x_wconf 92' lang='lat' dir='ltr'><strong>illorum</strong></span> <span class='ocrx_word' id='word_1_163' title='bbox 1198 273 1307 311; x_wconf 83' lang='lat' dir='ltr'><strong>scriptis</strong></span> <span class='ocrx_word' id='word_1_164' title='bbox 1323 275 1487 311; x_wconf 52' lang='lat' dir='ltr'><strong>certissima}</strong></span> <span class='ocrx_word' id='word_1_165' title='bbox 1503 274 1583 311; x_wconf 76' lang='lat'><strong>133</strong></span> <span class='ocrx_word' id='word_1_166' title='bbox 1602 278 1744 311; x_wconf 62' lang='lat' dir='ltr'><strong>eruuntur:</strong></span> <span class='ocrx_word' id='word_1_167' title='bbox 1759 273 1862 299; x_wconf 86' lang='lat' dir='ltr'><strong>demon-</strong></span> 
     </span>
    </p>
   </div>
   <div class='ocr_carea' id='block_1_25' title="bbox 1075 307 1860 346">
    <p class='ocr_par' dir='ltr' id='par_1_25' title="bbox 1075 307 1860 346">
     <span class='ocr_line' id='line_1_25' title="bbox 1075 307 1860 346; baseline -0.005 -7"><span class='ocrx_word' id='word_1_168' title='bbox 1075 313 1223 339; x_wconf 79' lang='lat' dir='ltr'><strong>Strationes</strong></span> <span class='ocrx_word' id='word_1_169' title='bbox 1233 332 1241 345; x_wconf 87' lang='lat'><strong>,</strong></span> <span class='ocrx_word' id='word_1_170' title='bbox 1254 307 1337 346; x_wconf 77' lang='lat' dir='ltr'><strong>atque</strong></span> <span class='ocrx_word' id='word_1_171' title='bbox 1349 311 1383 338; x_wconf 90' lang='lat' dir='ltr'><strong>iis</strong></span> <span class='ocrx_word' id='word_1_172' title='bbox 1394 311 1462 337; x_wconf 88' lang='lat' dir='ltr'><strong>liunt</strong></span> <span class='ocrx_word' id='word_1_173' title='bbox 1475 307 1611 336; x_wconf 59' lang='lat' dir='ltr'><strong>ﬁdEIEs&#39;ac</strong></span> <span class='ocrx_word' id='word_1_174' title='bbox 1625 307 1746 343; x_wconf 71' lang='lat' dir='ltr'><strong>perfecti</strong></span> <span class='ocrx_word' id='word_1_175' title='bbox 1776 317 1786 333; x_wconf 78' lang='lat' dir='ltr'><strong>t</strong></span> <span class='ocrx_word' id='word_1_176' title='bbox 1803 316 1860 342; x_wconf 79' lang='lat' dir='ltr'><strong>gno-</strong></span> 
     </span>
    </p>
   </div>
   <div class='ocr_carea' id='block_1_26' title="bbox 1077 348 1215 374">
    <p class='ocr_par' dir='ltr' id='par_1_26' title="bbox 1077 348 1215 374">
     <span class='ocr_line' id='line_1_26' title="bbox 1077 348 1215 374; baseline -0.007 0"><span class='ocrx_word' id='word_1_177' title='bbox 1077 348 1138 374; x_wconf 90' lang='lat' dir='ltr'><strong>stici</strong></span> <span class='ocrx_word' id='word_1_178' title='bbox 1156 348 1189 374; x_wconf 63' lang='lat'><strong>&#39;8.</strong></span> <span class='ocrx_word' id='word_1_179' title='bbox 1206 357 1215 373; x_wconf 73' lang='grc' dir='ltr'><strong>ι</strong></span> 
     </span>
    </p>
   </div>
   <div class='ocr_carea' id='block_1_27' title="bbox 1114 379 1859 411">
    <p class='ocr_par' dir='ltr' id='par_1_27' title="bbox 1114 379 1859 411">
     <span class='ocr_line' id='line_1_27' title="bbox 1114 379 1859 411; baseline -0.008 -2"><span class='ocrx_word' id='word_1_180' title='bbox 1114 382 1215 409; x_wconf 86' lang='lat' dir='ltr'><strong>Deinde</strong></span> <span class='ocrx_word' id='word_1_181' title='bbox 1233 386 1328 408; x_wconf 85' lang='lat' dir='ltr'><strong>auctor</strong></span> <span class='ocrx_word' id='word_1_182' title='bbox 1348 385 1442 406; x_wconf 84' lang='lat' dir='ltr'><strong>noster</strong></span> <span class='ocrx_word' id='word_1_183' title='bbox 1462 384 1556 407; x_wconf 81' lang='lat' dir='ltr'><strong>narrat</strong></span> <span class='ocrx_word' id='word_1_184' title='bbox 1573 379 1716 411; x_wconf 88' lang='lat' dir='ltr'><strong>quomodo</strong></span> <span class='ocrx_word' id='word_1_185' title='bbox 1737 383 1766 404; x_wconf 84' lang='lat' dir='ltr'><strong>et</strong></span> <span class='ocrx_word' id='word_1_186' title='bbox 1784 385 1859 411; x_wconf 81' lang='lat' dir='ltr'><strong>quam</strong></span> 
     </span>
    </p>
   </div>
   <div class='ocr_carea' id='block_1_28' title="bbox 1075 413 1862 451">
    <p class='ocr_par' dir='ltr' id='par_1_28' title="bbox 1075 413 1862 451">
     <span class='ocr_line' id='line_1_28' title="bbox 1075 413 1862 451; baseline -0.008 -7"><span class='ocrx_word' id='word_1_187' title='bbox 1075 425 1205 451; x_wconf 77' lang='lat' dir='ltr'><strong>perverse</strong></span> <span class='ocrx_word' id='word_1_188' title='bbox 1223 415 1341 444; x_wconf 70' lang='lat' dir='ltr'><strong>limretici</strong></span> <span class='ocrx_word' id='word_1_189' title='bbox 1359 416 1456 442; x_wconf 82' lang='lat' dir='ltr'><strong>iisdem</strong></span> <span class='ocrx_word' id='word_1_190' title='bbox 1472 415 1560 451; x_wconf 83' lang='lat' dir='ltr'><strong>sacris</strong></span> <span class='ocrx_word' id='word_1_191' title='bbox 1580 413 1739 451; x_wconf 68' lang='lat' dir='ltr'><strong>scripturis</strong></span> <span class='ocrx_word' id='word_1_192' title='bbox 1755 413 1862 438; x_wconf 82' lang='lat' dir='ltr'><strong>abutan-</strong></span> 
     </span>
    </p>
   </div>
   <div class='ocr_carea' id='block_1_29' title="bbox 1078 448 1862 484">
    <p class='ocr_par' dir='ltr' id='par_1_29' title="bbox 1078 448 1862 484">
     <span class='ocr_line' id='line_1_29' title="bbox 1078 448 1862 484; baseline -0.006 -6"><span class='ocrx_word' id='word_1_193' title='bbox 1078 448 1131 482; x_wconf 82' lang='lat' dir='ltr'><strong>iur.</strong></span> <span class='ocrx_word' id='word_1_194' title='bbox 1148 459 1180 478; x_wconf 80' lang='lat' dir='ltr'><strong>ac</strong></span> <span class='ocrx_word' id='word_1_195' title='bbox 1197 453 1288 478; x_wconf 90' lang='lat' dir='ltr'><strong>inanis</strong></span> <span class='ocrx_word' id='word_1_196' title='bbox 1303 451 1445 484; x_wconf 59' lang='lat' dir='ltr'><strong>sapientiae</strong></span> <span class='ocrx_word' id='word_1_197' title='bbox 1460 450 1588 484; x_wconf 90' lang='lat' dir='ltr'><strong>opinione</strong></span> <span class='ocrx_word' id='word_1_198' title='bbox 1605 448 1703 480; x_wconf 81' lang='lat' dir='ltr'><strong>inflati,</strong></span> <span class='ocrx_word' id='word_1_199' title='bbox 1721 453 1862 484; x_wconf 82' lang='lat' dir='ltr'><strong>perpetuo-</strong></span> 
     </span>
    </p>
   </div>
   <div class='ocr_carea' id='block_1_30' title="bbox 1077 482 1861 521">
    <p class='ocr_par' dir='ltr' id='par_1_30' title="bbox 1077 482 1861 521">
     <span class='ocr_line' id='line_1_30' title="bbox 1077 482 1861 521; baseline -0.005 -9"><span class='ocrx_word' id='word_1_200' title='bbox 1077 495 1129 520; x_wconf 88' lang='lat' dir='ltr'><strong>que</strong></span> <span class='ocrx_word' id='word_1_201' title='bbox 1142 508 1150 519; x_wconf 83' lang='lat'><strong>,</strong></span> <span class='ocrx_word' id='word_1_202' title='bbox 1169 487 1215 513; x_wconf 85' lang='lat' dir='ltr'><strong>sed</strong></span> <span class='ocrx_word' id='word_1_203' title='bbox 1231 482 1372 521; x_wconf 81' lang='lat' dir='ltr'><strong>perperam</strong></span> <span class='ocrx_word' id='word_1_204' title='bbox 1389 482 1540 521; x_wconf 70' lang='lat' dir='ltr'><strong>litigantes.</strong></span> <span class='ocrx_word' id='word_1_205' title='bbox 1556 492 1667 521; x_wconf 65' lang='lat' dir='ltr'><strong>omnem</strong></span> <span class='ocrx_word' id='word_1_206' title='bbox 1685 487 1814 510; x_wconf 82' lang='lat' dir='ltr'><strong>moveant</strong></span> <span class='ocrx_word' id='word_1_207' title='bbox 1826 482 1861 508; x_wconf 81' lang='lat' dir='ltr'><strong>la-</strong></span> 
     </span>
    </p>
   </div>
   <div class='ocr_carea' id='block_1_31' title="bbox 1077 517 1861 555">
    <p class='ocr_par' dir='ltr' id='par_1_31' title="bbox 1077 517 1861 555">
     <span class='ocr_line' id='line_1_31' title="bbox 1077 517 1861 555; baseline -0.004 -9"><span class='ocrx_word' id='word_1_208' title='bbox 1077 517 1166 555; x_wconf 77' lang='lat' dir='ltr'><strong>pidein</strong></span> <span class='ocrx_word' id='word_1_209' title='bbox 1177 542 1184 553; x_wconf 88' lang='lat'><strong>,</strong></span> <span class='ocrx_word' id='word_1_210' title='bbox 1202 517 1237 548; x_wconf 71' lang='lat' dir='ltr'><strong>ne</strong></span> <span class='ocrx_word' id='word_1_211' title='bbox 1253 529 1268 548; x_wconf 83' lang='lat' dir='ltr'><strong>a</strong></span> <span class='ocrx_word' id='word_1_212' title='bbox 1281 517 1353 547; x_wconf 57' lang='lat' dir='ltr'><strong>&#39;scde</strong></span> <span class='ocrx_word' id='word_1_213' title='bbox 1369 528 1416 547; x_wconf 85' lang='lat' dir='ltr'><strong>sua</strong></span> <span class='ocrx_word' id='word_1_214' title='bbox 1432 520 1621 546; x_wconf 84' lang='lat' dir='ltr'><strong>deturbentur.</strong></span> <span class='ocrx_word' id='word_1_215' title='bbox 1645 517 1717 545; x_wconf 89' lang='lat' dir='ltr'><strong>Tum</strong></span> <span class='ocrx_word' id='word_1_216' title='bbox 1738 525 1806 544; x_wconf 80' lang='lat' dir='ltr'><strong>vero</strong></span> <span class='ocrx_word' id='word_1_217' title='bbox 1821 525 1861 544; x_wconf 78' lang='lat' dir='ltr'><strong>ex-</strong></span> 
     </span>
    </p>
   </div>
   <div class='ocr_carea' id='block_1_32' title="bbox 1076 555 1860 590">
    <p class='ocr_par' dir='ltr' id='par_1_32' title="bbox 1076 555 1860 590">
     <span class='ocr_line' id='line_1_32' title="bbox 1076 555 1860 590; baseline -0.004 -7"><span class='ocrx_word' id='word_1_218' title='bbox 1076 556 1160 590; x_wconf 80' lang='lat' dir='ltr'><strong>plicat</strong></span> <span class='ocrx_word' id='word_1_219' title='bbox 1178 564 1258 589; x_wconf 89' lang='lat' dir='ltr'><strong>quam</strong></span> <span class='ocrx_word' id='word_1_220' title='bbox 1278 555 1386 582; x_wconf 84' lang='lat' dir='ltr'><strong>diﬁicile</strong></span> <span class='ocrx_word' id='word_1_221' title='bbox 1407 555 1444 582; x_wconf 89' lang='lat' dir='ltr'><strong>sit</strong></span> <span class='ocrx_word' id='word_1_222' title='bbox 1459 562 1552 581; x_wconf 87' lang='lat' dir='ltr'><strong>eorum</strong></span> <span class='ocrx_word' id='word_1_223' title='bbox 1569 559 1668 580; x_wconf 87' lang='lat' dir='ltr'><strong>sanare</strong></span> <span class='ocrx_word' id='word_1_224' title='bbox 1686 560 1817 590; x_wconf 21' lang='lat' dir='ltr'><strong>errores»,</strong></span> <span class='ocrx_word' id='word_1_225' title='bbox 1832 560 1860 580; x_wconf 81' lang='lat' dir='ltr'><strong>ac</strong></span> 
     </span>
    </p>
   </div>
   <div class='ocr_carea' id='block_1_33' title="bbox 1077 588 1861 624">
    <p class='ocr_par' dir='ltr' id='par_1_33' title="bbox 1077 588 1861 624">
     <span class='ocr_line' id='line_1_33' title="bbox 1077 588 1861 624; baseline -0.006 -6"><span class='ocrx_word' id='word_1_226' title='bbox 1077 588 1213 624; x_wconf 77' lang='lat' dir='ltr'><strong>quomodo</strong></span> <span class='ocrx_word' id='word_1_227' title='bbox 1233 591 1339 617; x_wconf 93' lang='lat' dir='ltr'><strong>tandem</strong></span> <span class='ocrx_word' id='word_1_228' title='bbox 1361 591 1394 617; x_wconf 86' lang='lat' dir='ltr'><strong>ad</strong></span> <span class='ocrx_word' id='word_1_229' title='bbox 1411 590 1533 616; x_wconf 87' lang='lat' dir='ltr'><strong>veritatis</strong></span> <span class='ocrx_word' id='word_1_230' title='bbox 1548 589 1619 615; x_wconf 85' lang='lat' dir='ltr'><strong>viam</strong></span> <span class='ocrx_word' id='word_1_231' title='bbox 1637 589 1747 623; x_wconf 85' lang='lat' dir='ltr'><strong>possint</strong></span> <span class='ocrx_word' id='word_1_232' title='bbox 1762 588 1861 614; x_wconf 86' lang='lat' dir='ltr'><strong>reduci.</strong></span> 
     </span>
    </p>
   </div>
   <div class='ocr_carea' id='block_1_34' title="bbox 1083 624 1860 660">
    <p class='ocr_par' dir='ltr' id='par_1_34' title="bbox 1083 624 1860 660">
     <span class='ocr_line' id='line_1_34' title="bbox 1083 624 1860 660; baseline -0.005 -8"><span class='ocrx_word' id='word_1_233' title='bbox 1083 627 1117 652; x_wconf 82' lang='lat' dir='ltr'><strong>At</strong></span> <span class='ocrx_word' id='word_1_234' title='bbox 1136 626 1363 660; x_wconf 86' lang='lat' dir='ltr'><strong>quemadmodum</strong></span> <span class='ocrx_word' id='word_1_235' title='bbox 1384 629 1478 659; x_wconf 78' lang='lat' dir='ltr'><strong>gentes</strong></span> <span class='ocrx_word' id='word_1_236' title='bbox 1498 625 1525 651; x_wconf 94' lang='lat' dir='ltr'><strong>in</strong></span> <span class='ocrx_word' id='word_1_237' title='bbox 1540 624 1725 660; x_wconf 77' lang='lat' dir='ltr'><strong>ignoratione,</strong></span> <span class='ocrx_word' id='word_1_238' title='bbox 1746 628 1781 660; x_wconf 25' lang='lat' dir='ltr'><strong>et»</strong></span> <span class='ocrx_word' id='word_1_239' title='bbox 1796 630 1860 660; x_wconf 69' lang='lat' dir='ltr'><strong>vene</strong></span> 
     </span>
    </p>
   </div>
   <div class='ocr_carea' id='block_1_35' title="bbox 1078 658 1860 695">
    <p class='ocr_par' dir='ltr' id='par_1_35' title="bbox 1078 658 1860 695">
     <span class='ocr_line' id='line_1_35' title="bbox 1078 658 1860 695; baseline -0.006 -7"><span class='ocrx_word' id='word_1_240' title='bbox 1078 658 1198 695; x_wconf 76' lang='lat' dir='ltr'><strong>discipuli</strong></span> <span class='ocrx_word' id='word_1_241' title='bbox 1220 661 1349 688; x_wconf 71' lang='lat' dir='ltr'><strong>Ecclesia:</strong></span> <span class='ocrx_word' id='word_1_242' title='bbox 1369 658 1395 686; x_wconf 81' lang='lat' dir='ltr'><strong>iii</strong></span> <span class='ocrx_word' id='word_1_243' title='bbox 1417 658 1606 691; x_wconf 37' lang='lat' dir='ltr'><strong>scientia,’ita</strong></span> <span class='ocrx_word' id='word_1_244' title='bbox 1626 659 1664 684; x_wconf 91' lang='lat' dir='ltr'><strong>illi</strong></span> <span class='ocrx_word' id='word_1_245' title='bbox 1686 659 1714 695; x_wconf 93' lang='lat' dir='ltr'><strong>i_ii</strong></span> <span class='ocrx_word' id='word_1_246' title='bbox 1735 658 1860 691; x_wconf 78' lang='lat' dir='ltr'><strong>opinione</strong></span> 
     </span>
    </p>
   </div>
   <div class='ocr_carea' id='block_1_36' title="bbox 1077 693 1859 728">
    <p class='ocr_par' dir='ltr' id='par_1_36' title="bbox 1077 693 1859 728">
     <span class='ocr_line' id='line_1_36' title="bbox 1077 693 1859 728; baseline -0.005 -7"><span class='ocrx_word' id='word_1_247' title='bbox 1077 693 1222 723; x_wconf 75' lang='lat' dir='ltr'><strong>versantur</strong></span> <span class='ocrx_word' id='word_1_248' title='bbox 1238 696 1273 722; x_wconf 79' lang='lat'><strong>”.</strong></span> <span class='ocrx_word' id='word_1_249' title='bbox 1294 695 1397 721; x_wconf 81' lang='lat' dir='ltr'><strong>Nullam</strong></span> <span class='ocrx_word' id='word_1_250' title='bbox 1419 695 1501 728; x_wconf 79' lang='lat' dir='ltr'><strong>igitur</strong></span> <span class='ocrx_word' id='word_1_251' title='bbox 1516 693 1783 721; x_wconf 85' lang='lat' dir='ltr'><strong>demonstrationem</strong></span> <span class='ocrx_word' id='word_1_252' title='bbox 1802 700 1859 718; x_wconf 83' lang='lat' dir='ltr'><strong>cum</strong></span> 
     </span>
    </p>
   </div>
   <div class='ocr_carea' id='block_1_37' title="bbox 1078 727 1859 763">
    <p class='ocr_par' dir='ltr' id='par_1_37' title="bbox 1078 727 1859 763">
     <span class='ocr_line' id='line_1_37' title="bbox 1078 727 1859 763; baseline -0.005 -7"><span class='ocrx_word' id='word_1_253' title='bbox 1078 731 1159 758; x_wconf 92' lang='lat' dir='ltr'><strong>iidem</strong></span> <span class='ocrx_word' id='word_1_254' title='bbox 1180 731 1298 758; x_wconf 49' lang='lat' dir='ltr'><strong>haeretici</strong></span> <span class='ocrx_word' id='word_1_255' title='bbox 1320 730 1420 757; x_wconf 87' lang='lat' dir='ltr'><strong>habere</strong></span> <span class='ocrx_word' id='word_1_256' title='bbox 1432 727 1560 763; x_wconf 77' lang='lat' dir='ltr'><strong>possint,</strong></span> <span class='ocrx_word' id='word_1_257' title='bbox 1580 737 1641 755; x_wconf 79' lang='lat' dir='ltr'><strong>sese</strong></span> <span class='ocrx_word' id='word_1_258' title='bbox 1660 728 1781 755; x_wconf 83' lang='lat' dir='ltr'><strong>invicem</strong></span> <span class='ocrx_word' id='word_1_259' title='bbox 1802 727 1859 753; x_wconf 90' lang='lat' dir='ltr'><strong>irri-</strong></span> 
     </span>
    </p>
   </div>
   <div class='ocr_carea' id='block_1_38' title="bbox 1078 763 1860 800">
    <p class='ocr_par' dir='ltr' id='par_1_38' title="bbox 1078 763 1860 800">
     <span class='ocr_line' id='line_1_38' title="bbox 1078 763 1860 800; baseline -0.005 -8"><span class='ocrx_word' id='word_1_260' title='bbox 1078 767 1159 798; x_wconf 87' lang='lat' dir='ltr'><strong>dent,</strong></span> <span class='ocrx_word' id='word_1_261' title='bbox 1176 766 1328 800; x_wconf 85' lang='lat' dir='ltr'><strong>despiciunt</strong></span> <span class='ocrx_word' id='word_1_262' title='bbox 1347 770 1373 792; x_wconf 87' lang='lat' dir='ltr'><strong>et</strong></span> <span class='ocrx_word' id='word_1_263' title='bbox 1388 765 1582 800; x_wconf 85' lang='lat' dir='ltr'><strong>condemnant.</strong></span> <span class='ocrx_word' id='word_1_264' title='bbox 1601 764 1736 800; x_wconf 76' lang='lat' dir='ltr'><strong>Quocirca</strong></span> <span class='ocrx_word' id='word_1_265' title='bbox 1755 763 1860 800; x_wconf 71' lang='lat' dir='ltr'><strong>lll_(‘0|l-</strong></span> 
     </span>
    </p>
   </div>
   <div class='ocr_carea' id='block_1_39' title="bbox 1078 798 1858 834">
    <p class='ocr_par' dir='ltr' id='par_1_39' title="bbox 1078 798 1858 834">
     <span class='ocr_line' id='line_1_39' title="bbox 1078 798 1858 834; baseline -0.006 -7"><span class='ocrx_word' id='word_1_266' title='bbox 1078 798 1247 833; x_wconf 50' lang='lat' dir='ltr'><strong>tentiouem&#39;,</strong></span> <span class='ocrx_word' id='word_1_267' title='bbox 1267 800 1367 834; x_wconf 78' lang='lat' dir='ltr'><strong>pagani</strong></span> <span class='ocrx_word' id='word_1_268' title='bbox 1389 799 1551 833; x_wconf 79' lang='lat' dir='ltr'><strong>voluptatein</strong></span> <span class='ocrx_word' id='word_1_269' title='bbox 1565 818 1572 829; x_wconf 84' lang='lat'><strong>.</strong></span> <span class='ocrx_word' id='word_1_270' title='bbox 1594 799 1689 834; x_wconf 79' lang='lat' dir='ltr'><strong>ﬁdeles</strong></span> <span class='ocrx_word' id='word_1_271' title='bbox 1708 798 1858 834; x_wconf 71' lang='lat' dir='ltr'><strong>gaudium,</strong></span> 
     </span>
    </p>
   </div>
   <div class='ocr_carea' id='block_1_40' title="bbox 1077 833 1859 870">
    <p class='ocr_par' dir='ltr' id='par_1_40' title="bbox 1077 833 1859 870">
     <span class='ocr_line' id='line_1_40' title="bbox 1077 833 1859 870; baseline -0.005 -9"><span class='ocrx_word' id='word_1_272' title='bbox 1077 840 1103 862; x_wconf 91' lang='lat' dir='ltr'><strong>et</strong></span> <span class='ocrx_word' id='word_1_273' title='bbox 1119 845 1128 861; x_wconf 86' lang='lat'><strong>(</strong></span> <span class='ocrx_word' id='word_1_274' title='bbox 1145 833 1286 870; x_wconf 23' lang='lat' dir='ltr'><strong>gnostici’)</strong></span> <span class='ocrx_word' id='word_1_275' title='bbox 1302 833 1471 870; x_wconf 78' lang='grc' dir='ltr'><strong>ἐὺφροσύνην</strong></span> <span class='ocrx_word' id='word_1_276' title='bbox 1491 839 1638 870; x_wconf 75' lang='lat' dir='ltr'><strong>sectantur</strong></span> <span class='ocrx_word' id='word_1_277' title='bbox 1650 833 1683 859; x_wconf 82' lang='lat'><strong>“.</strong></span> <span class='ocrx_word' id='word_1_278' title='bbox 1705 833 1785 870; x_wconf 69' lang='lat' dir='ltr'><strong>Quia</strong></span> <span class='ocrx_word' id='word_1_279' title='bbox 1801 840 1859 870; x_wconf 73' lang='lat' dir='ltr'><strong>vero</strong></span> 
     </span>
    </p>
   </div>
   <div class='ocr_carea' id='block_1_41' title="bbox 1078 843 1860 905">
    <p class='ocr_par' dir='ltr' id='par_1_41' title="bbox 1078 843 1860 905">
     <span class='ocr_line' id='line_1_41' title="bbox 1078 843 1859 870; baseline -0.004 -9"><span class='ocrx_word' id='word_1_280' title='bbox 1078 843 1103 862; x_wconf 89' lang='lat' dir='ltr'><strong>et</strong></span> <span class='ocrx_word' id='word_1_281' title='bbox 1119 845 1128 861; x_wconf 86' lang='lat'><strong>(</strong></span> <span class='ocrx_word' id='word_1_282' title='bbox 1145 843 1260 870; x_wconf 83' lang='lat' dir='ltr'><strong>gnostict</strong></span> <span class='ocrx_word' id='word_1_283' title='bbox 1276 845 1286 862; x_wconf 87' lang='grc'><strong>›</strong></span> <span class='ocrx_word' id='word_1_284' title='bbox 1302 843 1436 870; x_wconf 79' lang='grc' dir='ltr'><strong>ευφροσυν</strong></span> <span class='ocrx_word' id='word_1_285' title='bbox 1457 843 1471 861; x_wconf 85' lang='grc' dir='ltr'>ν</span> <span class='ocrx_word' id='word_1_286' title='bbox 1491 843 1631 860; x_wconf 85' lang='lat' dir='ltr'><strong>sectamur</strong></span> <span class='ocrx_word' id='word_1_287' title='bbox 1650 843 1683 859; x_wconf 84' lang='grc'><strong>--.</strong></span> <span class='ocrx_word' id='word_1_288' title='bbox 1705 843 1778 865; x_wconf 69' lang='grc' dir='ltr'>υυιςι</span> <span class='ocrx_word' id='word_1_289' title='bbox 1801 843 1859 859; x_wconf 78' lang='lat' dir='ltr'><strong>veru</strong></span> 
     </span>
     <span class='ocr_line' id='line_1_42' title="bbox 1078 843 1860 905; baseline -0.004 -9"><span class='ocrx_word' id='word_1_290' title='bbox 1078 872 1198 905; x_wconf 84' lang='lat' dir='ltr'><strong>magistri</strong></span> <span class='ocrx_word' id='word_1_291' title='bbox 1209 891 1217 902; x_wconf 84' lang='lat'><strong>.</strong></span> <span class='ocrx_word' id='word_1_292' title='bbox 1230 876 1259 898; x_wconf 91' lang='lat' dir='ltr'><strong>ut</strong></span> <span class='ocrx_word' id='word_1_293' title='bbox 1271 871 1396 897; x_wconf 88' lang='lat' dir='ltr'><strong>Clemens</strong></span> <span class='ocrx_word' id='word_1_294' title='bbox 1411 843 1566 905; x_wconf 53' lang='lat' dir='ltr'><strong>iiiiluctioue</strong></span> <span class='ocrx_word' id='word_1_295' title='bbox 1581 869 1681 902; x_wconf 83' lang='lat' dir='ltr'><strong>prohat</strong></span> <span class='ocrx_word' id='word_1_296' title='bbox 1692 888 1700 899; x_wconf 85' lang='lat'><strong>,</strong></span> <span class='ocrx_word' id='word_1_297' title='bbox 1715 867 1860 905; x_wconf 69' lang='lat' dir='ltr'><strong>discipulos</strong></span> 
     </span>
    </p>
   </div>
   <div class='ocr_carea' id='block_1_42' title="bbox 242 903 1859 939">
    <p class='ocr_par' dir='ltr' id='par_1_42' title="bbox 242 903 1859 939">
     <span class='ocr_line' id='line_1_43' title="bbox 242 903 1859 939; baseline -0.003 -7"><span class='ocrx_word' id='word_1_298' title='bbox 242 903 331 932; x_wconf 86' lang='lat' dir='ltr'><strong>rerum</strong></span> <span class='ocrx_word' id='word_1_299' title='bbox 350 903 548 932; x_wconf 84' lang='lat' dir='ltr'><strong>iiiundanaruin</strong></span> <span class='ocrx_word' id='word_1_300' title='bbox 564 913 613 932; x_wconf 88' lang='lat' dir='ltr'><strong>usu</strong></span> <span class='ocrx_word' id='word_1_301' title='bbox 637 905 690 931; x_wconf 91' lang='lat' dir='ltr'><strong>Deo</strong></span> <span class='ocrx_word' id='word_1_302' title='bbox 708 906 809 939; x_wconf 79' lang='lat' dir='ltr'><strong>gratias</strong></span> <span class='ocrx_word' id='word_1_303' title='bbox 823 903 955 939; x_wconf 76' lang='lat' dir='ltr'><strong>persolvit</strong></span> <span class='ocrx_word' id='word_1_304' title='bbox 966 926 974 936; x_wconf 85' lang='lat'><strong>.</strong></span> <span class='ocrx_word' id='word_1_305' title='bbox 998 909 1023 931; x_wconf 87' lang='lat' dir='ltr'><strong>et</strong></span> <span class='ocrx_word' id='word_1_306' title='bbox 1040 912 1062 939; x_wconf 79' lang='grc' dir='ltr'><strong>Β</strong></span> <span class='ocrx_word' id='word_1_307' title='bbox 1077 903 1134 932; x_wconf 76' lang='lat' dir='ltr'><strong>sibi</strong></span> <span class='ocrx_word' id='word_1_308' title='bbox 1147 906 1251 933; x_wconf 90' lang='lat' dir='ltr'><strong>similes</strong></span> <span class='ocrx_word' id='word_1_309' title='bbox 1267 905 1402 937; x_wconf 86' lang='lat' dir='ltr'><strong>elliciunt,</strong></span> <span class='ocrx_word' id='word_1_310' title='bbox 1420 905 1483 931; x_wconf 90' lang='lat' dir='ltr'><strong>inde</strong></span> <span class='ocrx_word' id='word_1_311' title='bbox 1498 904 1599 938; x_wconf 73' lang='lat' dir='ltr'><strong>colligit</strong></span> <span class='ocrx_word' id='word_1_312' title='bbox 1613 911 1675 929; x_wconf 86' lang='lat' dir='ltr'><strong>eum</strong></span> <span class='ocrx_word' id='word_1_313' title='bbox 1687 925 1694 934; x_wconf 79' lang='lat'><strong>,</strong></span> <span class='ocrx_word' id='word_1_314' title='bbox 1711 903 1758 937; x_wconf 93' lang='lat' dir='ltr'><strong>qui</strong></span> <span class='ocrx_word' id='word_1_315' title='bbox 1778 903 1859 928; x_wconf 78' lang='lat' dir='ltr'><strong>indi-</strong></span> 
     </span>
    </p>
   </div>
   <div class='ocr_carea' id='block_1_43' title="bbox 240 938 1024 974">
    <p class='ocr_par' dir='ltr' id='par_1_43' title="bbox 240 938 1024 974">
     <span class='ocr_line' id='line_1_44' title="bbox 240 938 1024 974; baseline -0.001 -7"><span class='ocrx_word' id='word_1_316' title='bbox 240 942 396 967; x_wconf 78' lang='lat' dir='ltr'><strong>Creatorem</strong></span> <span class='ocrx_word' id='word_1_317' title='bbox 409 940 561 966; x_wconf 83' lang='lat' dir='ltr'><strong>admiratur</strong></span> <span class='ocrx_word' id='word_1_318' title='bbox 571 960 577 969; x_wconf 86' lang='lat'><strong>.</strong></span> <span class='ocrx_word' id='word_1_319' title='bbox 592 949 600 964; x_wconf 80' lang='grc' dir='ltr'><strong>ι</strong></span> <span class='ocrx_word' id='word_1_320' title='bbox 611 941 674 974; x_wconf 82' lang='lat' dir='ltr'><strong>quia</strong></span> <span class='ocrx_word' id='word_1_321' title='bbox 687 938 746 973; x_wconf 82' lang='lat' dir='ltr'><strong>ejus</strong></span> <span class='ocrx_word' id='word_1_322' title='bbox 759 938 878 973; x_wconf 28' lang='lat' dir='ltr'><strong>ﬁiiis’per</strong></span> <span class='ocrx_word' id='word_1_323' title='bbox 888 940 1024 973; x_wconf 81' lang='lat' dir='ltr'><strong>operatio-</strong></span> 
     </span>
    </p>
   </div>
   <div class='ocr_carea' id='block_1_44' title="bbox 241 975 1023 1009">
    <p class='ocr_par' dir='ltr' id='par_1_44' title="bbox 241 975 1023 1009">
     <span class='ocr_line' id='line_1_45' title="bbox 241 975 1023 1009; baseline 0.001 -9"><span class='ocrx_word' id='word_1_324' title='bbox 241 983 302 1001; x_wconf 85' lang='lat' dir='ltr'><strong>nem</strong></span> <span class='ocrx_word' id='word_1_325' title='bbox 317 975 468 1009; x_wconf 80' lang='lat' dir='ltr'><strong>giiosticam</strong></span> <span class='ocrx_word' id='word_1_326' title='bbox 485 982 544 1008; x_wconf 63' lang='lat' dir='ltr'><strong>quae</strong></span> <span class='ocrx_word' id='word_1_327' title='bbox 560 976 588 1001; x_wconf 88' lang='lat' dir='ltr'><strong>lit</strong></span> <span class='ocrx_word' id='word_1_328' title='bbox 603 975 798 1001; x_wconf 84' lang='lat' dir='ltr'><strong>convenienter</strong></span> <span class='ocrx_word' id='word_1_329' title='bbox 813 975 949 1001; x_wconf 84' lang='lat' dir='ltr'><strong>mandatis</strong></span> <span class='ocrx_word' id='word_1_330' title='bbox 960 984 984 1006; x_wconf 76' lang='grc' dir='ltr'>,ι</span> <span class='ocrx_word' id='word_1_331' title='bbox 997 975 1023 1002; x_wconf 93' lang='lat' dir='ltr'><strong>in</strong></span> 
     </span>
    </p>
   </div>
   <div class='ocr_carea' id='block_1_45' title="bbox 242 1010 1023 1044">
    <p class='ocr_par' dir='ltr' id='par_1_45' title="bbox 242 1010 1023 1044">
     <span class='ocr_line' id='line_1_46' title="bbox 242 1010 1023 1044; baseline 0 -9"><span class='ocrx_word' id='word_1_332' title='bbox 242 1010 498 1044; x_wconf 82' lang='lat' dir='ltr'><strong>coiiteiiiplationeiu</strong></span> <span class='ocrx_word' id='word_1_333' title='bbox 512 1010 627 1041; x_wconf 72' lang='lat' dir='ltr'><strong>desinit,</strong></span> <span class='ocrx_word' id='word_1_334' title='bbox 642 1015 722 1044; x_wconf 83' lang='lat' dir='ltr'><strong>atque.</strong></span> <span class='ocrx_word' id='word_1_335' title='bbox 735 1010 835 1036; x_wconf 91' lang='lat' dir='ltr'><strong>idcirco</strong></span> <span class='ocrx_word' id='word_1_336' title='bbox 848 1015 908 1043; x_wconf 86' lang='lat' dir='ltr'><strong>post</strong></span> <span class='ocrx_word' id='word_1_337' title='bbox 920 1010 1023 1037; x_wconf 89' lang='lat' dir='ltr'><strong>obitum</strong></span> 
     </span>
    </p>
   </div>
   <div class='ocr_carea' id='block_1_46' title="bbox 242 1044 1024 1072">
    <p class='ocr_par' dir='ltr' id='par_1_46' title="bbox 242 1044 1024 1072">
     <span class='ocr_line' id='line_1_47' title="bbox 242 1044 1024 1072; baseline 0 -1"><span class='ocrx_word' id='word_1_338' title='bbox 242 1045 275 1071; x_wconf 87' lang='lat' dir='ltr'><strong>ad</strong></span> <span class='ocrx_word' id='word_1_339' title='bbox 297 1050 418 1071; x_wconf 88' lang='lat' dir='ltr'><strong>sanctam</strong></span> <span class='ocrx_word' id='word_1_340' title='bbox 450 1044 613 1071; x_wconf 80' lang='lat' dir='ltr'><strong>transfertur</strong></span> <span class='ocrx_word' id='word_1_341' title='bbox 643 1046 900 1072; x_wconf 83' lang='lat' dir='ltr'><strong>remunerationem.</strong></span> <span class='ocrx_word' id='word_1_342' title='bbox 961 1044 1024 1072; x_wconf 75' lang='lat' dir='ltr'><strong>lliec</strong></span> 
     </span>
    </p>
   </div>
   <div class='ocr_carea' id='block_1_47' title="bbox 241 1079 1024 1114">
    <p class='ocr_par' dir='ltr' id='par_1_47' title="bbox 241 1079 1024 1114">
     <span class='ocr_line' id='line_1_48' title="bbox 241 1079 1024 1114; baseline 0.003 -9"><span class='ocrx_word' id='word_1_343' title='bbox 241 1087 324 1110; x_wconf 86' lang='lat' dir='ltr'><strong>porro</strong></span> <span class='ocrx_word' id='word_1_344' title='bbox 349 1079 474 1106; x_wconf 82' lang='lat' dir='ltr'><strong>Clemens</strong></span> <span class='ocrx_word' id='word_1_345' title='bbox 489 1080 575 1106; x_wconf 85' lang='lat' dir='ltr'><strong>instar</strong></span> <span class='ocrx_word' id='word_1_346' title='bbox 591 1080 705 1106; x_wconf 85' lang='lat' dir='ltr'><strong>seminis</strong></span> <span class='ocrx_word' id='word_1_347' title='bbox 721 1080 754 1106; x_wconf 87' lang='lat' dir='ltr'><strong>de</strong></span> <span class='ocrx_word' id='word_1_348' title='bbox 776 1089 785 1106; x_wconf 77' lang='grc' dir='ltr'><strong>ι</strong></span> <span class='ocrx_word' id='word_1_349' title='bbox 801 1080 924 1114; x_wconf 81' lang='lat' dir='ltr'><strong>guostico</strong></span> <span class='ocrx_word' id='word_1_350' title='bbox 941 1089 950 1106; x_wconf 74' lang='grc' dir='ltr'><strong>ι</strong></span> <span class='ocrx_word' id='word_1_351' title='bbox 965 1087 980 1106; x_wconf 87' lang='lat' dir='ltr'><strong>a</strong></span> <span class='ocrx_word' id='word_1_352' title='bbox 994 1087 1024 1107; x_wconf 85' lang='lat' dir='ltr'><strong>se</strong></span> 
     </span>
    </p>
   </div>
   <div class='ocr_carea' id='block_1_48' title="bbox 239 1114 1023 1148">
    <p class='ocr_par' dir='ltr' id='par_1_48' title="bbox 239 1114 1023 1148">
     <span class='ocr_line' id='line_1_49' title="bbox 239 1114 1023 1148; baseline 0.001 -7"><span class='ocrx_word' id='word_1_353' title='bbox 239 1114 342 1141; x_wconf 75' lang='lat' dir='ltr'><strong>Griecis</strong></span> <span class='ocrx_word' id='word_1_354' title='bbox 365 1122 444 1148; x_wconf 87' lang='lat' dir='ltr'><strong>quam</strong></span> <span class='ocrx_word' id='word_1_355' title='bbox 469 1114 628 1141; x_wconf 87' lang='lat' dir='ltr'><strong>brevissime</strong></span> <span class='ocrx_word' id='word_1_356' title='bbox 654 1115 724 1141; x_wconf 88' lang='lat' dir='ltr'><strong>dicta</strong></span> <span class='ocrx_word' id='word_1_357' title='bbox 754 1122 814 1142; x_wconf 83' lang='lat' dir='ltr'><strong>esse</strong></span> <span class='ocrx_word' id='word_1_358' title='bbox 838 1114 974 1147; x_wconf 80' lang='lat' dir='ltr'><strong>declarat,</strong></span> <span class='ocrx_word' id='word_1_359' title='bbox 991 1122 1023 1142; x_wconf 89' lang='lat' dir='ltr'><strong>ac</strong></span> 
     </span>
    </p>
   </div>
   <div class='ocr_carea' id='block_1_49' title="bbox 242 1149 1022 1184">
    <p class='ocr_par' dir='ltr' id='par_1_49' title="bbox 242 1149 1022 1184">
     <span class='ocr_line' id='line_1_50' title="bbox 242 1149 1022 1184; baseline 0.003 -10"><span class='ocrx_word' id='word_1_360' title='bbox 242 1150 307 1182; x_wconf 89' lang='lat' dir='ltr'><strong>quid</strong></span> <span class='ocrx_word' id='word_1_361' title='bbox 327 1157 388 1175; x_wconf 82' lang='lat' dir='ltr'><strong>eum</strong></span> <span class='ocrx_word' id='word_1_362' title='bbox 409 1150 480 1175; x_wconf 85' lang='lat' dir='ltr'><strong>inter</strong></span> <span class='ocrx_word' id='word_1_363' title='bbox 505 1154 532 1176; x_wconf 89' lang='lat' dir='ltr'><strong>et</strong></span> <span class='ocrx_word' id='word_1_364' title='bbox 553 1150 659 1177; x_wconf 86' lang='lat' dir='ltr'><strong>lidelem</strong></span> <span class='ocrx_word' id='word_1_365' title='bbox 682 1149 846 1177; x_wconf 87' lang='lat' dir='ltr'><strong>discriminis</strong></span> <span class='ocrx_word' id='word_1_366' title='bbox 861 1150 1022 1184; x_wconf 81' lang='lat' dir='ltr'><strong>intercedat,</strong></span> 
     </span>
    </p>
   </div>
   <div class='ocr_carea' id='block_1_50' title="bbox 238 1184 483 1219">
    <p class='ocr_par' dir='ltr' id='par_1_50' title="bbox 238 1184 483 1219">
     <span class='ocr_line' id='line_1_51' title="bbox 238 1184 483 1219; baseline 0.004 -10"><span class='ocrx_word' id='word_1_367' title='bbox 238 1184 333 1219; x_wconf 89' lang='lat' dir='ltr'><strong>paucis</strong></span> <span class='ocrx_word' id='word_1_368' title='bbox 351 1184 437 1217; x_wconf 90' lang='lat' dir='ltr'><strong>aperit</strong></span> <span class='ocrx_word' id='word_1_369' title='bbox 450 1184 483 1210; x_wconf 82' lang='grc'><strong>’³.</strong></span> 
     </span>
    </p>
   </div>
   <div class='ocr_carea' id='block_1_51' title="bbox 275 1218 1021 1254">
    <p class='ocr_par' dir='ltr' id='par_1_51' title="bbox 275 1218 1021 1254">
     <span class='ocr_line' id='line_1_52' title="bbox 275 1218 1021 1254; baseline 0.003 -10"><span class='ocrx_word' id='word_1_370' title='bbox 275 1221 310 1245; x_wconf 88' lang='grc' dir='ltr'>Αι</span> <span class='ocrx_word' id='word_1_371' title='bbox 323 1221 465 1252; x_wconf 86' lang='lat' dir='ltr'><strong>prolileltll‘</strong></span> <span class='ocrx_word' id='word_1_372' title='bbox 477 1223 564 1246; x_wconf 89' lang='lat' dir='ltr'><strong>tamen</strong></span> <span class='ocrx_word' id='word_1_373' title='bbox 580 1218 630 1246; x_wconf 88' lang='lat' dir='ltr'><strong>sibi</strong></span> <span class='ocrx_word' id='word_1_374' title='bbox 645 1219 732 1246; x_wconf 88' lang='lat' dir='ltr'><strong>adhuc</strong></span> <span class='ocrx_word' id='word_1_375' title='bbox 747 1219 827 1252; x_wconf 75' lang='lat' dir='ltr'><strong>longe</strong></span> <span class='ocrx_word' id='word_1_376' title='bbox 843 1219 917 1254; x_wconf 86' lang='lat' dir='ltr'><strong>plura</strong></span> <span class='ocrx_word' id='word_1_377' title='bbox 931 1227 963 1246; x_wconf 79' lang='lat' dir='ltr'><strong>ex</strong></span> <span class='ocrx_word' id='word_1_378' title='bbox 976 1227 1021 1247; x_wconf 81' lang='lat' dir='ltr'><strong>sa-</strong></span> 
     </span>
    </p>
   </div>
   <div class='ocr_carea' id='block_1_52' title="bbox 238 1254 1023 1288">
    <p class='ocr_par' dir='ltr' id='par_1_52' title="bbox 238 1254 1023 1288">
     <span class='ocr_line' id='line_1_53' title="bbox 238 1254 1023 1288; baseline 0.003 -8"><span class='ocrx_word' id='word_1_379' title='bbox 238 1254 294 1280; x_wconf 87' lang='lat' dir='ltr'><strong>cris</strong></span> <span class='ocrx_word' id='word_1_380' title='bbox 309 1254 459 1287; x_wconf 76' lang='lat' dir='ltr'><strong>Scripiuris</strong></span> <span class='ocrx_word' id='word_1_381' title='bbox 473 1254 505 1280; x_wconf 89' lang='lat' dir='ltr'><strong>de</strong></span> <span class='ocrx_word' id='word_1_382' title='bbox 518 1263 526 1279; x_wconf 77' lang='grc' dir='ltr'><strong>ι</strong></span> <span class='ocrx_word' id='word_1_383' title='bbox 539 1254 662 1288; x_wconf 80' lang='lat' dir='ltr'><strong>giioslico</strong></span> <span class='ocrx_word' id='word_1_384' title='bbox 676 1264 684 1279; x_wconf 81' lang='grc' dir='ltr'><strong>ι</strong></span> <span class='ocrx_word' id='word_1_385' title='bbox 700 1262 876 1284; x_wconf 85' lang='lat' dir='ltr'><strong>succurrere.</strong></span> <span class='ocrx_word' id='word_1_386' title='bbox 891 1262 951 1287; x_wconf 59' lang='lat' dir='ltr'><strong>quae</strong></span> <span class='ocrx_word' id='word_1_387' title='bbox 964 1255 1023 1282; x_wconf 88' lang='lat' dir='ltr'><strong>bre-</strong></span> 
     </span>
    </p>
   </div>
   <div class='ocr_carea' id='block_1_53' title="bbox 240 1288 1021 1323">
    <p class='ocr_par' dir='ltr' id='par_1_53' title="bbox 240 1288 1021 1323">
     <span class='ocr_line' id='line_1_54' title="bbox 240 1288 1021 1323; baseline 0.001 -9"><span class='ocrx_word' id='word_1_388' title='bbox 240 1289 333 1315; x_wconf 90' lang='lat' dir='ltr'><strong>vitatis</strong></span> <span class='ocrx_word' id='word_1_389' title='bbox 347 1296 428 1316; x_wconf 85' lang='lat' dir='ltr'><strong>causa</strong></span> <span class='ocrx_word' id='word_1_390' title='bbox 445 1289 507 1315; x_wconf 87' lang='lat' dir='ltr'><strong>aliis</strong></span> <span class='ocrx_word' id='word_1_391' title='bbox 523 1288 681 1323; x_wconf 78' lang='lat' dir='ltr'><strong>explicanda</strong></span> <span class='ocrx_word' id='word_1_392' title='bbox 696 1289 852 1322; x_wconf 89' lang='lat' dir='ltr'><strong>dereliquit.</strong></span> <span class='ocrx_word' id='word_1_393' title='bbox 870 1288 960 1316; x_wconf 90' lang='lat' dir='ltr'><strong>Unum</strong></span> <span class='ocrx_word' id='word_1_394' title='bbox 978 1290 1021 1316; x_wconf 92' lang='lat' dir='ltr'><strong>iii-</strong></span> 
     </span>
    </p>
   </div>
   <div class='ocr_carea' id='block_1_54' title="bbox 239 1324 1022 1358">
    <p class='ocr_par' dir='ltr' id='par_1_54' title="bbox 239 1324 1022 1358">
     <span class='ocr_line' id='line_1_55' title="bbox 239 1324 1022 1358; baseline 0 -8"><span class='ocrx_word' id='word_1_395' title='bbox 239 1324 386 1351; x_wconf 88' lang='lat' dir='ltr'><strong>hilouiinus</strong></span> <span class='ocrx_word' id='word_1_396' title='bbox 400 1331 434 1350; x_wconf 82' lang='lat' dir='ltr'><strong>ex</strong></span> <span class='ocrx_word' id='word_1_397' title='bbox 449 1330 527 1350; x_wconf 81' lang='lat' dir='ltr'><strong>sexto</strong></span> <span class='ocrx_word' id='word_1_398' title='bbox 542 1324 635 1358; x_wconf 79' lang='lat' dir='ltr'><strong>prima:</strong></span> <span class='ocrx_word' id='word_1_399' title='bbox 648 1324 724 1350; x_wconf 84' lang='lat' dir='ltr'><strong>Pauli</strong></span> <span class='ocrx_word' id='word_1_400' title='bbox 743 1324 776 1350; x_wconf 90' lang='lat' dir='ltr'><strong>ad</strong></span> <span class='ocrx_word' id='word_1_401' title='bbox 789 1324 944 1351; x_wconf 78' lang='lat' dir='ltr'><strong>Corinthios</strong></span> <span class='ocrx_word' id='word_1_402' title='bbox 960 1325 1022 1358; x_wconf 78' lang='lat' dir='ltr'><strong>Epi-</strong></span> 
     </span>
    </p>
   </div>
   <div class='ocr_carea' id='block_1_55' title="bbox 238 1358 1020 1393">
    <p class='ocr_par' dir='ltr' id='par_1_55' title="bbox 238 1358 1020 1393">
     <span class='ocr_line' id='line_1_56' title="bbox 238 1358 1020 1393; baseline 0.003 -9"><span class='ocrx_word' id='word_1_403' title='bbox 238 1359 314 1385; x_wconf 72' lang='lat' dir='ltr'><strong>stola:</strong></span> <span class='ocrx_word' id='word_1_404' title='bbox 330 1359 420 1393; x_wconf 87' lang='lat' dir='ltr'><strong>capite</strong></span> <span class='ocrx_word' id='word_1_405' title='bbox 438 1359 524 1386; x_wconf 87' lang='lat' dir='ltr'><strong>locum</strong></span> <span class='ocrx_word' id='word_1_406' title='bbox 542 1358 646 1393; x_wconf 83' lang='lat' dir='ltr'><strong>profert</strong></span> <span class='ocrx_word' id='word_1_407' title='bbox 657 1379 663 1390; x_wconf 90' lang='lat'><strong>,</strong></span> <span class='ocrx_word' id='word_1_408' title='bbox 680 1367 712 1385; x_wconf 89' lang='lat' dir='ltr'><strong>ac</strong></span> <span class='ocrx_word' id='word_1_409' title='bbox 726 1359 802 1386; x_wconf 81' lang='lat' dir='ltr'><strong>clara</strong></span> <span class='ocrx_word' id='word_1_410' title='bbox 820 1360 1020 1393; x_wconf 86' lang='lat' dir='ltr'><strong>perspicuaque</strong></span> 
     </span>
    </p>
   </div>
   <div class='ocr_carea' id='block_1_56' title="bbox 238 1393 1020 1429">
    <p class='ocr_par' dir='ltr' id='par_1_56' title="bbox 238 1393 1020 1429">
     <span class='ocr_line' id='line_1_57' title="bbox 238 1393 1020 1429; baseline 0 -9"><span class='ocrx_word' id='word_1_411' title='bbox 238 1394 312 1420; x_wconf 83' lang='lat' dir='ltr'><strong>illitis</strong></span> <span class='ocrx_word' id='word_1_412' title='bbox 325 1393 552 1426; x_wconf 84' lang='lat' dir='ltr'><strong>interpretatione</strong></span> <span class='ocrx_word' id='word_1_413' title='bbox 563 1399 589 1420; x_wconf 89' lang='lat' dir='ltr'><strong>et</strong></span> <span class='ocrx_word' id='word_1_414' title='bbox 603 1394 763 1428; x_wconf 80' lang='lat' dir='ltr'><strong>paraphrasi</strong></span> <span class='ocrx_word' id='word_1_415' title='bbox 777 1401 910 1420; x_wconf 84' lang='lat' dir='ltr'><strong>summam</strong></span> <span class='ocrx_word' id='word_1_416' title='bbox 923 1403 932 1419; x_wconf 86' lang='grc'><strong>‹</strong></span> <span class='ocrx_word' id='word_1_417' title='bbox 954 1403 1020 1429; x_wconf 80' lang='lat' dir='ltr'><strong>gno-</strong></span> 
     </span>
    </p>
   </div>
   <div class='ocr_carea' id='block_1_57' title="bbox 239 1429 1020 1464">
    <p class='ocr_par' dir='ltr' id='par_1_57' title="bbox 239 1429 1020 1464">
     <span class='ocr_line' id='line_1_58' title="bbox 239 1429 1020 1464; baseline 0.001 -9"><span class='ocrx_word' id='word_1_418' title='bbox 239 1429 304 1455; x_wconf 78' lang='lat' dir='ltr'><strong>stici</strong></span> <span class='ocrx_word' id='word_1_419' title='bbox 319 1438 328 1454; x_wconf 78' lang='grc'><strong><em>›</em></strong></span> <span class='ocrx_word' id='word_1_420' title='bbox 340 1429 533 1463; x_wconf 78' lang='lat' dir='ltr'><strong>perfectionem</strong></span> <span class='ocrx_word' id='word_1_421' title='bbox 546 1436 647 1462; x_wconf 81' lang='lat' dir='ltr'><strong>presse,</strong></span> <span class='ocrx_word' id='word_1_422' title='bbox 657 1435 684 1455; x_wconf 89' lang='lat' dir='ltr'><strong>Ill</strong></span> <span class='ocrx_word' id='word_1_423' title='bbox 696 1429 754 1464; x_wconf 81' lang='lat' dir='ltr'><strong>ipse</strong></span> <span class='ocrx_word' id='word_1_424' title='bbox 769 1429 898 1464; x_wconf 86' lang='lat' dir='ltr'><strong>loquitur,</strong></span> <span class='ocrx_word' id='word_1_425' title='bbox 912 1433 957 1456; x_wconf 84' lang='lat' dir='ltr'><strong>sed</strong></span> <span class='ocrx_word' id='word_1_426' title='bbox 966 1430 1020 1456; x_wconf 75' lang='lat' dir='ltr'><strong>ele-</strong></span> 
     </span>
    </p>
   </div>
   <div class='ocr_carea' id='block_1_58' title="bbox 237 1464 682 1498">
    <p class='ocr_par' dir='ltr' id='par_1_58' title="bbox 237 1464 682 1498">
     <span class='ocr_line' id='line_1_59' title="bbox 237 1464 682 1498; baseline 0.002 -9"><span class='ocrx_word' id='word_1_427' title='bbox 237 1468 334 1498; x_wconf 62' lang='lat' dir='ltr'><strong>;iauter</strong></span> <span class='ocrx_word' id='word_1_428' title='bbox 349 1469 375 1489; x_wconf 91' lang='lat' dir='ltr'><strong>et</strong></span> <span class='ocrx_word' id='word_1_429' title='bbox 390 1464 530 1490; x_wconf 83' lang='lat' dir='ltr'><strong>enucleate</strong></span> <span class='ocrx_word' id='word_1_430' title='bbox 545 1464 682 1490; x_wconf 85' lang='lat' dir='ltr'><strong>describit.</strong></span> 
     </span>
    </p>
   </div>
   <div class='ocr_carea' id='block_1_59' title="bbox 275 1498 1019 1533">
    <p class='ocr_par' dir='ltr' id='par_1_59' title="bbox 275 1498 1019 1533">
     <span class='ocr_line' id='line_1_60' title="bbox 275 1498 1019 1533; baseline 0.004 -9"><span class='ocrx_word' id='word_1_431' title='bbox 275 1498 337 1525; x_wconf 87' lang='lat' dir='ltr'><strong>Post</strong></span> <span class='ocrx_word' id='word_1_432' title='bbox 363 1498 420 1524; x_wconf 77' lang='lat' dir='ltr'><strong>haec</strong></span> <span class='ocrx_word' id='word_1_433' title='bbox 446 1499 488 1525; x_wconf 90' lang='lat' dir='ltr'><strong>ille</strong></span> <span class='ocrx_word' id='word_1_434' title='bbox 505 1499 602 1533; x_wconf 87' lang='lat' dir='ltr'><strong>styluin</strong></span> <span class='ocrx_word' id='word_1_435' title='bbox 629 1506 708 1526; x_wconf 92' lang='lat' dir='ltr'><strong>suum</strong></span> <span class='ocrx_word' id='word_1_436' title='bbox 731 1500 866 1526; x_wconf 88' lang='lat' dir='ltr'><strong>convertit</strong></span> <span class='ocrx_word' id='word_1_437' title='bbox 886 1500 1019 1528; x_wconf 85' lang='lat' dir='ltr'><strong>adversus</strong></span> 
     </span>
    </p>
   </div>
   <div class='ocr_carea' id='block_1_60' title="bbox 237 1532 1016 1569">
    <p class='ocr_par' dir='ltr' id='par_1_60' title="bbox 237 1532 1016 1569">
     <span class='ocr_line' id='line_1_61' title="bbox 237 1532 1016 1569; baseline 0.003 -9"><span class='ocrx_word' id='word_1_438' title='bbox 237 1532 348 1560; x_wconf 70' lang='lat' dir='ltr'><strong>Grircos</strong></span> <span class='ocrx_word' id='word_1_439' title='bbox 361 1532 536 1568; x_wconf 81' lang='lat' dir='ltr'><strong>philosophos</strong></span> <span class='ocrx_word' id='word_1_440' title='bbox 545 1538 571 1559; x_wconf 82' lang='lat' dir='ltr'><strong>et</strong></span> <span class='ocrx_word' id='word_1_441' title='bbox 584 1532 700 1565; x_wconf 67' lang='lat' dir='ltr'><strong>Jiidieos,</strong></span> <span class='ocrx_word' id='word_1_442' title='bbox 712 1535 758 1568; x_wconf 93' lang='lat' dir='ltr'><strong>qui</strong></span> <span class='ocrx_word' id='word_1_443' title='bbox 771 1539 882 1569; x_wconf 84' lang='lat' dir='ltr'><strong>propter</strong></span> <span class='ocrx_word' id='word_1_444' title='bbox 893 1542 1016 1569; x_wconf 79' lang='lat' dir='ltr'><strong>magnam</strong></span> 
     </span>
    </p>
   </div>
   <div class='ocr_carea' id='block_1_61' title="bbox 239 1568 1018 1604">
    <p class='ocr_par' dir='ltr' id='par_1_61' title="bbox 239 1568 1018 1604">
     <span class='ocr_line' id='line_1_62' title="bbox 239 1568 1018 1604; baseline 0.003 -10"><span class='ocrx_word' id='word_1_445' title='bbox 239 1568 374 1604; x_wconf 62' lang='lat' dir='ltr'><strong>hatresum</strong></span> <span class='ocrx_word' id='word_1_446' title='bbox 400 1568 598 1595; x_wconf 85' lang='lat' dir='ltr'><strong>dissensionem</strong></span> <span class='ocrx_word' id='word_1_447' title='bbox 627 1576 725 1595; x_wconf 87' lang='lat' dir='ltr'><strong>nomen</strong></span> <span class='ocrx_word' id='word_1_448' title='bbox 749 1569 810 1595; x_wconf 88' lang='lat' dir='ltr'><strong>ﬁdei</strong></span> <span class='ocrx_word' id='word_1_449' title='bbox 838 1568 1018 1604; x_wconf 62' lang='lat' dir='ltr'><strong>religionique</strong></span> 
     </span>
    </p>
   </div>
   <div class='ocr_carea' id='block_1_62' title="bbox 238 1602 1020 1638">
    <p class='ocr_par' dir='ltr' id='par_1_62' title="bbox 238 1602 1020 1638">
     <span class='ocr_line' id='line_1_63' title="bbox 238 1602 1020 1638; baseline 0.003 -9"><span class='ocrx_word' id='word_1_450' title='bbox 238 1602 402 1630; x_wconf 73' lang='lat' dir='ltr'><strong>Christiana:</strong></span> <span class='ocrx_word' id='word_1_451' title='bbox 418 1603 534 1630; x_wconf 90' lang='lat' dir='ltr'><strong>dandutn</strong></span> <span class='ocrx_word' id='word_1_452' title='bbox 557 1611 618 1630; x_wconf 86' lang='lat' dir='ltr'><strong>esse</strong></span> <span class='ocrx_word' id='word_1_453' title='bbox 636 1605 819 1638; x_wconf 75' lang='lat' dir='ltr'><strong>periiegabaiit</strong></span> <span class='ocrx_word' id='word_1_454' title='bbox 833 1604 865 1630; x_wconf 72' lang='lat'><strong>“.</strong></span> <span class='ocrx_word' id='word_1_455' title='bbox 885 1605 958 1631; x_wconf 86' lang='lat' dir='ltr'><strong>llaiic</strong></span> <span class='ocrx_word' id='word_1_456' title='bbox 973 1602 1020 1632; x_wconf 76' lang='lat' dir='ltr'><strong>au-</strong></span> 
     </span>
    </p>
   </div>
   <div class='ocr_carea' id='block_1_63' title="bbox 241 1638 1021 1673">
    <p class='ocr_par' dir='ltr' id='par_1_63' title="bbox 241 1638 1021 1673">
     <span class='ocr_line' id='line_1_64' title="bbox 241 1638 1021 1673; baseline 0.005 -10"><span class='ocrx_word' id='word_1_457' title='bbox 241 1643 293 1663; x_wconf 84' lang='lat' dir='ltr'><strong>tein</strong></span> <span class='ocrx_word' id='word_1_458' title='bbox 308 1638 463 1672; x_wconf 87' lang='lat' dir='ltr'><strong>opinionem</strong></span> <span class='ocrx_word' id='word_1_459' title='bbox 477 1646 510 1664; x_wconf 87' lang='lat' dir='ltr'><strong>eo</strong></span> <span class='ocrx_word' id='word_1_460' title='bbox 524 1638 618 1664; x_wconf 83' lang='lat' dir='ltr'><strong>falsam</strong></span> <span class='ocrx_word' id='word_1_461' title='bbox 638 1646 700 1665; x_wconf 86' lang='lat' dir='ltr'><strong>esse</strong></span> <span class='ocrx_word' id='word_1_462' title='bbox 715 1639 811 1672; x_wconf 88' lang='lat' dir='ltr'><strong>probat</strong></span> <span class='ocrx_word' id='word_1_463' title='bbox 823 1659 830 1670; x_wconf 84' lang='lat'><strong>,</strong></span> <span class='ocrx_word' id='word_1_464' title='bbox 845 1641 916 1673; x_wconf 89' lang='lat' dir='ltr'><strong>quod</strong></span> <span class='ocrx_word' id='word_1_465' title='bbox 932 1640 1021 1673; x_wconf 83' lang='lat' dir='ltr'><strong>plures</strong></span> 
     </span>
    </p>
   </div>
   <div class='ocr_carea' id='block_1_64' title="bbox 238 1673 1023 1708">
    <p class='ocr_par' dir='ltr' id='par_1_64' title="bbox 238 1673 1023 1708">
     <span class='ocr_line' id='line_1_65' title="bbox 238 1673 1023 1708; baseline 0.006 -11"><span class='ocrx_word' id='word_1_466' title='bbox 238 1680 345 1706; x_wconf 87' lang='lat' dir='ltr'><strong>quoque</strong></span> <span class='ocrx_word' id='word_1_467' title='bbox 356 1674 428 1708; x_wconf 73' lang='lat' dir='ltr'><strong>apud</strong></span> <span class='ocrx_word' id='word_1_468' title='bbox 446 1673 507 1699; x_wconf 88' lang='lat' dir='ltr'><strong>illos</strong></span> <span class='ocrx_word' id='word_1_469' title='bbox 523 1673 576 1699; x_wconf 85' lang='lat' dir='ltr'><strong>siut</strong></span> <span class='ocrx_word' id='word_1_470' title='bbox 592 1677 674 1699; x_wconf 70' lang='lat' dir='ltr'><strong>sectte</strong></span> <span class='ocrx_word' id='word_1_471' title='bbox 688 1679 770 1707; x_wconf 90' lang='lat' dir='ltr'><strong>atque</strong></span> <span class='ocrx_word' id='word_1_472' title='bbox 785 1675 919 1706; x_wconf 68' lang='lat' dir='ltr'><strong>litari-ses;</strong></span> <span class='ocrx_word' id='word_1_473' title='bbox 936 1683 1023 1708; x_wconf 82' lang='lat' dir='ltr'><strong>neque</strong></span> 
     </span>
    </p>
   </div>
   <div class='ocr_carea' id='block_1_65' title="bbox 239 1707 1020 1742">
    <p class='ocr_par' dir='ltr' id='par_1_65' title="bbox 239 1707 1020 1742">
     <span class='ocr_line' id='line_1_66' title="bbox 239 1707 1020 1742; baseline 0.006 -10"><span class='ocrx_word' id='word_1_474' title='bbox 239 1711 329 1733; x_wconf 84' lang='lat' dir='ltr'><strong>tamen</strong></span> <span class='ocrx_word' id='word_1_475' title='bbox 355 1707 455 1734; x_wconf 85' lang='lat' dir='ltr'><strong>idcirco</strong></span> <span class='ocrx_word' id='word_1_476' title='bbox 479 1708 609 1741; x_wconf 86' lang='lat' dir='ltr'><strong>putabant</strong></span> <span class='ocrx_word' id='word_1_477' title='bbox 627 1709 800 1742; x_wconf 73' lang='lat' dir='ltr'><strong>dogmatibus</strong></span> <span class='ocrx_word' id='word_1_478' title='bbox 818 1709 874 1735; x_wconf 90' lang='lat' dir='ltr'><strong>suis</strong></span> <span class='ocrx_word' id='word_1_479' title='bbox 895 1707 1020 1737; x_wconf 87' lang='lat' dir='ltr'><strong>nuntium</strong></span> 
     </span>
    </p>
   </div>
   <div class='ocr_carea' id='block_1_66' title="bbox 239 1742 1022 1776">
    <p class='ocr_par' dir='ltr' id='par_1_66' title="bbox 239 1742 1022 1776">
     <span class='ocr_line' id='line_1_67' title="bbox 239 1742 1022 1776; baseline 0.006 -10"><span class='ocrx_word' id='word_1_480' title='bbox 239 1749 301 1768; x_wconf 69' lang='lat' dir='ltr'><strong>esse</strong></span> <span class='ocrx_word' id='word_1_481' title='bbox 319 1742 521 1768; x_wconf 81' lang='lat' dir='ltr'><strong>remittendum.</strong></span> <span class='ocrx_word' id='word_1_482' title='bbox 544 1742 644 1769; x_wconf 87' lang='lat' dir='ltr'><strong>Deinde</strong></span> <span class='ocrx_word' id='word_1_483' title='bbox 661 1743 805 1776; x_wconf 85' lang='lat' dir='ltr'><strong>respondet</strong></span> <span class='ocrx_word' id='word_1_484' title='bbox 827 1744 954 1771; x_wconf 83' lang='lat' dir='ltr'><strong>Clemens</strong></span> <span class='ocrx_word' id='word_1_485' title='bbox 974 1744 1022 1771; x_wconf 89' lang='lat' dir='ltr'><strong>lias</strong></span> 
     </span>
    </p>
   </div>
   <div class='ocr_carea' id='block_1_67' title="bbox 240 1777 1022 1812">
    <p class='ocr_par' dir='ltr' id='par_1_67' title="bbox 240 1777 1022 1812">
     <span class='ocr_line' id='line_1_68' title="bbox 240 1777 1022 1812; baseline 0.005 -10"><span class='ocrx_word' id='word_1_486' title='bbox 240 1777 358 1803; x_wconf 67' lang='lat' dir='ltr'><strong>haereses</strong></span> <span class='ocrx_word' id='word_1_487' title='bbox 376 1784 390 1802; x_wconf 89' lang='lat' dir='ltr'><strong>a</strong></span> <span class='ocrx_word' id='word_1_488' title='bbox 405 1777 513 1803; x_wconf 82' lang='lat' dir='ltr'><strong>Christo</strong></span> <span class='ocrx_word' id='word_1_489' title='bbox 528 1777 610 1804; x_wconf 88' lang='lat' dir='ltr'><strong>fuisse</strong></span> <span class='ocrx_word' id='word_1_490' title='bbox 623 1779 778 1812; x_wconf 67' lang='lat' dir='ltr'><strong>priedicms,</strong></span> <span class='ocrx_word' id='word_1_491' title='bbox 789 1784 817 1805; x_wconf 90' lang='lat' dir='ltr'><strong>et</strong></span> <span class='ocrx_word' id='word_1_492' title='bbox 834 1780 1022 1812; x_wconf 84' lang='lat' dir='ltr'><strong>reprehensio-</strong></span> 
     </span>
    </p>
   </div>
   <div class='ocr_carea' id='block_1_68' title="bbox 239 1812 1022 1848">
    <p class='ocr_par' dir='ltr' id='par_1_68' title="bbox 239 1812 1022 1848">
     <span class='ocr_line' id='line_1_69' title="bbox 239 1812 1022 1848; baseline 0.005 -12"><span class='ocrx_word' id='word_1_493' title='bbox 239 1819 301 1837; x_wconf 73' lang='lat' dir='ltr'><strong>iit-iii</strong></span> <span class='ocrx_word' id='word_1_494' title='bbox 325 1820 371 1842; x_wconf 85' lang='lat' dir='ltr'><strong>ea,</strong></span> <span class='ocrx_word' id='word_1_495' title='bbox 386 1820 446 1845; x_wconf 74' lang='lat' dir='ltr'><strong>qua:</strong></span> <span class='ocrx_word' id='word_1_496' title='bbox 469 1812 537 1838; x_wconf 87' lang='lat' dir='ltr'><strong>bona</strong></span> <span class='ocrx_word' id='word_1_497' title='bbox 559 1818 638 1844; x_wconf 83' lang='lat' dir='ltr'><strong>sunt,</strong></span> <span class='ocrx_word' id='word_1_498' title='bbox 661 1814 807 1847; x_wconf 79' lang='lat' dir='ltr'><strong>subsequi;</strong></span> <span class='ocrx_word' id='word_1_499' title='bbox 832 1819 912 1848; x_wconf 88' lang='lat' dir='ltr'><strong>atque</strong></span> <span class='ocrx_word' id='word_1_500' title='bbox 934 1822 947 1840; x_wconf 86' lang='lat' dir='ltr'><strong>a</strong></span> <span class='ocrx_word' id='word_1_501' title='bbox 964 1816 1022 1841; x_wconf 92' lang='lat' dir='ltr'><strong>viro</strong></span> 
     </span>
    </p>
   </div>
   <div class='ocr_carea' id='block_1_69' title="bbox 239 1849 1021 1884">
    <p class='ocr_par' dir='ltr' id='par_1_69' title="bbox 239 1849 1021 1884">
     <span class='ocr_line' id='line_1_70' title="bbox 239 1849 1021 1884; baseline 0.005 -13"><span class='ocrx_word' id='word_1_502' title='bbox 239 1849 327 1884; x_wconf 62' lang='lat' dir='ltr'><strong>prono</strong></span> <span class='ocrx_word' id='word_1_503' title='bbox 337 1851 414 1884; x_wconf 71' lang='lat' dir='ltr'><strong>pacta</strong></span> <span class='ocrx_word' id='word_1_504' title='bbox 429 1855 476 1884; x_wconf 78' lang='lat' dir='ltr'><strong>sua</strong></span> <span class='ocrx_word' id='word_1_505' title='bbox 491 1851 517 1873; x_wconf 90' lang='lat' dir='ltr'><strong>et</strong></span> <span class='ocrx_word' id='word_1_506' title='bbox 528 1852 661 1884; x_wconf 78' lang='lat' dir='ltr'><strong>conventa</strong></span> <span class='ocrx_word' id='word_1_507' title='bbox 676 1849 735 1884; x_wconf 81' lang='lat' dir='ltr'><strong>ideo</strong></span> <span class='ocrx_word' id='word_1_508' title='bbox 750 1856 801 1874; x_wconf 90' lang='lat' dir='ltr'><strong>non</strong></span> <span class='ocrx_word' id='word_1_509' title='bbox 815 1849 924 1883; x_wconf 77' lang='lat' dir='ltr'><strong>infringi</strong></span> <span class='ocrx_word' id='word_1_510' title='bbox 938 1869 944 1881; x_wconf 87' lang='lat'><strong>,</strong></span> <span class='ocrx_word' id='word_1_511' title='bbox 959 1851 1021 1884; x_wconf 86' lang='lat' dir='ltr'><strong>quia</strong></span> 
     </span>
    </p>
   </div>
   <div class='ocr_carea' id='block_1_70' title="bbox 238 1881 1020 1917">
    <p class='ocr_par' dir='ltr' id='par_1_70' title="bbox 238 1881 1020 1917">
     <span class='ocr_line' id='line_1_71' title="bbox 238 1881 1020 1917; baseline 0.006 -11"><span class='ocrx_word' id='word_1_512' title='bbox 238 1882 272 1906; x_wconf 89' lang='lat' dir='ltr'><strong>ab</strong></span> <span class='ocrx_word' id='word_1_513' title='bbox 284 1881 513 1917; x_wconf 81' lang='lat' dir='ltr'><strong>aliisquibusdam</strong></span> <span class='ocrx_word' id='word_1_514' title='bbox 526 1882 656 1916; x_wconf 88' lang='lat' dir='ltr'><strong>improbis</strong></span> <span class='ocrx_word' id='word_1_515' title='bbox 670 1883 862 1917; x_wconf 83' lang='lat' dir='ltr'><strong>infringuiitur.</strong></span> <span class='ocrx_word' id='word_1_516' title='bbox 874 1881 1020 1916; x_wconf 70' lang='lat' dir='ltr'><strong>Praiterea,</strong></span> 
     </span>
    </p>
   </div>
   <div class='ocr_carea' id='block_1_71' title="bbox 239 1916 1021 1950">
    <p class='ocr_par' dir='ltr' id='par_1_71' title="bbox 239 1916 1021 1950">
     <span class='ocr_line' id='line_1_72' title="bbox 239 1916 1021 1950; baseline 0.005 -9"><span class='ocrx_word' id='word_1_517' title='bbox 239 1916 347 1943; x_wconf 79' lang='lat' dir='ltr'><strong>t-tiaiiisi</strong></span> <span class='ocrx_word' id='word_1_518' title='bbox 369 1917 449 1943; x_wconf 73' lang='lat' dir='ltr'><strong>vat-ite</strong></span> <span class='ocrx_word' id='word_1_519' title='bbox 466 1917 519 1944; x_wconf 92' lang='lat' dir='ltr'><strong>sint</strong></span> <span class='ocrx_word' id='word_1_520' title='bbox 536 1918 701 1944; x_wconf 85' lang='lat' dir='ltr'><strong>medicorum</strong></span> <span class='ocrx_word' id='word_1_521' title='bbox 717 1916 797 1944; x_wconf 70' lang='lat' dir='ltr'><strong>secta:</strong></span> <span class='ocrx_word' id='word_1_522' title='bbox 809 1939 817 1950; x_wconf 83' lang='lat'><strong>,</strong></span> <span class='ocrx_word' id='word_1_523' title='bbox 833 1919 883 1946; x_wconf 88' lang='lat' dir='ltr'><strong>hoc</strong></span> <span class='ocrx_word' id='word_1_524' title='bbox 898 1926 952 1946; x_wconf 92' lang='lat' dir='ltr'><strong>non</strong></span> <span class='ocrx_word' id='word_1_525' title='bbox 970 1920 1021 1945; x_wconf 88' lang='lat' dir='ltr'><strong>iiii-</strong></span> 
     </span>
    </p>
   </div>
   <div class='ocr_carea' id='block_1_72' title="bbox 1034 1583 1054 1611">
    <p class='ocr_par' dir='ltr' id='par_1_72' title="bbox 1034 1583 1054 1611">
     <span class='ocr_line' id='line_1_73' title="bbox 1034 1583 1054 1611; baseline 0 0"><span class='ocrx_word' id='word_1_526' title='bbox 1034 1583 1054 1611; x_wconf 89' lang='lat' dir='ltr'><strong>C</strong></span> 
     </span>
    </p>
   </div>
   <div class='ocr_carea' id='block_1_73' title="bbox 239 1952 1020 1986">
    <p class='ocr_par' dir='ltr' id='par_1_73' title="bbox 239 1952 1020 1986">
     <span class='ocr_line' id='line_1_74' title="bbox 239 1952 1020 1986; baseline 0.008 -11"><span class='ocrx_word' id='word_1_527' title='bbox 239 1953 311 1984; x_wconf 80' lang='lat' dir='ltr'><strong>pedit</strong></span> <span class='ocrx_word' id='word_1_528' title='bbox 324 1971 332 1982; x_wconf 93' lang='lat'><strong>,</strong></span> <span class='ocrx_word' id='word_1_529' title='bbox 348 1952 493 1985; x_wconf 81' lang='lat' dir='ltr'><strong>quominus</strong></span> <span class='ocrx_word' id='word_1_530' title='bbox 509 1952 543 1978; x_wconf 86' lang='lat' dir='ltr'><strong>ab</strong></span> <span class='ocrx_word' id='word_1_531' title='bbox 559 1953 638 1986; x_wconf 62' lang='lat' dir='ltr'><strong>aegris</strong></span> <span class='ocrx_word' id='word_1_532' title='bbox 655 1953 767 1980; x_wconf 85' lang='lat' dir='ltr'><strong>admissi</strong></span> <span class='ocrx_word' id='word_1_533' title='bbox 778 1973 785 1984; x_wconf 86' lang='lat'><strong>,</strong></span> <span class='ocrx_word' id='word_1_534' title='bbox 804 1954 914 1981; x_wconf 90' lang='lat' dir='ltr'><strong>morbos</strong></span> <span class='ocrx_word' id='word_1_535' title='bbox 927 1962 1020 1981; x_wconf 88' lang='lat' dir='ltr'><strong>eorum</strong></span> 
     </span>
    </p>
   </div>
   <div class='ocr_carea' id='block_1_74' title="bbox 239 1986 1020 2021">
    <p class='ocr_par' dir='ltr' id='par_1_74' title="bbox 239 1986 1020 2021">
     <span class='ocr_line' id='line_1_75' title="bbox 239 1986 1020 2021; baseline 0.005 -10"><span class='ocrx_word' id='word_1_536' title='bbox 239 1991 335 2012; x_wconf 77' lang='lat' dir='ltr'><strong>curent</strong></span> <span class='ocrx_word' id='word_1_537' title='bbox 354 1994 386 2012; x_wconf 87' lang='lat' dir='ltr'><strong>ac</strong></span> <span class='ocrx_word' id='word_1_538' title='bbox 405 1986 544 2021; x_wconf 84' lang='lat' dir='ltr'><strong>depellant</strong></span> <span class='ocrx_word' id='word_1_539' title='bbox 561 1987 594 2012; x_wconf 76' lang='lat'><strong>&quot;.</strong></span> <span class='ocrx_word' id='word_1_540' title='bbox 615 1989 655 2014; x_wconf 82' lang='lat' dir='ltr'><strong>Ad</strong></span> <span class='ocrx_word' id='word_1_541' title='bbox 677 1989 733 2014; x_wconf 71' lang='lat' dir='ltr'><strong>hate</strong></span> <span class='ocrx_word' id='word_1_542' title='bbox 753 1995 818 2016; x_wconf 90' lang='lat' dir='ltr'><strong>vero</strong></span> <span class='ocrx_word' id='word_1_543' title='bbox 830 2008 837 2019; x_wconf 88' lang='lat'><strong>,</strong></span> <span class='ocrx_word' id='word_1_544' title='bbox 854 1990 970 2016; x_wconf 70' lang='lat' dir='ltr'><strong>limi-eses</strong></span> <span class='ocrx_word' id='word_1_545' title='bbox 988 1997 1020 2016; x_wconf 79' lang='lat' dir='ltr'><strong>ex</strong></span> 
     </span>
    </p>
   </div>
   <div class='ocr_carea' id='block_1_75' title="bbox 238 2021 1020 2056">
    <p class='ocr_par' dir='ltr' id='par_1_75' title="bbox 238 2021 1020 2056">
     <span class='ocr_line' id='line_1_76' title="bbox 238 2021 1020 2056; baseline 0.005 -9"><span class='ocrx_word' id='word_1_546' title='bbox 238 2021 324 2048; x_wconf 85' lang='lat' dir='ltr'><strong>niinio</strong></span> <span class='ocrx_word' id='word_1_547' title='bbox 336 2022 378 2047; x_wconf 85' lang='lat' dir='ltr'><strong>sui</strong></span> <span class='ocrx_word' id='word_1_548' title='bbox 393 2022 477 2055; x_wconf 83' lang='lat' dir='ltr'><strong>ipsius</strong></span> <span class='ocrx_word' id='word_1_549' title='bbox 492 2029 585 2049; x_wconf 88' lang='lat' dir='ltr'><strong>antore</strong></span> <span class='ocrx_word' id='word_1_550' title='bbox 601 2027 647 2048; x_wconf 88' lang='lat' dir='ltr'><strong>aut</strong></span> <span class='ocrx_word' id='word_1_551' title='bbox 660 2030 726 2049; x_wconf 84' lang='lat' dir='ltr'><strong>vana</strong></span> <span class='ocrx_word' id='word_1_552' title='bbox 739 2023 824 2056; x_wconf 81' lang='lat' dir='ltr'><strong>gloria</strong></span> <span class='ocrx_word' id='word_1_553' title='bbox 839 2024 940 2050; x_wconf 88' lang='lat' dir='ltr'><strong>idcirco</strong></span> <span class='ocrx_word' id='word_1_554' title='bbox 954 2030 1020 2051; x_wconf 75' lang='lat' dir='ltr'><strong>ortic</strong></span> 
     </span>
    </p>
   </div>
   <div class='ocr_carea' id='block_1_76' title="bbox 237 2057 1021 2093">
    <p class='ocr_par' dir='ltr' id='par_1_76' title="bbox 237 2057 1021 2093">
     <span class='ocr_line' id='line_1_77' title="bbox 237 2057 1021 2093; baseline 0.005 -12"><span class='ocrx_word' id='word_1_555' title='bbox 237 2061 323 2093; x_wconf 55' lang='lat' dir='ltr'><strong>sunt,</strong></span> <span class='ocrx_word' id='word_1_556' title='bbox 338 2062 364 2083; x_wconf 86' lang='lat' dir='ltr'><strong>ut</strong></span> <span class='ocrx_word' id='word_1_557' title='bbox 379 2063 442 2083; x_wconf 86' lang='lat' dir='ltr'><strong>vera</strong></span> <span class='ocrx_word' id='word_1_558' title='bbox 455 2057 543 2093; x_wconf 85' lang='lat' dir='ltr'><strong>pietas</strong></span> <span class='ocrx_word' id='word_1_559' title='bbox 558 2064 691 2091; x_wconf 81' lang='lat' dir='ltr'><strong>verusque</strong></span> <span class='ocrx_word' id='word_1_560' title='bbox 706 2057 752 2084; x_wconf 89' lang='lat' dir='ltr'><strong>Dei</strong></span> <span class='ocrx_word' id='word_1_561' title='bbox 766 2058 853 2085; x_wconf 88' lang='lat' dir='ltr'><strong>cultus</strong></span> <span class='ocrx_word' id='word_1_562' title='bbox 865 2058 1021 2093; x_wconf 78' lang='lat' dir='ltr'><strong>diligentius</strong></span> 
     </span>
    </p>
   </div>
   <div class='ocr_carea' id='block_1_77' title="bbox 236 2092 1018 2126">
    <p class='ocr_par' dir='ltr' id='par_1_77' title="bbox 236 2092 1018 2126">
     <span class='ocr_line' id='line_1_78' title="bbox 236 2092 1018 2126; baseline 0.005 -11"><span class='ocrx_word' id='word_1_563' title='bbox 236 2092 436 2118; x_wconf 67' lang='grc' dir='ltr'>ιικίιιιιίιιεηιιιπ.</span> <span class='ocrx_word' id='word_1_564' title='bbox 459 2092 517 2118; x_wconf 88' lang='lat' dir='ltr'><strong>Huc</strong></span> <span class='ocrx_word' id='word_1_565' title='bbox 535 2092 656 2125; x_wconf 87' lang='lat' dir='ltr'><strong>accedit,</strong></span> <span class='ocrx_word' id='word_1_566' title='bbox 678 2093 748 2126; x_wconf 90' lang='lat' dir='ltr'><strong>quod</strong></span> <span class='ocrx_word' id='word_1_567' title='bbox 766 2100 780 2119; x_wconf 89' lang='lat' dir='ltr'><strong>a</strong></span> <span class='ocrx_word' id='word_1_568' title='bbox 800 2092 1018 2121; x_wconf 26' lang='lat' dir='ltr'><strong>maturo’fructu</strong></span> 
     </span>
    </p>
   </div>
   <div class='ocr_carea' id='block_1_78' title="bbox 237 2126 1019 2162">
    <p class='ocr_par' dir='ltr' id='par_1_78' title="bbox 237 2126 1019 2162">
     <span class='ocr_line' id='line_1_79' title="bbox 237 2126 1019 2162; baseline 0.005 -11"><span class='ocrx_word' id='word_1_569' title='bbox 237 2133 316 2162; x_wconf 81' lang='lat' dir='ltr'><strong>nemo</strong></span> <span class='ocrx_word' id='word_1_570' title='bbox 335 2126 729 2162; x_wconf 17' lang='lat' dir='ltr'><strong>abstinenduuiessercenseat</strong></span> <span class='ocrx_word' id='word_1_571' title='bbox 743 2148 750 2160; x_wconf 88' lang='lat'><strong>,</strong></span> <span class='ocrx_word' id='word_1_572' title='bbox 766 2129 828 2162; x_wconf 84' lang='lat' dir='ltr'><strong>quia</strong></span> <span class='ocrx_word' id='word_1_573' title='bbox 846 2129 916 2155; x_wconf 90' lang='lat' dir='ltr'><strong>alius</strong></span> <span class='ocrx_word' id='word_1_574' title='bbox 930 2130 1019 2162; x_wconf 90' lang='lat' dir='ltr'><strong>perni-</strong></span> 
     </span>
    </p>
   </div>
   <div class='ocr_carea' id='block_1_79' title="bbox 236 2160 1020 2198">
    <p class='ocr_par' dir='ltr' id='par_1_79' title="bbox 236 2160 1020 2198">
     <span class='ocr_line' id='line_1_80' title="bbox 236 2160 1020 2198; baseline 0.006 -13"><span class='ocrx_word' id='word_1_575' title='bbox 236 2160 328 2187; x_wconf 84' lang='lat' dir='ltr'><strong>ciosus</strong></span> <span class='ocrx_word' id='word_1_576' title='bbox 343 2161 392 2198; x_wconf 85' lang='lat' dir='ltr'><strong>ipsi</strong></span> <span class='ocrx_word' id='word_1_577' title='bbox 409 2166 450 2187; x_wconf 82' lang='lat' dir='ltr'><strong>est</strong></span> <span class='ocrx_word' id='word_1_578' title='bbox 466 2161 573 2188; x_wconf 79' lang='lat' dir='ltr'><strong>similis.</strong></span> <span class='ocrx_word' id='word_1_579' title='bbox 594 2161 686 2195; x_wconf 84' lang='lat' dir='ltr'><strong>Neque</strong></span> <span class='ocrx_word' id='word_1_580' title='bbox 701 2160 783 2189; x_wconf 84' lang='lat' dir='ltr'><strong>etiam</strong></span> <span class='ocrx_word' id='word_1_581' title='bbox 798 2164 876 2196; x_wconf 74' lang='lat' dir='ltr'><strong>regia:</strong></span> <span class='ocrx_word' id='word_1_582' title='bbox 894 2160 943 2190; x_wconf 70' lang='lat' dir='ltr'><strong>via:</strong></span> <span class='ocrx_word' id='word_1_583' title='bbox 958 2172 1020 2198; x_wconf 89' lang='lat' dir='ltr'><strong>pro-</strong></span> 
     </span>
    </p>
   </div>
   <div class='ocr_carea' id='block_1_80' title="bbox 235 2196 1020 2233">
    <p class='ocr_par' dir='ltr' id='par_1_80' title="bbox 235 2196 1020 2233">
     <span class='ocr_line' id='line_1_81' title="bbox 235 2196 1020 2233; baseline 0.009 -14"><span class='ocrx_word' id='word_1_584' title='bbox 235 2199 328 2233; x_wconf 79' lang='lat' dir='ltr'><strong>pterea</strong></span> <span class='ocrx_word' id='word_1_585' title='bbox 345 2196 406 2233; x_wconf 85' lang='lat' dir='ltr'><strong>quis</strong></span> <span class='ocrx_word' id='word_1_586' title='bbox 420 2203 480 2223; x_wconf 70' lang='lat' dir='ltr'><strong>sese</strong></span> <span class='ocrx_word' id='word_1_587' title='bbox 498 2204 549 2233; x_wconf 88' lang='lat' dir='ltr'><strong>u_0n</strong></span> <span class='ocrx_word' id='word_1_588' title='bbox 566 2197 714 2233; x_wconf 84' lang='lat' dir='ltr'><strong>committit</strong></span> <span class='ocrx_word' id='word_1_589' title='bbox 726 2217 733 2228; x_wconf 91' lang='lat'><strong>,</strong></span> <span class='ocrx_word' id='word_1_590' title='bbox 752 2198 814 2231; x_wconf 89' lang='lat' dir='ltr'><strong>quia</strong></span> <span class='ocrx_word' id='word_1_591' title='bbox 829 2199 888 2224; x_wconf 69' lang='lat' dir='ltr'><strong>alite</strong></span> <span class='ocrx_word' id='word_1_592' title='bbox 903 2199 935 2224; x_wconf 90' lang='lat' dir='ltr'><strong>ad</strong></span> <span class='ocrx_word' id='word_1_593' title='bbox 952 2196 1020 2233; x_wconf 72' lang='lat' dir='ltr'><strong>pric-</strong></span> 
     </span>
    </p>
   </div>
   <div class='ocr_carea' id='block_1_81' title="bbox 236 2229 1016 2267">
    <p class='ocr_par' dir='ltr' id='par_1_81' title="bbox 236 2229 1016 2267">
     <span class='ocr_line' id='line_1_82' title="bbox 236 2229 1016 2267; baseline 0.008 -12"><span class='ocrx_word' id='word_1_594' title='bbox 236 2229 359 2260; x_wconf 77' lang='lat' dir='ltr'><strong>t-ipitiutn</strong></span> <span class='ocrx_word' id='word_1_595' title='bbox 375 2232 487 2267; x_wconf 77' lang='lat' dir='ltr'><strong>ditt-unt.</strong></span> <span class='ocrx_word' id='word_1_596' title='bbox 506 2231 632 2267; x_wconf 83' lang='lat' dir='ltr'><strong>Denique</strong></span> <span class='ocrx_word' id='word_1_597' title='bbox 645 2233 738 2258; x_wconf 75' lang='lat' dir='ltr'><strong>hortos</strong></span> <span class='ocrx_word' id='word_1_598' title='bbox 753 2229 812 2259; x_wconf 79' lang='lat' dir='ltr'><strong>ideo</strong></span> <span class='ocrx_word' id='word_1_599' title='bbox 828 2229 1016 2267; x_wconf 57' lang='lat' dir='ltr'><strong>agricola&#39;iion</strong></span> 
     </span>
    </p>
   </div>
   <div class='ocr_carea' id='block_1_82' title="bbox 236 2265 910 2299">
    <p class='ocr_par' dir='ltr' id='par_1_82' title="bbox 236 2265 910 2299">
     <span class='ocr_line' id='line_1_83' title="bbox 236 2265 910 2299; baseline 0.004 -8"><span class='ocrx_word' id='word_1_600' title='bbox 236 2266 319 2296; x_wconf 77' lang='lat' dir='ltr'><strong>colit,</strong></span> <span class='ocrx_word' id='word_1_601' title='bbox 339 2265 401 2299; x_wconf 88' lang='lat' dir='ltr'><strong>quia</strong></span> <span class='ocrx_word' id='word_1_602' title='bbox 421 2266 511 2292; x_wconf 78' lang='lat' dir='ltr'><strong>herba:</strong></span> <span class='ocrx_word' id='word_1_603' title='bbox 528 2265 590 2293; x_wconf 87' lang='lat' dir='ltr'><strong>cuin</strong></span> <span class='ocrx_word' id='word_1_604' title='bbox 609 2266 730 2293; x_wconf 81' lang='lat' dir='ltr'><strong>oleribus</strong></span> <span class='ocrx_word' id='word_1_605' title='bbox 749 2265 910 2294; x_wconf 79' lang='lat' dir='ltr'><strong>nascuntur.</strong></span> 
     </span>
    </p>
   </div>
   <div class='ocr_carea' id='block_1_83' title="bbox 272 2299 1018 2337">
    <p class='ocr_par' dir='ltr' id='par_1_83' title="bbox 272 2299 1018 2337">
     <span class='ocr_line' id='line_1_84' title="bbox 272 2299 1018 2337; baseline 0.007 -11"><span class='ocrx_word' id='word_1_606' title='bbox 272 2299 338 2337; x_wconf 84' lang='lat' dir='ltr'><strong>Tum</strong></span> <span class='ocrx_word' id='word_1_607' title='bbox 361 2307 423 2326; x_wconf 84' lang='lat' dir='ltr'><strong>vero</strong></span> <span class='ocrx_word' id='word_1_608' title='bbox 439 2300 566 2337; x_wconf 76' lang='lat' dir='ltr'><strong>Clemens</strong></span> <span class='ocrx_word' id='word_1_609' title='bbox 589 2305 681 2335; x_wconf 82' lang='lat' dir='ltr'><strong>aperte</strong></span> <span class='ocrx_word' id='word_1_610' title='bbox 696 2302 866 2330; x_wconf 82' lang='lat' dir='ltr'><strong>demonstrat</strong></span> <span class='ocrx_word' id='word_1_611' title='bbox 882 2304 1018 2337; x_wconf 82' lang='lat' dir='ltr'><strong>quomodo</strong></span> 
     </span>
    </p>
   </div>
   <div class='ocr_carea' id='block_1_84' title="bbox 235 2334 1017 2373">
    <p class='ocr_par' dir='ltr' id='par_1_84' title="bbox 235 2334 1017 2373">
     <span class='ocr_line' id='line_1_85' title="bbox 235 2334 1017 2373; baseline 0.008 -14"><span class='ocrx_word' id='word_1_612' title='bbox 235 2334 391 2373; x_wconf 78' lang='lat' dir='ltr'><strong>Christiana</strong></span> <span class='ocrx_word' id='word_1_613' title='bbox 411 2336 569 2373; x_wconf 73' lang='lat' dir='ltr'><strong>veritasab</strong></span> <span class='ocrx_word' id='word_1_614' title='bbox 587 2334 714 2373; x_wconf 80' lang='lat' dir='ltr'><strong>omnibus</strong></span> <span class='ocrx_word' id='word_1_615' title='bbox 742 2334 949 2370; x_wconf 63' lang='lat' dir='ltr'><strong>haereticorum,</strong></span> <span class='ocrx_word' id='word_1_616' title='bbox 971 2339 1017 2373; x_wconf 90' lang='lat' dir='ltr'><strong>qui</strong></span> 
     </span>
    </p>
   </div>
   <div class='ocr_carea' id='block_1_85' title="bbox 235 2369 1016 2405">
    <p class='ocr_par' dir='ltr' id='par_1_85' title="bbox 235 2369 1016 2405">
     <span class='ocr_line' id='line_1_86' title="bbox 235 2369 1016 2405; baseline 0.008 -11"><span class='ocrx_word' id='word_1_617' title='bbox 235 2369 278 2394; x_wconf 82' lang='lat' dir='ltr'><strong>vel</strong></span> <span class='ocrx_word' id='word_1_618' title='bbox 297 2370 419 2403; x_wconf 72' lang='lat' dir='ltr'><strong>seipsos,</strong></span> <span class='ocrx_word' id='word_1_619' title='bbox 436 2371 478 2397; x_wconf 88' lang='lat' dir='ltr'><strong>vel</strong></span> <span class='ocrx_word' id='word_1_620' title='bbox 500 2371 568 2398; x_wconf 91' lang='lat' dir='ltr'><strong>alios</strong></span> <span class='ocrx_word' id='word_1_621' title='bbox 588 2372 746 2405; x_wconf 86' lang='lat' dir='ltr'><strong>decipiunt,</strong></span> <span class='ocrx_word' id='word_1_622' title='bbox 767 2373 907 2400; x_wconf 81' lang='lat' dir='ltr'><strong>erroribus</strong></span> <span class='ocrx_word' id='word_1_623' title='bbox 926 2369 1016 2400; x_wconf 75' lang='lat' dir='ltr'><strong>secer-</strong></span> 
     </span>
    </p>
   </div>
   <div class='ocr_carea' id='block_1_86' title="bbox 235 2405 1019 2442">
    <p class='ocr_par' dir='ltr' id='par_1_86' title="bbox 235 2405 1019 2442">
     <span class='ocr_line' id='line_1_87' title="bbox 235 2405 1019 2442; baseline 0.009 -13"><span class='ocrx_word' id='word_1_624' title='bbox 235 2410 316 2442; x_wconf 85' lang='lat' dir='ltr'><strong>natur</strong></span> <span class='ocrx_word' id='word_1_625' title='bbox 332 2405 459 2442; x_wconf 55' lang='lat' dir='ltr'><strong>“.JltlllC</strong></span> <span class='ocrx_word' id='word_1_626' title='bbox 480 2411 570 2442; x_wconf 85' lang='lat' dir='ltr'><strong>autem</strong></span> <span class='ocrx_word' id='word_1_627' title='bbox 591 2406 658 2433; x_wconf 87' lang='lat' dir='ltr'><strong>dicit</strong></span> <span class='ocrx_word' id='word_1_628' title='bbox 678 2414 711 2432; x_wconf 83' lang='lat' dir='ltr'><strong>ex</strong></span> <span class='ocrx_word' id='word_1_629' title='bbox 731 2415 810 2435; x_wconf 88' lang='lat' dir='ltr'><strong>sacra</strong></span> <span class='ocrx_word' id='word_1_630' title='bbox 832 2407 973 2442; x_wconf 88' lang='lat' dir='ltr'><strong>Scriptura</strong></span> <span class='ocrx_word' id='word_1_631' title='bbox 991 2415 1019 2436; x_wconf 88' lang='lat' dir='ltr'><strong>et</strong></span> 
     </span>
    </p>
   </div>
   <div class='ocr_carea' id='block_1_87' title="bbox 234 2439 1019 2478">
    <p class='ocr_par' dir='ltr' id='par_1_87' title="bbox 234 2439 1019 2478">
     <span class='ocr_line' id='line_1_88' title="bbox 234 2439 1019 2478; baseline 0.008 -14"><span class='ocrx_word' id='word_1_632' title='bbox 234 2440 346 2478; x_wconf 73' lang='lat' dir='ltr'><strong>antiqua</strong></span> <span class='ocrx_word' id='word_1_633' title='bbox 366 2439 486 2478; x_wconf 66' lang='lat' dir='ltr'><strong>Ecclesia</strong></span> <span class='ocrx_word' id='word_1_634' title='bbox 509 2441 591 2478; x_wconf 88' lang='lat' dir='ltr'><strong>elici,</strong></span> <span class='ocrx_word' id='word_1_635' title='bbox 609 2442 826 2478; x_wconf 81' lang='lat' dir='ltr'><strong>certissimisque</strong></span> <span class='ocrx_word' id='word_1_636' title='bbox 848 2439 1019 2471; x_wconf 81' lang='lat' dir='ltr'><strong>demonstra-</strong></span> 
     </span>
    </p>
   </div>
   <div class='ocr_carea' id='block_1_88' title="bbox 235 2475 1018 2514">
    <p class='ocr_par' dir='ltr' id='par_1_88' title="bbox 235 2475 1018 2514">
     <span class='ocr_line' id='line_1_89' title="bbox 235 2475 1018 2514; baseline 0.009 -15"><span class='ocrx_word' id='word_1_637' title='bbox 235 2475 354 2514; x_wconf 74' lang='lat' dir='ltr'><strong>t_iouib_i_is</strong></span> <span class='ocrx_word' id='word_1_638' title='bbox 371 2475 406 2500; x_wconf 91' lang='lat' dir='ltr'><strong>ita</strong></span> <span class='ocrx_word' id='word_1_639' title='bbox 419 2477 535 2514; x_wconf 79' lang='lat' dir='ltr'><strong>probari</strong></span> <span class='ocrx_word' id='word_1_640' title='bbox 547 2496 554 2506; x_wconf 87' lang='lat'><strong>.</strong></span> <span class='ocrx_word' id='word_1_641' title='bbox 571 2481 600 2503; x_wconf 90' lang='lat' dir='ltr'><strong>ut</strong></span> <span class='ocrx_word' id='word_1_642' title='bbox 616 2477 650 2514; x_wconf 73' lang='lat' dir='ltr'><strong>a_b</strong></span> <span class='ocrx_word' id='word_1_643' title='bbox 663 2485 695 2514; x_wconf 81' lang='lat' dir='ltr'><strong>ea</strong></span> <span class='ocrx_word' id='word_1_644' title='bbox 712 2475 849 2512; x_wconf 85' lang='lat' dir='ltr'><strong>nunquam</strong></span> <span class='ocrx_word' id='word_1_645' title='bbox 869 2478 914 2505; x_wconf 93' lang='lat' dir='ltr'><strong>ulli</strong></span> <span class='ocrx_word' id='word_1_646' title='bbox 929 2480 1018 2506; x_wconf 90' lang='lat' dir='ltr'><strong>disce-</strong></span> 
     </span>
    </p>
   </div>
   <div class='ocr_carea' id='block_1_89' title="bbox 233 2509 1020 2546">
    <p class='ocr_par' dir='ltr' id='par_1_89' title="bbox 233 2509 1020 2546">
     <span class='ocr_line' id='line_1_90' title="bbox 233 2509 1020 2546; baseline 0.008 -12"><span class='ocrx_word' id='word_1_647' title='bbox 233 2510 298 2535; x_wconf 85' lang='lat' dir='ltr'><strong>dere</strong></span> <span class='ocrx_word' id='word_1_648' title='bbox 314 2509 403 2546; x_wconf 74' lang='lat' dir='ltr'><strong>liceat.</strong></span> <span class='ocrx_word' id='word_1_649' title='bbox 418 2512 501 2538; x_wconf 76' lang='lat' dir='ltr'><strong>Sacra</strong></span> <span class='ocrx_word' id='word_1_650' title='bbox 518 2516 609 2538; x_wconf 88' lang='lat' dir='ltr'><strong>autem</strong></span> <span class='ocrx_word' id='word_1_651' title='bbox 624 2509 832 2546; x_wconf 63' lang='lat' dir='ltr'><strong>Scriptura,ait</strong></span> <span class='ocrx_word' id='word_1_652' title='bbox 848 2518 943 2540; x_wconf 84' lang='lat' dir='ltr'><strong>auctor</strong></span> <span class='ocrx_word' id='word_1_653' title='bbox 969 2522 1020 2541; x_wconf 89' lang='lat' dir='ltr'><strong>ito-</strong></span> 
     </span>
    </p>
   </div>
   <div class='ocr_carea' id='block_1_90' title="bbox 233 2544 1020 2583">
    <p class='ocr_par' dir='ltr' id='par_1_90' title="bbox 233 2544 1020 2583">
     <span class='ocr_line' id='line_1_91' title="bbox 233 2544 1020 2583; baseline 0.008 -13"><span class='ocrx_word' id='word_1_654' title='bbox 233 2549 302 2576; x_wconf 83' lang='lat' dir='ltr'><strong>ster,</strong></span> <span class='ocrx_word' id='word_1_655' title='bbox 320 2544 441 2583; x_wconf 78' lang='lat' dir='ltr'><strong>Deipara:</strong></span> <span class='ocrx_word' id='word_1_656' title='bbox 464 2546 569 2578; x_wconf 85' lang='lat' dir='ltr'><strong>similis,</strong></span> <span class='ocrx_word' id='word_1_657' title='bbox 591 2544 732 2583; x_wconf 72' lang='lat' dir='ltr'><strong>veritatem</strong></span> <span class='ocrx_word' id='word_1_658' title='bbox 758 2544 848 2582; x_wconf 82' lang='lat' dir='ltr'><strong>parit,</strong></span> <span class='ocrx_word' id='word_1_659' title='bbox 865 2553 945 2582; x_wconf 86' lang='lat' dir='ltr'><strong>atque</strong></span> <span class='ocrx_word' id='word_1_660' title='bbox 961 2550 1020 2583; x_wconf 87' lang='lat' dir='ltr'><strong>ipsa</strong></span> 
     </span>
    </p>
   </div>
   <div class='ocr_carea' id='block_1_91' title="bbox 233 2580 1018 2614">
    <p class='ocr_par' dir='ltr' id='par_1_91' title="bbox 233 2580 1018 2614">
     <span class='ocr_line' id='line_1_92' title="bbox 233 2580 1018 2614; baseline 0.009 -10"><span class='ocrx_word' id='word_1_661' title='bbox 233 2587 341 2612; x_wconf 84' lang='lat' dir='ltr'><strong>semper</strong></span> <span class='ocrx_word' id='word_1_662' title='bbox 356 2580 432 2613; x_wconf 75' lang='lat' dir='ltr'><strong>virgo</strong></span> <span class='ocrx_word' id='word_1_663' title='bbox 446 2586 597 2613; x_wconf 82' lang='lat' dir='ltr'><strong>permanet.</strong></span> <span class='ocrx_word' id='word_1_664' title='bbox 610 2580 792 2614; x_wconf 77' lang='lat' dir='ltr'><strong>Quamobrem</strong></span> <span class='ocrx_word' id='word_1_665' title='bbox 809 2580 927 2610; x_wconf 71' lang='lat' dir='ltr'><strong>haeretici</strong></span> <span class='ocrx_word' id='word_1_666' title='bbox 946 2580 1018 2611; x_wconf 73' lang='lat' dir='ltr'><strong>illam</strong></span> 
     </span>
    </p>
   </div>
   <div class='ocr_carea' id='block_1_92' title="bbox 233 2614 1017 2654">
    <p class='ocr_par' dir='ltr' id='par_1_92' title="bbox 233 2614 1017 2654">
     <span class='ocr_line' id='line_1_93' title="bbox 233 2614 1017 2654; baseline 0.01 -16"><span class='ocrx_word' id='word_1_667' title='bbox 233 2614 396 2654; x_wconf 65' lang='lat' dir='ltr'><strong>repudiarit.</strong></span> <span class='ocrx_word' id='word_1_668' title='bbox 414 2617 455 2654; x_wconf 79' lang='lat' dir='ltr'><strong>vel</strong></span> <span class='ocrx_word' id='word_1_669' title='bbox 471 2616 496 2642; x_wconf 93' lang='lat' dir='ltr'><strong>in</strong></span> <span class='ocrx_word' id='word_1_670' title='bbox 514 2624 610 2650; x_wconf 86' lang='lat' dir='ltr'><strong>pravos</strong></span> <span class='ocrx_word' id='word_1_671' title='bbox 623 2624 719 2654; x_wconf 77' lang='lat' dir='ltr'><strong>sensus</strong></span> <span class='ocrx_word' id='word_1_672' title='bbox 735 2619 919 2652; x_wconf 86' lang='lat' dir='ltr'><strong>detorquent,</strong></span> <span class='ocrx_word' id='word_1_673' title='bbox 935 2625 1017 2653; x_wconf 87' lang='lat' dir='ltr'><strong>atque</strong></span> 
     </span>
    </p>
   </div>
   <div class='ocr_carea' id='block_1_93' title="bbox 233 2650 1018 2688">
    <p class='ocr_par' dir='ltr' id='par_1_93' title="bbox 233 2650 1018 2688">
     <span class='ocr_line' id='line_1_94' title="bbox 233 2650 1018 2688; baseline 0.008 -14"><span class='ocrx_word' id='word_1_674' title='bbox 233 2650 337 2675; x_wconf 83' lang='lat' dir='ltr'><strong>idcirco</strong></span> <span class='ocrx_word' id='word_1_675' title='bbox 352 2650 487 2688; x_wconf 47' lang='lat' dir='ltr'><strong>iituvarios</strong></span> <span class='ocrx_word' id='word_1_676' title='bbox 505 2658 614 2688; x_wconf 76' lang='lat' dir='ltr'><strong>errores</strong></span> <span class='ocrx_word' id='word_1_677' title='bbox 632 2651 699 2685; x_wconf 86' lang='lat' dir='ltr'><strong>lapsi</strong></span> <span class='ocrx_word' id='word_1_678' title='bbox 715 2658 786 2680; x_wconf 87' lang='lat' dir='ltr'><strong>stitit.</strong></span> <span class='ocrx_word' id='word_1_679' title='bbox 803 2650 838 2680; x_wconf 68' lang='lat' dir='ltr'><strong>At</strong></span> <span class='ocrx_word' id='word_1_680' title='bbox 853 2654 876 2680; x_wconf 90' lang='lat' dir='ltr'><strong>si</strong></span> <span class='ocrx_word' id='word_1_681' title='bbox 894 2650 1018 2688; x_wconf 77' lang='lat' dir='ltr'><strong>deposito</strong></span> 
     </span>
    </p>
   </div>
   <div class='ocr_carea' id='block_1_94' title="bbox 232 2685 1016 2722">
    <p class='ocr_par' dir='ltr' id='par_1_94' title="bbox 232 2685 1016 2722">
     <span class='ocr_line' id='line_1_95' title="bbox 232 2685 1016 2722; baseline 0.009 -13"><span class='ocrx_word' id='word_1_682' title='bbox 232 2685 458 2722; x_wconf 70' lang='lat' dir='ltr'><strong>errore,_aliquis</strong></span> <span class='ocrx_word' id='word_1_683' title='bbox 477 2693 537 2722; x_wconf 74' lang='lat' dir='ltr'><strong>sese</strong></span> <span class='ocrx_word' id='word_1_684' title='bbox 552 2687 659 2722; x_wconf 73' lang='lat' dir='ltr'><strong>veritati</strong></span> <span class='ocrx_word' id='word_1_685' title='bbox 679 2689 838 2721; x_wconf 82' lang='lat' dir='ltr'><strong>permittat,</strong></span> <span class='ocrx_word' id='word_1_686' title='bbox 857 2685 1016 2722; x_wconf 47' lang='lat' dir='ltr'><strong>Deus&#39;quo-</strong></span> 
     </span>
    </p>
   </div>
   <div class='ocr_carea' id='block_1_95' title="bbox 231 2719 1014 2758">
    <p class='ocr_par' dir='ltr' id='par_1_95' title="bbox 231 2719 1014 2758">
     <span class='ocr_line' id='line_1_96' title="bbox 231 2719 1014 2758; baseline 0.009 -15"><span class='ocrx_word' id='word_1_687' title='bbox 231 2719 377 2758; x_wconf 66' lang='lat' dir='ltr'><strong>dummodo</strong></span> <span class='ocrx_word' id='word_1_688' title='bbox 393 2728 425 2746; x_wconf 77' lang='lat' dir='ltr'><strong>ex</strong></span> <span class='ocrx_word' id='word_1_689' title='bbox 444 2721 551 2758; x_wconf 84' lang='lat' dir='ltr'><strong>homine</strong></span> <span class='ocrx_word' id='word_1_690' title='bbox 566 2720 678 2758; x_wconf 78' lang='lat' dir='ltr'><strong>eﬁicitur</strong></span> <span class='ocrx_word' id='word_1_691' title='bbox 693 2722 726 2749; x_wconf 80' lang='lat'><strong>&quot;’.</strong></span> <span class='ocrx_word' id='word_1_692' title='bbox 744 2719 862 2749; x_wconf 82' lang='lat' dir='ltr'><strong>Primum</strong></span> <span class='ocrx_word' id='word_1_693' title='bbox 880 2719 1014 2758; x_wconf 82' lang='lat' dir='ltr'><strong>siquidem</strong></span> 
     </span>
    </p>
   </div>
   <div class='ocr_carea' id='block_1_96' title="bbox 233 2754 1015 2793">
    <p class='ocr_par' dir='ltr' id='par_1_96' title="bbox 233 2754 1015 2793">
     <span class='ocr_line' id='line_1_97' title="bbox 233 2754 1015 2793; baseline 0.01 -15"><span class='ocrx_word' id='word_1_694' title='bbox 233 2754 365 2793; x_wconf 76' lang='lat' dir='ltr'><strong>doctrina:</strong></span> <span class='ocrx_word' id='word_1_695' title='bbox 380 2759 478 2781; x_wconf 75' lang='lat' dir='ltr'><strong>nostra:</strong></span> <span class='ocrx_word' id='word_1_696' title='bbox 493 2756 655 2793; x_wconf 80' lang='lat' dir='ltr'><strong>principium</strong></span> <span class='ocrx_word' id='word_1_697' title='bbox 673 2757 742 2785; x_wconf 86' lang='lat' dir='ltr'><strong>Deus</strong></span> <span class='ocrx_word' id='word_1_698' title='bbox 758 2758 814 2792; x_wconf 85' lang='lat' dir='ltr'><strong>ipse</strong></span> <span class='ocrx_word' id='word_1_699' title='bbox 829 2765 870 2785; x_wconf 78' lang='lat' dir='ltr'><strong>est</strong></span> <span class='ocrx_word' id='word_1_700' title='bbox 882 2779 889 2791; x_wconf 92' lang='lat'><strong>,</strong></span> <span class='ocrx_word' id='word_1_701' title='bbox 908 2754 950 2792; x_wconf 79' lang='lat' dir='ltr'><strong>qui</strong></span> <span class='ocrx_word' id='word_1_702' title='bbox 969 2768 1015 2793; x_wconf 86' lang='lat' dir='ltr'><strong>per</strong></span> 
     </span>
    </p>
   </div>
   <div class='ocr_carea' id='block_1_97' title="bbox 233 2790 1014 2829">
    <p class='ocr_par' dir='ltr' id='par_1_97' title="bbox 233 2790 1014 2829">
     <span class='ocr_line' id='line_1_98' title="bbox 233 2790 1014 2829; baseline 0.009 -15"><span class='ocrx_word' id='word_1_703' title='bbox 233 2790 398 2823; x_wconf 78' lang='lat' dir='ltr'><strong>pioplietas,</strong></span> <span class='ocrx_word' id='word_1_704' title='bbox 416 2791 598 2826; x_wconf 77' lang='lat' dir='ltr'><strong>evangelistas</strong></span> <span class='ocrx_word' id='word_1_705' title='bbox 614 2811 621 2823; x_wconf 88' lang='lat'><strong>,</strong></span> <span class='ocrx_word' id='word_1_706' title='bbox 640 2797 667 2818; x_wconf 83' lang='lat' dir='ltr'><strong>et</strong></span> <span class='ocrx_word' id='word_1_707' title='bbox 686 2790 825 2827; x_wconf 79' lang='lat' dir='ltr'><strong>apostolos</strong></span> <span class='ocrx_word' id='word_1_708' title='bbox 846 2790 1014 2829; x_wconf 26' lang='lat' dir='ltr'><strong>iii&#39;cj&#39;usd&#39;etn</strong></span> 
     </span>
    </p>
   </div>
   <div class='ocr_carea' id='block_1_98' title="bbox 269 2876 478 2910">
    <p class='ocr_par' dir='ltr' id='par_1_98' title="bbox 269 2876 478 2910">
     <span class='ocr_line' id='line_1_99' title="bbox 269 2876 478 2910; baseline 0.005 -7"><span class='ocrx_word' id='word_1_709' title='bbox 269 2877 289 2891; x_wconf 88' lang='grc'><strong>¹¹</strong></span> <span class='ocrx_word' id='word_1_710' title='bbox 312 2884 337 2910; x_wconf 86' lang='lat' dir='ltr'><strong>p.</strong></span> <span class='ocrx_word' id='word_1_711' title='bbox 355 2876 416 2904; x_wconf 69' lang='lat'><strong>7-58.</strong></span> <span class='ocrx_word' id='word_1_712' title='bbox 457 2880 478 2894; x_wconf 86' lang='grc'><strong>²¹</strong></span> 
     </span>
    </p>
   </div>
   <div class='ocr_carea' id='block_1_99' title="bbox 235 2879 607 2948">
    <p class='ocr_par' dir='ltr' id='par_1_99' title="bbox 235 2879 607 2948">
     <span class='ocr_line' id='line_1_100' title="bbox 264 2879 607 2914; baseline 0.015 -12"><span class='ocrx_word' id='word_1_713' title='bbox 312 2884 337 2910; x_wconf 77' lang='grc' dir='ltr'><strong>ρ.</strong></span> <span class='ocrx_word' id='word_1_714' title='bbox 355 2879 416 2904; x_wconf 71' lang='lat' dir='ltr'><strong>iis.</strong></span> <span class='ocrx_word' id='word_1_715' title='bbox 457 2880 478 2894; x_wconf 75' lang='grc' dir='ltr'>η</span> <span class='ocrx_word' id='word_1_716' title='bbox 499 2887 525 2914; x_wconf 78' lang='grc' dir='ltr'><strong>ρ.</strong></span> <span class='ocrx_word' id='word_1_717' title='bbox 545 2879 607 2907; x_wconf 65' lang='lat'><strong>749.</strong></span> 
     </span>
     <span class='ocr_line' id='line_1_101' title="bbox 235 2909 593 2948; baseline 0.008 -9"><span class='ocrx_word' id='word_1_718' title='bbox 235 2909 296 2939; x_wconf 71' lang='lat'><strong>759.</strong></span> <span class='ocrx_word' id='word_1_719' title='bbox 336 2914 358 2929; x_wconf 80' lang='grc' dir='ltr'>η</span> <span class='ocrx_word' id='word_1_720' title='bbox 377 2922 404 2948; x_wconf 83' lang='grc' dir='ltr'><strong>ρ.</strong></span> <span class='ocrx_word' id='word_1_721' title='bbox 423 2914 485 2942; x_wconf 73' lang='lat' dir='ltr'><strong>uso.</strong></span> <span class='ocrx_word' id='word_1_722' title='bbox 526 2915 547 2931; x_wconf 77' lang='lat'><strong>=°</strong></span> <span class='ocrx_word' id='word_1_723' title='bbox 567 2923 593 2948; x_wconf 78' lang='grc' dir='ltr'><strong>υ.</strong></span> 
     </span>
    </p>
   </div>
   <div class='ocr_carea' id='block_1_100' title="bbox 526 2915 674 2951">
    <p class='ocr_par' dir='ltr' id='par_1_100' title="bbox 526 2915 674 2951">
     <span class='ocr_line' id='line_1_102' title="bbox 526 2915 674 2951; baseline 0.007 -8"><span class='ocrx_word' id='word_1_724' title='bbox 526 2915 547 2931; x_wconf 75' lang='grc' dir='ltr'><strong>³ο</strong></span> <span class='ocrx_word' id='word_1_725' title='bbox 567 2923 593 2951; x_wconf 90' lang='lat' dir='ltr'><strong>p.</strong></span> <span class='ocrx_word' id='word_1_726' title='bbox 614 2915 674 2945; x_wconf 77' lang='grc'><strong>761.</strong></span> 
     </span>
    </p>
   </div>
   <div class='ocr_carea' id='block_1_101' title="bbox 647 2881 883 2916">
    <p class='ocr_par' dir='ltr' id='par_1_101' title="bbox 647 2881 883 2916">
     <span class='ocr_line' id='line_1_103' title="bbox 647 2881 883 2916; baseline 0.008 -10"><span class='ocrx_word' id='word_1_727' title='bbox 647 2881 704 2915; x_wconf 77' lang='lat' dir='ltr'><strong>“p.</strong></span> <span class='ocrx_word' id='word_1_728' title='bbox 716 2882 768 2908; x_wconf 78' lang='grc'><strong>750</strong></span> <span class='ocrx_word' id='word_1_729' title='bbox 783 2887 808 2907; x_wconf 85' lang='lat' dir='ltr'><strong>cl</strong></span> <span class='ocrx_word' id='word_1_730' title='bbox 825 2889 883 2916; x_wconf 81' lang='lat' dir='ltr'><strong>seq.</strong></span> 
     </span>
    </p>
   </div>
   <div class='ocr_carea' id='block_1_102' title="bbox 715 2914 1050 2951">
    <p class='ocr_par' dir='ltr' id='par_1_102' title="bbox 715 2914 1050 2951">
     <span class='ocr_line' id='line_1_104' title="bbox 715 2914 1050 2951; baseline 0.003 -6"><span class='ocrx_word' id='word_1_731' title='bbox 715 2918 735 2933; x_wconf 76' lang='grc'><strong>³¹</strong></span> <span class='ocrx_word' id='word_1_732' title='bbox 756 2923 783 2950; x_wconf 75' lang='grc' dir='ltr'><strong>Ρ.</strong></span> <span class='ocrx_word' id='word_1_733' title='bbox 805 2914 872 2944; x_wconf 53' lang='grc'><strong>762(</strong></span> <span class='ocrx_word' id='word_1_734' title='bbox 905 2914 927 2934; x_wconf 68' lang='grc'><strong>³¹</strong></span> <span class='ocrx_word' id='word_1_735' title='bbox 947 2914 972 2951; x_wconf 62' lang='grc' dir='ltr'><strong>νζ</strong></span> <span class='ocrx_word' id='word_1_736' title='bbox 989 2918 1050 2946; x_wconf 73' lang='grc'><strong>705.</strong></span> 
     </span>
    </p>
   </div>
   <div class='ocr_carea' id='block_1_103' title="bbox 1034 2252 1057 2281">
    <p class='ocr_par' dir='ltr' id='par_1_103' title="bbox 1034 2252 1057 2281">
     <span class='ocr_line' id='line_1_105' title="bbox 1034 2252 1057 2281; baseline 0 0"><span class='ocrx_word' id='word_1_737' title='bbox 1034 2252 1057 2281; x_wconf 93' lang='lat' dir='ltr'><strong>D</strong></span> 
     </span>
    </p>
   </div>
   <div class='ocr_carea' id='block_1_104' title="bbox 924 2882 1071 2917">
    <p class='ocr_par' dir='ltr' id='par_1_104' title="bbox 924 2882 1071 2917">
     <span class='ocr_line' id='line_1_106' title="bbox 924 2882 1071 2917; baseline -0.007 -7"><span class='ocrx_word' id='word_1_738' title='bbox 924 2882 946 2898; x_wconf 74' lang='lat'>“</span> <span class='ocrx_word' id='word_1_739' title='bbox 965 2891 990 2917; x_wconf 88' lang='lat' dir='ltr'><strong>p.</strong></span> <span class='ocrx_word' id='word_1_740' title='bbox 1011 2882 1071 2909; x_wconf 74' lang='lat'><strong>755.</strong></span> 
     </span>
    </p>
   </div>
   <div class='ocr_carea' id='block_1_105' title="bbox 1077 938 1855 974">
    <p class='ocr_par' dir='ltr' id='par_1_105' title="bbox 1077 938 1855 974">
     <span class='ocr_line' id='line_1_107' title="bbox 1077 938 1855 974; baseline -0.003 -9"><span class='ocrx_word' id='word_1_741' title='bbox 1077 945 1118 966; x_wconf 86' lang='lat' dir='ltr'><strong>tas</strong></span> <span class='ocrx_word' id='word_1_742' title='bbox 1132 949 1146 967; x_wconf 89' lang='lat' dir='ltr'><strong>a</strong></span> <span class='ocrx_word' id='word_1_743' title='bbox 1165 941 1279 968; x_wconf 89' lang='lat' dir='ltr'><strong>Domino</strong></span> <span class='ocrx_word' id='word_1_744' title='bbox 1297 940 1454 974; x_wconf 86' lang='lat' dir='ltr'><strong>Scripturas</strong></span> <span class='ocrx_word' id='word_1_745' title='bbox 1468 943 1596 969; x_wconf 85' lang='lat' dir='ltr'><strong>secutus,</strong></span> <span class='ocrx_word' id='word_1_746' title='bbox 1615 938 1667 972; x_wconf 87' lang='lat' dir='ltr'><strong>ipsi</strong></span> <span class='ocrx_word' id='word_1_747' title='bbox 1689 945 1796 974; x_wconf 69' lang='lat' dir='ltr'><strong>merent</strong></span> <span class='ocrx_word' id='word_1_748' title='bbox 1814 945 1855 974; x_wconf 65' lang='lat' dir='ltr'><strong>ge-</strong></span> 
     </span>
    </p>
   </div>
   <div class='ocr_carea' id='block_1_106' title="bbox 1075 972 1857 1009">
    <p class='ocr_par' dir='ltr' id='par_1_106' title="bbox 1075 972 1857 1009">
     <span class='ocr_line' id='line_1_108' title="bbox 1075 972 1857 1009; baseline -0.004 -8"><span class='ocrx_word' id='word_1_749' title='bbox 1075 975 1127 1008; x_wconf 87' lang='lat' dir='ltr'><strong>rit,</strong></span> <span class='ocrx_word' id='word_1_750' title='bbox 1144 977 1176 1002; x_wconf 87' lang='lat' dir='ltr'><strong>ad</strong></span> <span class='ocrx_word' id='word_1_751' title='bbox 1192 976 1314 1009; x_wconf 83' lang='lat' dir='ltr'><strong>magistri</strong></span> <span class='ocrx_word' id='word_1_752' title='bbox 1333 972 1479 1008; x_wconf 77' lang='lat' dir='ltr'><strong>imaginem</strong></span> <span class='ocrx_word' id='word_1_753' title='bbox 1494 974 1551 1000; x_wconf 90' lang='lat' dir='ltr'><strong>ﬁeri</strong></span> <span class='ocrx_word' id='word_1_754' title='bbox 1568 974 1596 1000; x_wconf 95' lang='lat' dir='ltr'><strong>in</strong></span> <span class='ocrx_word' id='word_1_755' title='bbox 1612 981 1696 1009; x_wconf 82' lang='lat' dir='ltr'><strong>carne</strong></span> <span class='ocrx_word' id='word_1_756' title='bbox 1714 973 1812 1009; x_wconf 85' lang='lat' dir='ltr'><strong>Deum.</strong></span> <span class='ocrx_word' id='word_1_757' title='bbox 1823 972 1857 1009; x_wconf 19' lang='lat' dir='ltr'><strong>VEt</strong></span> 
     </span>
    </p>
   </div>
   <div class='ocr_carea' id='block_1_107' title="bbox 1074 1008 1857 1042">
    <p class='ocr_par' dir='ltr' id='par_1_107' title="bbox 1074 1008 1857 1042">
     <span class='ocr_line' id='line_1_109' title="bbox 1074 1008 1857 1042; baseline -0.004 -6"><span class='ocrx_word' id='word_1_758' title='bbox 1074 1017 1139 1037; x_wconf 85' lang='lat' dir='ltr'><strong>sane</strong></span> <span class='ocrx_word' id='word_1_759' title='bbox 1157 1011 1201 1037; x_wconf 88' lang='lat' dir='ltr'><strong>ille</strong></span> <span class='ocrx_word' id='word_1_760' title='bbox 1215 1008 1336 1037; x_wconf 72' lang='lat' dir='ltr'><strong>ostendit</strong></span> <span class='ocrx_word' id='word_1_761' title='bbox 1349 1011 1403 1036; x_wconf 90' lang='lat' dir='ltr'><strong>duo</strong></span> <span class='ocrx_word' id='word_1_762' title='bbox 1418 1015 1478 1036; x_wconf 88' lang='lat' dir='ltr'><strong>esse</strong></span> <span class='ocrx_word' id='word_1_763' title='bbox 1493 1009 1596 1041; x_wconf 88' lang='lat' dir='ltr'><strong>peccati</strong></span> <span class='ocrx_word' id='word_1_764' title='bbox 1612 1008 1749 1042; x_wconf 83' lang='lat' dir='ltr'><strong>principia</strong></span> <span class='ocrx_word' id='word_1_765' title='bbox 1763 1028 1770 1038; x_wconf 86' lang='lat'><strong>,</strong></span> <span class='ocrx_word' id='word_1_766' title='bbox 1786 1008 1857 1034; x_wconf 77' lang='lat' dir='ltr'><strong>vide-</strong></span> 
     </span>
    </p>
   </div>
   <div class='ocr_carea' id='block_1_108' title="bbox 1073 1043 1856 1080">
    <p class='ocr_par' dir='ltr' id='par_1_108' title="bbox 1073 1043 1856 1080">
     <span class='ocr_line' id='line_1_110' title="bbox 1073 1043 1856 1080; baseline -0.004 -9"><span class='ocrx_word' id='word_1_767' title='bbox 1073 1044 1138 1072; x_wconf 84' lang='lat' dir='ltr'><strong>licet</strong></span> <span class='ocrx_word' id='word_1_768' title='bbox 1152 1045 1333 1080; x_wconf 83' lang='lat' dir='ltr'><strong>ignorantiam</strong></span> <span class='ocrx_word' id='word_1_769' title='bbox 1351 1050 1379 1071; x_wconf 88' lang='lat' dir='ltr'><strong>et</strong></span> <span class='ocrx_word' id='word_1_770' title='bbox 1399 1044 1624 1071; x_wconf 87' lang='lat' dir='ltr'><strong>imbecillitatem.</strong></span> <span class='ocrx_word' id='word_1_771' title='bbox 1643 1043 1679 1080; x_wconf 57' lang='grc' dir='ltr'><strong>ᾼῑ</strong></span> <span class='ocrx_word' id='word_1_772' title='bbox 1695 1043 1798 1080; x_wconf 80' lang='lat' dir='ltr'><strong>prioris</strong></span> <span class='ocrx_word' id='word_1_773' title='bbox 1816 1051 1856 1068; x_wconf 81' lang='lat' dir='ltr'><strong>re-</strong></span> 
     </span>
    </p>
   </div>
   <div class='ocr_carea' id='block_1_109' title="bbox 1074 1077 1856 1114">
    <p class='ocr_par' dir='ltr' id='par_1_109' title="bbox 1074 1077 1856 1114">
     <span class='ocr_line' id='line_1_111' title="bbox 1074 1077 1856 1114; baseline -0.005 -8"><span class='ocrx_word' id='word_1_774' title='bbox 1074 1077 1191 1107; x_wconf 79' lang='lat' dir='ltr'><strong>mediuin</strong></span> <span class='ocrx_word' id='word_1_775' title='bbox 1209 1085 1249 1107; x_wconf 87' lang='lat' dir='ltr'><strong>est</strong></span> <span class='ocrx_word' id='word_1_776' title='bbox 1265 1080 1385 1114; x_wconf 81' lang='lat' dir='ltr'><strong>cognitio</strong></span> <span class='ocrx_word' id='word_1_777' title='bbox 1399 1084 1426 1106; x_wconf 88' lang='lat' dir='ltr'><strong>et</strong></span> <span class='ocrx_word' id='word_1_778' title='bbox 1441 1080 1581 1111; x_wconf 87' lang='lat' dir='ltr'><strong>desumpta</strong></span> <span class='ocrx_word' id='word_1_779' title='bbox 1596 1086 1629 1114; x_wconf 77' lang='lat' dir='ltr'><strong>cx</strong></span> <span class='ocrx_word' id='word_1_780' title='bbox 1640 1077 1802 1114; x_wconf 18' lang='lat' dir='ltr'><strong>rSeriptiiris</strong></span> <span class='ocrx_word' id='word_1_781' title='bbox 1815 1085 1856 1103; x_wconf 81' lang='lat' dir='ltr'><strong>sa-</strong></span> 
     </span>
    </p>
   </div>
   <div class='ocr_carea' id='block_1_110' title="bbox 1073 1113 1855 1147">
    <p class='ocr_par' dir='ltr' id='par_1_110' title="bbox 1073 1113 1855 1147">
     <span class='ocr_line' id='line_1_112' title="bbox 1073 1113 1855 1147; baseline -0.005 -6"><span class='ocrx_word' id='word_1_782' title='bbox 1073 1115 1127 1141; x_wconf 86' lang='lat' dir='ltr'><strong>cris</strong></span> <span class='ocrx_word' id='word_1_783' title='bbox 1142 1115 1254 1142; x_wconf 87' lang='lat' dir='ltr'><strong>evidens</strong></span> <span class='ocrx_word' id='word_1_784' title='bbox 1269 1113 1483 1145; x_wconf 82' lang='lat' dir='ltr'><strong>demonstratio;</strong></span> <span class='ocrx_word' id='word_1_785' title='bbox 1501 1113 1662 1147; x_wconf 82' lang='lat' dir='ltr'><strong>posterioris</strong></span> <span class='ocrx_word' id='word_1_786' title='bbox 1679 1120 1746 1139; x_wconf 80' lang='lat' dir='ltr'><strong>vero</strong></span> <span class='ocrx_word' id='word_1_787' title='bbox 1758 1118 1799 1139; x_wconf 85' lang='lat' dir='ltr'><strong>est</strong></span> <span class='ocrx_word' id='word_1_788' title='bbox 1810 1114 1855 1138; x_wconf 87' lang='lat' dir='ltr'><strong>du-</strong></span> 
     </span>
    </p>
   </div>
   <div class='ocr_carea' id='block_1_111' title="bbox 1073 1146 1854 1181">
    <p class='ocr_par' dir='ltr' id='par_1_111' title="bbox 1073 1146 1854 1181">
     <span class='ocr_line' id='line_1_113' title="bbox 1073 1146 1854 1181; baseline -0.005 -5"><span class='ocrx_word' id='word_1_789' title='bbox 1073 1156 1118 1177; x_wconf 90' lang='lat' dir='ltr'><strong>cta</strong></span> <span class='ocrx_word' id='word_1_790' title='bbox 1135 1157 1168 1177; x_wconf 89' lang='lat' dir='ltr'><strong>ex</strong></span> <span class='ocrx_word' id='word_1_791' title='bbox 1191 1150 1242 1176; x_wconf 87' lang='lat' dir='ltr'><strong>ﬁde</strong></span> <span class='ocrx_word' id='word_1_792' title='bbox 1262 1154 1290 1177; x_wconf 87' lang='lat' dir='ltr'><strong>et</strong></span> <span class='ocrx_word' id='word_1_793' title='bbox 1314 1150 1411 1176; x_wconf 90' lang='lat' dir='ltr'><strong>timore</strong></span> <span class='ocrx_word' id='word_1_794' title='bbox 1428 1146 1599 1175; x_wconf 86' lang='lat' dir='ltr'><strong>exercitatio.</strong></span> <span class='ocrx_word' id='word_1_795' title='bbox 1624 1146 1749 1181; x_wconf 84' lang='lat' dir='ltr'><strong>Utraque</strong></span> <span class='ocrx_word' id='word_1_796' title='bbox 1770 1153 1854 1173; x_wconf 77' lang='lat' dir='ltr'><strong>autem</strong></span> 
     </span>
    </p>
   </div>
   <div class='ocr_carea' id='block_1_112' title="bbox 1073 1181 1853 1219">
    <p class='ocr_par' dir='ltr' id='par_1_112' title="bbox 1073 1181 1853 1219">
     <span class='ocr_line' id='line_1_114' title="bbox 1073 1181 1853 1219; baseline -0.005 -8"><span class='ocrx_word' id='word_1_797' title='bbox 1073 1185 1099 1211; x_wconf 93' lang='lat' dir='ltr'><strong>iu</strong></span> <span class='ocrx_word' id='word_1_798' title='bbox 1122 1185 1270 1219; x_wconf 68' lang='lat' dir='ltr'><strong>perfectam</strong></span> <span class='ocrx_word' id='word_1_799' title='bbox 1289 1185 1390 1212; x_wconf 84' lang='lat' dir='ltr'><strong>crescit</strong></span> <span class='ocrx_word' id='word_1_800' title='bbox 1407 1193 1416 1209; x_wconf 86' lang='lat' dir='ltr'><strong>t</strong></span> <span class='ocrx_word' id='word_1_801' title='bbox 1433 1183 1547 1219; x_wconf 78' lang='lat' dir='ltr'><strong>gnosiici</strong></span> <span class='ocrx_word' id='word_1_802' title='bbox 1563 1192 1572 1208; x_wconf 73' lang='grc' dir='ltr'><strong>ι</strong></span> <span class='ocrx_word' id='word_1_803' title='bbox 1587 1183 1762 1219; x_wconf 72' lang='lat' dir='ltr'><strong>charitatem.</strong></span> <span class='ocrx_word' id='word_1_804' title='bbox 1785 1181 1853 1219; x_wconf 71' lang='lat' dir='ltr'><strong>Fieri</strong></span> 
     </span>
    </p>
   </div>
   <div class='ocr_carea' id='block_1_113' title="bbox 1072 1217 1855 1254">
    <p class='ocr_par' dir='ltr' id='par_1_113' title="bbox 1072 1217 1855 1254">
     <span class='ocr_line' id='line_1_115' title="bbox 1072 1217 1855 1254; baseline -0.004 -9"><span class='ocrx_word' id='word_1_805' title='bbox 1072 1217 1163 1246; x_wconf 83' lang='lat' dir='ltr'><strong>atitein</strong></span> <span class='ocrx_word' id='word_1_806' title='bbox 1201 1224 1290 1254; x_wconf 88' lang='lat' dir='ltr'><strong>potest</strong></span> <span class='ocrx_word' id='word_1_807' title='bbox 1320 1225 1350 1246; x_wconf 91' lang='lat' dir='ltr'><strong>ut</strong></span> <span class='ocrx_word' id='word_1_808' title='bbox 1382 1217 1501 1246; x_wconf 26' lang='lat' dir='ltr'><strong>liicr’etici</strong></span> <span class='ocrx_word' id='word_1_809' title='bbox 1523 1218 1580 1245; x_wconf 77' lang='lat' dir='ltr'><strong>lucc</strong></span> <span class='ocrx_word' id='word_1_810' title='bbox 1600 1217 1796 1254; x_wconf 58' lang='lat' dir='ltr'><strong>intelligente:</strong></span> <span class='ocrx_word' id='word_1_811' title='bbox 1826 1218 1855 1242; x_wconf 83' lang='lat' dir='ltr'><strong>ad</strong></span> 
     </span>
    </p>
   </div>
   <div class='ocr_carea' id='block_1_114' title="bbox 1072 1252 1855 1283">
    <p class='ocr_par' dir='ltr' id='par_1_114' title="bbox 1072 1252 1855 1283">
     <span class='ocr_line' id='line_1_116' title="bbox 1072 1252 1855 1283; baseline -0.004 -3"><span class='ocrx_word' id='word_1_812' title='bbox 1072 1254 1156 1280; x_wconf 86' lang='lat' dir='ltr'><strong>Deuin</strong></span> <span class='ocrx_word' id='word_1_813' title='bbox 1172 1252 1365 1282; x_wconf 80' lang='lat' dir='ltr'><strong>convertantur</strong></span> <span class='ocrx_word' id='word_1_814' title='bbox 1381 1254 1414 1280; x_wconf 82' lang='grc'><strong>³¹.</strong></span> <span class='ocrx_word' id='word_1_815' title='bbox 1434 1253 1480 1280; x_wconf 85' lang='lat' dir='ltr'><strong>Siti</strong></span> <span class='ocrx_word' id='word_1_816' title='bbox 1501 1260 1565 1280; x_wconf 89' lang='lat' dir='ltr'><strong>vero</strong></span> <span class='ocrx_word' id='word_1_817' title='bbox 1581 1252 1715 1283; x_wconf 71' lang='lat' dir='ltr'><strong>obstinati</strong></span> <span class='ocrx_word' id='word_1_818' title='bbox 1738 1252 1764 1277; x_wconf 94' lang='lat' dir='ltr'><strong>in</strong></span> <span class='ocrx_word' id='word_1_819' title='bbox 1782 1260 1855 1278; x_wconf 86' lang='lat' dir='ltr'><strong>erro-</strong></span> 
     </span>
    </p>
   </div>
   <div class='ocr_carea' id='block_1_115' title="bbox 1072 1287 1853 1323">
    <p class='ocr_par' dir='ltr' id='par_1_115' title="bbox 1072 1287 1853 1323">
     <span class='ocr_line' id='line_1_117' title="bbox 1072 1287 1853 1323; baseline -0.003 -9"><span class='ocrx_word' id='word_1_820' title='bbox 1072 1290 1147 1316; x_wconf 89' lang='lat' dir='ltr'><strong>ribus</strong></span> <span class='ocrx_word' id='word_1_821' title='bbox 1162 1294 1336 1323; x_wconf 78' lang='lat' dir='ltr'><strong>pcrseVerent</strong></span> <span class='ocrx_word' id='word_1_822' title='bbox 1347 1312 1354 1322; x_wconf 80' lang='lat'><strong>,</strong></span> <span class='ocrx_word' id='word_1_823' title='bbox 1370 1289 1462 1323; x_wconf 81' lang='lat' dir='ltr'><strong>abillo</strong></span> <span class='ocrx_word' id='word_1_824' title='bbox 1476 1288 1557 1315; x_wconf 89' lang='lat' dir='ltr'><strong>etiam</strong></span> <span class='ocrx_word' id='word_1_825' title='bbox 1576 1287 1763 1323; x_wconf 78' lang='lat' dir='ltr'><strong>severioribus</strong></span> <span class='ocrx_word' id='word_1_826' title='bbox 1778 1295 1853 1322; x_wconf 80' lang='lat' dir='ltr'><strong>quain</strong></span> 
     </span>
    </p>
   </div>
   <div class='ocr_carea' id='block_1_116' title="bbox 1072 1322 1699 1358">
    <p class='ocr_par' dir='ltr' id='par_1_116' title="bbox 1072 1322 1699 1358">
     <span class='ocr_line' id='line_1_118' title="bbox 1072 1322 1699 1358; baseline -0.002 -8"><span class='ocrx_word' id='word_1_827' title='bbox 1072 1322 1230 1358; x_wconf 84' lang='lat' dir='ltr'><strong>peccatores</strong></span> <span class='ocrx_word' id='word_1_828' title='bbox 1243 1324 1366 1351; x_wconf 85' lang='lat' dir='ltr'><strong>catholici</strong></span> <span class='ocrx_word' id='word_1_829' title='bbox 1382 1322 1533 1350; x_wconf 79' lang='lat' dir='ltr'><strong>aﬂicientur</strong></span> <span class='ocrx_word' id='word_1_830' title='bbox 1547 1322 1699 1356; x_wconf 85' lang='lat' dir='ltr'><strong>suppliciis.</strong></span> 
     </span>
    </p>
   </div>
   <div class='ocr_carea' id='block_1_117' title="bbox 1108 1356 1854 1393">
    <p class='ocr_par' dir='ltr' id='par_1_117' title="bbox 1108 1356 1854 1393">
     <span class='ocr_line' id='line_1_119' title="bbox 1108 1356 1854 1393; baseline -0.004 -8"><span class='ocrx_word' id='word_1_831' title='bbox 1108 1359 1170 1385; x_wconf 73' lang='lat' dir='ltr'><strong>llaic</strong></span> <span class='ocrx_word' id='word_1_832' title='bbox 1184 1367 1266 1393; x_wconf 89' lang='lat' dir='ltr'><strong>porro</strong></span> <span class='ocrx_word' id='word_1_833' title='bbox 1281 1364 1376 1386; x_wconf 85' lang='lat' dir='ltr'><strong>auctor</strong></span> <span class='ocrx_word' id='word_1_834' title='bbox 1391 1363 1482 1385; x_wconf 86' lang='lat' dir='ltr'><strong>noster</strong></span> <span class='ocrx_word' id='word_1_835' title='bbox 1496 1366 1511 1384; x_wconf 90' lang='lat' dir='ltr'><strong>a</strong></span> <span class='ocrx_word' id='word_1_836' title='bbox 1527 1366 1556 1384; x_wconf 87' lang='lat' dir='ltr'><strong>se</strong></span> <span class='ocrx_word' id='word_1_837' title='bbox 1571 1358 1705 1393; x_wconf 79' lang='lat' dir='ltr'><strong>hactenus</strong></span> <span class='ocrx_word' id='word_1_838' title='bbox 1721 1356 1854 1390; x_wconf 76' lang='lat' dir='ltr'><strong>disputata</strong></span> 
     </span>
    </p>
   </div>
   <div class='ocr_carea' id='block_1_118' title="bbox 1070 1392 1854 1428">
    <p class='ocr_par' dir='ltr' id='par_1_118' title="bbox 1070 1392 1854 1428">
     <span class='ocr_line' id='line_1_120' title="bbox 1070 1392 1854 1428; baseline -0.005 -8"><span class='ocrx_word' id='word_1_839' title='bbox 1070 1400 1130 1420; x_wconf 75' lang='lat' dir='ltr'><strong>esse</strong></span> <span class='ocrx_word' id='word_1_840' title='bbox 1143 1394 1286 1428; x_wconf 79' lang='lat' dir='ltr'><strong>signiﬁcat,</strong></span> <span class='ocrx_word' id='word_1_841' title='bbox 1302 1399 1331 1420; x_wconf 90' lang='lat' dir='ltr'><strong>ut</strong></span> <span class='ocrx_word' id='word_1_842' title='bbox 1344 1393 1433 1420; x_wconf 92' lang='lat' dir='ltr'><strong>nullus</strong></span> <span class='ocrx_word' id='word_1_843' title='bbox 1447 1393 1473 1419; x_wconf 94' lang='lat' dir='ltr'><strong>in</strong></span> <span class='ocrx_word' id='word_1_844' title='bbox 1488 1393 1611 1420; x_wconf 73' lang='lat' dir='ltr'><strong>haeresim</strong></span> <span class='ocrx_word' id='word_1_845' title='bbox 1626 1392 1747 1423; x_wconf 81' lang='lat' dir='ltr'><strong>incidat;</strong></span> <span class='ocrx_word' id='word_1_846' title='bbox 1765 1398 1823 1428; x_wconf 74' lang='lat' dir='ltr'><strong>aut,</strong></span> 
     </span>
    </p>
   </div>
   <div class='ocr_carea' id='block_1_119' title="bbox 1070 1426 1855 1462">
    <p class='ocr_par' dir='ltr' id='par_1_119' title="bbox 1070 1426 1855 1462">
     <span class='ocr_line' id='line_1_121' title="bbox 1070 1426 1855 1462; baseline -0.001 -8"><span class='ocrx_word' id='word_1_847' title='bbox 1070 1429 1132 1462; x_wconf 89' lang='lat' dir='ltr'><strong>quis</strong></span> <span class='ocrx_word' id='word_1_848' title='bbox 1150 1426 1179 1455; x_wconf 73' lang='lat' dir='ltr'><strong>iii</strong></span> <span class='ocrx_word' id='word_1_849' title='bbox 1191 1436 1252 1456; x_wconf 83' lang='lat' dir='ltr'><strong>cani</strong></span> <span class='ocrx_word' id='word_1_850' title='bbox 1272 1429 1413 1460; x_wconf 84' lang='lat' dir='ltr'><strong>inciderit,</strong></span> <span class='ocrx_word' id='word_1_851' title='bbox 1430 1428 1569 1462; x_wconf 78' lang='lat' dir='ltr'><strong>possitque</strong></span> <span class='ocrx_word' id='word_1_852' title='bbox 1586 1427 1805 1462; x_wconf 77' lang='lat' dir='ltr'><strong>adhuesanari,</strong></span> <span class='ocrx_word' id='word_1_853' title='bbox 1824 1426 1855 1453; x_wconf 87' lang='lat' dir='ltr'><strong>ad</strong></span> 
     </span>
    </p>
   </div>
   <div class='ocr_carea' id='block_1_120' title="bbox 1069 1461 1854 1497">
    <p class='ocr_par' dir='ltr' id='par_1_120' title="bbox 1069 1461 1854 1497">
     <span class='ocr_line' id='line_1_122' title="bbox 1069 1461 1854 1497; baseline -0.004 -7"><span class='ocrx_word' id='word_1_854' title='bbox 1069 1461 1213 1490; x_wconf 78' lang='lat' dir='ltr'><strong>veritatem</strong></span> <span class='ocrx_word' id='word_1_855' title='bbox 1240 1464 1403 1490; x_wconf 90' lang='lat' dir='ltr'><strong>adducatur.</strong></span> <span class='ocrx_word' id='word_1_856' title='bbox 1426 1461 1534 1490; x_wconf 68' lang='lat' dir='ltr'><strong>Veruni</strong></span> <span class='ocrx_word' id='word_1_857' title='bbox 1550 1470 1584 1489; x_wconf 77' lang='lat' dir='ltr'><strong>ex</strong></span> <span class='ocrx_word' id='word_1_858' title='bbox 1607 1463 1640 1488; x_wconf 88' lang='lat' dir='ltr'><strong>iis</strong></span> <span class='ocrx_word' id='word_1_859' title='bbox 1661 1461 1754 1497; x_wconf 88' lang='lat' dir='ltr'><strong>plures</strong></span> <span class='ocrx_word' id='word_1_860' title='bbox 1776 1467 1854 1491; x_wconf 84' lang='lat' dir='ltr'><strong>sunt.</strong></span> 
     </span>
    </p>
   </div>
   <div class='ocr_carea' id='block_1_121' title="bbox 1070 1497 1852 1532">
    <p class='ocr_par' dir='ltr' id='par_1_121' title="bbox 1070 1497 1852 1532">
     <span class='ocr_line' id='line_1_123' title="bbox 1070 1497 1852 1532; baseline -0.003 -7"><span class='ocrx_word' id='word_1_861' title='bbox 1070 1501 1116 1532; x_wconf 91' lang='lat' dir='ltr'><strong>qui</strong></span> <span class='ocrx_word' id='word_1_862' title='bbox 1134 1506 1223 1525; x_wconf 85' lang='lat' dir='ltr'><strong>rerum</strong></span> <span class='ocrx_word' id='word_1_863' title='bbox 1240 1506 1370 1527; x_wconf 77' lang='lat' dir='ltr'><strong>novarum</strong></span> <span class='ocrx_word' id='word_1_864' title='bbox 1385 1497 1475 1532; x_wconf 87' lang='lat' dir='ltr'><strong>ctipitli</strong></span> <span class='ocrx_word' id='word_1_865' title='bbox 1489 1518 1496 1530; x_wconf 90' lang='lat'><strong>,</strong></span> <span class='ocrx_word' id='word_1_866' title='bbox 1511 1497 1659 1531; x_wconf 89' lang='lat' dir='ltr'><strong>voluptatis</strong></span> <span class='ocrx_word' id='word_1_867' title='bbox 1682 1502 1852 1526; x_wconf 80' lang='lat' dir='ltr'><strong>sectatores.</strong></span> 
     </span>
    </p>
   </div>
   <div class='ocr_carea' id='block_1_122' title="bbox 1070 1532 1855 1568">
    <p class='ocr_par' dir='ltr' id='par_1_122' title="bbox 1070 1532 1855 1568">
     <span class='ocr_line' id='line_1_124' title="bbox 1070 1532 1855 1568; baseline -0.005 -8"><span class='ocrx_word' id='word_1_868' title='bbox 1070 1533 1194 1568; x_wconf 81' lang='lat' dir='ltr'><strong>falsaque</strong></span> <span class='ocrx_word' id='word_1_869' title='bbox 1208 1534 1294 1566; x_wconf 82' lang='lat' dir='ltr'><strong>gloria</strong></span> <span class='ocrx_word' id='word_1_870' title='bbox 1313 1534 1415 1561; x_wconf 84' lang='lat' dir='ltr'><strong>incensi</strong></span> <span class='ocrx_word' id='word_1_871' title='bbox 1429 1553 1436 1564; x_wconf 86' lang='lat'><strong>,</strong></span> <span class='ocrx_word' id='word_1_872' title='bbox 1451 1540 1545 1568; x_wconf 76' lang='lat' dir='ltr'><strong>sacras</strong></span> <span class='ocrx_word' id='word_1_873' title='bbox 1561 1532 1720 1568; x_wconf 67' lang='lat' dir='ltr'><strong>scripturas</strong></span> <span class='ocrx_word' id='word_1_874' title='bbox 1735 1540 1855 1568; x_wconf 58' lang='lat' dir='ltr'><strong>corruiti-</strong></span> 
     </span>
    </p>
   </div>
   <div class='ocr_carea' id='block_1_123' title="bbox 1072 1565 1854 1603">
    <p class='ocr_par' dir='ltr' id='par_1_123' title="bbox 1072 1565 1854 1603">
     <span class='ocr_line' id='line_1_125' title="bbox 1072 1565 1854 1603; baseline -0.001 -9"><span class='ocrx_word' id='word_1_875' title='bbox 1072 1565 1181 1603; x_wconf 68' lang='lat' dir='ltr'><strong>puntet</strong></span> <span class='ocrx_word' id='word_1_876' title='bbox 1195 1565 1359 1598; x_wconf 75' lang='lat' dir='ltr'><strong>adulterant.</strong></span> <span class='ocrx_word' id='word_1_877' title='bbox 1377 1568 1455 1594; x_wconf 86' lang='lat' dir='ltr'><strong>Tales</strong></span> <span class='ocrx_word' id='word_1_878' title='bbox 1470 1567 1581 1594; x_wconf 79' lang='lat' dir='ltr'><strong>luerunt</strong></span> <span class='ocrx_word' id='word_1_879' title='bbox 1599 1567 1744 1597; x_wconf 80' lang='lat' dir='ltr'><strong>Marcion,</strong></span> <span class='ocrx_word' id='word_1_880' title='bbox 1762 1565 1854 1593; x_wconf 82' lang='lat' dir='ltr'><strong>Prodi-</strong></span> 
     </span>
    </p>
   </div>
   <div class='ocr_carea' id='block_1_124' title="bbox 1073 1603 1854 1636">
    <p class='ocr_par' dir='ltr' id='par_1_124' title="bbox 1073 1603 1854 1636">
     <span class='ocr_line' id='line_1_126' title="bbox 1073 1603 1854 1636; baseline -0.004 -6"><span class='ocrx_word' id='word_1_881' title='bbox 1073 1611 1132 1632; x_wconf 85' lang='lat' dir='ltr'><strong>cus.</strong></span> <span class='ocrx_word' id='word_1_882' title='bbox 1149 1609 1176 1631; x_wconf 87' lang='lat' dir='ltr'><strong>et</strong></span> <span class='ocrx_word' id='word_1_883' title='bbox 1192 1604 1236 1630; x_wconf 89' lang='lat' dir='ltr'><strong>alii</strong></span> <span class='ocrx_word' id='word_1_884' title='bbox 1252 1604 1370 1635; x_wconf 83' lang='lat' dir='ltr'><strong>similes,</strong></span> <span class='ocrx_word' id='word_1_885' title='bbox 1386 1611 1446 1630; x_wconf 89' lang='lat' dir='ltr'><strong>cuin</strong></span> <span class='ocrx_word' id='word_1_886' title='bbox 1463 1603 1561 1636; x_wconf 87' lang='lat' dir='ltr'><strong>quibus</strong></span> <span class='ocrx_word' id='word_1_887' title='bbox 1575 1603 1644 1629; x_wconf 87' lang='lat' dir='ltr'><strong>bene</strong></span> <span class='ocrx_word' id='word_1_888' title='bbox 1658 1608 1750 1628; x_wconf 86' lang='lat' dir='ltr'><strong>actum</strong></span> <span class='ocrx_word' id='word_1_889' title='bbox 1766 1607 1854 1632; x_wconf 62' lang='lat' dir='ltr'><strong>esset,</strong></span> 
     </span>
    </p>
   </div>
   <div class='ocr_carea' id='block_1_125' title="bbox 1073 1636 1852 1672">
    <p class='ocr_par' dir='ltr' id='par_1_125' title="bbox 1073 1636 1852 1672">
     <span class='ocr_line' id='line_1_127' title="bbox 1073 1636 1852 1672; baseline -0.005 -7"><span class='ocrx_word' id='word_1_890' title='bbox 1073 1639 1095 1665; x_wconf 89' lang='lat' dir='ltr'><strong>si</strong></span> <span class='ocrx_word' id='word_1_891' title='bbox 1112 1646 1143 1665; x_wconf 86' lang='lat' dir='ltr'><strong>ea</strong></span> <span class='ocrx_word' id='word_1_892' title='bbox 1159 1639 1229 1665; x_wconf 85' lang='lat' dir='ltr'><strong>scire</strong></span> <span class='ocrx_word' id='word_1_893' title='bbox 1246 1639 1416 1672; x_wconf 79' lang='lat' dir='ltr'><strong>potuissent.</strong></span> <span class='ocrx_word' id='word_1_894' title='bbox 1434 1645 1494 1672; x_wconf 67' lang='lat' dir='ltr'><strong>quae</strong></span> <span class='ocrx_word' id='word_1_895' title='bbox 1515 1638 1590 1672; x_wconf 85' lang='lat' dir='ltr'><strong>prius</strong></span> <span class='ocrx_word' id='word_1_896' title='bbox 1609 1638 1708 1663; x_wconf 89' lang='lat' dir='ltr'><strong>tradita</strong></span> <span class='ocrx_word' id='word_1_897' title='bbox 1727 1642 1804 1663; x_wconf 82' lang='lat' dir='ltr'><strong>erant</strong></span> <span class='ocrx_word' id='word_1_898' title='bbox 1821 1636 1852 1661; x_wconf 78' lang='lat'><strong>&quot;.</strong></span> 
     </span>
    </p>
   </div>
   <div class='ocr_carea' id='block_1_126' title="bbox 1073 1672 1852 1707">
    <p class='ocr_par' dir='ltr' id='par_1_126' title="bbox 1073 1672 1852 1707">
     <span class='ocr_line' id='line_1_128' title="bbox 1073 1672 1852 1707; baseline -0.004 -7"><span class='ocrx_word' id='word_1_899' title='bbox 1073 1674 1153 1701; x_wconf 91' lang='lat' dir='ltr'><strong>Solus</strong></span> <span class='ocrx_word' id='word_1_900' title='bbox 1167 1681 1231 1707; x_wconf 72' lang='lat' dir='ltr'><strong>ergo</strong></span> <span class='ocrx_word' id='word_1_901' title='bbox 1246 1683 1254 1698; x_wconf 86' lang='lat' dir='ltr'><strong>t</strong></span> <span class='ocrx_word' id='word_1_902' title='bbox 1270 1674 1409 1707; x_wconf 79' lang='lat' dir='ltr'><strong>giiosticus</strong></span> <span class='ocrx_word' id='word_1_903' title='bbox 1425 1683 1433 1699; x_wconf 86' lang='lat' dir='ltr'><strong>i</strong></span> <span class='ocrx_word' id='word_1_904' title='bbox 1449 1674 1474 1699; x_wconf 93' lang='lat' dir='ltr'><strong>iu</strong></span> <span class='ocrx_word' id='word_1_905' title='bbox 1496 1672 1564 1707; x_wconf 87' lang='lat' dir='ltr'><strong>ipsis</strong></span> <span class='ocrx_word' id='word_1_906' title='bbox 1585 1672 1741 1707; x_wconf 82' lang='lat' dir='ltr'><strong>Scripturis</strong></span> <span class='ocrx_word' id='word_1_907' title='bbox 1761 1679 1852 1698; x_wconf 83' lang='lat' dir='ltr'><strong>conse-</strong></span> 
     </span>
    </p>
   </div>
   <div class='ocr_carea' id='block_1_127' title="bbox 1073 1706 1855 1743">
    <p class='ocr_par' dir='ltr' id='par_1_127' title="bbox 1073 1706 1855 1743">
     <span class='ocr_line' id='line_1_129' title="bbox 1073 1706 1855 1743; baseline -0.003 -9"><span class='ocrx_word' id='word_1_908' title='bbox 1073 1710 1150 1740; x_wconf 91' lang='lat' dir='ltr'><strong>iitiit,</strong></span> <span class='ocrx_word' id='word_1_909' title='bbox 1170 1706 1214 1743; x_wconf 81' lang='lat' dir='ltr'><strong>qui</strong></span> <span class='ocrx_word' id='word_1_910' title='bbox 1234 1706 1325 1735; x_wconf 78' lang='lat' dir='ltr'><strong>verbis</strong></span> <span class='ocrx_word' id='word_1_911' title='bbox 1343 1714 1370 1735; x_wconf 87' lang='lat' dir='ltr'><strong>et.</strong></span> <span class='ocrx_word' id='word_1_912' title='bbox 1388 1708 1468 1735; x_wconf 83' lang='lat' dir='ltr'><strong>factis</strong></span> <span class='ocrx_word' id='word_1_913' title='bbox 1490 1706 1668 1735; x_wconf 79' lang='lat' dir='ltr'><strong>traditionem</strong></span> <span class='ocrx_word' id='word_1_914' title='bbox 1688 1706 1796 1743; x_wconf 76' lang='lat' dir='ltr'><strong>Domini</strong></span> <span class='ocrx_word' id='word_1_915' title='bbox 1815 1715 1855 1732; x_wconf 80' lang='lat' dir='ltr'><strong>se—</strong></span> 
     </span>
    </p>
   </div>
   <div class='ocr_carea' id='block_1_128' title="bbox 1072 1742 1853 1778">
    <p class='ocr_par' dir='ltr' id='par_1_128' title="bbox 1072 1742 1853 1778">
     <span class='ocr_line' id='line_1_130' title="bbox 1072 1742 1853 1778; baseline -0.004 -8"><span class='ocrx_word' id='word_1_916' title='bbox 1072 1742 1217 1778; x_wconf 31' lang='lat' dir='ltr'><strong>quitur,’et</strong></span> <span class='ocrx_word' id='word_1_917' title='bbox 1232 1751 1299 1776; x_wconf 89' lang='lat' dir='ltr'><strong>quas</strong></span> <span class='ocrx_word' id='word_1_918' title='bbox 1314 1744 1339 1770; x_wconf 93' lang='lat' dir='ltr'><strong>in</strong></span> <span class='ocrx_word' id='word_1_919' title='bbox 1353 1743 1449 1771; x_wconf 81' lang='lat' dir='ltr'><strong>iisdem</strong></span> <span class='ocrx_word' id='word_1_920' title='bbox 1464 1743 1562 1778; x_wconf 65' lang='lat' dir='ltr'><strong>quati&#39;it</strong></span> <span class='ocrx_word' id='word_1_921' title='bbox 1579 1742 1732 1777; x_wconf 82' lang='lat' dir='ltr'><strong>Scripturis</strong></span> <span class='ocrx_word' id='word_1_922' title='bbox 1747 1742 1853 1769; x_wconf 77' lang='lat' dir='ltr'><strong>demun-</strong></span> 
     </span>
    </p>
   </div>
   <div class='ocr_carea' id='block_1_129' title="bbox 1072 1778 1343 1806">
    <p class='ocr_par' dir='ltr' id='par_1_129' title="bbox 1072 1778 1343 1806">
     <span class='ocr_line' id='line_1_131' title="bbox 1072 1778 1343 1806; baseline -0.004 -1"><span class='ocrx_word' id='word_1_923' title='bbox 1072 1780 1217 1806; x_wconf 87' lang='lat' dir='ltr'><strong>strationes</strong></span> <span class='ocrx_word' id='word_1_924' title='bbox 1233 1778 1343 1805; x_wconf 88' lang='lat' dir='ltr'><strong>invenit.</strong></span> 
     </span>
    </p>
   </div>
   <div class='ocr_carea' id='block_1_130' title="bbox 1107 1812 1855 1849">
    <p class='ocr_par' dir='ltr' id='par_1_130' title="bbox 1107 1812 1855 1849">
     <span class='ocr_line' id='line_1_132' title="bbox 1107 1812 1855 1849; baseline -0.005 -9"><span class='ocrx_word' id='word_1_925' title='bbox 1107 1814 1183 1845; x_wconf 81' lang='lat' dir='ltr'><strong>Quod</strong></span> <span class='ocrx_word' id='word_1_926' title='bbox 1205 1813 1227 1840; x_wconf 90' lang='lat' dir='ltr'><strong>si</strong></span> <span class='ocrx_word' id='word_1_927' title='bbox 1242 1813 1303 1847; x_wconf 88' lang='lat' dir='ltr'><strong>quis</strong></span> <span class='ocrx_word' id='word_1_928' title='bbox 1323 1812 1454 1846; x_wconf 77' lang='lat' dir='ltr'><strong>obiecerit</strong></span> <span class='ocrx_word' id='word_1_929' title='bbox 1471 1812 1656 1849; x_wconf 70' lang='lat' dir='ltr'><strong>cognitionem</strong></span> <span class='ocrx_word' id='word_1_930' title='bbox 1669 1832 1677 1844; x_wconf 88' lang='lat'><strong>,</strong></span> <span class='ocrx_word' id='word_1_931' title='bbox 1695 1812 1855 1849; x_wconf 60' lang='lat' dir='ltr'><strong>YVtDSL‘I,_Ill</strong></span> 
     </span>
    </p>
   </div>
   <div class='ocr_carea' id='block_1_131' title="bbox 1073 1847 1854 1882">
    <p class='ocr_par' dir='ltr' id='par_1_131' title="bbox 1073 1847 1854 1882">
     <span class='ocr_line' id='line_1_133' title="bbox 1073 1847 1854 1882; baseline -0.003 -8"><span class='ocrx_word' id='word_1_932' title='bbox 1073 1849 1213 1882; x_wconf 87' lang='lat' dir='ltr'><strong>Scriptura</strong></span> <span class='ocrx_word' id='word_1_933' title='bbox 1233 1849 1352 1882; x_wconf 92' lang='lat' dir='ltr'><strong>loquitur</strong></span> <span class='ocrx_word' id='word_1_934' title='bbox 1371 1857 1381 1873; x_wconf 78' lang='grc' dir='ltr'>ί</span> <span class='ocrx_word' id='word_1_935' title='bbox 1399 1847 1536 1880; x_wconf 62' lang='grc' dir='ltr'><strong>ίιιΠειιεξ»</strong></span> <span class='ocrx_word' id='word_1_936' title='bbox 1552 1847 1697 1882; x_wconf 55' lang='lat' dir='ltr'><strong>(pusio-3v“</strong></span> <span class='ocrx_word' id='word_1_937' title='bbox 1715 1847 1854 1880; x_wconf 81' lang='lat' dir='ltr'><strong>respondet</strong></span> 
     </span>
    </p>
   </div>
   <div class='ocr_carea' id='block_1_132' title="bbox 1072 1882 1853 1918">
    <p class='ocr_par' dir='ltr' id='par_1_132' title="bbox 1072 1882 1853 1918">
     <span class='ocr_line' id='line_1_134' title="bbox 1072 1882 1853 1918; baseline -0.004 -8"><span class='ocrx_word' id='word_1_938' title='bbox 1072 1885 1198 1911; x_wconf 84' lang='lat' dir='ltr'><strong>Clemens</strong></span> <span class='ocrx_word' id='word_1_939' title='bbox 1215 1884 1265 1910; x_wconf 90' lang='lat' dir='ltr'><strong>hoc</strong></span> <span class='ocrx_word' id='word_1_940' title='bbox 1282 1883 1366 1910; x_wconf 87' lang='lat' dir='ltr'><strong>verbo</strong></span> <span class='ocrx_word' id='word_1_941' title='bbox 1382 1883 1530 1918; x_wconf 78' lang='lat' dir='ltr'><strong>signiﬁcari</strong></span> <span class='ocrx_word' id='word_1_942' title='bbox 1545 1891 1554 1908; x_wconf 79' lang='lat' dir='ltr'><strong>t</strong></span> <span class='ocrx_word' id='word_1_943' title='bbox 1572 1882 1719 1917; x_wconf 74' lang='lat' dir='ltr'><strong>magniﬁce</strong></span> <span class='ocrx_word' id='word_1_944' title='bbox 1741 1887 1770 1908; x_wconf 85' lang='lat' dir='ltr'><strong>et</strong></span> <span class='ocrx_word' id='word_1_945' title='bbox 1794 1889 1853 1907; x_wconf 85' lang='lat' dir='ltr'><strong>vere</strong></span> 
     </span>
    </p>
   </div>
   <div class='ocr_carea' id='block_1_133' title="bbox 1072 1917 1853 1952">
    <p class='ocr_par' dir='ltr' id='par_1_133' title="bbox 1072 1917 1853 1952">
     <span class='ocr_line' id='line_1_135' title="bbox 1072 1917 1853 1952; baseline -0.005 -6"><span class='ocrx_word' id='word_1_946' title='bbox 1072 1919 1174 1946; x_wconf 75' lang='lat' dir='ltr'><strong>sentire</strong></span> <span class='ocrx_word' id='word_1_947' title='bbox 1191 1918 1224 1945; x_wconf 83' lang='lat'><strong>&quot;.</strong></span> <span class='ocrx_word' id='word_1_948' title='bbox 1241 1927 1250 1944; x_wconf 77' lang='grc' dir='ltr'><strong>ι</strong></span> <span class='ocrx_word' id='word_1_949' title='bbox 1265 1919 1298 1945; x_wconf 87' lang='grc' dir='ltr'>Ει</span> <span class='ocrx_word' id='word_1_950' title='bbox 1311 1919 1336 1945; x_wconf 95' lang='lat' dir='ltr'><strong>id</strong></span> <span class='ocrx_word' id='word_1_951' title='bbox 1350 1919 1459 1952; x_wconf 86' lang='lat' dir='ltr'><strong>quidem</strong></span> <span class='ocrx_word' id='word_1_952' title='bbox 1474 1919 1535 1945; x_wconf 85' lang='lat' dir='ltr'><strong>aliis</strong></span> <span class='ocrx_word' id='word_1_953' title='bbox 1550 1918 1702 1950; x_wconf 70' lang='lat' dir='ltr'><strong>Scriptura:</strong></span> <span class='ocrx_word' id='word_1_954' title='bbox 1716 1917 1786 1944; x_wconf 82' lang='lat' dir='ltr'><strong>lucis</strong></span> <span class='ocrx_word' id='word_1_955' title='bbox 1801 1921 1853 1943; x_wconf 81' lang='lat' dir='ltr'><strong>sta-</strong></span> 
     </span>
    </p>
   </div>
   <div class='ocr_carea' id='block_1_134' title="bbox 1073 1953 1853 1987">
    <p class='ocr_par' dir='ltr' id='par_1_134' title="bbox 1073 1953 1853 1987">
     <span class='ocr_line' id='line_1_136' title="bbox 1073 1953 1853 1987; baseline -0.003 -8"><span class='ocrx_word' id='word_1_956' title='bbox 1073 1954 1177 1980; x_wconf 90' lang='lat' dir='ltr'><strong>biliiuni</strong></span> <span class='ocrx_word' id='word_1_957' title='bbox 1201 1961 1262 1980; x_wconf 82' lang='lat' dir='ltr'><strong>esse</strong></span> <span class='ocrx_word' id='word_1_958' title='bbox 1277 1954 1457 1980; x_wconf 78' lang='lat' dir='ltr'><strong>demonstrat.</strong></span> <span class='ocrx_word' id='word_1_959' title='bbox 1482 1953 1549 1980; x_wconf 91' lang='lat' dir='ltr'><strong>Cum</strong></span> <span class='ocrx_word' id='word_1_960' title='bbox 1566 1960 1632 1986; x_wconf 77' lang='lat' dir='ltr'><strong>ergo</strong></span> <span class='ocrx_word' id='word_1_961' title='bbox 1656 1953 1808 1987; x_wconf 78' lang='lat' dir='ltr'><strong>magniﬁca</strong></span> <span class='ocrx_word' id='word_1_962' title='bbox 1830 1958 1853 1977; x_wconf 82' lang='lat' dir='ltr'><strong>et</strong></span> 
     </span>
    </p>
   </div>
   <div class='ocr_carea' id='block_1_135' title="bbox 1072 1987 1852 2022">
    <p class='ocr_par' dir='ltr' id='par_1_135' title="bbox 1072 1987 1852 2022">
     <span class='ocr_line' id='line_1_137' title="bbox 1072 1987 1852 2022; baseline -0.005 -7"><span class='ocrx_word' id='word_1_963' title='bbox 1072 1996 1135 2015; x_wconf 81' lang='lat' dir='ltr'><strong>vera</strong></span> <span class='ocrx_word' id='word_1_964' title='bbox 1150 1989 1185 2015; x_wconf 76' lang='lat' dir='ltr'><strong>sit</strong></span> <span class='ocrx_word' id='word_1_965' title='bbox 1199 1996 1284 2015; x_wconf 58' lang='lat' dir='ltr'><strong>sacra!</strong></span> <span class='ocrx_word' id='word_1_966' title='bbox 1298 1988 1446 2022; x_wconf 73' lang='lat' dir='ltr'><strong>Scriptura.-</strong></span> <span class='ocrx_word' id='word_1_967' title='bbox 1460 1989 1594 2021; x_wconf 79' lang='lat' dir='ltr'><strong>coguitio.</strong></span> <span class='ocrx_word' id='word_1_968' title='bbox 1611 1988 1704 2014; x_wconf 92' lang='lat' dir='ltr'><strong>nullus</strong></span> <span class='ocrx_word' id='word_1_969' title='bbox 1718 1993 1794 2014; x_wconf 88' lang='lat' dir='ltr'><strong>certe</strong></span> <span class='ocrx_word' id='word_1_970' title='bbox 1807 1987 1852 2013; x_wconf 74' lang='lat' dir='ltr'><strong>ulla</strong></span> 
     </span>
    </p>
   </div>
   <div class='ocr_carea' id='block_1_136' title="bbox 1073 2023 1852 2058">
    <p class='ocr_par' dir='ltr' id='par_1_136' title="bbox 1073 2023 1852 2058">
     <span class='ocr_line' id='line_1_138' title="bbox 1073 2023 1852 2058; baseline -0.005 -8"><span class='ocrx_word' id='word_1_971' title='bbox 1073 2031 1193 2057; x_wconf 85' lang='lat' dir='ltr'><strong>unquam</strong></span> <span class='ocrx_word' id='word_1_972' title='bbox 1210 2023 1244 2050; x_wconf 87' lang='lat' dir='ltr'><strong>de</strong></span> <span class='ocrx_word' id='word_1_973' title='bbox 1261 2031 1343 2050; x_wconf 88' lang='lat' dir='ltr'><strong>causa</strong></span> <span class='ocrx_word' id='word_1_974' title='bbox 1360 2031 1449 2058; x_wconf 84' lang='lat' dir='ltr'><strong>neque</strong></span> <span class='ocrx_word' id='word_1_975' title='bbox 1469 2023 1542 2049; x_wconf 89' lang='lat' dir='ltr'><strong>illam</strong></span> <span class='ocrx_word' id='word_1_976' title='bbox 1561 2023 1716 2057; x_wconf 67' lang='lat' dir='ltr'><strong>depravare</strong></span> <span class='ocrx_word' id='word_1_977' title='bbox 1735 2027 1781 2049; x_wconf 86' lang='lat' dir='ltr'><strong>aut</strong></span> <span class='ocrx_word' id='word_1_978' title='bbox 1797 2030 1852 2048; x_wconf 81' lang='lat' dir='ltr'><strong>cor-</strong></span> 
     </span>
    </p>
   </div>
   <div class='ocr_carea' id='block_1_137' title="bbox 1073 2057 1852 2093">
    <p class='ocr_par' dir='ltr' id='par_1_137' title="bbox 1073 2057 1852 2093">
     <span class='ocr_line' id='line_1_139' title="bbox 1073 2057 1852 2093; baseline -0.003 -9"><span class='ocrx_word' id='word_1_979' title='bbox 1073 2066 1217 2092; x_wconf 85' lang='lat' dir='ltr'><strong>rumpere,</strong></span> <span class='ocrx_word' id='word_1_980' title='bbox 1235 2066 1324 2093; x_wconf 89' lang='lat' dir='ltr'><strong>neque</strong></span> <span class='ocrx_word' id='word_1_981' title='bbox 1339 2057 1477 2092; x_wconf 85' lang='lat' dir='ltr'><strong>cupiditati</strong></span> <span class='ocrx_word' id='word_1_982' title='bbox 1503 2065 1633 2092; x_wconf 74' lang='lat' dir='ltr'><strong>vanzeque</strong></span> <span class='ocrx_word' id='word_1_983' title='bbox 1656 2057 1752 2092; x_wconf 73' lang='lat' dir='ltr'><strong>gloria:</strong></span> <span class='ocrx_word' id='word_1_984' title='bbox 1773 2058 1852 2093; x_wconf 76' lang='lat' dir='ltr'><strong>inser-</strong></span> 
     </span>
    </p>
   </div>
   <div class='ocr_carea' id='block_1_138' title="bbox 1071 2092 1852 2128">
    <p class='ocr_par' dir='ltr' id='par_1_138' title="bbox 1071 2092 1852 2128">
     <span class='ocr_line' id='line_1_140' title="bbox 1071 2092 1852 2128; baseline -0.003 -9"><span class='ocrx_word' id='word_1_985' title='bbox 1071 2094 1188 2124; x_wconf 86' lang='lat' dir='ltr'><strong>vieudo,</strong></span> <span class='ocrx_word' id='word_1_986' title='bbox 1207 2094 1421 2128; x_wconf 83' lang='lat' dir='ltr'><strong>ecclesiasticam</strong></span> <span class='ocrx_word' id='word_1_987' title='bbox 1439 2093 1558 2128; x_wconf 73' lang='lat' dir='ltr'><strong>regulam</strong></span> <span class='ocrx_word' id='word_1_988' title='bbox 1573 2093 1659 2119; x_wconf 82' lang='lat' dir='ltr'><strong>furari</strong></span> <span class='ocrx_word' id='word_1_989' title='bbox 1680 2093 1771 2119; x_wconf 82' lang='lat' dir='ltr'><strong>debet.</strong></span> <span class='ocrx_word' id='word_1_990' title='bbox 1787 2092 1852 2125; x_wconf 70' lang='grc' dir='ltr'><strong>ρυε-</strong></span> 
     </span>
    </p>
   </div>
   <div class='ocr_carea' id='block_1_139' title="bbox 1072 2127 1851 2163">
    <p class='ocr_par' dir='ltr' id='par_1_139' title="bbox 1072 2127 1851 2163">
     <span class='ocr_line' id='line_1_141' title="bbox 1072 2127 1851 2163; baseline -0.001 -9"><span class='ocrx_word' id='word_1_991' title='bbox 1072 2129 1362 2163; x_wconf 72' lang='lat' dir='ltr'><strong>propternecliteretici</strong></span> <span class='ocrx_word' id='word_1_992' title='bbox 1377 2127 1490 2161; x_wconf 80' lang='lat' dir='ltr'><strong>hujusce</strong></span> <span class='ocrx_word' id='word_1_993' title='bbox 1511 2129 1637 2154; x_wconf 81' lang='lat' dir='ltr'><strong>criminis</strong></span> <span class='ocrx_word' id='word_1_994' title='bbox 1659 2128 1786 2158; x_wconf 84' lang='lat' dir='ltr'><strong>conscii,</strong></span> <span class='ocrx_word' id='word_1_995' title='bbox 1809 2135 1851 2153; x_wconf 80' lang='lat' dir='ltr'><strong>nec</strong></span> 
     </span>
    </p>
   </div>
   <div class='ocr_carea' id='block_1_140' title="bbox 1072 2163 1851 2197">
    <p class='ocr_par' dir='ltr' id='par_1_140' title="bbox 1072 2163 1851 2197">
     <span class='ocr_line' id='line_1_142' title="bbox 1072 2163 1851 2197; baseline -0.001 -8"><span class='ocrx_word' id='word_1_996' title='bbox 1072 2163 1117 2189; x_wconf 84' lang='lat' dir='ltr'><strong>alii</strong></span> <span class='ocrx_word' id='word_1_997' title='bbox 1135 2165 1168 2189; x_wconf 89' lang='lat' dir='ltr'><strong>ab</strong></span> <span class='ocrx_word' id='word_1_998' title='bbox 1186 2164 1220 2190; x_wconf 82' lang='lat' dir='ltr'><strong>iis</strong></span> <span class='ocrx_word' id='word_1_999' title='bbox 1235 2164 1362 2197; x_wconf 84' lang='lat' dir='ltr'><strong>decepti,</strong></span> <span class='ocrx_word' id='word_1_1000' title='bbox 1379 2164 1404 2189; x_wconf 95' lang='lat' dir='ltr'><strong>in</strong></span> <span class='ocrx_word' id='word_1_1001' title='bbox 1423 2171 1535 2197; x_wconf 77' lang='lat' dir='ltr'><strong>regnum</strong></span> <span class='ocrx_word' id='word_1_1002' title='bbox 1552 2163 1698 2189; x_wconf 85' lang='lat' dir='ltr'><strong>intrabunt</strong></span> <span class='ocrx_word' id='word_1_1003' title='bbox 1714 2163 1851 2189; x_wconf 69' lang='lat' dir='ltr'><strong>cmloruut.</strong></span> 
     </span>
    </p>
   </div>
   <div class='ocr_carea' id='block_1_141' title="bbox 1072 2197 1852 2225">
    <p class='ocr_par' dir='ltr' id='par_1_141' title="bbox 1072 2197 1852 2225">
     <span class='ocr_line' id='line_1_143' title="bbox 1072 2197 1852 2225; baseline -0.003 -1"><span class='ocrx_word' id='word_1_1004' title='bbox 1072 2197 1130 2224; x_wconf 81' lang='lat' dir='ltr'><strong>Non</strong></span> <span class='ocrx_word' id='word_1_1005' title='bbox 1146 2199 1218 2224; x_wconf 89' lang='lat' dir='ltr'><strong>enim</strong></span> <span class='ocrx_word' id='word_1_1006' title='bbox 1235 2198 1337 2225; x_wconf 84' lang='lat' dir='ltr'><strong>habent</strong></span> <span class='ocrx_word' id='word_1_1007' title='bbox 1352 2206 1443 2224; x_wconf 88' lang='lat' dir='ltr'><strong>veram</strong></span> <span class='ocrx_word' id='word_1_1008' title='bbox 1459 2199 1606 2225; x_wconf 79' lang='lat' dir='ltr'><strong>Doniinica:</strong></span> <span class='ocrx_word' id='word_1_1009' title='bbox 1625 2198 1786 2224; x_wconf 82' lang='lat' dir='ltr'><strong>Iratlitimiis</strong></span> <span class='ocrx_word' id='word_1_1010' title='bbox 1802 2199 1852 2224; x_wconf 77' lang='lat' dir='ltr'><strong>cla-</strong></span> 
     </span>
    </p>
   </div>
   <div class='ocr_carea' id='block_1_142' title="bbox 1072 2232 1852 2267">
    <p class='ocr_par' dir='ltr' id='par_1_142' title="bbox 1072 2232 1852 2267">
     <span class='ocr_line' id='line_1_144' title="bbox 1072 2232 1852 2267; baseline 0.001 -10"><span class='ocrx_word' id='word_1_1011' title='bbox 1072 2233 1124 2258; x_wconf 82' lang='lat' dir='ltr'><strong>viin</strong></span> <span class='ocrx_word' id='word_1_1012' title='bbox 1138 2251 1146 2263; x_wconf 86' lang='lat'><strong>,</strong></span> <span class='ocrx_word' id='word_1_1013' title='bbox 1164 2233 1211 2260; x_wconf 87' lang='lat' dir='ltr'><strong>sed</strong></span> <span class='ocrx_word' id='word_1_1014' title='bbox 1229 2234 1373 2267; x_wconf 85' lang='lat' dir='ltr'><strong>quamdam</strong></span> <span class='ocrx_word' id='word_1_1015' title='bbox 1390 2233 1504 2265; x_wconf 75' lang='lat' dir='ltr'><strong>falsam,</strong></span> <span class='ocrx_word' id='word_1_1016' title='bbox 1524 2242 1590 2267; x_wconf 85' lang='lat' dir='ltr'><strong>qua,</strong></span> <span class='ocrx_word' id='word_1_1017' title='bbox 1611 2233 1709 2259; x_wconf 84' lang='lat' dir='ltr'><strong>exciso</strong></span> <span class='ocrx_word' id='word_1_1018' title='bbox 1730 2232 1852 2259; x_wconf 71' lang='lat' dir='ltr'><strong>Ecclesia</strong></span> 
     </span>
    </p>
   </div>
   <div class='ocr_carea' id='block_1_143' title="bbox 1071 2268 1851 2302">
    <p class='ocr_par' dir='ltr' id='par_1_143' title="bbox 1071 2268 1851 2302">
     <span class='ocr_line' id='line_1_145' title="bbox 1071 2268 1851 2302; baseline 0.001 -9"><span class='ocrx_word' id='word_1_1019' title='bbox 1071 2268 1141 2294; x_wconf 86' lang='lat' dir='ltr'><strong>ostio</strong></span> <span class='ocrx_word' id='word_1_1020' title='bbox 1168 2273 1195 2294; x_wconf 89' lang='lat' dir='ltr'><strong>et</strong></span> <span class='ocrx_word' id='word_1_1021' title='bbox 1220 2268 1342 2302; x_wconf 81' lang='lat' dir='ltr'><strong>perfosso</strong></span> <span class='ocrx_word' id='word_1_1022' title='bbox 1365 2269 1437 2296; x_wconf 83' lang='lat' dir='ltr'><strong>illius</strong></span> <span class='ocrx_word' id='word_1_1023' title='bbox 1458 2276 1554 2302; x_wconf 67' lang='grc' dir='ltr'><strong>τηυιυ,</strong></span> <span class='ocrx_word' id='word_1_1024' title='bbox 1581 2268 1707 2295; x_wconf 81' lang='lat' dir='ltr'><strong>veritatis</strong></span> <span class='ocrx_word' id='word_1_1025' title='bbox 1722 2268 1851 2295; x_wconf 80' lang='lat' dir='ltr'><strong>cancellos</strong></span> 
     </span>
    </p>
   </div>
   <div class='ocr_carea' id='block_1_144' title="bbox 1073 2304 1321 2337">
    <p class='ocr_par' dir='ltr' id='par_1_144' title="bbox 1073 2304 1321 2337">
     <span class='ocr_line' id='line_1_146' title="bbox 1073 2304 1321 2337; baseline 0.008 -9"><span class='ocrx_word' id='word_1_1026' title='bbox 1073 2304 1321 2337; x_wconf 80' lang='lat' dir='ltr'><strong>transgrediuntur.</strong></span> 
     </span>
    </p>
   </div>
   <div class='ocr_carea' id='block_1_145' title="bbox 1107 2337 1854 2372">
    <p class='ocr_par' dir='ltr' id='par_1_145' title="bbox 1107 2337 1854 2372">
     <span class='ocr_line' id='line_1_147' title="bbox 1107 2337 1854 2372; baseline 0.003 -9"><span class='ocrx_word' id='word_1_1027' title='bbox 1107 2337 1176 2364; x_wconf 86' lang='lat' dir='ltr'><strong>Hinc</strong></span> <span class='ocrx_word' id='word_1_1028' title='bbox 1190 2338 1315 2365; x_wconf 87' lang='lat' dir='ltr'><strong>Clemens</strong></span> <span class='ocrx_word' id='word_1_1029' title='bbox 1326 2338 1423 2372; x_wconf 89' lang='lat' dir='ltr'><strong>probat</strong></span> <span class='ocrx_word' id='word_1_1030' title='bbox 1436 2346 1529 2365; x_wconf 86' lang='lat' dir='ltr'><strong>omnes</strong></span> <span class='ocrx_word' id='word_1_1031' title='bbox 1543 2338 1602 2364; x_wconf 89' lang='lat' dir='ltr'><strong>illos</strong></span> <span class='ocrx_word' id='word_1_1032' title='bbox 1613 2337 1763 2365; x_wconf 70' lang='lat' dir='ltr'><strong>limreticos</strong></span> <span class='ocrx_word' id='word_1_1033' title='bbox 1777 2339 1854 2365; x_wconf 51' lang='lat' dir='ltr'><strong>fuiﬁe</strong></span> 
     </span>
    </p>
   </div>
   <div class='ocr_carea' id='block_1_146' title="bbox 1072 2373 1851 2408">
    <p class='ocr_par' dir='ltr' id='par_1_146' title="bbox 1072 2373 1851 2408">
     <span class='ocr_line' id='line_1_148' title="bbox 1072 2373 1851 2408; baseline -0.001 -10"><span class='ocrx_word' id='word_1_1034' title='bbox 1072 2380 1135 2399; x_wconf 87' lang='lat' dir='ltr'><strong>vera</strong></span> <span class='ocrx_word' id='word_1_1035' title='bbox 1151 2373 1228 2407; x_wconf 75' lang='lat' dir='ltr'><strong>longe</strong></span> <span class='ocrx_word' id='word_1_1036' title='bbox 1244 2380 1408 2400; x_wconf 83' lang='lat' dir='ltr'><strong>recentiores</strong></span> <span class='ocrx_word' id='word_1_1037' title='bbox 1423 2374 1542 2400; x_wconf 71' lang='lat' dir='ltr'><strong>Ecclesia</strong></span> <span class='ocrx_word' id='word_1_1038' title='bbox 1555 2393 1563 2404; x_wconf 87' lang='lat'><strong>,</strong></span> <span class='ocrx_word' id='word_1_1039' title='bbox 1585 2381 1645 2408; x_wconf 77' lang='lat' dir='ltr'><strong>qua:</strong></span> <span class='ocrx_word' id='word_1_1040' title='bbox 1665 2379 1695 2399; x_wconf 91' lang='lat' dir='ltr'><strong>et</strong></span> <span class='ocrx_word' id='word_1_1041' title='bbox 1721 2375 1851 2401; x_wconf 72' lang='lat' dir='ltr'><strong>CJlllOllt:</strong></span> 
     </span>
    </p>
   </div>
   <div class='ocr_carea' id='block_1_147' title="bbox 1072 2408 1851 2441">
    <p class='ocr_par' dir='ltr' id='par_1_147' title="bbox 1072 2408 1851 2441">
     <span class='ocr_line' id='line_1_149' title="bbox 1072 2408 1851 2441; baseline -0.001 -7"><span class='ocrx_word' id='word_1_1042' title='bbox 1072 2412 1100 2434; x_wconf 87' lang='lat' dir='ltr'><strong>et</strong></span> <span class='ocrx_word' id='word_1_1043' title='bbox 1115 2408 1277 2435; x_wconf 84' lang='lat' dir='ltr'><strong>universalis</strong></span> <span class='ocrx_word' id='word_1_1044' title='bbox 1291 2416 1352 2435; x_wconf 76' lang='lat' dir='ltr'><strong>esse</strong></span> <span class='ocrx_word' id='word_1_1045' title='bbox 1369 2409 1449 2435; x_wconf 86' lang='lat' dir='ltr'><strong>debet</strong></span> <span class='ocrx_word' id='word_1_1046' title='bbox 1460 2429 1468 2440; x_wconf 87' lang='lat'><strong>,</strong></span> <span class='ocrx_word' id='word_1_1047' title='bbox 1484 2413 1512 2435; x_wconf 80' lang='lat' dir='ltr'><strong>et</strong></span> <span class='ocrx_word' id='word_1_1048' title='bbox 1534 2416 1586 2434; x_wconf 88' lang='lat' dir='ltr'><strong>una</strong></span> <span class='ocrx_word' id='word_1_1049' title='bbox 1608 2413 1715 2434; x_wconf 87' lang='lat' dir='ltr'><strong>tantum</strong></span> <span class='ocrx_word' id='word_1_1050' title='bbox 1733 2418 1794 2436; x_wconf 77' lang='lat' dir='ltr'><strong>esse</strong></span> <span class='ocrx_word' id='word_1_1051' title='bbox 1810 2417 1851 2441; x_wconf 82' lang='lat' dir='ltr'><strong>po-</strong></span> 
     </span>
    </p>
   </div>
   <div class='ocr_carea' id='block_1_148' title="bbox 1075 2443 1854 2478">
    <p class='ocr_par' dir='ltr' id='par_1_148' title="bbox 1075 2443 1854 2478">
     <span class='ocr_line' id='line_1_150' title="bbox 1075 2443 1854 2478; baseline -0.001 -9"><span class='ocrx_word' id='word_1_1052' title='bbox 1075 2448 1138 2469; x_wconf 79' lang='lat' dir='ltr'><strong>test.</strong></span> <span class='ocrx_word' id='word_1_1053' title='bbox 1152 2443 1224 2470; x_wconf 92' lang='lat' dir='ltr'><strong>Illius</strong></span> <span class='ocrx_word' id='word_1_1054' title='bbox 1237 2449 1327 2470; x_wconf 83' lang='lat' dir='ltr'><strong>anteiit</strong></span> <span class='ocrx_word' id='word_1_1055' title='bbox 1341 2444 1486 2470; x_wconf 87' lang='lat' dir='ltr'><strong>eminentia</strong></span> <span class='ocrx_word' id='word_1_1056' title='bbox 1500 2444 1775 2478; x_wconf 84' lang='lat' dir='ltr'><strong>constructionisque</strong></span> <span class='ocrx_word' id='word_1_1057' title='bbox 1788 2452 1854 2478; x_wconf 67' lang='lat' dir='ltr'><strong>priii&lt;</strong></span> 
     </span>
    </p>
   </div>
   <div class='ocr_carea' id='block_1_149' title="bbox 1073 2478 1853 2513">
    <p class='ocr_par' dir='ltr' id='par_1_149' title="bbox 1073 2478 1853 2513">
     <span class='ocr_line' id='line_1_151' title="bbox 1073 2478 1853 2513; baseline 0 -9"><span class='ocrx_word' id='word_1_1058' title='bbox 1073 2478 1174 2512; x_wconf 77' lang='lat' dir='ltr'><strong>t&#39;ipinm</strong></span> <span class='ocrx_word' id='word_1_1059' title='bbox 1187 2498 1194 2509; x_wconf 89' lang='lat'><strong>,</strong></span> <span class='ocrx_word' id='word_1_1060' title='bbox 1212 2483 1309 2505; x_wconf 73' lang='lat' dir='ltr'><strong>ctctera</strong></span> <span class='ocrx_word' id='word_1_1061' title='bbox 1328 2479 1418 2505; x_wconf 88' lang='lat' dir='ltr'><strong>omnia</strong></span> <span class='ocrx_word' id='word_1_1062' title='bbox 1436 2486 1586 2513; x_wconf 74' lang='lat' dir='ltr'><strong>superans,</strong></span> <span class='ocrx_word' id='word_1_1063' title='bbox 1603 2479 1713 2505; x_wconf 89' lang='lat' dir='ltr'><strong>unitate</strong></span> <span class='ocrx_word' id='word_1_1064' title='bbox 1731 2487 1781 2505; x_wconf 78' lang='lat' dir='ltr'><strong>sua</strong></span> <span class='ocrx_word' id='word_1_1065' title='bbox 1796 2479 1853 2504; x_wconf 89' lang='lat' dir='ltr'><strong>fun-</strong></span> 
     </span>
    </p>
   </div>
   <div class='ocr_carea' id='block_1_150' title="bbox 1074 2512 1853 2541">
    <p class='ocr_par' dir='ltr' id='par_1_150' title="bbox 1074 2512 1853 2541">
     <span class='ocr_line' id='line_1_152' title="bbox 1074 2512 1853 2541; baseline 0 -3"><span class='ocrx_word' id='word_1_1066' title='bbox 1074 2514 1154 2539; x_wconf 86' lang='lat' dir='ltr'><strong>datur</strong></span> <span class='ocrx_word' id='word_1_1067' title='bbox 1176 2518 1203 2540; x_wconf 88' lang='lat' dir='ltr'><strong>et</strong></span> <span class='ocrx_word' id='word_1_1068' title='bbox 1225 2514 1399 2540; x_wconf 88' lang='lat' dir='ltr'><strong>constituitur</strong></span> <span class='ocrx_word' id='word_1_1069' title='bbox 1424 2514 1457 2539; x_wconf 68' lang='grc'><strong>³³.</strong></span> <span class='ocrx_word' id='word_1_1070' title='bbox 1483 2512 1581 2539; x_wconf 77' lang='lat' dir='ltr'><strong>Verum</strong></span> <span class='ocrx_word' id='word_1_1071' title='bbox 1599 2514 1721 2541; x_wconf 68' lang='lat' dir='ltr'><strong>hmreses</strong></span> <span class='ocrx_word' id='word_1_1072' title='bbox 1745 2522 1780 2541; x_wconf 74' lang='lat' dir='ltr'><strong>ex</strong></span> <span class='ocrx_word' id='word_1_1073' title='bbox 1803 2514 1853 2540; x_wconf 83' lang='lat' dir='ltr'><strong>suis</strong></span> 
     </span>
    </p>
   </div>
   <div class='ocr_carea' id='block_1_151' title="bbox 1074 2548 1853 2582">
    <p class='ocr_par' dir='ltr' id='par_1_151' title="bbox 1074 2548 1853 2582">
     <span class='ocr_line' id='line_1_153' title="bbox 1074 2548 1853 2582; baseline 0.001 -8"><span class='ocrx_word' id='word_1_1074' title='bbox 1074 2549 1251 2580; x_wconf 86' lang='lat' dir='ltr'><strong>auctoribus,</strong></span> <span class='ocrx_word' id='word_1_1075' title='bbox 1275 2548 1359 2580; x_wconf 76' lang='lat' dir='ltr'><strong>locis,</strong></span> <span class='ocrx_word' id='word_1_1076' title='bbox 1384 2553 1480 2582; x_wconf 78' lang='lat' dir='ltr'><strong>gente,</strong></span> <span class='ocrx_word' id='word_1_1077' title='bbox 1507 2549 1704 2582; x_wconf 70' lang='lat' dir='ltr'><strong>dogmatibus,</strong></span> <span class='ocrx_word' id='word_1_1078' title='bbox 1729 2554 1778 2575; x_wconf 86' lang='lat' dir='ltr'><strong>aut</strong></span> <span class='ocrx_word' id='word_1_1079' title='bbox 1799 2556 1853 2582; x_wconf 81' lang='lat' dir='ltr'><strong>pcr-</strong></span> 
     </span>
    </p>
   </div>
   <div class='ocr_carea' id='block_1_152' title="bbox 1075 2583 1854 2618">
    <p class='ocr_par' dir='ltr' id='par_1_152' title="bbox 1075 2583 1854 2618">
     <span class='ocr_line' id='line_1_154' title="bbox 1075 2583 1854 2618; baseline 0.001 -11"><span class='ocrx_word' id='word_1_1080' title='bbox 1075 2586 1162 2610; x_wconf 70' lang='lat' dir='ltr'><strong>versis</strong></span> <span class='ocrx_word' id='word_1_1081' title='bbox 1177 2584 1281 2610; x_wconf 90' lang='lat' dir='ltr'><strong>actibus</strong></span> <span class='ocrx_word' id='word_1_1082' title='bbox 1296 2591 1394 2610; x_wconf 88' lang='lat' dir='ltr'><strong>nomen</strong></span> <span class='ocrx_word' id='word_1_1083' title='bbox 1411 2584 1514 2610; x_wconf 69' lang='lat' dir='ltr'><strong>sortitae</strong></span> <span class='ocrx_word' id='word_1_1084' title='bbox 1530 2588 1604 2610; x_wconf 84' lang='lat' dir='ltr'><strong>sunt.</strong></span> <span class='ocrx_word' id='word_1_1085' title='bbox 1621 2583 1748 2618; x_wconf 80' lang='lat' dir='ltr'><strong>Denique</strong></span> <span class='ocrx_word' id='word_1_1086' title='bbox 1764 2590 1854 2610; x_wconf 81' lang='lat' dir='ltr'><strong>auctor</strong></span> 
     </span>
    </p>
   </div>
   <div class='ocr_carea' id='block_1_153' title="bbox 1072 2618 1851 2646">
    <p class='ocr_par' dir='ltr' id='par_1_153' title="bbox 1072 2618 1851 2646">
     <span class='ocr_line' id='line_1_155' title="bbox 1072 2618 1851 2646; baseline -0.003 -2"><span class='ocrx_word' id='word_1_1087' title='bbox 1072 2624 1166 2645; x_wconf 74' lang='lat' dir='ltr'><strong>noster</strong></span> <span class='ocrx_word' id='word_1_1088' title='bbox 1180 2619 1259 2645; x_wconf 72' lang='lat' dir='ltr'><strong>docet</strong></span> <span class='ocrx_word' id='word_1_1089' title='bbox 1273 2618 1389 2644; x_wconf 80' lang='lat' dir='ltr'><strong>Mosaica</strong></span> <span class='ocrx_word' id='word_1_1090' title='bbox 1404 2619 1437 2645; x_wconf 88' lang='lat' dir='ltr'><strong>de</strong></span> <span class='ocrx_word' id='word_1_1091' title='bbox 1453 2618 1561 2645; x_wconf 84' lang='lat' dir='ltr'><strong>mundis</strong></span> <span class='ocrx_word' id='word_1_1092' title='bbox 1581 2624 1609 2644; x_wconf 85' lang='lat' dir='ltr'><strong>et</strong></span> <span class='ocrx_word' id='word_1_1093' title='bbox 1628 2619 1781 2646; x_wconf 87' lang='lat' dir='ltr'><strong>immundis</strong></span> <span class='ocrx_word' id='word_1_1094' title='bbox 1799 2627 1851 2644; x_wconf 83' lang='lat' dir='ltr'><strong>atii-</strong></span> 
     </span>
    </p>
   </div>
   <div class='ocr_carea' id='block_1_154' title="bbox 1072 2653 1853 2687">
    <p class='ocr_par' dir='ltr' id='par_1_154' title="bbox 1072 2653 1853 2687">
     <span class='ocr_line' id='line_1_156' title="bbox 1072 2653 1853 2687; baseline 0.001 -9"><span class='ocrx_word' id='word_1_1095' title='bbox 1072 2654 1189 2680; x_wconf 79' lang='lat' dir='ltr'><strong>ntalilius</strong></span> <span class='ocrx_word' id='word_1_1096' title='bbox 1213 2656 1271 2687; x_wconf 77' lang='lat' dir='ltr'><strong>lege</strong></span> <span class='ocrx_word' id='word_1_1097' title='bbox 1296 2653 1408 2686; x_wconf 84' lang='lat' dir='ltr'><strong>ﬁdeles,</strong></span> <span class='ocrx_word' id='word_1_1098' title='bbox 1424 2653 1532 2680; x_wconf 70' lang='lat' dir='ltr'><strong>.ludazos</strong></span> <span class='ocrx_word' id='word_1_1099' title='bbox 1548 2658 1631 2687; x_wconf 76' lang='lat' dir='ltr'><strong>atque</strong></span> <span class='ocrx_word' id='word_1_1100' title='bbox 1648 2655 1796 2681; x_wconf 69' lang='lat' dir='ltr'><strong>barreticos</strong></span> <span class='ocrx_word' id='word_1_1101' title='bbox 1814 2655 1853 2679; x_wconf 52' lang='lat' dir='ltr'><strong>dt»</strong></span> 
     </span>
    </p>
   </div>
   <div class='ocr_carea' id='block_1_155' title="bbox 1070 2688 1850 2722">
    <p class='ocr_par' dir='ltr' id='par_1_155' title="bbox 1070 2688 1850 2722">
     <span class='ocr_line' id='line_1_157' title="bbox 1070 2688 1850 2722; baseline -0.001 -8"><span class='ocrx_word' id='word_1_1102' title='bbox 1070 2688 1171 2722; x_wconf 74' lang='lat' dir='ltr'><strong>signari</strong></span> <span class='ocrx_word' id='word_1_1103' title='bbox 1185 2697 1193 2720; x_wconf 81' lang='lat'><strong>;</strong></span> <span class='ocrx_word' id='word_1_1104' title='bbox 1208 2696 1240 2715; x_wconf 86' lang='lat' dir='ltr'><strong>ac</strong></span> <span class='ocrx_word' id='word_1_1105' title='bbox 1254 2693 1395 2721; x_wconf 87' lang='lat' dir='ltr'><strong>postquam</strong></span> <span class='ocrx_word' id='word_1_1106' title='bbox 1413 2691 1444 2716; x_wconf 89' lang='lat' dir='ltr'><strong>de</strong></span> <span class='ocrx_word' id='word_1_1107' title='bbox 1461 2689 1541 2715; x_wconf 88' lang='lat' dir='ltr'><strong>modo</strong></span> <span class='ocrx_word' id='word_1_1108' title='bbox 1571 2696 1624 2721; x_wconf 89' lang='lat' dir='ltr'><strong>qtto</strong></span> <span class='ocrx_word' id='word_1_1109' title='bbox 1638 2689 1664 2715; x_wconf 94' lang='lat' dir='ltr'><strong>hi</strong></span> <span class='ocrx_word' id='word_1_1110' title='bbox 1682 2688 1746 2716; x_wconf 89' lang='lat' dir='ltr'><strong>libri</strong></span> <span class='ocrx_word' id='word_1_1111' title='bbox 1761 2689 1850 2721; x_wconf 76' lang='lat' dir='ltr'><strong>scripti</strong></span> 
     </span>
    </p>
   </div>
   <div class='ocr_carea' id='block_1_156' title="bbox 1069 2723 1851 2757">
    <p class='ocr_par' dir='ltr' id='par_1_156' title="bbox 1069 2723 1851 2757">
     <span class='ocr_line' id='line_1_158' title="bbox 1069 2723 1851 2757; baseline -0.001 -8"><span class='ocrx_word' id='word_1_1112' title='bbox 1069 2729 1149 2756; x_wconf 82' lang='lat' dir='ltr'><strong>sunt,</strong></span> <span class='ocrx_word' id='word_1_1113' title='bbox 1168 2731 1318 2757; x_wconf 90' lang='lat' dir='ltr'><strong>eorumque</strong></span> <span class='ocrx_word' id='word_1_1114' title='bbox 1329 2724 1406 2750; x_wconf 91' lang='lat' dir='ltr'><strong>titulo</strong></span> <span class='ocrx_word' id='word_1_1115' title='bbox 1426 2725 1544 2750; x_wconf 80' lang='lat' dir='ltr'><strong>breviter</strong></span> <span class='ocrx_word' id='word_1_1116' title='bbox 1560 2723 1693 2751; x_wconf 85' lang='lat' dir='ltr'><strong>disseruit</strong></span> <span class='ocrx_word' id='word_1_1117' title='bbox 1713 2743 1722 2756; x_wconf 82' lang='lat'><strong>,</strong></span> <span class='ocrx_word' id='word_1_1118' title='bbox 1744 2725 1807 2751; x_wconf 84' lang='lat' dir='ltr'><strong>huic</strong></span> <span class='ocrx_word' id='word_1_1119' title='bbox 1823 2724 1851 2748; x_wconf 81' lang='lat' dir='ltr'><strong>ll-</strong></span> 
     </span>
    </p>
   </div>
   <div class='ocr_carea' id='block_1_157' title="bbox 1068 2759 1851 2794">
    <p class='ocr_par' dir='ltr' id='par_1_157' title="bbox 1068 2759 1851 2794">
     <span class='ocr_line' id='line_1_159' title="bbox 1068 2759 1851 2794; baseline 0 -10"><span class='ocrx_word' id='word_1_1120' title='bbox 1068 2760 1137 2791; x_wconf 86' lang='lat' dir='ltr'><strong>bro,</strong></span> <span class='ocrx_word' id='word_1_1121' title='bbox 1165 2759 1247 2794; x_wconf 87' lang='lat' dir='ltr'><strong>alium</strong></span> <span class='ocrx_word' id='word_1_1122' title='bbox 1277 2764 1368 2785; x_wconf 85' lang='lat' dir='ltr'><strong>tanien</strong></span> <span class='ocrx_word' id='word_1_1123' title='bbox 1394 2759 1482 2786; x_wconf 87' lang='lat' dir='ltr'><strong>adhuc</strong></span> <span class='ocrx_word' id='word_1_1124' title='bbox 1511 2759 1716 2793; x_wconf 84' lang='lat' dir='ltr'><strong>promittendo,</strong></span> <span class='ocrx_word' id='word_1_1125' title='bbox 1742 2760 1851 2794; x_wconf 74' lang='lat' dir='ltr'><strong>imponi:</strong></span> 
     </span>
    </p>
   </div>
   <div class='ocr_carea' id='block_1_158' title="bbox 1067 2793 1272 2821">
    <p class='ocr_par' dir='ltr' id='par_1_158' title="bbox 1067 2793 1272 2821">
     <span class='ocr_line' id='line_1_160' title="bbox 1067 2793 1272 2821; baseline 0 -1"><span class='ocrx_word' id='word_1_1126' title='bbox 1067 2794 1222 2821; x_wconf 81' lang='lat' dir='ltr'><strong>coronideiu</strong></span> <span class='ocrx_word' id='word_1_1127' title='bbox 1238 2793 1272 2820; x_wconf 87' lang='grc'><strong>³⁸.</strong></span> 
     </span>
    </p>
   </div>
   <div class='ocr_carea' id='block_1_159' title="bbox 1111 2883 1844 2917">
    <p class='ocr_par' dir='ltr' id='par_1_159' title="bbox 1111 2883 1844 2917">
     <span class='ocr_line' id='line_1_161' title="bbox 1111 2883 1844 2917; baseline 0.001 -9"><span class='ocrx_word' id='word_1_1128' title='bbox 1111 2883 1133 2898; x_wconf 70' lang='grc' dir='ltr'><strong>εδ</strong></span> <span class='ocrx_word' id='word_1_1129' title='bbox 1151 2891 1176 2917; x_wconf 76' lang='grc' dir='ltr'><strong>ι).</strong></span> <span class='ocrx_word' id='word_1_1130' title='bbox 1195 2883 1257 2915; x_wconf 70' lang='lat' dir='ltr'><strong>isi,</strong></span> <span class='ocrx_word' id='word_1_1131' title='bbox 1275 2883 1337 2911; x_wconf 78' lang='lat'><strong>756.</strong></span> <span class='ocrx_word' id='word_1_1132' title='bbox 1376 2883 1398 2900; x_wconf 73' lang='grc' dir='ltr'>ἐ</span> <span class='ocrx_word' id='word_1_1133' title='bbox 1418 2884 1481 2911; x_wconf 90' lang='lat' dir='ltr'><strong>ibid.</strong></span> <span class='ocrx_word' id='word_1_1134' title='bbox 1521 2884 1542 2899; x_wconf 71' lang='grc' dir='ltr'><strong>’τ</strong></span> <span class='ocrx_word' id='word_1_1135' title='bbox 1561 2892 1589 2917; x_wconf 70' lang='grc' dir='ltr'><strong>ρ.</strong></span> <span class='ocrx_word' id='word_1_1136' title='bbox 1610 2883 1670 2912; x_wconf 77' lang='lat'><strong>757.</strong></span> <span class='ocrx_word' id='word_1_1137' title='bbox 1710 2886 1733 2901; x_wconf 76' lang='grc' dir='ltr'>ιε</span> <span class='ocrx_word' id='word_1_1138' title='bbox 1751 2894 1776 2917; x_wconf 83' lang='lat' dir='ltr'><strong>p.</strong></span> <span class='ocrx_word' id='word_1_1139' title='bbox 1790 2884 1844 2914; x_wconf 62' lang='grc' dir='ltr'><strong>τως,</strong></span> 
     </span>
    </p>
   </div>
   <div class='ocr_carea' id='block_1_160' title="bbox 1376 2883 1670 2920">
    <p class='ocr_par' dir='ltr' id='par_1_160' title="bbox 1376 2883 1670 2920">
     <span class='ocr_line' id='line_1_162' title="bbox 1376 2883 1670 2920; baseline 0.007 -10"><span class='ocrx_word' id='word_1_1140' title='bbox 1376 2883 1481 2920; x_wconf 73' lang='lat' dir='ltr'><strong>&quot;ibid.</strong></span> <span class='ocrx_word' id='word_1_1141' title='bbox 1521 2884 1542 2899; x_wconf 73' lang='grc' dir='ltr'><strong>’τ</strong></span> <span class='ocrx_word' id='word_1_1142' title='bbox 1561 2892 1589 2920; x_wconf 63' lang='lat' dir='ltr'><strong>p.</strong></span> <span class='ocrx_word' id='word_1_1143' title='bbox 1610 2883 1670 2912; x_wconf 77' lang='lat'><strong>757.</strong></span> 
     </span>
    </p>
   </div>
   <div class='ocr_carea' id='block_1_161' title="bbox 1090 2918 1429 2954">
    <p class='ocr_par' dir='ltr' id='par_1_161' title="bbox 1090 2918 1429 2954">
     <span class='ocr_line' id='line_1_163' title="bbox 1090 2918 1429 2954; baseline 0.009 -10"><span class='ocrx_word' id='word_1_1144' title='bbox 1090 2918 1111 2933; x_wconf 68' lang='grc' dir='ltr'><strong>επ</strong></span> <span class='ocrx_word' id='word_1_1145' title='bbox 1129 2927 1155 2953; x_wconf 81' lang='lat' dir='ltr'><strong>p.</strong></span> <span class='ocrx_word' id='word_1_1146' title='bbox 1178 2918 1238 2946; x_wconf 66' lang='lat' dir='ltr'><strong>Tot.</strong></span> <span class='ocrx_word' id='word_1_1147' title='bbox 1278 2919 1300 2935; x_wconf 68' lang='grc' dir='ltr'><strong>ιδ</strong></span> <span class='ocrx_word' id='word_1_1148' title='bbox 1324 2927 1352 2954; x_wconf 79' lang='grc' dir='ltr'><strong>ρ,</strong></span> <span class='ocrx_word' id='word_1_1149' title='bbox 1369 2919 1429 2947; x_wconf 75' lang='grc'><strong>765.</strong></span> 
     </span>
    </p>
   </div>
   <div class='ocr_carea' id='block_1_162' title="bbox 1468 2919 1618 2954">
    <p class='ocr_par' dir='ltr' id='par_1_162' title="bbox 1468 2919 1618 2954">
     <span class='ocr_line' id='line_1_164' title="bbox 1468 2919 1618 2954; baseline 0 -8"><span class='ocrx_word' id='word_1_1150' title='bbox 1468 2919 1489 2935; x_wconf 90' lang='grc'><strong>³¹</strong></span> <span class='ocrx_word' id='word_1_1151' title='bbox 1513 2927 1540 2954; x_wconf 86' lang='lat' dir='ltr'><strong>p.</strong></span> <span class='ocrx_word' id='word_1_1152' title='bbox 1558 2919 1618 2946; x_wconf 69' lang='lat'><strong>760&#39;.</strong></span> 
     </span>
    </p>
   </div>
   <div class='ocr_carea' id='block_1_163' title="bbox 1710 2886 1776 2919">
    <p class='ocr_par' dir='ltr' id='par_1_163' title="bbox 1710 2886 1776 2919">
     <span class='ocr_line' id='line_1_165' title="bbox 1710 2886 1776 2919; baseline 0 -18"><span class='ocrx_word' id='word_1_1153' title='bbox 1710 2886 1733 2901; x_wconf 71' lang='grc' dir='ltr'>ιε</span> 
     </span>
    </p>
   </div>
  </div>
