1924 3072
208 155 226 184 Ἰ
231 157 281 184 067

613 156 821 185 ωιΕΜΕΝΤΕΜ
840 157 939 185 ALEX.
955 157 986 186 D.

1063 157 1205 185 NOURRY
1225 157 1450 187 DISSERTATIO
1469 159 1501 188 ll.

1771 158 1836 186 1068

212 215 366 252 cardinales
377 216 490 243 virtutes
505 223 519 242 a
535 215 672 252 Clemente
686 216 890 250 quaternionem
907 216 1000 250 appel-
1015 217 1037 243 A
1084 217 1125 244 Ad
1140 225 1198 244 eam
1217 223 1306 246 autem
1323 219 1430 247 facilius
1452 219 1651 247 conficiendam
1666 218 1772 252 aliquid
1784 217 1837 244 for-

215 252 267 278 lari
284 251 413 278 virtutum
429 252 466 285 ";
483 251 698 285 qttandoqttidem
715 255 770 278 tres
784 251 899 277 virtutes
920 251 996 277 theo-

215 287 308 320 logica;
331 287 416 322 fides,
432 293 500 320 spes.
529 286 658 318 Charitas,
674 286 708 313 ab
724 286 780 321 ipso
796 286 812 321 ἡ
827 286 891 319 ἁγία
907 285 995 322 τριάς,

217 330 228 347 ι
246 326 340 349 sancta
356 321 462 348 trinitas
479 331 488 347 )
503 326 644 348 vocantur.

252 357 327 384 Alios
343 357 431 383 adhuc
451 356 628 386 adnlteratos.
650 360 732 388 atque
751 355 786 382 ob
805 354 891 382 Graeci
909 359 997 382 textus

215 392 435 426 depravationem
455 391 672 426 obscurissimos.
689 398 848 424 summaque
868 390 995 426 caligine.

217 425 381 454 aetenehris
396 425 536 460 plusquam
547 425 700 453 Cimmeriis
710 425 841 452 obductos
856 425 945 458 plures
959 426 998 451 lo-

216 469 264 489 eos
292 461 432 488 invenies:
458 462 503 488 sed
527 462 560 488 de
579 461 612 487 iis
640 460 818 496 opportunior
842 460 996 494 disputandi

215 498 322 524 occasio
334 496 360 523 in
376 501 512 531 posterum
529 496 646 523 dabitur.

430 540 506 577 ιω
527 539 724 569 ARTICULUS
754 540 787 567 v.

218 587 255 616 De
269 587 365 615 Latina
379 588 472 614 horum
484 592 508 613 et
533 586 644 613 aliorum
666 586 805 614 Clementis
820 585 943 612 librorum
956 594 998 612 m-

251 623 444 657 lerprelatione,
461 623 491 649 de
515 621 617 648 Herveti
638 621 842 652 commentariis,
869 621 998 657 uariisque

251 655 364 685 aliorum
376 659 402 685 in
414 658 475 684 illos
488 658 557 684 nolis
568 661 591 682 et
602 657 833 688 obseruationibus,
850 664 880 682 ac
890 655 998 682 diuersis

249 693 400 720 earumdem
422 698 499 728 alque
519 692 633 718 aliorum
652 691 788 719 Clementis
818 698 921 726 operum
943 691 998 718 edi-

251 728 377 756 tionibus.

251 777 349 804 Latina
375 777 471 803 borum
502 775 681 806 Stromatum,
705 774 771 801 sicut
800 773 912 801 aliorum
937 773 997 800 Cle-

216 813 317 840 mentis
346 813 431 839 nostri
459 811 588 837 librorum
611 810 797 844 interpretatio
827 817 842 835 a
865 809 998 835 Gentiano

217 847 345 879 l'lervcto,
357 846 513 876 Aureliano.
527 851 554 872 et
564 844 689 872 Ecelesim
702 844 843 871 Bernensis
857 844 997 874 canonico,

217 884 350 909 adornata
367 881 522 916 publicique
547 880 617 907 facta
631 879 775 916 fuitjuris.
793 880 891 916 Verum
906 879 948 905 illa
966 879 998 905 ab

216 918 251 945 iis
264 918 308 951 qui
338 915 380 943 bis
404 916 527 943 auctoris
549 915 635 942 nostri
651 915 784 951 operibus
803 915 898 951 iterum
918 921 999 940 excu-

208 950 313 980 dendis
338 959 369 978 ac
386 950 554 985 publicamlis
579 957 688 984 operam
713 950 919 985 impenderunt,
944 956 997 975 non

216 988 332 1014 obscura
349 983 434 1013 solum
450 990 476 1013 et
499 985 632 1019 impolita,
644 984 692 1011 sed
717 985 854 1019 plerisque
870 983 935 1019 locis
952 991 999 1017 pa-

217 1030 277 1048 rum
291 1021 378 1048 fidelis
389 1028 514 1048 essenon
527 1020 589 1054 jurc
601 1018 862 1054 prorsus'immerito
873 1018 930 1045 visa
947 1023 998 1044 est.

219 1057 313 1084 Nullus
330 1057 468 1083 enimvero
483 1053 543 1083 eam
561 1053 622 1082 cum
646 1053 741 1081 Graeco
756 1059 841 1085 textui,
853 1058 998 1088 quantum-

217 1092 282 1118 libet
294 1093 406 1122 cursim,
422 1095 577 1126 componet,
592 1089 636 1124 qui
655 1088 782 1126 continuo
803 1087 998 1126 nonanimad-

217 1131 306 1154 vertat
321 1134 370 1153 itec
392 1123 498 1153 sensum
521 1130 691 1158 mentemque
712 1124 856 1150 Clementis
871 1123 904 1149 ab
928 1123 999 1149 illius

217 1163 365 1196 interprete
375 1168 447 1195 saepe
462 1161 560 1194 swpius
571 1157 695 1196 exprimi,
707 1166 756 1196 nec
765 1159 893 1196 minorem
904 1157 930 1196 _in
949 1158 999 1184 hu-

215 1197 261 1230 jus
280 1193 513 1231 interpretatione,
531 1196 584 1222 imo
600 1193 681 1231 etiam
702 1194 845 1231 aliquando
860 1193 996 1231 majorem,

217 1229 298 1266 quam
315 1232 340 1258 in
351 1229 408 1266 ipso
417 1231 535 1258 auctoris
550 1235 624 1266 textu
637 1229 778 1266 caliginem
787 1229 998 1266 obscuritatem-

217 1262 272 1301 que
288 1262 423 1300 perfundi.
447 1266 488 1293 An
506 1270 594 1292 attletu
611 1265 644 1301 rid
655 1262 734 1301 aliis,
750 1262 998 1301 quibus‘ljervetus

217 1296 400 1332 detin'ebatur,
421 1301 528 1332 studiis,
545 1301 586 1327 vel
610 1299 662 1333 ipsi
679 1296 809 1334 perquam
824 1296 997 1334 Adiiiicillimee

217 1337 363 1363 Clementis
380 1336 523 1363 elocutioni
550 1331 648 1361 ascribi
678 1331 783 1365 debeat,
806 1331 919 1359 aliorum
939 1338 997 1359 esto

213 1372 355 1406 judicium.
374 1372 408 1398 At
428 1378 508 1404 porro
521 1371 554 1397 de
569 1371 620 1397 hoc
630 1369 716 1403 primo
726 1375 836 1406 operum
851 1367 997 1406 Clementis

217 1401 314 1433 Latino
334 1401 481 1440 interprete
503 1406 526 1432 si
539 1406 591 1432 dici
606 1401 683 1438 plane
699 1401 848 1440 nori_possit
861 1402 929 1440 illud
945 1401 996 1428 Te-

216 1443 295 1469 rentii
311 1436 436 1469 effatum:
455 1451 464 1466 ι
481 1441 517 1467 De
532 1436 633 1468 Graecis
656 1439 734 1466 bonis
751 1436 845 1464 Latina
859 1436 922 1464 fecit
940 1443 994 1464 non

216 1478 305 1510 bona;
325 1486 334 1502 ι
351 1481 425 1503 certe
448 1476 481 1503 de
495 1476 540 1502 illo
554 1476 645 1502 dicere
666 1472 879 1510 possumustde
894 1471 997 1510 Graecis

217 1507 370 1540 difﬁcilibus
384 1515 411 1537 et
431 1511 553 1538 obscuris
569 1507 748 1537 Latina’fecit
769 1507 884 1535 difﬁcilia
905 1511 932 1533 ct
945 1507 995 1534 ob-

216 1555 306 1574 scura.
317 1546 389 1573 Nihil
407 1550 496 1573 tamen
511 1545 543 1572 de
566 1544 638 1572 docti
661 1543 721 1574 viri,
737 1550 785 1577 pro
801 1542 882 1569 variis
896 1542 922 1568 in
944 1541 997 1568 rei-

216 1567 969 1616 ὖῖιῖίιῖἐᾰίιῖιῖεὲἓὲἰτῖυόᾖιιῇἶἷζιέρὸὶὶέῖεἳξιιιοιῖὑιιέ,⁷λιεὺῖ
972 1581 998 1604 to
1011 1567 1033 1597 C

217 1615 321 1644 bonore
335 1616 398 1643 inde
415 1616 567 1642 detractum
584 1615 730 1648 quidquam
743 1615 876 1640 volumus.

253 1651 328 1678 lianc
338 1652 429 1685 itaque
445 1649 552 1677 llerveti
568 1646 816 1685 iii-terpretationein
830 1646 911 1681 aliqui
926 1651 1000 1685 ppst-

217 1695 249 1715 ea
276 1681 421 1713 emenda-re
448 1681 757 1712 tentaverunt.VVerttm
790 1684 807 1709 ii
835 1690 886 1709 non
913 1681 999 1708 Solum

218 1722 315 1749 menda
327 1725 475 1755 erralaque
488 1719 633 1754 praecipua.
646 1726 677 1745 ac
689 1725 772 1752 prope
783 1719 885 1749 omnia,
895 1717 1001 1755 penitus

218 1759 318 1784 intacta
338 1752 495 1788 reliquére.‘
510 1755 557 1782 sed
572 1752 664 1781 eorum
685 1760 793 1786 queque
808 1752 999 1782 correctiones,

218 1792 344 1827 ipsismet
353 1787 419 1824 quos
428 1790 573 1827 corrigere
601 1787 726 1815 volebant
742 1788 882 1814 erroribus
896 1789 1000 1821 pejores

219 1825 364 1861 aliquando
378 1829 404 1852 et
419 1825 568 1861 deteriores
582 1828 654 1851 sunt.

256 1856 335 1889 l‘lura
358 1867 423 1887 sane
449 1859 560 1893 hujusce
586 1866 638 1886 non
667 1863 748 1885 recta:
772 1856 1001 1893 interpretationis

219 1898 299 1924 nobis
313 1899 467 1930 suppetunt,
483 1892 511 1921 et
531 1894 683 1929 legentibus
708 1893 806 1930 set-pius
821 1892 934 1930 obviam
956 1900 1001 1918 ve-

221 1934 300 1959 niunt
308 1927 441 1965 exempla,
457 1937 517 1965 qua:
531 1927 639 1964 quidem
652 1929 742 1965 omnia
759 1927 914 1965 singillatim
931 1934 1000 1965 nunc

219 1962 407 2003 persequenda
422 1962 482 1992 esse
496 1962 548 1992 non
565 1969 701 2003 putamus.
725 1963 764 1990 De
783 1963 824 2003 bis
836 1962 915 2003 _enim
934 1962 1002 2003 alius

222 1997 318 2036 inagis'
330 2006 407 2035 aptus
430 2005 457 2027 et
481 1997 645 2036 CQlthitienS
664 1998 811 2036 disserendi
835 1997 908 2024 locus
925 1997 1003 2024 nobis

219 2033 282 2065 erif.
306 2033 407 2064 Deinde
420 2042 485 2062 vero
508 2035 534 2061 id
550 2035 616 2061 adeo
643 2040 745 2061 certum
768 2033 928 2066 clarumque
944 2037 1002 2064 est,

219 2078 246 2099 ut
265 2072 435 2100 lien-etiame
462 2070 595 2097 versionis
610 2070 796 2096 emendatores
811 2068 882 2094 ultio
901 2067 1004 2100 palatu-

218 2115 273 2143 que
288 2106 404 2135 coul’essi
424 2106 525 2143 fuerint
548 2105 601 2143 _s_ibi
622 2112 671 2143 per
697 2105 783 2131 otium
814 2110 867 2129 utut
895 2102 1004 2143 licuisse

220 2138 316 2170 omnes
334 2149 395 2169 cum
413 2141 532 2174 ejusdem
548 2138 666 2170 llerveti,
683 2144 737 2165 tum
767 2138 1003 2173 typographorum,

220 2179 305 2205 nimia
325 2176 497 2204 festittatione
517 2175 730 2210 properantium,
746 2174 881 2207 castigare
895 2179 1003 2199 errores

220 2218 248 2241 et
264 2213 366 2247 lapsus.

1050 253 1121 288 sitan
1137 253 1259 280 conferre
1273 259 1400 288 poterunt
1414 255 1527 282 diversae
1545 255 1694 283 lectiones.
1718 261 1733 279 τι
1762 253 1836 280 nobis

1049 296 1064 315 e
1075 286 1282 315 Claromontano
1293 289 1386 316 codice
1399 290 1526 317 collectae.
1540 289 1596 316 Nec
1606 289 1743 316 mediocri
1755 289 1834 315 etiam

1050 323 1277 359 subsidio_erunt
1302 325 1376 351 varia
1403 324 1533 359 longaque
1562 325 1661 351 borum
1689 323 1836 350 Clementis

1049 365 1159 393 operum
1173 357 1332 393 fragmenta.
1342 367 1401 393 qute
1414 357 1624 393 ab‘Epipbauio,
1639 367 1672 386 ac
1684 359 1835 393 pnesertim

1051 392 1167 419 Eusebio
1189 392 1215 418 in
1234 393 1290 420 suis
1313 392 1357 420 Der
1372 392 1562 427 pnrparniione
1582 394 1740 426 evangelica
1762 392 1835 420 libris

1050 427 1184 461 descripta
1202 433 1274 454 sunt.
1290 428 1326 454 Ex
1342 428 1375 455 iis
1396 429 1467 456 enim
1483 429 1629 456 Clementis
1646 429 1734 455 nostri
1748 433 1836 455 textus

1050 462 1171 496 pluribus
1190 462 1216 488 in
1229 463 1295 490 locis
1309 464 1404 496 poterit
1416 465 1565 491 emendari.

1086 496 1268 531 Longissimos
1290 505 1372 532 porro
1389 498 1522 525 Henetus
1541 499 1567 525 in
1591 499 1651 525 inec
1668 497 1764 524 omnia
1788 503 1836 522 an-

1050 532 1133 558 eloris
1149 532 1232 559 nostri
1253 539 1334 567 opera
1355 533 1437 560 edidit
1449 535 1670 563 commentarios,
1687 540 1721 559 ex
1739 533 1837 566 quibus

1049 567 1154 593 etiamsi
1182 567 1305 601 quwdam
1334 568 1367 594 ad
1391 575 1486 594 novam
1511 569 1618 594 illorum
1645 567 1834 594 illustrandam

1051 601 1195 637 editionem
1206 602 1311 637 rdesumi
1334 606 1362 629 et
1380 603 1453 637 seligi
1470 603 1588 637 possint,
1606 603 1640 628 ab
1653 611 1684 629 ea
1703 607 1794 628 tamen
1809 602 1835 628 hi

1051 636 1158 671 penitus
1174 636 1310 669 rejieiendi
1321 642 1395 672 sunt.
1412 636 1479 664 Nam
1500 639 1516 664 ii
1533 646 1584 664 non
1598 638 1686 664 solum
1705 637 1821 672 proiixio

1052 678 1095 698 res
1110 677 1187 704 sunt,
1207 677 1288 706 atque
1312 671 1457 700 Clementis
1474 677 1574 699 texmm
1597 673 1712 699 omnino
1730 679 1836 706 pra’pm

1052 711 1123 733 stere
1136 706 1299 733 intersecant
1310 727 1317 739 ,
1327 707 1373 734 sed
1383 707 1446 734 huic
1457 708 1536 734 etiam
1548 707 1635 734 eidem
1646 709 1743 739 textui,
1756 715 1835 740 quem

1051 741 1216 775 patefacere,
1240 742 1388 775 illustrare,
1405 743 1602 776 clarioremque
1620 743 1736 769 reddere
1755 743 1837 768 debe-

1052 776 1127 806 bant.
1144 776 1273 811 majorcm
1287 784 1357 811 saepe
1380 778 1477 810 smpius
1492 778 1688 804 obscuritatem
1705 776 1834 803 utier-nat.

1053 811 1152 838 Deinde
1162 819 1224 838 vero
1241 811 1266 838 in
1282 812 1321 838 eis
1333 819 1386 838 non
1399 812 1550 839 ostenditur
1560 813 1698 846 quomodo
1714 817 1835 838 auctoris

1052 853 1142 873 sermo
1155 852 1181 872 ct
1196 847 1283 873 oratio
1298 847 1347 874 sibi
1362 848 1495 874 cohaereat
1505 852 1532 874 et
1548 852 1736 873 connectatur.
1752 847 1787 872 At
1812 846 1836 872 is

1053 886 1142 907 tamen
1156 882 1249 916 procul
1265 882 1346 908 dttbio
1360 889 1420 909 esse
1439 882 1554 908 debebat
1569 882 1595 908 in
1610 883 1742 908 horumce
1755 882 1836 907 libro-

1050 924 1124 948 rum,
1153 918 1187 943 ob
1214 922 1434 951 argumentorum
1476 918 1546 943 inter
1579 924 1609 943 se
1638 917 1833 950 permistorum

1051 953 1222 984 varietatem,
1246 952 1502 978 ohscurissimorum
1518 951 1715 986 explanatione
1739 952 1834 985 praxi-

1050 992 1120 1021 puus
1132 987 1354 1013 comntentatoris
1380 993 1488 1021 scopas,
1507 987 1709 1021 principaieque
1736 993 1834 1012 munus

1049 1024 1076 1047 et
1090 1019 1218 1047 ofﬁcium.
1240 1022 1296 1056 lluc
1310 1019 1513 1055 aceeditfquod
1530 1021 1556 1048 in
1581 1019 1623 1048 bis
1651 1019 1705 1047 tam
1721 1022 1835 1056 prolixis

1048 1056 1250 1082 commentariis
1266 1055 1410 1090 llervetus,
1427 1057 1452 1082 in
1475 1056 1554 1083 rebus
1571 1056 1682 1083 cuilibet
1705 1055 1794 1083 obviis
1806 1062 1832 1082 et

1049 1090 1186 1123 facilibus,
1207 1091 1306 1125 ubique
1320 1092 1418 1126 passim
1438 1092 1567 1123 inita-ret,
1586 1096 1614 1118 ct
1631 1091 1750 1118 ditlieilia
1767 1098 1833 1125 pene

1049 1126 1138 1153 omnia
1156 1126 1320 1158 dissimulat,
1335 1127 1485 1161 tacitusque
1500 1126 1694 1160 prmtermittit.
1712 1126 1832 1152 Plurima

1048 1168 1156 1195 quoque
1180 1162 1250 1188 idem
1278 1161 1410 1188 Hcrvetus
1445 1169 1474 1188 se
1503 1162 1659 1195 ignorasse,
1686 1169 1747 1195 qine
1770 1168 1834 1188 sane

1048 1196 1146 1223 eximia
1162 1201 1189 1222 et
1202 1196 1328 1223 omnibus
1337 1197 1471 1230 probanda
1484 1196 1555 1223 docti
1570 1196 1618 1222 viri
1633 1197 1764 1222 modestia
1780 1202 1831 1225 est.

1048 1238 1097 1257 nec
1114 1231 1176 1257 alibi
1193 1238 1309 1265 unquam
1325 1239 1353 1257 se
1369 1232 1464 1266 legisse
1479 1232 1595 1261 ingenue
1606 1231 1718 1266 fatetur.
1738 1231 1776 1257 Ex
1803 1232 1834 1257 iis

1047 1271 1136 1292 tamen
1156 1273 1208 1292 non
1222 1273 1306 1299 pauca
1322 1267 1432 1293 inventu
1446 1274 1497 1292 non
1513 1266 1582 1292 adeo
1600 1265 1719 1292 diliicilia
1739 1268 1832 1295 fuisse.

1047 1308 1062 1327 a
1088 1300 1178 1332 nobis,
1193 1301 1246 1328 Deo
1261 1301 1354 1333 dante,
1370 1302 1395 1327 ili
1411 1302 1471 1332 hac,
1491 1301 1571 1327 sicuti
1586 1302 1611 1327 in
1630 1301 1763 1334 superiori
1779 1303 1831 1327 dis-

1047 1336 1194 1362 sertatione
1207 1336 1307 1362 factum
1332 1341 1382 1368 est,
1401 1336 1641 1363 demonstrabitur.
1658 1336 1801 1363 Postremo
1817 1344 1830 1361 a

1046 1370 1170 1405 pluribus
1183 1370 1239 1404 jam
1265 1372 1440 1398 observatum
1467 1376 1508 1398 est
1539 1371 1666 1397 eumdem
1686 1371 1833 1398 Hervetum

1047 1405 1139 1432 multis
1162 1406 1188 1432 in
1216 1405 1282 1433 locis
1307 1406 1500 1433 hallucinatum
1526 1405 1620 1437 fuisse,
1635 1410 1662 1432 et
1686 1406 1834 1433 Clementis

1047 1440 1132 1467 nostri
1141 1445 1257 1467 mentem
1267 1445 1419 1472 etsensum,
1428 1448 1515 1474 neque
1528 1441 1553 1466 in
1570 1442 1834 1472 liiscommentariis,

1048 1482 1138 1509 neque
1153 1477 1178 1502 in
1197 1482 1244 1502 sua
1259 1475 1356 1502 Latina
1371 1476 1505 1508 versione,
1519 1476 1552 1502 ab
1566 1475 1611 1503 illo
1640 1483 1713 1510 saepe
1737 1477 1836 1511 smptus

1048 1511 1180 1537 redditum
1197 1515 1225 1537 et
1239 1518 1405 1544 expressum.

1084 1545 1150 1572 Eam
1170 1553 1234 1572 sane
1251 1546 1287 1581 ob
1303 1553 1412 1572 causam
1437 1545 1632 1581 posterioribus
1647 1545 1836 1572 Clementino-

1051 1588 1110 1607 rum
1125 1587 1235 1614 operum
1256 1580 1420 1608 editiouibtts
1435 1580 1564 1615 pra-fecti,
1586 1581 1696 1607 omissis
1729 1582 1837 1614 penitus

1051 1615 1094 1642 bis
1108 1615 1216 1642 Herveti
1228 1617 1441 1648 commentariis,
1455 1624 1538 1643 novas
1553 1616 1696 1649 variasque
1718 1616 1835 1649 plurium

1052 1651 1222 1678 eruditorum
1240 1651 1377 1676 hominum
1404 1657 1484 1678 notas
1512 1656 1538 1677 et
1564 1651 1774 1677 observationes
1803 1651 1836 1675 ad

1051 1686 1160 1712 illorum
1196 1685 1298 1712 calcem
1318 1685 1501 1719 subjeceruut.
1528 1685 1637 1720 Triplex
1668 1691 1760 1712 autem
1795 1689 1836 1711 est

1051 1728 1144 1747 earutn
1157 1720 1262 1751 classis,
1275 1728 1387 1754 quarum
1398 1722 1483 1754 prima
1500 1721 1583 1747 variis
1596 1721 1705 1752 Arceri,
1715 1721 1836 1752 Cameri,

1051 1756 1224 1786 Commelini,
1256 1755 1344 1788 licini,
1369 1755 1492 1788 Victorii,
1512 1755 1645 1786 Xilaudri,
1667 1755 1837 1788 aliorumque

1052 1790 1333 1817 animadversionihus
1344 1800 1357 1817 ει
1370 1790 1510 1817 Friderico
1531 1791 1678 1824 Sylbnrgio
1693 1795 1835 1824 compacta

1052 1826 1254 1859 compositaque
1265 1830 1316 1852 est.
1335 1826 1361 1852 In
1379 1826 1413 1852 iis
1425 1831 1512 1852 atttetu
1526 1827 1699 1859 potissmium
1716 1825 1838 1852 Clemen-

1054 1862 1088 1887 tis
1112 1867 1200 1886 textus
1223 1868 1275 1886 non
1291 1862 1399 1894 quidem
1417 1869 1450 1887 ex
1468 1861 1659 1894 manuscriptis
1686 1861 1836 1890 codicibus,

1052 1896 1099 1922 sed
1113 1903 1145 1921 ex
1156 1896 1258 1925 citatis,
1269 1901 1296 1922 et
1316 1897 1349 1922 ab
1363 1896 1487 1927 Eusebio,
1501 1896 1539 1921 ιιιὶ
1554 1903 1568 1921 a
1581 1896 1659 1922 ttobis
1671 1895 1773 1921 dictum
1785 1901 1838 1926 est,

1052 1930 1194 1964 descriptis
1224 1931 1386 1964 quibusdant
1416 1931 1487 1957 illius
1515 1931 1684 1964 fragmentis,
1707 1935 1789 1964 atque
1805 1937 1837 1956 ex

1053 1965 1136 1992 meris
1154 1967 1321 2000 proindeque
1334 1966 1423 1992 dubiis
1454 1965 1510 1992 fere
1534 1971 1652 1999 semper,
1683 1972 1709 1991 et
1727 1965 1837 1991 incertis

1053 2002 1205 2028 eorumdem
1223 2002 1386 2035 scriptorum
1410 2000 1573 2034 conjecturis
1585 2000 1744 2032 corrigitur.
1760 2000 1838 2032 Quia-

1053 2036 1114 2062 dam
1127 2036 1207 2062 etiam
1227 2043 1286 2062 cum
1301 2043 1385 2062 sacra:
1398 2036 1555 2069 Scriptum,
1568 2040 1623 2061 tum
1639 2035 1757 2061 aliorum
1771 2037 1837 2060 seri-

1053 2075 1162 2104 ptorum
1181 2071 1263 2097 citata
1280 2079 1294 2097 a
1309 2070 1447 2098 Clemente
1470 2072 1529 2097 ioca
1558 2078 1585 2096 tn
1613 2070 1711 2096 iisdem
1727 2070 1838 2096 scholiil

1054 2106 1224 2137 indicantur;
1245 2107 1291 2133 sed
1309 2105 1426 2140 plurima
1454 2106 1543 2132 minus
1569 2105 1661 2137 obvia,
1680 2110 1708 2131 et
1734 2105 1838 2132 diﬂicil-

1054 2140 1116 2166 lttna
1133 2141 1239 2174 penitus
1252 2141 1432 2175 praetermissa
1448 2145 1519 2167 sunt.

1090 2173 1214 2201 Secunda
1236 2173 1332 2202 classis
1360 2176 1563 2202 emendationes
1588 2173 1708 2201 Danieiis
1735 2174 1838 2201 Heinsii

1055 2211 1254 2244 complectitur;
1280 2211 1305 2237 in
1323 2211 1356 2237 iis
1373 2216 1462 2237 autem
1475 2212 1569 2237 doetus
1583 2209 1628 2236 ille
1644 2209 1686 2235 vir
1713 2211 1835 2243 quaedam

259 2239 436 2276 Utilissimam
453 2245 534 2280 igitur
546 2251 579 2271 ac
594 2244 671 2278 plane
696 2242 875 2280 necessariam
900 2241 1002 2280 littera-
1017 2239 1041 2268 D
1055 2239 1179 2279 corrupta
1191 2239 1338 2273 Clementis
1358 2246 1415 2272 loca
1430 2246 1487 2272 suis
1503 2245 1594 2272 itidem
1609 2239 1780 2278 conjecturis
1796 2252 1837 2271 sa-

212 2282 267 2311 ria:
283 2281 438 2316 reipublicae
454 2278 476 2308 is
491 2280 616 2316 proiecto
635 2286 745 2314 operam
760 2278 937 2316 navabit,_qui
953 2285 1001 2316 ιιοτ

220 2326 280 2345 vam
294 2312 389 2345 lto-rum
399 2312 574 2346 Stromhtum,
583 2312 751 2348 aliorumque
759 2313 906 2340 Clementis
915 2312 1002 2338 nostri

219 2360 332 2387 operum
357 2357 383 2378 et
409 2351 665 2387 cotiiuteiitationuin
690 2348 814 2375 Latinam
838 2348 1002 2387 versionem,

219 2383 273 2423 qua
287 2387 399 2423 Grmcus
411 2386 484 2423 illius
499 2390 586 2423 textus
595 2385 706 2423 clareet
718 2388 844 2423 accurate
859 2383 1002 2423 reddatur,

222 2416 357 2457 publicam
372 2422 398 2448 in
411 2422 498 2448 lucem
512 2420 642 2457 proferet.
659 2419 712 2446 Nos
728 2419 836 2453 quidem
853 2424 904 2457 non
915 2416 1002 2457 fugit,

221 2452 303 2492 atque
314 2465 329 2484 a
346 2457 422 2484 nobis
442 2452 522 2483 etiam
535 2454 590 2488 jam
605 2452 777 2492 observatum
791 2457 843 2492 est,
857 2452 926 2492 illud
943 2459 1005 2479 esse

221 2487 352 2529 peiquam
372 2487 570 2529 ditiicillimnin,
598 2491 696 2529 visque
715 2489 803 2529 ullum
822 2487 908 2529 Graeci
933 2494 1002 2527 seri-

222 2522 308 2562 pluris
318 2532 427 2555 exstare
434 2534 512 2561 opus,
525 2527 550 2552 iit
563 2534 617 2560 quo
631 2522 727 2562 Latine
740 2523 877 2562 reddendo
888 2522 1005 2562 majores

223 2558 323 2598 ubique
344 2558 512 2590 diliieultates
531 2558 685 2588 occurrant.
712 2560 746 2585 At
770 2558 892 2598 improbo
906 2558 1004 2597 eruditi

222 2592 338 2632 alicujus
356 2598 406 2624 viri
423 2597 514 2624 labore
533 2597 594 2630 quia
612 2599 726 2630 possunt
747 2595 854 2632 tandem
870 2592 1004 2627 superari,

222 2635 257 2661 ad
283 2629 356 2661 lianc
383 2629 635 2666 interpretationem
662 2629 907 2666 perliciendatneo
932 2632 1007 2654 certe

222 2669 311 2704 magis
329 2670 352 2696 is
369 2663 478 2704 accendi
499 2663 716 2704 debettquo’iila
731 2663 935 2704 bonopublico,
947 2668 1004 2704 tum

222 2699 337 2740 pro'pter
352 2703 472 2730 auctoris
495 2702 684 2735 antiquitatem
700 2705 726 2727 cl
739 2699 927 2740 eruditionem,
949 2703 1005 2740 tum

223 2735 307 2767 Etiam
318 2739 436 2767 maxime
450 2741 558 2772 propter
570 2740 721 2772 susceptam
735 2744 749 2761 a
765 2735 904 2761 Clemente
913 2738 1008 2760 nostro

225 2780 321 2802 contra
338 2771 457 2809 paganos
477 2778 504 2800 et
520 2771 662 2798 haereticos
683 2777 830 2809 sacrorum
854 2774 1006 2808 nostrorum

225 2804 387 2844 dogmatuni
407 2809 606 2839 defensionem,
620 2806 705 2841 magis
721 2806 794 2834 utilis
813 2809 841 2834 et
856 2804 1008 2833 necessaria

223 2850 342 2872 ιιιιυιυπ.

262 2891 285 2909 ⁸⁸
303 2892 319 2918 ι.
334 2899 369 2925 ιν,
384 2899 410 2926 p.
426 2891 488 2920 £95.

1053 2287 1130 2311 nare,
1145 2285 1174 2306 et
1188 2281 1240 2306 alia
1257 2283 1371 2308 obscura
1388 2281 1523 2315 explicare
1541 2284 1654 2306 conatus
1667 2285 1719 2306 est.
1733 2282 1768 2305 At
1783 2287 1839 2314 qua:

1053 2315 1097 2341 ille
1111 2315 1254 2342 enucleare
1269 2316 1372 2347 nititur,
1387 2316 1443 2342 haec
1455 2320 1530 2342 certe
1541 2322 1591 2341 nec
1603 2315 1689 2341 multa
1702 2321 1777 2347 stmt,
1793 2322 1839 2341 nec

1053 2350 1113 2376 aliis
1130 2351 1252 2384 pluribus
1273 2351 1437 2377 diliieiliores
1453 2351 1553 2376 habent
1571 2350 1734 2384 explicatus.

1090 2384 1269 2417 Quamobrem
1288 2387 1315 2412 in
1336 2386 1416 2412 tertia
1445 2385 1650 2412 adnotationum
1669 2386 1760 2412 classe
1784 2384 1839 2411 alia:

1054 2420 1257 2448 emendationes
1268 2428 1299 2447 cx
1318 2421 1401 2447 variis
1419 2421 1562 2447 doctorum
1576 2421 1701 2446 virorum
1718 2420 1840 2447 lectioni-

1054 2456 1116 2486 bus,
1139 2456 1339 2483 comtuentariis
1364 2460 1392 2482 et
1418 2455 1580 2482 adversariis
1608 2457 1747 2489 decerpta:
1772 2455 1840 2482 exhi—

1054 2490 1162 2516 bentur.
1175 2489 1274 2517 V’crum
1291 2491 1396 2517 illarum
1415 2497 1540 2517 auctores
1553 2497 1585 2516 eo
1602 2491 1778 2524 potissimum
1789 2490 1840 2517 cnl-

1055 2524 1168 2556 lineant,
1188 2530 1217 2552 ut
1230 2527 1358 2553 nonnulla
1368 2533 1452 2552 sacra:
1465 2526 1612 2559 Scriptura:
1632 2526 1693 2552 l0ca
1712 2526 1840 2555 indicent.

1056 2565 1102 2585 aut
1116 2561 1261 2594 depravata
1275 2561 1582 2592 restituant,aclauuata
1597 2568 1612 2586 a
1625 2561 1770 2587 Clemente
1779 2567 1840 2587 vete-

1056 2602 1116 2621 rum
1127 2595 1205 2631 142
1214 2597 1390 2630 quorumdam
1397 2596 1559 2630 scriptorutn
1567 2596 1723 2623 testimonia
1731 2596 1840 2622 aliorum

1059 2630 1221 2658 conﬁrment
1235 2631 1406 2658 auctoritate.
1432 2630 1598 2664 Quandoque
1616 2631 1701 2657 etiam
1719 2637 1841 2664 corrupto

1059 2665 1207 2693 Clementis
1227 2667 1313 2693 textui
1340 2667 1453 2698 mederi,
1469 2666 1638 2699 obscureque
1660 2666 1749 2693 lucem
1775 2674 1838 2692 tion-

1059 2707 1197 2734 nuuquam
1209 2701 1316 2733 afferre,
1341 2706 1368 2728 ct
1383 2702 1418 2728 de
1436 2701 1574 2728 nonnullis
1586 2700 1737 2732 haereticis,
1747 2702 1782 2728 ab
1799 2708 1839 2727 eo-

1061 2736 1121 2771 dem
1146 2737 1284 2764 Clemente
1299 2737 1453 2771 exagitatis,
1468 2737 1636 2764 enucleatius
1654 2737 1759 2771 aliquid
1781 2743 1839 2770 pro-

1061 2769 1134 2797 ferre
1145 2772 1311 2798 adnituntur.
1322 2769 1512 2798 At‘dolendum
1526 2778 1593 2799 sane
1605 2777 1648 2800 cst
1663 2769 1743 2806 longe
1755 2769 1838 2807 plura.

1061 2813 1122 2840 quae
1138 2808 1244 2834 caeteris
1259 2807 1386 2836 omnibus
1401 2807 1532 2843 explicatu
1546 2806 1711 2837 dilfaciliora
1729 2806 1802 2839 sunt,
1817 2806 1840 2832 in

1062 2841 1115 2869 illis
1130 2841 1287 2869 desiderari.

1093 2849 1115 2869 is
1130 2849 1287 2874 desiderari.
