1924 3072
210 144 273 173 9071

207 206 255 235 ille
271 209 365 240 aperte
379 202 512 238 signiﬁcat
533 202 599 240 nihil
615 202 736 240 penitus.
758 209 845 240 neque
859 203 986 240 ipsasmet
1002 203 1024 231 Α

210 237 294 269 etiam
305 237 439 268 humanas
455 238 617 273 quastiones
632 241 660 263 ct
674 238 856 273 objectiones,
874 244 887 262 ει
903 237 988 263 sacris

211 276 359 311 prophetis,
374 275 424 311 nisi
441 278 533 300 sancto
549 272 784 311 Spiri_lu_aniimun
801 272 990 311 calatntnnque

211 307 343 346 diri'gente
357 314 384 336 et
398 310 522 346 ducente,
535 308 642 341 scriptis
656 307 987 346 litterisqnemandatum.

246 341 331 374 Porro
348 348 436 370 alitem
460 343 523 370 illud
549 348 653 375 tempus
674 342 768 369 sedttlo
791 341 987 368 observandum

211 386 263 412 est.
283 388 337 415 quo
355 378 421 415 Novi
436 377 600 415 Testamcnli
624 378 775 415 scriptores
790 376 890 410 aliquid
906 377 987 402 divini

212 412 329 450 Spiritus
346 413 568 450 all‘latuseribere
580 413 709 450 desivisse
721 419 734 437 a
747 412 886 450 Clemente
898 416 988 450 nostro

212 447 348 478 dicuntur.
365 449 405 475 Ab
426 448 472 474 illo
496 447 593 482 quippe
612 447 663 474 boc
675 447 803 482 temporis
820 447 934 480 spatium
952 447 987 473 ita

211 483 462 513 circumscribitur:
493 481 624 509 {Domini
653 490 713 516 qua:
740 481 792 508 fuit
821 482 846 508 in
872 482 988 507 adventu

212 521 345 552 doctrina,
361 526 421 545 cum
434 518 560 552 ccepisset
572 517 605 544 ab
625 517 753 551 Augusto,
768 516 854 543 medio
869 521 989 550 tempore

211 556 312 583 Tiberii
339 551 563 581 consummatur;
591 552 774 585 apostolorum
808 556 897 577 autem
931 551 988 585 ejus

211 591 333 617 doctrina
346 596 431 621 usque
447 587 479 613 ad
495 587 567 614 Pauli
583 586 772 615 ministerium.
788 585 901 613 Neronis
918 590 987 612 tem-

211 633 277 660 pore
293 620 497 660 consummatur
509 622 543 660 ”_.
558 631 567 647 ι
585 621 655 660 Quid
666 628 748 660 ergo,
767 620 889 660 inquies,‘
900 628 988 648 nonne

212 655 281 687 idem
297 659 421 686 Clemens
443 657 619 691 Apocalypsin
641 655 736 683 Joanui
760 656 987 691 noutiuatimﬁas—

211 695 302 725 cribit.
320 694 443 726 illiusque
459 690 551 718 verba
568 696 748 726 tauquamrex
773 691 898 724 quopiam
921 690 986 718 Novi

211 729 375 757 Testameuti
388 727 454 754 libro
469 727 567 753 citasse
581 727 676 760 legitur
689 725 733 751 “‘1
746 726 823 759 Atqui
839 725 916 760 longo
929 731 988 760 post

210 764 324 792 Neronis
343 767 456 790 mortem
482 766 612 795 tempore,
634 765 670 792 et,
687 765 716 786 ut
742 760 834 787 scribit
853 759 985 788 lrcnmus:

214 808 224 825 ι
247 799 302 826 Sub
317 798 419 836 exitum
434 796 541 836 imperii
554 795 825 836 Domitianiﬂvisanest
840 795 897 836 luce
913 803 988 836 rere:

210 835 276 862 latio
288 834 321 861 ³⁸.
339 842 349 859 ι
367 831 418 859 Sed
435 830 644 862 animadvertas,
658 830 736 857 velim
747 850 754 861 .
770 830 934 857 Clementem
951 831 987 858 ibi

540 142 572 169 IN
590 141 797 169 CLEMENTEM
816 140 916 168 ALEX.
937 140 967 167 D.
987 138 1030 167 LE
1048 138 1191 167 NOURRY
1210 139 1438 169 DISSERTATIO
1458 141 1490 169 ll.

1758 140 1769 166 1
1776 139 1827 168 072

1040 204 1133 235 pateat
1158 207 1240 234 quam
1264 200 1368 235 integre
1392 206 1418 228 et
1446 201 1558 229 omnino
1582 200 1742 234 incorrupte
1767 199 1828 226 Cte-

1040 243 1125 267 mens,
1149 236 1247 274 aliique
1262 235 1387 263 Ecclesiae
1419 236 1514 274 Patres
1537 236 1702 274 _§_criptura:
1725 239 1826 274 textum

1039 271 1252 297 conservandum
1270 278 1330 298 esse
1345 272 1510 298 censuerint.
1537 270 1610 297 Nihil
1627 271 1700 298 enim
1718 270 1824 304 penitus

1039 313 1092 332 non
1108 306 1186 332 modo
1203 305 1230 332 in
1245 305 1316 333 illius
1331 307 1422 333 verbis
1433 326 1440 338 ,
1453 307 1499 333 sed
1515 313 1605 340 neque
1620 306 1647 332 in
1666 305 1726 339 ejus
1742 304 1823 331 etiam

1039 340 1235 376 accentibuset
1248 341 1527 375 intcrpunctionibtts,
1550 348 1639 376 neque
1657 341 1684 367 in
1703 347 1826 376 verage-

1039 375 1175 436 nulinaque
1201 375 1284 410 ipsius
1311 376 1508 411 signiﬁcatione
1532 375 1668 403 mutatum
1689 375 1825 411 quidpiam

1039 417 1071 436 vo
1085 415 1196 436 uerunt.

1038 415 1196 438 voluerunt.

1074 445 1244 479 Quapropter
1260 445 1292 473 de
1308 445 1352 472 illa
1372 453 1434 472 vera
1459 445 1608 480 Scriptura;
1622 445 1824 480 signiﬁcatione

1038 480 1209 515 genuinoque
1232 480 1304 507 illitts
1324 488 1404 507 sensu
1421 481 1585 508 inveniendo
1604 482 1675 508 banc
1698 480 1826 508 Clemens

1039 519 1133 541 noster
1147 520 1247 542 certam
1265 520 1417 549 statumque
1431 516 1571 542 constituit
1588 516 1710 549 regulam
1726 523 1733 541 :
1751 524 1761 540 ί
1777 515 1827 542 ‘v‘e-

1039 551 1105 577 ritas
1118 548 1169 576 non
1191 550 1327 577 invenitur
1341 551 1366 577 in
1375 548 1558 577 translatione
1578 548 1825 584 signiﬁcationum,

1038 586 1078 612 sic
1092 585 1163 611 enim
1179 593 1285 612 omnem
1301 593 1390 612 veram
1412 590 1566 612 everterent
1583 586 1757 617 doctrinam,
1778 587 1826 612 sed

1039 620 1066 646 iu
1080 627 1112 647 eo
1128 620 1190 654 quis
1206 620 1375 651 consideret.
1390 620 1454 655 quid
1471 621 1585 647 Domino
1600 625 1627 647 et
1642 621 1824 654 Omnipotenti

1040 655 1094 681 Deo
1110 655 1231 689 perfecte
1245 655 1388 682 conveniat
1404 660 1430 682 et
1444 663 1505 683 eum
1527 656 1620 682 deceat
1632 676 1639 687 ,
1654 661 1681 682 et
1698 657 1726 682 in
1744 663 1778 682 eo
1798 660 1825 681 ut

1038 689 1182 725 conﬁrmet
1195 691 1404 724 unumquodque
1417 697 1449 717 ex
1469 691 1514 722 iis,
1525 698 1586 725 qua:
1600 691 1828 718 demonstrantur

1039 732 1086 758 per
1103 724 1269 759 Scripturas,
1291 732 1324 752 ex
1351 725 1417 759 ipsis
1435 724 1683 753 rursus’similibus
1699 726 1825 756 Scriptu-

1039 759 1077 786 ris
1090 759 1122 786 ³⁵.
1143 769 1152 784 ι
1171 759 1278 787 Statuta
1297 765 1387 786 autem
1405 761 1463 788 haec
1478 768 1492 787 a
1504 759 1646 788 Clemente
1662 766 1759 788 nostro
1771 761 1826 787 exi-

1038 795 1090 830 mia
1102 795 1281 830 investigandi
1291 797 1346 822 veri
1357 795 1505 829 Scriptura:
1514 803 1609 822 sensus
1620 804 1716 822 norma
1726 796 1825 822 mirum

1039 829 1063 865 in
1079 829 1187 856 modum
1203 829 1228 857 in
1244 830 1323 857 tertio
1334 830 1474 865 Augustini
1491 830 1527 856 De
1539 832 1659 857 doctrina
1671 830 1826 858 Christiana

211 874 305 896 contra
327 869 369 894 sui
395 866 523 900 temporis
545 866 683 899 disputare
709 866 863 896 literelicos,
878 873 992 899 quorum
1010 872 1029 899 Β
1045 864 1113 891 libro
1128 865 1314 900 conﬁrmatur,
1336 864 1474 900 fusiusque
1489 866 1676 900 exponitur".
1704 867 1745 893 Ad
1764 873 1824 892 eum

211 911 319 932 errores
334 902 418 933 libris,
436 902 526 927 divino
539 900 627 927 atllatu
642 900 810 933 conscriptis,
829 901 991 933 posteriores

211 947 269 966 esse
283 939 458 965 demonstrat.
476 937 510 962 At
525 936 587 970 quia
607 934 719 962 Joannis
737 935 914 969 Apocalypsin
931 935 992 962 aliis

211 974 278 1001 Novi
306 972 471 999 Testamenti
495 970 572 997 libris
588 975 614 997 et
630 971 738 1003 scriptis
760 971 990 997 anuumerandam

211 1009 311 1044 plures,
330 1013 397 1034 teSte
415 1006 528 1044 Eusebio
543 1004 739 1044 ‘f‘,_negabaut.
755 1010 897 1044 eaproptcr
929 1005 991 1032 Cle-

211 1040 299 1075 iuens,
308 1049 336 1069 ut
348 1049 455 1068 omnem
470 1041 602 1067 haereticis
615 1040 733 1073 litigandi
744 1041 911 1066 occasionem
923 1047 993 1075 prae-

210 1079 319 1113 riperet.
333 1084 384 1103 nnu
399 1075 535 1113 illain._scd
550 1083 597 1113 eos
610 1075 738 1113 duntaxat
751 1075 833 1113 libros
844 1079 870 1113 et
881 1077 990 1109 scripta,

210 1109 325 1147 quorum
340 1117 411 1147 certa
427 1116 453 1137 et
468 1111 506 1147 ab
519 1110 612 1147 iisdem
628 1110 718 1147 etiam
731 1109 865 1147 barrcticis
881 1115 989 1145 recepta

211 1144 284 1175 esset
302 1146 450 1174 auctoritas
461 1165 467 1177 ,
483 1145 590 1172 citanda
602 1152 662 1171 esse
677 1144 852 1171 existimavit.

249 1193 349 1220 Divinre
373 1192 454 1226 igitur
479 1191 649 1217 auctoritatis
669 1198 729 1217 cum
748 1190 783 1217 sit
813 1197 890 1217 sacra
916 1191 991 1218 Scri-

208 1227 505 1264 ptura,eosbw:-eticos
517 1226 642 1264 Clemens
655 1226 770 1264 castigat
799 1226 843 1260 qui
859 1233 918 1252 eam
931 1234 991 1264 cor-

210 1261 334 1297 rumpere
348 1267 373 1288 ct
393 1261 545 1297 adulterare
566 1261 710 1297 audebant.
727 1261 786 1293 Quo
804 1265 900 1297 autem
911 1262 991 1288 modo

208 1295 317 1326 sacrum
336 1296 406 1324 illitis
422 1300 523 1322 textum
539 1295 702 1321 labefactare
715 1299 860 1327 tentarent,
880 1296 918 1322 sic
933 1296 990 1329 ipse

207 1332 334 1360 edisserit
348 1341 355 1359 :
371 1329 449 1358 Οὗτοί
462 1331 531 1357 εἰσιν
542 1331 566 1356 οἱ
576 1330 704 1366 κστὰντὴν
719 1330 881 1366 ἀνάγνωσιν,
898 1331 989 1366 φωνῆς

207 1369 276 1403 τόνῳ
288 1366 494 1403 διαστρέφοντες
505 1366 554 1403 τὰς
568 1365 679 1403 ξ’ραφὰς
695 1365 762 1401 πρὸς
779 1365 827 1403 ’Ξὰς
843 1365 912 1403 ἰδίας
925 1365 988 1403 ῂδό-

205 1400 270 1436 νὰςξι
289 1403 335 1429 καί
348 1400 427 1429 τίνων
444 1400 600 1436 προσωδιῶιῶ
637 1401 683 1427 καὶ
695 1400 816 1434 σέιγμῶν
832 1400 986 1435 μεταθέέτει,

205 1435 486 1474 τὰίπαραγγελβὲνιςιι
511 1435 696 1474 ςῳφρόνῳςΔτε
719 1436 766 1474 ego).
796 1436 988 1474 σιιμφερόντως

206 1470 435 1515 βιαζόμένιέιέτρξς
443 1470 583 1515 esse???“
594 1470 843 1515 esseest-:1?
857 1476 931 1515 ξψιὲε
941 1473 987 1515 qui

206 1506 232 1536 in
257 1506 395 1543 legendo,'
412 1511 475 1534 tono
500 1507 574 1533 vocis
595 1511 752 1543 pervertunt
778 1506 933 1540 Scripturas
953 1507 986 1533 ad

1045 899 1136 933 itaque
1150 899 1273 934 aliosque
1292 899 1440 935 Scriptura;
1452 899 1615 934 interpretes
1628 902 1662 928 de
1676 902 1731 928 hoc
1746 908 1824 934 argu-

1043 939 1133 961 utento
1152 936 1287 961 uberrime
1304 934 1470 969 disputantes
1488 935 1509 962 si
1528 936 1604 963 adire
1618 936 1752 968 volueris,
1773 942 1825 962 non

1043 968 1164 996 inutilem
1181 977 1291 1003 prorsus
1305 968 1415 1004 operam
1435 971 1586 1004 impendes.

1078 1011 1215 1046 Duplicem
1231 1019 1295 1038 vero
1312 1017 1407 1039 auctor
1427 1017 1519 1039 noster
1535 1013 1652 1040 ostendit
1668 1021 1730 1040 esse
1752 1012 1825 1039 Scri-

1042 1050 1129 1082 ptura:
1141 1054 1261 1082 sensum,
1274 1047 1416 1074 litteralem
1430 1053 1456 1074 et
1470 1048 1656 1080 allegoricum,
1671 1049 1798 1082 buncque
1809 1057 1823 1074 a

1061 1081 1136 1108 aucis
1150 1081 1262 1116 intelligi
1276 1082 1308 1108 δι.
1325 1082 1400 1115 Quod
1414 1082 1524 1117 quidem
1540 1083 1583 1109 ille
1599 1091 1660 1110 cum
1677 1083 1785 1110 Hermae
1799 1088 1825 1110 et

1057 1116 1121 1142 saia:
1151 1118 1327 1148 auctoritate,
1350 1122 1403 1143 tum
1424 1116 1497 1145 brevi
1510 1118 1676 1151 singulorum
1702 1118 1823 1152 Decalogi

1041 1156 1235 1188 praeceptorum
1249 1152 1431 1186 explicatione
1453 1154 1633 1179 demonstrat.
1652 1153 1726 1186 Quid
1744 1154 1823 1188 igitur

1041 1186 1154 1222 mirum,
1167 1187 1189 1212 si
1206 1186 1330 1214 Clemens
1346 1192 1448 1219 noster,
1465 1195 1516 1214 non
1540 1195 1619 1214 secus
1631 1195 1661 1214 ac
1672 1189 1718 1214 alii
1732 1186 1823 1222 quam-

1041 1221 1148 1260 plurirni
1162 1222 1375 1260 etauliquissimi
1388 1228 1414 1250 et
1424 1223 1572 1260 doctissimi
1583 1223 1712 1260 Ecclesiae.
1720 1221 1821 1255 Patris,

1042 1256 1068 1292 in
1087 1256 1224 1292 allegorici
1242 1257 1388 1291 Scriptura:
1402 1265 1497 1284 sensus
1510 1257 1608 1290 maiori
1624 1258 1719 1284 studio
1745 1265 1821 1292 quam

1040 1290 1166 1317 litterulis
1188 1292 1384 1325 expositionem
1407 1292 1584 1319 incubuerit?
1599 1290 1766 1319 Persuasum
1788 1294 1822 1319 si-

1040 1326 1148 1359 quidem
1162 1327 1214 1353 sibi
1231 1327 1337 1362 penitus
1351 1327 1434 1354 fuisse
1452 1328 1571 1355 declarat
1588 1328 1741 1362 Scriptum
1757 1336 1767 1353 ι
1783 1328 1823 1354 lit-

1040 1365 1126 1387 teram
1142 1368 1202 1388 esse
1216 1362 1342 1397 omnibus
1352 1362 1474 1397 claram,
1493 1371 1502 1388 ι
1518 1370 1633 1397 eamque
1646 1363 1821 1396 allegoricum

1039 1403 1148 1423 sensum
1161 1397 1218 1430 ipsa
1230 1396 1308 1430 longe
1318 1396 1492 1424 difficiliorem
1505 1399 1657 1430 suscip--re,
1673 1405 1706 1424 ac
1717 1398 1822 1424 nomina

1039 1435 1066 1457 et
1084 1431 1217 1466 dictiones
1227 1439 1287 1458 cum
1303 1439 1426 1466 corpore,
1439 1437 1466 1459 et
1481 1440 1541 1466 qua:
1553 1433 1649 1460 iisdem
1669 1434 1823 1460 nominibus

1039 1465 1238 1499 signiﬁcantur,
1257 1474 1318 1493 cum
1335 1465 1431 1502 spiritu
1453 1465 1526 1494 recte
1540 1476 1554 1495 a
1576 1469 1742 1502 quibusdam
1752 1476 1823 1496 com-

1039 1508 1141 1535 parari.

205 1541 327 1578 proprias
355 1542 521 1578 voluptates,
536 1547 569 1578 ret
597 1541 750 1578 aliquorum
774 1546 939 1578 accentuum
960 1546 986 1568 et
999 1545 1020 1573 ε
1073 1541 1127 1569 Cur
1142 1547 1230 1569 autem
1255 1546 1308 1569 tam
1325 1542 1445 1570 difficiles
1460 1543 1610 1577 explicatus
1630 1543 1735 1571 habent
1748 1544 1821 1571 Scri-

204 1576 368 1612 pun‘ctorum
387 1577 604 1612 transpositionc,
615 1583 674 1610 quae
691 1576 869 1612 moderatect
884 1577 984 1612 utiliter

204 1610 338 1648 praecepta
358 1616 430 1648 sunt,
442 1611 477 1648 ad
490 1611 677 1648 suastrabnnt
699 1610 811 1648 delicias
825 1611 857 1637 ³⁵.
871 1620 880 1636 ι
902 1611 983 1639 Vides

203 1645 268 1675 sane
285 1645 420 1682 quomodo
437 1646 562 1672 ‘lucretici
585 1653 691 1672 sacrum
711 1645 856 1682 scriptura:
880 1650 981 1682 textum

204 1683 261 1709 sola
275 1679 433 1709 accentuum
445 1685 473 1707 et
487 1685 648 1714 punctorum
662 1679 818 1714 μεταθέσει,
835 1681 982 1714 transposi-

205 1718 289 1750 tione,
305 1724 351 1744 seu
381 1723 461 1750 prava
489 1714 718 1750 interpunctioue,
752 1715 793 1741 vel
817 1715 897 1750 etiam
926 1716 982 1742 solo

205 1749 286 1779 vocis
296 1755 341 1778 aut
358 1749 461 1777 altioris
475 1755 521 1776 aut
537 1749 702 1777 demissioris
725 1754 786 1777 tono
802 1750 875 1776 illum
892 1749 982 1785 legen-

205 1793 246 1814 tes
259 1790 454 1822 pervertercnt.

237 1833 307 1861 Aliis
324 1839 431 1866 quoque
449 1831 535 1858 modis
555 1831 721 1865 Scripturam
743 1830 824 1866 abiis
843 1830 982 1859 adultera-

203 1874 257 1897 tam
273 1865 356 1895 fuisse
375 1865 437 1894 alibi
454 1867 576 1894 Cleluens
594 1866 717 1899 perhibet
735 1874 742 1892 :
764 1876 772 1891 ι
787 1865 922 1898 Primum,
942 1867 980 1893 iu-

202 1904 280 1939 quit,
303 1911 356 1930 non
369 1903 496 1939 romuibus
512 1906 646 1933 utuntur;
666 1901 761 1928 deinde
778 1909 829 1927 non
844 1900 980 1939 perlectis,

203 1937 291 1973 neque
305 1942 333 1965 ut
348 1938 433 1964 dictat
451 1941 478 1963 et
491 1941 628 1973 corpusct
643 1940 801 1973 contextura
817 1937 979 1973 prophetae.

203 1971 301 2001 Verum
318 1974 445 2007 eligentes
458 1979 488 1998 ea
502 1979 561 2005 qua:
576 1971 647 1998 dicta
665 1976 729 1997 sunt
743 1971 878 2005 ambigue,
894 1972 980 1998 tradu-

201 2013 266 2035 cunt
279 2009 311 2034 ad
327 2007 447 2042 proprias
465 2007 620 2042 opiniones,
639 2013 737 2040 paucas
761 2013 841 2033 voces
863 2007 978 2040 sparsim

201 2041 361 2078 carpentes,
381 2050 478 2078 neque
491 2041 528 2078 id.
546 2041 748 2078 considerantes
771 2042 842 2074 quod
857 2048 887 2067 ex
915 2042 980 2078 ipsis

201 2072 451 2114 sigiiiticatitr,_scd
473 2072 529 2110 ipsa
549 2076 621 2114 nuda
635 2076 754 2114 dictione
772 2072 889 2114 utentes.
913 2072 978 2114 Nam

201 2111 442 2141 itromnilntsifere
460 2119 518 2145 qua:
553 2111 689 2138 adducunt
732 2111 815 2142 locis,
833 2111 904 2144 ipsos
921 2112 978 2138 sola

202 2149 298 2175 intueri
315 2147 417 2177 videbis
435 2146 542 2173 nomina
558 2164 566 2177 ,
583 2150 613 2172 ιιι
628 2146 672 2179 qui
690 2150 796 2172 mutent
815 2146 975 2179 signiﬁcata,

201 2190 288 2218 neque
303 2181 526 2218 quemadmodum
542 2180 868 2218 dicuttttir._cognoscattt,
891 2188 978 2214 neque

201 2215 252 2245 iis’
278 2215 345 2252 quas
374 2216 490 2243 alterunt
525 2215 741 2260 allegatio't'tibus,
763 2215 806 2255 ita
828 2220 857 2254 ut
883 2223 975 2260 earum
992 2233 1015 2260 Β

200 2249 317 2287 postulat
342 2256 449 2283 natura,
465 2254 574 2287 utantur
588 2249 769 2278 “.t'ﬂaeretici
785 2249 977 2287 igituruscri-

201 2285 293 2322 pturas
308 2287 492 2322 depravabant
504 2285 545 2311 vel
562 2285 680 2322 integros
707 2285 835 2318 quosdam
860 2285 932 2322 illius
946 2286 977 2311 li-

200 2320 272 2354 bros,
289 2323 330 2348 vel
342 2320 439 2348 saltem
456 2320 573 2354 aliquam
589 2320 692 2346 illorum
711 2323 812 2354 partem
825 2340 833 2353 ,
850 2320 896 2347 ubi
914 2328 976 2348 suos

199 2364 306 2383 errores
319 2357 438 2383 ftinditus
453 2356 535 2382 everti
552 2356 709 2386 cernebant,
726 2355 831 2388 penitus
850 2355 974 2389 rejicieu-

199 2393 242 2418 do.
261 2391 362 2418 Deinde
378 2398 444 2417 vero
471 2389 535 2417 solis
556 2389 708 2416 nominibus
734 2389 771 2415 illi
799 2389 974 2421 inhaerentes,

198 2434 324 2461 perversa
336 2433 367 2452 ac
377 2426 452 2459 plane
462 2429 623 2459 prtepostera
635 2431 728 2461 eorum
741 2425 972 2461 interpretatione,

199 2459 226 2487 in
243 2468 339 2495 pravos
351 2461 544 2494 haereticosquc
555 2465 649 2486 sensus
660 2466 690 2486 ea
703 2459 910 2495 detorquebant.
925 2459 974 2486 De-

198 2494 280 2530 nique
299 2495 425 2532 Clemens
452 2495 547 2532 asserit
571 2501 617 2521 eos
645 2494 811 2532 mendaciis,
832 2494 973 2532 ﬁgmentis

198 2528 343 2565 pravisque
366 2531 468 2557 artibus
489 2529 579 2565 divino
602 2529 685 2556 verbo
704 2529 743 2565 sic
766 2528 850 2560 abuti,
863 2528 972 2565 iutjure

198 2563 467 2600 inerito'Scripturas
489 2563 561 2591 nullo
582 2566 661 2591 modo
681 2564 824 2590 admittere
845 2564 972 2591 videren-

199 2605 244 2627 tur
259 2599 292 2626 ³⁸.

231 2646 295 2673 Ηωε
316 2652 396 2679 porro
419 2645 540 2672 consulto
556 2644 746 2675 observamus,
770 2652 823 2678 quo
848 2644 974 2672 omnibus

233 2757 255 2773 "
269 2757 368 2784 Strom.
381 2755 400 2782 l.
415 2763 462 2788 vn,
476 2763 503 2790 p.
520 2755 581 2782 76L.
597 2753 603 2756 ⁴

197 2790 268 2819 lﬁst.
283 2792 301 2820 1.
317 2799 358 2824 ιιι,
374 2799 399 2818 c.
411 2789 501 2823 25H.
518 2799 545 2822 v,
557 2799 582 2818 c.
598 2789 632 2824 8;
649 2790 666 2817 l.
683 2798 730 2821 vn,
747 2798 771 2816 c.
786 2790 831 2818 ‘25.

198 2827 220 2842 ι’
246 2835 271 2860 μ.
297 2827 358 2854 758.

871 2792 893 2806 ³⁸
908 2791 926 2819 Ι.
942 2799 982 2823 ιιι,

198 2863 220 2877 δ’
233 2870 259 2896 p.
277 2861 337 2889 679.
373 2861 395 2878 ⁵³
409 2870 425 2896 p
450 2861 510 2888 675.
542 2861 571 2877 ’³⁸
587 2862 604 2887 |.
621 2870 646 2893 ι’,
661 2869 687 2895 b.
702 2860 762 2888 557.
791 2860 813 2875 ’⁸⁵
826 2862 892 2887 Ibid.
906 2866 932 2888 et
945 2869 1020 2897 seqq.

624 2755 647 2771 ³³
662 2755 763 2782 Strom.
774 2754 792 2782 Ι.
810 2763 848 2789 vr,
861 2763 887 2790 p.
900 2755 968 2789 667;
993 2755 1065 2783 Pagd.
1080 2757 1098 2783 1.
1115 2765 1145 2788 ιι,

996 2799 1024 2826 ρ-

395 2826 418 2842 ⁸⁰
438 2827 562 2860 August..
587 2826 604 2852 Ι.
628 2834 674 2857 ιιι,
691 2826 728 2852 De
749 2825 836 2852 donlr.
855 2826 972 2856 Cbrisl.,

1039 2847 1046 2854 .
1063 2827 1091 2858 ‘2,
1104 2828 1130 2858 5,
1144 2827 1171 2859 ἐκ,
1183 2827 1226 2857 :17.
1243 2825 1289 2856 28'.

1037 1580 1117 1638 [itura
1144 1578 1165 1604 si
1182 1578 1341 1610 scisciteris,
1368 1579 1415 1604 tibi
1438 1579 1508 1604 illico
1528 1578 1653 1605 Clemens
1675 1580 1822 1614 responde-

1057 1613 1077 1638 it
1093 1613 1185 1638 multis
1198 1613 1371 1638 obscuritatis
1386 1613 1498 1638 latebris
1517 1614 1574 1638 citis
1591 1613 1693 1638 involvi
1718 1615 1820 1638 oratio-

1057 1613 1077 1638 it
1093 1613 1185 1639 multis
1198 1613 1371 1640 obscuritatis
1386 1613 1498 1639 latebris
1517 1614 1574 1647 ejus
1591 1613 1693 1640 involvi
1718 1615 1820 1641 oratio-

1037 1654 1108 1678 nem,
1122 1648 1285 1681 proindeque
1296 1648 1367 1674 illius
1379 1655 1485 1675 sensum
1498 1656 1546 1674 nec
1560 1656 1573 1674 ιι
1585 1648 1689 1680 multis,
1704 1657 1756 1676 nec
1767 1650 1824 1676 sine

1036 1683 1126 1708 studio
1138 1687 1163 1708 et
1173 1682 1264 1709 labore
1275 1691 1354 1717 posse
1369 1683 1469 1717 percipi
1480 1683 1512 1710 δ’.
1529 1683 1632 1710 Rursus
1643 1691 1710 1710 vero
1719 1685 1743 1711 si
1753 1685 1825 1711 scire

1035 1716 1100 1743 velis
1113 1725 1197 1752 qttare
1210 1716 1356 1751 Scriptura:
1370 1716 1468 1748 Oratio,
1481 1725 1540 1752 qu:e
1552 1718 1689 1750 omnibus,
1700 1720 1740 1745 uti
1754 1720 1825 1746 vide-

1037 1756 1089 1783 tttr,
1105 1752 1322 1779 manifestissitna
1338 1760 1398 1780 esse
1416 1753 1541 1784 debebat,
1562 1758 1637 1779 tanta
1652 1754 1825 1781 obscuritate

1035 1786 1199 1818 involvatur,
1216 1788 1266 1814 bur:
1281 1789 1314 1814 ab
1331 1789 1424 1814 eodetu
1441 1787 1580 1815 Clemente
1600 1795 1765 1822 responsum
1780 1797 1822 1815 ac-

1036 1821 1136 1855 cipies:
1151 1831 1160 1846 ‹
1175 1823 1240 1854 Quia
1256 1829 1307 1849 non
1320 1823 1452 1854 omnium,
1467 1823 1562 1856 inquit,
1575 1827 1616 1849 est
1630 1821 1746 1855 veritas,
1761 1825 1825 1850 mul-

1038 1856 1070 1892 tis
1086 1857 1173 1883 tnodis
1188 1857 1305 1883 occultat
1322 1859 1474 1888 veritatem,
1497 1858 1583 1891 iisque.
1594 1858 1660 1885 solis
1671 1878 1677 1890 ,
1695 1862 1743 1892 qui
1761 1864 1823 1885 sunt

1036 1891 1133 1917 initiati
1165 1893 1197 1928 ad
1228 1893 1426 1926 cognitionem,
1449 1892 1493 1926 qui
1519 1893 1659 1919 veritatem
1697 1891 1822 1928 quaerunt

1034 1931 1143 1960 propter
1159 1927 1329 1960 cbaritatem,
1342 1927 1426 1955 lucem
1440 1927 1538 1954 exoriri
1554 1928 1619 1954 facit
1634 1927 1668 1954 ⁴³.
1690 1938 1699 1953 ι

1069 1972 1128 1998 Alia
1145 1979 1252 2007 quoque
1274 1974 1351 2008 bujus
1371 1973 1544 2001 obscuritatis
1560 1974 1630 2001 ratio
1645 1982 1680 2001 ex
1700 1975 1819 2008 ipsemet

1034 2007 1170 2034 Clemente
1193 2014 1283 2035 uestro
1302 2007 1393 2035 afferri
1417 2013 1514 2042 potest.
1539 2009 1605 2036 Cum
1640 2007 1718 2036 enini
1746 2010 1820 2037 Scri-

1034 2047 1120 2076 pturie
1138 2050 1221 2069 sacra:
1233 2044 1331 2076 stylutn
1344 2044 1420 2080 plane
1432 2044 1629 2080 mnigmaticum
1641 2050 1669 2070 ct
1685 2045 1819 2080 paraboli-

1033 2085 1092 2113 cuui
1109 2084 1168 2104 esse
1182 2084 1316 2105 asscveret
1329 2100 1335 2111 ,
1353 2079 1379 2106 iu
1405 2080 1455 2106 boc
1466 2079 1623 2113 scriptionis
1640 2087 1729 2112 genus
1752 2088 1819 2113 pra:-

1033 2112 1110 2148 eipuu
1134 2113 1308 2140 obscuritatis
1328 2114 1399 2140 illius
1415 2121 1496 2140 causa
1515 2112 1608 2148 procul
1626 2115 1710 2142 dubio
1726 2112 1818 2142 refun-

1032 2147 1118 2173 deuda
1143 2153 1194 2174 est.
1219 2148 1252 2174 Et
1271 2156 1334 2175 vero
1352 2154 1494 2183 postquam
1515 2147 1564 2176 ille
1588 2154 1643 2175 tam
1667 2149 1819 2177 Psalmista:

1032 2189 1112 2215 quant
1127 2182 1249 2216 Apostoli
1264 2182 1606 2210 testimoniomanifestum
1623 2184 1649 2210 id
1671 2184 1747 2217 fecit,
1761 2186 1818 2212 lucc

1033 2218 1112 2249 paulo
1124 2222 1183 2254 post
1194 2218 1313 2244 addidit:
1330 2228 1338 2243 ι
1353 2217 1474 2254 Longum
1490 2218 1572 2246 fuerit
1583 2221 1675 2246 omnia
1691 2221 1816 2254 persequi

1029 2253 1186 2288 prophetica
1204 2257 1230 2279 et
1248 2253 1355 2287 legalia,
1371 2261 1402 2279 ea
1418 2253 1555 2280 atferendo
1588 2261 1649 2288 quae
1666 2255 1741 2282 dicta
1757 2253 1819 2282 sunt

1029 2293 1077 2318 per
1086 2287 1227 2321 aenigmata
1241 2296 1247 2320 ;
1260 2288 1316 2314 fere
1327 2289 1399 2315 enim
1413 2289 1539 2315 universa
1551 2287 1605 2316 hoc
1614 2290 1697 2316 modo
1709 2291 1816 2317 oracula

1029 2329 1076 2346 sua
1087 2321 1265 2358 ell'ertrdivina
1281 2323 1421 2356 Scriptura
1431 2323 1463 2350 ⁸⁸.
1476 2332 1485 2349 ι
1503 2323 1579 2356 Quod
1590 2325 1702 2358 quidem
1717 2333 1753 2352 ne
1763 2333 1777 2352 ει
1790 2333 1818 2352 se

1030 2357 1246 2395 temeredittum
1262 2359 1393 2385 morosior
1412 2357 1659 2395 quisAcausaretur,
1679 2360 1746 2386 illud
1760 2367 1816 2395 my-

1028 2391 1094 2418 stica
1120 2391 1200 2427 144
1220 2399 1312 2419 eorum
1353 2391 1456 2427 qure’in
1472 2393 1701 2429 Jerosolymitano
1720 2391 1817 2429 tempto

1028 2431 1115 2465 erant,
1126 2431 1158 2465 et_
1168 2428 1620 2465 sacerdotaliutuvestimentorum,
1633 2437 1685 2456 nec
1699 2437 1752 2456 non
1768 2428 1816 2465 po-

1027 2459 1129 2494 lymita:
1145 2460 1255 2496 .loscpbi
1271 2463 1367 2490 tuuicze
1376 2459 1554 2497 expositione
1575 2459 1766 2492 conﬁrmat“.

1061 2504 1156 2539 Neque
1167 2514 1248 2540 porro
1261 2507 1366 2535 Veteris
1381 2512 1482 2534 tantum
1493 2528 1500 2539 .
1515 2509 1561 2536 sed
1573 2513 1601 2536 et
1613 2509 1681 2536 Novi
1696 2509 1817 2538 Fmderis

1026 2542 1175 2578 scriptores
1192 2543 1265 2578 idem
1278 2542 1359 2576 plane
1374 2544 1556 2578 parabolicth
1572 2544 1735 2572 adhibuisse
1751 2547 1817 2572 scri-

1031 2576 1110 2614 bendi
1134 2583 1222 2614 genus
1249 2576 1382 2614 Clemens
1398 2579 1516 2614 ostendit
1537 2578 1569 2607 “.
1597 2578 1658 2612 lpse
1683 2581 1813 2614 siquidem

1031 2611 1139 2650 probat,
1155 2616 1181 2638 et
1198 2613 1304 2650 vivente
1313 2612 1424 2650 Christo
1434 2633 1442 2644 ,
1458 2612 1589 2650 Joannem
1604 2611 1756 2650 Baptistam
1766 2635 1774 2648 ,
1789 2621 1814 2642 et

1031 2645 1078 2672 illo
1104 2652 1228 2680 mortuo,
1254 2648 1400 2682 discipulos
1425 2649 1484 2682 ejus
1509 2650 1549 2677 sic
1572 2645 1659 2678 fuisse.
1686 2645 1811 2678 locutos:

1039 2757 1065 2783 d.
1080 2757 1098 2783 1.
1115 2765 1145 2795 ιι,
1164 2764 1190 2791 p.
1202 2757 1263 2784 20L

1036 2791 1100 2821 “2.
1137 2792 1157 2807 ³⁷
1171 2794 1189 2819 Ι.
1209 2801 1254 2823 νιι.

1315 2758 1337 2774 ³⁸
1352 2759 1432 2791 lren.,
1453 2760 1470 2786 l.
1484 2768 1512 2789 v.
1524 2769 1550 2787 c.
1564 2761 1608 2789 50.

1315 2763 1337 2774 ³⁵
1352 2763 1432 2791 lren.,
1453 2763 1470 2786 l.
1484 2768 1512 2789 v.
1524 2769 1550 2787 c.
1564 2763 1608 2789 50.
1656 2763 1680 2780 ⁵⁸
1702 2764 1811 2797 Euseb.

1278 2801 1305 2828 p.
1322 2794 1372 2821 757
1388 2801 1415 2822 et
1429 2795 1492 2823 758.
1530 2798 1553 2812 ⁶⁶
1573 2806 1599 2828 p.
1619 2797 1671 2826 759
1694 2808 1724 2827 et
1750 2800 1809 2827 τοι.

1530 2798 1553 2812 ⁶⁶
1573 2806 1599 2831 p.
1619 2797 1671 2826 7‘09
1694 2808 1724 2827 et
1750 2800 1809 2827 τοι.

1338 2829 1480 2868 Surum.
1502 2829 1578 2868 1.31,.
1599 2841 1622 2868 p.
1647 2836 1700 2863 679
1716 2840 1810 2868 etseq.

1058 2862 1080 2877 “5
1097 2863 1142 2889 lib.
1164 2871 1188 2894 ν,
1208 2873 1233 2897 ιι.
1251 2863 1302 2890 575
1318 2873 1324 2898 ;
1342 2864 1387 2892 lib.
1404 2873 1440 2895 Vt,
1458 2872 1485 2898 ι).
1506 2866 1566 2894 673.
