1924 3072
108 150 169 178 10⁷3

108 217 118 234 ι
131 206 223 234 Christi
241 212 346 239 quoque
366 204 540 242 familiares,
555 206 663 241 inquit,
686 207 733 242 qui
758 208 871 236 verbum
888 211 911 240 Α

105 242 327 276 pradicavernnt,
345 245 486 273 postquam
505 241 561 274 ipse
578 241 727 270 excessit'e
739 243 812 274 vita,
830 243 872 270 usi

105 275 162 304 sunt
177 275 320 312 parabolis.
333 285 341 301 ι
353 275 420 312 Quid
435 277 577 312 autemsit
590 277 716 310 parabola
725 298 732 310 ,
745 278 858 312 aenigma
868 299 875 310 .

105 311 303 348 tropus,etaliae
315 311 502 348 itt_Scrip_turis
519 311 666 338 dictionunt
689 312 783 346 ﬁgura:
795 311 809 344 ,ί
819 314 876 348 ipse

105 346 264 380 postmodum
284 345 401 379 explicat
419 346 452 373 ".
474 345 512 373 De
532 347 574 372 his
593 355 674 380 porro
694 345 806 375 consule
826 345 874 374 au-

104 388 199 408 otorem
216 380 472 407 commentariorum
490 382 516 408 in
533 386 615 415 caput
630 390 636 408 t
654 381 786 409 Proverb.
805 383 876 416 apud

105 417 306 451 Hieronymum,
327 416 390 451 item
410 415 604 443 Cassiodorunt
626 416 672 443 lib.
692 417 730 444 De
749 415 873 444 scltemat.

102 456 123 478 et
143 450 217 484 tropL,
237 459 299 484 pag.
316 450 380 482 6‘20,
403 455 483 484 alque
504 451 586 477 etiam
608 451 808 486 Augustinum,
829 453 875 485 qui

103 492 232 523 troporum
247 486 388 523 scientiam
402 485 436 512 ad
451 486 640 521 intelligendas
654 485 817 523 'Scripturas
834 487 875 514 di-

102 522 136 548 cit
147 528 204 548 esse
220 520 310 547 utilem
326 521 361 547 ⁸⁸.

132 567 276 599 Antequam
293 566 356 593 huic
370 567 402 593 de
415 567 540 594 omnibus
555 567 705 601 generatim
722 567 874 601 Scriptura:

101 609 180 629 sacrae
199 601 274 628 libris
293 602 409 628 sermoni
431 601 511 628 linem
533 602 724 636 impottamtts,
751 603 875 629 animad-

103 637 250 663 vertendum
265 641 308 663 est
321 637 455 671 explicata
468 636 654 664 dillicillimum
670 644 730 665 esse
743 638 808 671 quid
824 638 873 665 sibi

101 672 217 699 Clemens
230 671 311 707 velit,
324 679 385 698 cum
400 672 509 704 scripsit
521 677 637 705 quatuor
650 671 873 707 Jerosolytnitatti

101 706 186 743 templi
203 705 342 743 colnnntas
357 714 417 743 esse
434 706 513 740 ἁγίας
533 707 645 742 μήνυμα
668 705 796 743 τετράδος
814 707 873 733 δια-

99 740 184 776 Θηκῶν
198 741 329 767 παλαιῶν.
341 751 351 767 ‹
365 742 475 776 Signum
485 740 588 777 sanctae
600 740 788 775 quaternionis
801 748 875 771 vete-

101 784 155 803 rmn
173 781 394 812 testamentorum
407 776 438 804 ⁸³.
453 786 461 802 ι
476 776 545 808 Quid
560 777 632 804 enim
648 777 705 804 [tam
719 777 875 812 signiﬁcent

99 819 126 838 se
141 818 189 846 non
206 811 355 846 intelligere
373 811 504 838 llervetus
521 812 609 846 palam
627 811 781 846 proﬁtetur.
797 813 832 838 At
850 813 873 840 si

99 845 254 880 conjectnris
263 846 401 880 indulgere
413 846 503 879 liceat,
513 845 527 873 a
539 854 602 874 vero
616 845 668 873 non
681 854 793 881 prorsus
806 847 873 874 alie-

100 889 158 917 num
172 881 247 908 ttobis
261 881 348 917 videri
364 882 487 917 dicemu_s_
497 881 531 908 ibi
546 882 711 917 Clementem
729 882 762 909 ad
777 889 872 917 quam-
887 882 910 912 Β

98 916 155 942 dam
167 916 315 951 respexisse
327 916 455 943 librorum
469 915 572 944 Veteris
582 916 746 943 Testamenti
762 915 872 944 divisio-

99 959 164 986 nem,
174 959 224 985 qua
233 959 279 978 eos
291 951 398 985 quidam
409 956 524 985 quatuor
535 952 560 978 itt
575 957 675 986 partes,
685 957 748 985 puta
760 952 785 978 in
799 952 872 986 lega-

98 985 143 1017 les,
151 986 302 1017 historicos,
311 987 490 1021 paraeneticos
497 991 524 1012 et
535 985 718 1020 prepheticos,
728 987 769 1014 vel
780 985 872 1021 aliquo

98 1021 146 1047 alio
168 1022 245 1048 modo
269 1022 479 1050 distribuebant.
504 1022 540 1048 De
571 1022 621 1048 hac
645 1028 736 1048 autem
759 1022 872 1056 aliisque

98 1063 228 1083 sacrorum
245 1056 353 1083 illorum
371 1056 535 1083 voluminum
550 1056 757 1090 partitionibus,
774 1057 850 1084 multi
863 1078 870 1090 ,

97 1098 160 1124 quos
175 1090 254 1118 facile
266 1091 357 1126 quivis
373 1091 514 1118 consulere
531 1091 646 1124 poterit,
662 1092 746 1118 multa
762 1092 871 1126 scriptis

98 1125 316 1153 tradiderttnlfSl
332 1127 393 1160 quis
416 1134 496 1160 porro
520 1127 600 1153 aliant
621 1127 754 1153 veriorem
776 1125 872 1154 verbo-

98 1168 151 1186 rum
165 1161 311 1188 Clementis
325 1161 532 1195 explicationem
547 1168 694 1195 suggerere
717 1162 798 1194 velit,
823 1170 872 1189 nos

98 1195 200 1223 tuinintc
219 1196 387 1226 reluctantes
406 1197 431 1222 itt
447 1204 523 1223 suam
539 1197 702 1224 sententiam
719 1197 843 1224 adducet.

357 1253 551 1282 ARTICULUS
572 1254 602 1282 ll.

99 1295 198 1332 Moysen
219 1306 274 1326 esse
300 1297 471 1326 Peutateutlti
488 1305 620 1326 auctorem
632 1319 639 1331 ,
656 1299 699 1325 ubi
715 1304 739 1325 et
755 1299 786 1325 de
801 1299 873 1333 ejus-

127 1333 298 1369 dentjloysis
313 1339 408 1367 mtute,
422 1334 474 1361 vita
489 1335 617 1368 uariisque
631 1335 776 1360 nominibus
788 1343 797 1366 ;
811 1335 873 1360 item

128 1368 158 1404 de
172 1368 300 1403 [Egyptio
315 1369 439 1404 nomine,
452 1377 527 1404 quem
543 1370 586 1395 ille
602 1369 677 1404 verba
692 1369 818 1395 occidisse
832 1369 873 1395 di-

128 1403 209 1435 citur;
223 1402 254 1431 ile
267 1404 336 1430 miro
348 1411 399 1438 quo
409 1402 610 1437 ille'Nec/tepltri
623 1403 808 1438 zEgyptiorum
821 1404 873 1438 tegi

130 1439 248 1471 apparuit
260 1439 359 1471 modo;
384 1441 416 1466 de
426 1440 501 1465 varia
512 1439 697 1473 multiplicique
708 1439 779 1465 illius
791 1440 874 1466 scien-

128 1473 163 1498 tia
176 1477 200 1499 et
219 1474 368 1508 sapientia;
386 1475 418 1500 de
434 1473 488 1508 ejus
507 1474 575 1508 lege,
591 1483 669 1508 quam
686 1474 796 1507 benigna
819 1475 872 1506 sit;

127 1515 175 1543 quo
183 1509 243 1542 jure
255 1508 533 1543 lsraelitw/L’gyptios
546 1510 731 1543 spoliuuerint;
744 1509 872 1543 quomodo

130 1542 245 1570 Christus
260 1544 342 1578 legem
353 1542 516 1578 impleverit;
532 1545 564 1570 ἄρ
575 1544 666 1570 bellica
679 1543 778 1577 Maysis
789 1544 873 1570 ieien-

129 1577 164 1613 lja
176 1598 182 1610 ,
197 1584 275 1605 noctu
287 1577 444 1612 lsruelitua,
461 1579 681 1613 quemadmodum
700 1578 834 1604 Miltiades
850 1583 873 1604 et

130 1612 309 1647 Thrasybulus
323 1622 393 1644 suos,
407 1612 536 1644 durando.
550 1619 573 1640 et
587 1615 716 1648 quomodo
729 1614 874 1640 moriturus

130 1656 145 1673 ιι
160 1648 238 1675 Jasue
252 1653 277 1675 et
294 1648 373 1676 Caleb
390 1649 486 1683 duplex
501 1651 569 1675 virus
587 1649 678 1683 fuerit.

887 1563 909 1592 (Ξ

127 1703 166 1730 Ad
178 1704 312 1738 quosdam
327 1704 507 1738 particulatim
521 1711 607 1730 sacrae
623 1703 775 1737 Scriptura:
789 1704 874 1731 libros

97 1743 124 1764 ut
138 1740 275 1766 veniamus
287 1760 294 1771 ,
310 1740 399 1773 primo
411 1740 519 1770 quidem
532 1739 658 1766 Clemens
674 1740 771 1765 librum
789 1739 875 1767 Gene-

97 1781 154 1809 seos
170 1773 274 1809 Moysi,
293 1781 355 1801 vero
373 1774 444 1801 illius
463 1774 565 1801 auctori
585 1775 765 1801 disertissime
784 1775 871 1801 ascri-

97 1808 142 1835 bit.
161 1809 301 1842 Quoddam
319 1809 390 1836 enim
410 1810 610 1840 testimonium,
636 1816 668 1836 ex
700 1816 732 1835 eo
747 1809 873 1843 deprom—

98 1848 178 1877 ptum,
192 1845 249 1870 ιιωο
261 1844 308 1870 ille
320 1845 382 1870 citat
395 1845 421 1871 itt
436 1844 516 1871 verba
530 1853 552 1870 ει
564 1843 785 1878 Sapientissimus
798 1843 871 1879 Moy-

101 1886 142 1906 ses
157 1879 269 1912 pulchre
287 1879 449 1913 repetitione
470 1887 548 1912 usus,
568 1879 730 1913 signiﬁcavit
748 1879 873 1913 corporis

97 1918 122 1949 et
143 1914 237 1940 anima:
260 1914 491 1949 incorruptionem
517 1914 674 1941 describens
701 1914 727 1940 in
753 1914 874 1941 Rebecca

97 1947 144 1974 hoc
159 1949 238 1975 ntodo
254 1957 261 1975 :
274 1958 284 1973 ‹
300 1947 380 1984 Virgo
394 1955 483 1975 autent
496 1953 554 1976 erat
566 1949 689 1983 pulchra,
705 1949 746 1984 vir
762 1957 814 1975 non
827 1956 875 1976 εοε-

97 1983 186 2017 gnovit
201 1991 262 2010 eam
278 1984 314 2009 ⁸⁵.
330 1993 340 2010 ι
355 1984 426 2011 Alibi
443 1992 505 2011 vero
519 1993 525 2010 :
542 1993 551 2009 ‹
568 1984 673 2019 Moyses
688 1983 795 2019 videtur
819 1983 873 2010 Do-

98 2019 193 2045 tttittutn
213 2018 355 2052 appellare
375 2023 502 2053 pactum:
523 2019 594 2046 Ecce
612 2018 678 2054 ego,
695 2018 805 2051 dicens,
826 2026 875 2053 pa-

97 2058 163 2080 ctum
180 2061 270 2080 meum
291 2058 378 2080 tecum
393 2054 427 2085 ⁵ι,
444 2062 453 2078 ι

129 2088 253 2122 Ejusdem
268 2095 377 2123 quoque
393 2088 492 2124 Moysis
508 2089 617 2116 nomine
635 2087 826 2122 transcriptum
842 2096 875 2115 ex

100 2121 303 2151 Deuterononiii
322 2121 391 2150 libro
409 2121 593 2150 testimonium
615 2124 649 2150 ita
665 2123 709 2150 illc
729 2121 793 2150 alibi
811 2131 875 2157 pro-

99 2158 173 2186 tulit:
189 2167 199 2184 4
216 2158 295 2186 Unde
311 2159 350 2185 eis
365 2159 466 2194 dictum
479 2163 522 2185 est
537 2167 552 2185 a
568 2158 678 2194 Moyse:
695 2158 751 2193 Ego
765 2160 875 2185 annula-

98 2193 165 2220 tione
186 2201 235 2220 vos
255 2193 409 2227 provocabo
423 2194 463 2226 θ’,
479 2203 488 2219 ι
503 2198 555 2220 etc.
572 2193 641 2225 Quid
667 2194 737 2227 quod
748 2213 756 2225 ι
781 2195 875 2220 codettt

97 2228 180 2263 adhuc
203 2227 308 2263 Moysis
331 2229 440 2256 notnine
464 2228 498 2254 ab
519 2228 565 2255 illo
581 2234 640 2261 post
655 2228 803 2255 Barnabatn
821 2229 873 2255 alia

97 2261 320 2290 laudanturinon
348 2263 435 2290 soluat
461 2263 683 2295 Deuteronomii,
713 2265 760 2290 sed
790 2263 872 2290 etiam
891 2261 913 2290 D

96 2297 177 2333 Exodi
196 2298 255 2325 loca
272 2298 296 2314 ⁸³
308 2298 320 2324 ?
334 2297 386 2325 Sed
402 2298 465 2333 quid
486 2305 553 2332 opus
572 2303 614 2325 est
632 2298 753 2333 singulos
772 2298 873 2333 Moysis

97 2331 180 2370 libros
191 2340 367 2368 percurrere.
382 2331 444 2370 cum
455 2331 584 2370 Clemens
600 2341 660 2360 eunt
678 2331 873 2370 totiusrl’enta-

97 2368 183 2395 teuchi
196 2372 337 2395 auctorem
352 2368 411 2395 esse
426 2368 461 2395 ibi
473 2368 575 2395 diserte
587 2374 711 2398 asserat,
728 2369 771 2394 ubi
786 2375 875 2395 mora-

96 2401 132 2429 les
145 2402 235 2438 leges,
251 2410 313 2437 qua:
324 2403 350 2429 itt
362 2410 394 2430 eo
408 2403 541 2437 leguntur,
560 2404 594 2430 ab
608 2404 667 2438 ipso
695 2402 788 2438 Moyse
811 2405 878 2430 seri-

95 2441 153 2472 ptas
165 2445 226 2465 esse
242 2438 326 2465 tradit
339 2447 346 2465 :
359 2447 368 2464 ‹
383 2438 490 2465 Clarum
501 2443 561 2471 est,
582 2438 683 2472 inquit,
701 2446 795 2465 omnes
810 2445 879 2472 quo-

96 2480 145 2506 que
160 2475 228 2502 alias
241 2474 358 2501 virtutes
368 2494 376 2506 ,
390 2482 449 2508 quae
464 2474 572 2508 scriptae
586 2478 649 2499 sunt
663 2474 731 2507 apud
750 2473 876 2508 Moysen,

96 2508 123 2546 at
135 2509 209 2546 παρὰ
222 2509 369 2546 ἰςῷΜωςι-εῖ
377 2507 617 2546 ᾀναγεγραεζιμένᾳι
625 2527 632 2540 ,
640 2507 877 2546 pratbttisse'qrae‘

96 2543 135 2571 cis
153 2542 319 2580 principium
341 2545 424 2580 totius
436 2542 494 2571 'toc't
515 2542 673 2580 moralis“.
688 2542 768 2580 3_Ubi
780 2543 852 2580 enim
868 2562 876 2575 ,

97 2577 191 2606 amabo
215 2577 264 2612 te',
289 2580 338 2606 nisi
362 2580 388 2606 in
411 2579 612 2610 Pcntateucho,
631 2578 671 2605 hac
687 2577 786 2613 Moysis
804 2578 876 2612 leges

96 2614 201 2649 scripta:
224 2615 310 2642 sunt?
337 2615 372 2643 At
397 2614 514 2646 nemini,
544 2614 582 2640 uti
605 2618 749 2648 putamus,
775 2613 875 2640 sinceri

129 2747 151 2764 ⁸⁷
168 2747 285 2782 ibid.,p.
297 2747 348 2776 678
358 2751 385 2775 et
399 2754 464 2782 seq.
509 2746 531 2762 ⁵⁸
543 2746 589 2774 lib.
601 2755 643 2780 tn,
653 2747 689 2774 De
698 2747 784 2773 doctr.
801 2745 914 2782 Christ"

97 2782 117 2818 ἒξ
138 2783 185 2810 lib.
204 2791 213 2810 I
240 2779 347 2812 'S'trom.
374 2789 401 2818 υ.
416 2779 478 2818 556.
516 2782 539 2798 ⁵²
560 2779 662 2809 Strom.
679 2782 726 2809 lib.
743 2789 779 2812 ιι,
798 2788 824 2814 p.
842 2779 911 2812 579,

97 2817 118 2832 "
137 2818 184 2845 lib.
201 2826 230 2850 ι,
249 2826 279 2853 ρ.
294 2818 355 2845 554.
387 2819 417 2853 γξο
441 2817 542 2844 Strom.
560 2818 608 2845 lib.
623 2825 660 2850 ιι,
677 2825 704 2851 p.
721 2817 774 2853 5}).0
788 2819 814 2842 et
831 2823 888 2849 seq.

96 2861 154 2887 «ap.
170 2853 205 2886 ‘2,
222 2851 264 2888 §Vl
284 2858 310 2881 et
322 2854 348 2881 8.
385 2851 408 2868 ⁸⁸
424 2852 528 2888 Slvom.
544 2852 631 2888 libo],
650 2861 675 2888 p.
694 2851 745 2879 542
761 2857 787 2878 et
800 2859 858 2888 seq.

97 2886 137 2914 ev.
149 2908 156 2920 ,
174 2897 199 2916 c.
214 2886 251 2916 ‘28
266 2894 294 2916 et
315 2890 348 2916 :19
361 2908 368 2922 ,
385 2896 447 2923 pag.
464 2887 514 2914 457
530 2892 557 2915 et
574 2887 636 2916 444.
650 2886 657 2888 “
676 2888 697 2903 ⁵¹
716 2888 816 2915 Strom.
832 2886 879 2913 lib.
896 2893 921 2917 ι,

691 150 736 178 DE
756 149 867 179 LIBRIS
887 150 1110 180 STROMATUM.

896 2850 918 2865 ‘9
938 2849 1038 2877 Strotn.
1055 2849 1101 2876 lib.
1119 2857 1139 2879 ι.

1639 149 1707 178 1074

924 209 1013 238 cordis
1040 208 1142 237 homini
1171 208 1268 236 mirum
1292 208 1428 236 videbitur
1453 209 1522 236 hanc
1542 209 1703 237 sententiam

927 246 960 272 ab
973 245 1155 272 eruditissinto
1170 249 1282 271 auctore
1298 248 1392 271 nostro
1405 243 1625 271 constantissime
1640 252 1704 278 pro-

927 280 1060 314 pugnari,
1081 287 1161 314 quam
1186 280 1275 307 divina
1290 279 1360 306 sacri
1386 279 1526 312 utriusque
1539 278 1703 306 Testamenti

927 313 1104 346 auctoritate,
1120 322 1151 341 ac
1173 318 1302 349 perpetua
1326 318 1352 349 et
1375 313 1526 341 certissima
1547 318 1702 341 sanctorum

929 349 1039 377 Patrum
1062 347 1322 383 tratlitioite,'atque
1347 347 1405 383 ipso
1430 349 1512 375 etiam
1538 356 1703 383 paganorum

927 385 1090 419 scriptorum
1104 384 1259 412 testimonio
1271 387 1400 411 assertum
1412 389 1438 410 et
1452 384 1612 417 probatam,
1626 383 1704 418 pauci

929 424 1032 446 tantum
1043 420 1153 454 quidam
1166 419 1331 446 recentiores
1345 419 1496 446 incredibili
1509 426 1577 454 pene
1591 419 1704 446 audacia

927 454 1079 488 improbare
1095 455 1152 481 ausi
1168 458 1240 481 sunt.

962 490 1099 517 Addamus
1120 495 1229 522 tamen,
1246 489 1269 516 si
1287 488 1370 522 velis,
1392 488 1501 515 stultam
1521 488 1594 516 illam
1619 489 1704 516 insul-

926 532 1017 550 sorum
1036 524 1173 550 hominum
1190 524 1366 557 pertinaciam
1384 524 1425 551 his
1447 524 1533 550 adltuc
1548 525 1704 558 expressius

928 558 1012 585 refelli
1026 559 1173 586 Clementis
1187 559 1274 585 verbis
1288 567 1315 585 ιι
1332 558 1447 586 Mosaica
1460 559 1567 592 quidem
1582 559 1703 593 philoso-

927 594 990 628 phia
1009 594 1207 628 quadripertito
1223 593 1363 625 dividitur,
1380 598 1406 620 et
1423 593 1448 620 itt
1468 598 1572 627 partem
1592 594 1704 621 histori-

926 636 986 656 cam
999 650 1006 660 ,
1031 634 1058 656 et
1080 636 1139 655 eam
1157 635 1217 663 qua:
1240 629 1347 662 proprie
1368 633 1479 655 vocatur
1495 629 1630 663 legitima.
1644 637 1704 662 qua:

925 665 1034 697 quidem
1052 663 1153 691 fuerint
1182 665 1295 698 proprim
1315 670 1419 690 morum
1439 664 1628 697 tractationis;
1649 669 1704 691 ter-

927 700 992 726 tiam
1008 703 1098 726 autem
1115 706 1174 726 eam
1185 718 1193 730 ,
1208 705 1268 732 qua:
1282 698 1401 732 pertinet
1416 699 1447 725 ad
1464 699 1614 731 sacriﬁcia,
1631 700 1702 733 quod

925 734 1034 768 quidem
1052 737 1095 761 est
1115 739 1219 760 naturae
1240 733 1494 768 contemplationis;
1516 739 1543 760 et
1566 740 1702 768 postremo

925 773 1049 803 quartam
1070 769 1186 802 speciem
1206 768 1383 803 theologicam
1399 789 1405 800 .
1426 775 1487 802 quae
1513 774 1554 796 est
1585 777 1701 802 superna

926 803 1118 841 contemplatio
1131 803 1190 841 _".__r
1205 803 1427 841 At_quibus_h:rc_
1435 804 1551 838 reperies
1566 804 1592 841 in
1609 804 1702 841 libris,

926 839 977 866 nisi
995 839 1020 865 in
1045 839 1077 866 iis
1093 839 1138 873 qui
1165 838 1264 872 Moysis
1287 838 1396 865 nomine
1421 839 1552 866 hactenus
1578 838 1701 872 inscripti

926 874 1072 908 leguntur?
1092 874 1160 907 Quid
1184 873 1317 907 dettique,
1341 874 1412 907 quod
1431 873 1557 901 Clemens
1577 873 1702 908 ethnicos

927 907 1104 943 philosophos
1119 916 1150 936 ex
1166 908 1261 935 iisdem
1277 908 1378 942 Moysis
1395 908 1491 941 libris,
1507 916 1571 941 sua,
1588 913 1617 935 ut
1630 907 1701 935 infra

925 944 1096 976 videbimus,
1120 944 1226 971 veriora
1252 944 1377 977 dogmata
1402 943 1526 971 hausisse
1549 944 1646 971 asserit
1670 951 1702 970 ac

923 980 1117 1007 demonsuat?
1132 978 1185 1005 Sed
1203 979 1247 1010 id,
1263 978 1334 1012 quod
1356 978 1413 1013 ipsa
1438 978 1497 1006 luce
1520 978 1620 1005 clarius
1643 983 1701 1010 est,

924 1014 1045 1048 pluribus
1061 1014 1184 1042 stabilire
1197 1014 1365 1048 argumentis
1381 1021 1442 1040 cutn
1459 1013 1640 1048 surperﬂuutn
1661 1013 1702 1039 vi-

923 1047 1030 1081 deatur,
1048 1050 1111 1084 quid
1127 1049 1159 1075 de
1175 1047 1289 1083 ipsoinet
1306 1047 1396 1084 Moyse
1412 1047 1550 1083 singulare
1565 1053 1593 1075 et
1607 1049 1702 1076 obser-

922 1089 986 1145 ἔξω]
1008 1082 1118 1119 digitum
1138 1082 1189 1111 ille
1203 1084 1318 1116 dixerlt,
1336 1082 1393 1118 jam
1413 1092 1427 1110 a
1449 1082 1526 1111 nobis
1542 1083 1702 1111 examinan-

942 1127 985 1145 utn
1000 1124 1051 1145 est.

942 1127 985 1146 um
1000 1124 1051 1146 εει.

960 1165 997 1193 De
1013 1166 1082 1193 illius
1096 1170 1174 1193 aetate
1184 1185 1191 1198 ,
1205 1165 1331 1193 ontnibus
1345 1165 1455 1193 Grzecia:
1471 1165 1637 1200 philosophis
1653 1172 1702 1191 an-

925 1201 1058 1235 tiquiore,
1080 1201 1156 1235 plura
1177 1201 1284 1235 quidem
1306 1201 1432 1228 Clemens
1458 1204 1549 1228 noster
1565 1200 1702 1235 disputat,

925 1237 1062 1269 variisque
1083 1237 1218 1262 variorum
1238 1241 1379 1263 auctorum
1394 1235 1576 1269 cltronologiis
1589 1255 1597 1267 ,
1617 1243 1631 1261 a
1651 1242 1702 1262 no—

925 1271 965 1297 bis
983 1270 1051 1297 inl'ra
1066 1277 1192 1298 accurate
1211 1270 1451 1305 repraasenlandis.
1469 1271 1564 1304 probat
1578 1270 1702 1296 eumdem

926 1306 1033 1341 Moysen
1061 1311 1089 1332 et
1112 1314 1276 1340 paganorum
1301 1306 1370 1336 diis,
1396 1310 1422 1331 et
1445 1305 1569 1331 omnibus
1592 1305 1701 1341 illorum

924 1341 1091 1374 Sapientibus
1110 1349 1142 1368 ac
1160 1341 1327 1375 philosophis
1338 1361 1345 1371 .
1363 1341 1449 1373 poetis
1464 1344 1545 1374 atque
1559 1340 1700 1373 scriptori-

926 1376 975 1403 bus
991 1383 1051 1402 esse
1069 1377 1147 1410 longe
1163 1377 1339 1403 vetustiorem
1355 1375 1388 1400 ⁸⁸.
1407 1375 1442 1401 De
1457 1375 1506 1402 hac
1522 1382 1611 1401 autem
1627 1379 1702 1410 vele-

926 1419 983 1436 ruttt
1001 1409 1132 1438 sententia
1150 1412 1174 1437 itt
1192 1411 1290 1437 nostris
1308 1412 1333 1437 itt
1350 1409 1449 1437 JuStitti
1469 1410 1595 1445 martyris
1609 1413 1636 1436 et
1651 1409 1703 1435 Ta-

927 1446 991 1471 tiani
1014 1453 1095 1479 opera
1119 1446 1355 1474 dissertationibus
1380 1446 1461 1477 satis,
1487 1445 1524 1472 uti
1552 1449 1701 1478 putamus,

925 1481 1091 1515 disputatum
1108 1487 1150 1508 est
1166 1481 1201 1507 "'.

962 1525 1083 1553 Postha'c
1099 1526 1224 1553 Clemens
1245 1526 1326 1552 tnttlta
1343 1526 1376 1552 de
1393 1524 1490 1560 Moy'sis
1504 1530 1584 1555 ortu,
1602 1526 1655 1551 vita
1675 1529 1704 1551 et

926 1560 1037 1587 historia
1050 1566 1160 1593 narrat,
1172 1569 1231 1595 qua:
1242 1566 1268 1587 et
1283 1569 1345 1588 cutn
1359 1561 1443 1588 tribus
1457 1561 1574 1587 Philonis
1585 1560 1618 1586 de
1632 1559 1703 1593 ejus-

926 1596 986 1623 dem
1002 1595 1100 1630 Moysis
1114 1596 1167 1622 vita
1183 1596 1259 1622 libris
1270 1616 1276 1627 ,
1290 1601 1317 1623 et
1328 1595 1436 1630 Josephi
1452 1596 1569 1623 secundo
1583 1596 1703 1629 Antiqui-

927 1636 1010 1656 tatum
1022 1631 1196 1657 Iudaicarum
1210 1631 1278 1657 libro
1292 1632 1458 1658 contendere
1471 1631 1568 1657 nemini
1583 1630 1703 1664 proiecto

928 1665 1023 1693 inutile
1046 1666 1104 1692 fore
1123 1667 1288 1692 arbitrantur
1301 1666 1335 1694 ⁵⁸.
1358 1665 1450 1700 Neque
1471 1672 1704 1700 supervacaneuttt

926 1708 1034 1734 quoque
1049 1701 1096 1728 tibi
1112 1701 1180 1732 erit,
1196 1702 1217 1727 si
1232 1702 1298 1728 velis
1314 1701 1396 1728 citata
1409 1699 1437 1727 'a
1453 1699 1590 1727 Clemente
1602 1699 1624 1716 ⁵³
1636 1699 1704 1727 Eze-

926 1735 1006 1762 cltieli
1028 1741 1112 1770 poeta:
1132 1736 1164 1763 de
1186 1735 1286 1770 Moysis
1307 1736 1466 1763 educatione
1488 1735 1624 1766 carmina,
1641 1743 1703 1762 cum

926 1769 980 1798 illis
1006 1769 1168 1805 cetnponerc
1192 1769 1250 1805 qua:
1268 1771 1398 1798 Eusebius
1415 1770 1499 1797 l'usins
1520 1778 1570 1797 nec
1585 1771 1642 1796 sine
1656 1774 1704 1796 va:

927 1806 975 1833 riis
1000 1806 1161 1833 lectionibus
1182 1813 1215 1832 ex
1236 1807 1331 1833 eodem
1350 1806 1505 1833 Judazorum
1528 1810 1607 1839 poeta
1628 1810 1704 1832 tran-

925 1840 1034 1875 scripsit
1049 1841 1082 1868 ευ.
1446 1854 1450 1858 -

960 1886 1203 1914 Animadversione
1215 1894 1278 1913 vero
1289 1891 1380 1913 nostra
1394 1885 1457 1913 illttd
1471 1893 1581 1920 prorsus
1593 1885 1703 1920 dignum

926 1922 1044 1954 videtur,
1061 1922 1131 1955 quod
1147 1923 1180 1949 de
1194 1922 1282 1955 magni
1300 1921 1411 1954 hujusce
1427 1906 1608 1947 lsrdlelitarum
1622 1906 1704 1954 l’egis—

927 1958 1020 1985 laloris
1037 1957 1144 1983 nomine
1160 1957 1230 1983 hum:
1245 1956 1369 1983 Clemens
1390 1956 1500 1989 scripsit
1524 1957 1549 1982 in
1573 1955 1681 1982 modum
1695 1963 1702 1981 ι

929 2002 938 2018 ι
954 1991 1042 2019 Puero
1058 1992 1173 2026 imponit
1188 1999 1284 2018 nomen
1302 1999 1392 2025 regula
1403 2011 1410 2022 ,
1426 1990 1532 2026 Moyses
1544 2010 1551 2022 ,
1569 1995 1630 2026 apta
1647 1994 1705 2024 ety~

927 2027 1040 2066 tnologta
1052 2048 1058 2058 ,
1071 2024 1104 2053 eo
1120 2028 1190 2061 quod
1206 2034 1267 2066 eum
1282 2034 1321 2066 etc
1330 2024 1399 2066 aqua
1416 2024 1578 2066 sustulisset.
1597 2024 1703 2066 Aquam

926 2058 1073 2096 enimvmoy
1093 2058 1190 2088 vocant
1204 2058 1321 2096 Egyptii
1333 2081 1340 2092 ,
1355 2058 1380 2087 in
1393 2069 1445 2094 qua
1459 2060 1602 2087 moriturus
1616 2059 1705 2086 fuerat

926 2098 1073 2132 expositus.
1097 2096 1205 2131 Moysen
1226 2097 1297 2132 euitn
1319 2101 1416 2122 vocant
1439 2103 1500 2122 eutn
1523 2095 1570 2129 qui
1585 2101 1618 2132 ex
1635 2101 1704 2132 aqua

927 2130 1048 2159 emersus
1063 2130 1247 2165 respiraverit.
1262 2130 1372 2158 Claruttt
1387 2135 1428 2156 est
1442 2138 1507 2164 ergo
1523 2130 1593 2164 quod
1610 2130 1684 2163 prius
1695 2149 1702 2160 ,

927 2167 1087 2194 circumciso
1105 2168 1208 2200 puero,
1228 2165 1476 2200 pat'etitesialiquod
1499 2172 1594 2200 nomen
1618 2165 1704 2197 impo-

927 2207 1047 2229 suerunt.
1070 2199 1329 2228 Vocabatur’autem
1352 2199 1484 2227 Joachitn.
1501 2199 1601 2226 Habuit
1614 2203 1705 2225 autem

928 2238 1036 2264 tertitttn
1053 2244 1160 2271 quoque
1183 2243 1278 2263 nomen
1294 2237 1319 2262 itt
1335 2235 1415 2267 callo,
1442 2239 1706 2271 postquantassumj

929 2277 989 2306 plus
1003 2277 1044 2299 est
1056 2268 1068 2304 ,’
1079 2276 1107 2298 υἱ
1117 2268 1216 2298 dicunt
1231 2276 1325 2306 mysta:
1335 2290 1342 2303 ,
1358 2277 1454 2304 nempe
1468 2269 1560 2306 Melchi
1576 2268 1705 2306 “.tQuod

929 2304 1007 2342 145
1022 2307 1054 2333 de
1070 2307 1187 2342 nominis
1204 2314 1213 2331 ‹
1228 2304 1333 2340 MOyses
1349 2315 1358 2331 ι
1376 2305 1541 2342 etymologia
1554 2308 1581 2330 et
1597 2304 1707 2342 impnosi-

929 2338 1002 2369 ﬁcit;
1016 2342 1139 2375 perhibet
1160 2338 1303 2373 Cletttetts,
1319 2342 1344 2367 id
1361 2338 1454 2374 procul
1480 2338 1561 2375 dubio
1585 2347 1617 2366 ex
1642 2338 1706 2375 Rhi—

930 2378 991 2403 lone
1007 2373 1154 2403 delibatum
1169 2381 1211 2403 est
1226 2375 1259 2401 θ’.
1277 2376 1339 2402 ΙΙίιερ
1351 2373 1422 2402 cnim
1439 2380 1502 2401 sunt
1517 2374 1589 2401 illius
1604 2373 1705 2400 verba:

930 2411 966 2439 Τὸ
973 2411 1027 2447 γὰρ
1043 2411 1114 2446 ὕδωρ
1127 2409 1190 2445 ,ιιῶς
1202 2410 1381 2445 ὀνομάζουσιν
1396 2409 1546 2447 Αἰγύπτερι.
1564 2409 1628 2447 Qua:
1636 2408 1706 2447 _qni-

931 2443 990 2475 dem
1008 2443 1046 2473 Sic
1066 2443 1134 2478 apud
1153 2443 1319 2472 Clementem
1342 2446 1465 2479 leguntur
1485 2453 1491 2470 :
1508 2444 1544 2470 Τὸ
1563 2443 1617 2479 γὰρ
1636 2443 1707 2478 ὕδωρ

930 2480 990 2517 μοῦ
1001 2480 1176 2516 ὀνομάζουσιν
1191 2480 1344 2517 Αἰγύπτιοι.
1364 2480 1413 2507 Ubi
1429 2480 1629 2517 \‘idestotidetn
1648 2486 1708 2517 esse

931 2513 1071 2551 utriusque
1086 2517 1167 2543 verba
1179 2535 1186 2548 ,
1203 2513 1254 2542 nisi
1269 2518 1340 2549 quod
1363 2523 1410 2548 pro
1432 2514 1488 2552 μῷς
1505 2514 1630 2552 Cletnen~s
1643 2533 1650 2543 .
1667 2513 1707 2552 vel

930 2553 1019 2586 potius
1029 2548 1145 2586 'operunt
1165 2558 1223 2584 ejus
1247 2548 1549 2586 amanuenses'librarii
1571 2548 1707 2586 {causeri-

930 2584 1059 2620 pserunt.
1071 2586 1166 2614 Utrum
1179 2591 1267 2612 tanien
1281 2586 1306 2612 id
1319 2593 1411 2611 eorunt
1426 2584 1575 2620 oscitantim
1589 2584 1708 2620 tribuen-

930 2618 992 2649 dum
1007 2623 1061 2655 sit,
1077 2622 1148 2648 haud
1165 2621 1299 2648 immerito
1314 2620 1490 2647 dubitaveris.
1506 2619 1572 2646 Nam
1589 2619 1616 2645 itt
1630 2618 1708 2645 editis

929 2744 1014 2782 91.129.
1090 2743 1191 2782 Strom.
1209 2742 1261 2782 lib._
1269 2750 1296 2782 _v,
1313 2742 1417 2782 μέρει.

928 2779 990 2806 589.
1029 2779 1050 2794 ³⁵
1071 2778 1118 2804 lth.
1136 2786 1149 2803 ν
1162 2797 1169 2809 ,
1184 2786 1209 2812 p.
1229 2779 1277 2804 .571
1296 2784 1322 2804 ct
1339 2777 1401 2804 577.

927 2814 948 2829 ⁵⁷
975 2814 1021 2844 lib.
1037 2822 1055 2840 Il
1080 2816 1191 2847 Appar.,
1203 2813 1312 2840 dissert.
1326 2812 1343 2838 2
1355 2833 1362 2844 ,
1380 2821 1404 2839 c.
1422 2812 1449 2844 7,
1464 2811 1477 2847 §
1492 2812 1519 2843 l;
1551 2812 1658 2837 dissert.
1675 2811 1706 2840 5,

938 2849 1038 2877 Strotn.
1055 2849 1101 2876 lib.
1119 2857 1139 2877 ι.
1156 2857 1180 2877 υ.
1197 2848 1257 2874 5H.
1297 2847 1319 2862 ⁶⁰
1339 2847 1448 2877 Euseb,
1460 2847 1505 2873 lib.
1532 2853 1559 2872 ιχ
1588 2845 1706 2877 ΡΙῚΗῼἈΓ.

939 2856 1038 2877 διιοιιι.
1055 2856 1101 2876 nu.
1119 2857 1139 2879 ι.
1155 2857 1180 2883 p.
1197 2856 1257 2874 an.
1297 2856 1319 2862 ν*
1339 2856 1448 2878 cnseo,
1460 2856 1505 2873 no.
1532 2856 1559 2872 η
1588 2856 1691 2877 ιιι-ςκιηιι

937 2892 963 2919 p.
979 2885 1039 2913 515.
1080 2884 1101 2900 ε’
1117 2884 1193 2912 Philo
1209 2904 1218 2918 ,
1235 2884 1281 2911 lib.
1299 2890 1318 2910 tt
1336 2883 1372 2923 De
1390 2882 1442 2908 vita
1458 2881 1542 2916 Moys.
1557 2900 1564 2914 ,
1588 2888 1615 2923 pg
1631 2879 1691 2906 ϋυὸ.

1456 2742 1480 2757 ⁸⁸
1491 2742 1536 2768 lib.
1548 2749 1584 2773 IV,
1602 2749 1627 2775 p.
1645 2741 1706 2767 559.

1439 2777 1463 2792 "
1482 2777 1527 2803 lib.
1545 2785 1581 2809 ιι,
1601 2785 1626 2810 p.
1644 2776 1707 2802 39L

1492 2812 1519 2843 l;
1551 2812 1658 2837 dissert.
1675 2810 1706 2840 ὅ,
