1924 3072
53 155 143 184 1081

52 216 204 246 quintum
223 215 257 240 ab
269 216 361 242 eodem
375 215 474 242 Davide
491 214 574 241 fuisse
588 214 751 248 compositos
763 214 862 240 diserte

52 255 239 284 asseverant
254 249 288 276 “.
305 250 350 277 His
364 251 432 276 adde
445 250 512 276 alios
527 250 644 284 psalmos
660 254 687 276 et
702 249 728 275 in
745 249 861 275 lllattha-i

54 283 238 317 Evangelio,
261 290 287 311 et
301 285 326 311 in
346 283 532 318 apostolorum
545 285 668 313 Actibus.
691 283 761 310 haud
784 284 864 310 dubie

53 323 88 343 ιιι
96 326 209 354 nquam
225 324 288 347 ante
305 325 469 353 assumptum
487 328 501 346 ιι
526 320 635 346 Christo
648 320 790 345 humanatn
804 327 864 345 car-

50 359 139 380 nem
153 354 278 388 vulgatos
288 355 367 382 citari
383 356 426 381 ιδ’.
441 355 475 381 At
489 354 569 388 pudet
586 362 651 380 sane
668 359 720 380 tant
736 354 861 380 insanmn

51 389 309 424 manifestumque
322 398 442 416 errorem
458 389 542 416 fusius
553 389 673 416 refellere
686 393 713 415 et
729 389 862 423 prosequi.

103 424 174 450 Alia
199 425 291 458 itaque
313 425 416 459 opinio,
431 425 493 451 huic
508 432 524 451 e
537 425 671 451 diametro
685 424 819 458 opposita,
836 430 864 451 et

51 464 72 483 θ
95 461 320 493 quamplurimis
331 461 451 487 omnium
468 464 577 486 :t-tatutn
589 459 744 485 auctoribus
762 466 863 493 propu-

50 499 173 528 gnata,
190 502 288 522 onmes
302 496 413 522 otnnino
426 495 543 527 psalmos
559 495 667 528 ipsitnel
680 494 772 520 Davidi
784 494 863 520 attri-

51 527 202 556 buendos
226 536 288 557 esse
304 529 452 557 contendit.
464 529 514 556 Sed
532 527 640 555 ab’aliis
654 528 715 555 ideo
730 528 860 560 rejieitur,

51 566 128 598 tum
146 564 213 596 quia
228 564 320 598 plures
336 565 431 598 psalmi
451 565 524 591 aliud
544 571 626 598 quam
643 563 751 591 Davidis
765 571 862 590 nomen

51 596 159 624 frnnti
180 596 237 625 sua:
250 596 409 631 inscriptum
422 596 579 633 praeferunt,
593 604 647 633 tum
663 599 779 625 maxime
798 599 861 632 quia

51 634 227 668 nonnullos
248 640 308 666 post
329 632 438 661 Davidis
452 638 558 661 :etatem
576 641 623 668 per
635 632 805 668 Babylonica:
818 641 862 668 ea-

50 667 212 704 ntivitatis
243 674 363 703 tempora
383 674 464 704 atque
486 667 645 702 etianrpost
661 669 792 695 redditam
814 667 862 704 Ju-

50 702 137 738 ῥῆξις
156 702 313 730 libertatein
330 702 445 736 scriptos
457 704 538 730 fuisse
552 711 599 738 pro
611 708 685 730 certo
699 703 815 730 habetur
826 703 860 729 “.

49 736 248 774 Quapropter
275 739 453 774 Hieronymus
470 740 503 765 ad
516 736 682 773 Cyprianum
699 739 795 774 Scribit
811 738 834 754 ‘°
852 747 858 765 :

53 781 65 796 ε
94 773 244 808 Ῠδυὶςιιιιυε
268 782 363 802 errare
376 773 441 806 eos,
462 774 506 808 qui
523 781 617 800 omnes
638 773 755 807 psalmos
777 773 860 800 David

49 807 258 842 arbitrantur,
289 815 316 836 et
353 817 406 836 non
441 807 547 840 eorum,
567 816 682 842 quorum
705 808 860 835 n0minibus

51 841 201 878 inscripti
216 849 289 871 sunt.
305 854 314 869 ν
329 844 357 871 Si
376 844 422 878 qui
438 849 528 870 autent
543 841 719 877 inscriptione
734 847 858 875 careant,

50 876 115 914 Iros
137 876 188 904 ille
204 879 242 904 ait
258 880 290 906 iis
307 887 368 906 esse
384 876 572 913 deputandos,
591 887 600 903 ι
620 876 733 912 quorum
747 879 772 904 in
788 879 860 911 prio-
875 887 897 914 Β

50 912 146 938 ribus
160 913 277 947 psalmis
290 914 399 940 nomina
415 914 599 940 continentur.
615 923 624 938 ι
640 914 672 940 Et
687 914 736 939 hac
750 914 858 946 quidem

50 947 181 984 ratione
207 947 384 984 Hieronymus
418 948 521 983 Moysen
548 949 673 975 undecim
695 948 858 984 ejuseetnodi

50 982 243 1013 psalmorum
260 982 399 1010 auctorem
408 982 576 1011 esseibidem
592 984 756 1018 pronuntiat.
767 983 859 1016 Neque

49 1023 155 1048 porro
190 1019 215 1044 id
245 1019 288 1045 ille
307 1019 389 1045 semel
412 1019 537 1049 asseruit.
550 1019 596 1045 sed
615 1019 640 1045 in
655 1017 706 1044 alia
721 1018 801 1044 etiam
825 1018 857 1045 ad

49 1051 258 1084 Sophroninm
280 1055 391 1088 epistola
408 1063 414 1080 :
438 1063 447 1080 ι
463 1054 595 1086 l'salmos,
611 1053 699 1087 inquit
714 1052 748 1084 ⁸⁷,
765 1060 858 1080 omnes

49 1095 166 1123 eorum
192 1093 323 1115 testamur
339 1094 490 1119 auctorum.
503 1089 546 1122 qui
565 1095 701 1123 ponuntur
715 1088 741 1114 iu
759 1088 854 1121 titulis,

48 1121 154 1149 David
186 1123 301 1156 scilicet,
329 1124 432 1157 Asaph,
448 1129 475 1150 et
500 1121 625 1154 lititlitun,
642 1123 757 1149 lilioruttt
776 1123 856 1155 Core,

49 1157 156 1183 I‘Iman
183 1157 329 1191 Ezrahitre,
358 1158 452 1193 Moysi,
467 1163 495 1186 et
519 1158 680 1190 Salomonis,
693 1163 721 1184 et
743 1157 858 1192 reliquo-

49 1200 140 1228 rut_i_i,
153 1200 227 1226 quos
239 1193 323 1220 Ezras
342 1202 395 1220 uno
413 1194 550 1220 volumine
561 1193 775 1228 comprehendit.
793 1203 801 1218 ι

94 1225 172 1254 Ηωὸ
196 1228 278 1262 igitur
296 1229 376 1256 tertia
400 1233 441 1255 est
459 1230 492 1255 de
516 1225 684 1255 l'sallttorum
700 1229 856 1256 aucloribtts

48 1269 116 1288 non
138 1262 231 1289 solmn
245 1263 412 1298 Hieronymi,
426 1264 472 1290 sed
486 1263 580 1290 Ililarii
590 1270 697 1297 qu0que
709 1263 732 1278 "
744 1267 771 1288 et
786 1263 854 1290 alio-

49 1304 123 1333 ι-ιιιιι
141 1299 294 1330 sententia,
307 1299 352 1332 qui
373 1299 432 1325 illos
448 1299 479 1324 ab
492 1299 533 1325 his
549 1300 718 1333 conscriptos
735 1305 795 1325 esse
808 1305 856 1326 vo‘

47 1331 139 1366 inut,
159 1339 278 1366 quorum
291 1331 399 1361 nomine
412 1334 607 1360 inscribuntur.

95 1365 210 1393 Verum
237 1368 299 1402 quia
325 1369 424 1401 duplex
439 1377 533 1395 eorum
561 1368 666 1399 titulus,
679 1375 747 1394 unus
763 1368 789 1394 in
805 1367 856 1395 He-

46 1401 174 1433 braico,
208 1401 277 1429 alter
294 1404 320 1430 in
341 1403 435 1431 Graeco
451 1409 524 1431 textu
545 1404 680 1435 occurrit;
706 1403 767 1429 inde
782 1403 812 1429 fit
828 1409 857 1430 ut

44 1437 180 1470 quidam
210 1438 236 1464 in
251 1443 375 1472 quartam
390 1439 544 1473 opinionem
562 1439 659 1464 abeant
677 1442 856 1472 asset-alitque

45 1479 114 1498 non
134 1473 264 1498 erroneis
280 1473 380 1506 Gra’ci,
395 1474 442 1501 sed
466 1473 582 1501 sinceris
600 1478 703 1500 tantum
728 1473 853 1500 llebraici

47 1512 158 1534 textus
170 1506 402 1541 inscriptionibus,
416 1516 466 1536 nec
478 1509 595 1535 fortasse
612 1513 700 1534 tamen
729 1508 855 1536 omnibus

47 1543 147 1568 tidem
177 1541 339 1570 habendam.
365 1544 494 1576 Quamvis
523 1544 595 1571 enim
628 1544 653 1570 in
686 1543 726 1569 eis
757 1550 853 1570 nomen

47 1576 300 1613 Moysispsalmo
335 1586 434 1606 uutx
468 1580 608 1613 przelixum
646 1577 759 1612 legatur,
789 1579 852 1612 quia

46 1617 157 1648 tamen
174 1611 313 1648 _Samuelis
342 1615 368 1641 in
392 1611 542 1642 contentio
559 1613 600 1643 lit.
623 1614 732 1648 quidam
752 1611 852 1640 ideirco

46 1655 110 1672 non
135 1646 241 1674 infinite
267 1653 336 1675 notae
360 1651 518 1683 scriptores,
534 1649 568 1675 ab
586 1646 759 1683 Hieronymi,
786 1648 854 1675 alio-

47 1683 258 1719 rmnque,_qni
271 1684 352 1719 rhuuc
369 1686 499 1719 psalmum
520 1691 534 1710 a
553 1683 654 1717 Moyse,
669 1683 851 1709 lsraelitarmn

44 1718 130 1752 tluce
149 1721 180 1742 et.
201 1717 375 1751 legislature,‘
392 1720 493 1748 editum
509 1726 570 1745 esse
592 1723 704 1752 putant,
717 1720 852 1745 sententia

43 1751 220 1778 discedunt.
593 1751 599 1752 ί
646 1778 649 1782 .
806 1781 809 1785 .

88 1786 191 1823 Hujus
218 1787 309 1821 itaque
333 1790 438 1823 quartae
462 1789 598 1823 opinionis
619 1787 740 1815 fautores
757 1789 851 1816 existi—

44 1826 140 1857 mant
159 1822 291 1849 Davideiu
309 1822 487 1857 psalmorum,
500 1831 598 1850 notneu
618 1823 688 1850 illius
702 1824 849 1857 praeferen—

45 1856 144 1889 tium,
158 1861 190 1883 et.
203 1856 382 1891 quorumdam
398 1858 499 1885 nullius
517 1860 627 1885 nomine
648 1858 850 1893 inscriptorum,

44 1895 124 1924 puta
144 1899 243 1928 eorum
270 1892 315 1926 qui
337 1893 362 1920 in
385 1892 624 1928 Paralipomenon,
641 1898 669 1920 et
688 1892 850 1927 apostolico-

45 1933 117 1952 rum
135 1926 259 1953 Aetuutn
283 1928 370 1961 libris,
390 1928 427 1954 uti
441 1926 567 1960 dix‘imus,
580 1929 631 1962 ipsi
648 1926 850 1963 adjudieantur,

41 1968 117 1988 esse
144 1969 243 1998 revera
261 1968 409 1989 auctorem.
428 1963 531 1996 Quibus
556 1971 621 1990 vero
643 1971 741 1990 nomen
758 1964 849 1998 Asaph

43 1997 244 2033 praeponitur,
262 1998 312 2024 hos
336 1998 490 2033 plerosque,
513 2006 566 2025 non
589 2004 676 2025 tamen
696 2006 801 2030 omnes,
816 1997 850 2025 ab

44 2031 188 2067 ipsumet
212 2032 258 2059 illo
278 2031 369 2067 Asapti
395 2031 531 2067 profectos
543 2041 604 2061 eSse
618 2039 741 2060 censent.
758 2034 796 2060 Ex
817 2034 850 2060 iis

43 2067 132 2104 enim
151 2066 271 2101 aliquos,
290 2066 339 2094 illo
354 2066 530 2103 posteriores,
556 2069 746 2104 Babylonicum
763 2069 850 2102 capti-

43 2101 176 2128 vitatem
194 2107 317 2136 spectare
329 2101 501 2130 manifestum
519 2111 580 2131 esse
602 2101 758 2138 opinantur.
771 2101 850 2130 Deni-

42 2144 107 2171 que
136 2144 251 2164 nomina
274 2138 390 2165 liliorutn
406 2138 476 2165 Core
495 2146 522 2166 et
538 2137 657 2170 ldithun,
679 2139 850 2172 aliorumque

43 2181 78 2199 re
99 2172 221 2206 quidem
232 2180 298 2209 vera
313 2173 474 2207 quibusdam
484 2173 599 2208 psalmis
614 2174 760 2209 prasposita
781 2173 849 2206 legi-

45 2215 136 2238 mus;
157 2213 214 2243 non
231 2207 290 2235 ideo
304 2213 394 2235 tamen
410 2209 472 2242 quia
485 2207 524 2235 ab
542 2209 597 2236 illis
615 2207 712 2243 scripti
725 2208 847 2240 fuerunt,

42 2243 98 2269 sed
130 2242 200 2276 quia
231 2243 266 2269 ab
291 2243 355 2276 ipsis
371 2243 597 2270 decantabuntur.
612 2242 773 2270 Persuasum
800 2243 850 2277 igi-

42 2283 95 2304 tur
117 2278 226 2303 habent
236 2283 333 2312 przeter
348 2277 476 2305 Davidein
487 2283 515 2305 et
530 2279 620 2313 Asaph
637 2279 680 2305 vix
695 2279 764 2305 alios
777 2278 849 2312 psal-

41 2319 181 2348 tnorunr
194 2317 320 2340 auctores
336 2313 471 2347 aSsiguari
493 2320 581 2348 posse.
600 2315 635 2341 At
654 2321 749 2348 omnes
771 2321 848 2347 pror-

41 2355 96 2374 sus
117 2346 254 2381 psalmos,
269 2356 283 2374 a
306 2346 590 2382 quocunquetandem
608 2349 722 2382 protecti
734 2346 846 2379 fuerint,

41 2383 142 2409 divini
168 2382 289 2416 b‘piritus
306 2383 397 2409 afﬂatu
412 2384 577 2418 compositos
588 2391 660 2416 esse,
672 2391 721 2410 nec
737 2383 775 2410 illi
798 2384 847 2410 du-

40 2419 237 2453 bitaverunt;
267 2426 317 2446 nec
345 2418 381 2445 ab
404 2418 457 2445 ullo
476 2426 594 2453 unquam
617 2426 679 2446 vere
691 2418 847 2446 Christiano

40 2452 172 2480 homine
189 2453 216 2478 in
232 2453 343 2480 dubium
359 2454 456 2488 merito
471 2452 559 2481 vocari
573 2460 673 2488 potest.

83 2489 120 2515 lu
140 2488 198 2514 hac
211 2487 294 2522 igitur
307 2493 379 2516 tanta
395 2481 551 2522 o'pinionum
567 2481 698 2516 varietate
713 2488 746 2515 ad
764 2496 845 2523 quam

39 2523 186 2558 Clemens
202 2528 296 2550 noster
311 2525 470 2557 accesserit,
493 2525 516 2550 si
534 2531 651 2558 quieras,
669 2523 845 2558 respondebi-

41 2566 115 2585 mus
143 2557 225 2584 illuui
251 2559 331 2586 nobis
343 2559 429 2586 videri
446 2559 473 2586 in
497 2557 644 2587 secundam
667 2557 753 2594 magis
768 2559 847 2586 incli-

678 155 721 183 ΒΕ
739 155 850 183 LlBRlS
865 154 1090 183 STROMATUM.

1627 157 1694 184 1082

875 214 900 244 Α
914 219 1002 240 nasse.
1017 211 1152 245 Quosdam
1179 213 1278 240 etenim
1306 213 1340 240 ab
1356 213 1401 240 illo
1420 213 1483 240 Davi
1497 213 1528 239 lis
1544 214 1651 240 nomine
1667 220 1694 241 ut.

918 248 962 274 hic
981 248 1044 275 alibi
1075 248 1156 275 citata
1184 249 1346 280 notavimus,
1360 256 1474 282 quorum
1491 249 1517 274 in
1539 248 1627 275 fronte
1641 258 1694 277 non

916 282 998 318 illius,
1017 284 1063 310 sed
1078 283 1189 310 aliorum
1204 291 1299 311 nomen
1315 284 1489 318 praeponitur.

951 317 1061 345 Librum
1084 324 1172 345 autem
1192 317 1399 345 Proverbioruin
1426 318 1563 345 Salomoni
1584 326 1635 345 non
1652 327 1694 345 se-

915 352 967 378 mel
983 353 1106 379 Clemens
1122 353 1267 386 adjudicat.
1285 353 1326 380 Ab
1343 354 1401 387 ipso
1413 355 1512 380 etenim
1529 353 1693 381 Stromatum

916 394 1027 413 suorum
1047 388 1152 414 initio“
1167 389 1206 414 sic
1220 389 1277 420 ejus
1295 389 1384 416 laudat
1401 391 1482 416 verba
1498 395 1506 414 :
1525 399 1533 414 ι
1553 389 1620 415 Dicit
1640 390 1691 415 ita-

908 428 960 458 que
978 421 1106 458 Salomon
1119 430 1125 447 :
1141 421 1188 448 Fili
1209 422 1255 453 mi,
1270 427 1428 458 susceptam
1446 423 1572 458 prrecepti
1587 423 1639 450 mei
1654 423 1696 450 di-

908 455 1025 482 ctionem
1037 457 1109 490 apud
1120 461 1146 484 te
1158 455 1373 490 absconderis“,
1385 468 1395 483 ι
1406 455 1458 486 βιοῖ
1471 455 1567 486 Postea
1580 466 1645 485 vero
1655 458 1675 473 "
1688 468 1694 485 :

911 500 920 516 ι
944 491 977 517 Et
997 491 1079 518 bibite
1098 500 1194 526 aquam
1215 493 1249 520 de
1273 494 1345 521 vasis
1371 495 1482 526 vestris,
1508 499 1603 521 monet
1621 493 1698 520 Salo-

914 527 1019 553 mon”.
1040 536 1049 552 ι
1071 526 1101 553 Et.
1117 535 1210 553 rursus
1237 528 1263 554 in
1287 527 1379 554 eodem
1398 527 1520 554 libro":
1541 537 1550 553 ι
1570 526 1627 553 Ιιιιιι
1649 537 1694 554 sa-

914 560 1056 594 pientiatn,
1073 562 1159 595 inquit
1176 562 1313 593 Salomon,
1332 563 1402 590 vallo
1418 562 1597 595 circumda“,
1610 572 1620 589 ›
1637 568 1691 590 etc.

912 595 1025 629 insuper
1050 597 1169 623 autem"
1189 607 1194 623 :
1215 606 1223 622 ι
1252 596 1335 624 Recte
1363 606 1428 630 ergo
1456 598 1582 624 Salomon
1606 607 1613 624 :
1641 598 1692 631 Qui

912 631 1038 664 seminat,
1055 631 1291 665 inquit,justitiant
1307 633 1474 666 operatur”,
1492 643 1500 658 ι
1521 637 1576 659 etc.
1593 633 1692 659 Eodem

912 672 1020 699 quoque
1036 667 1115 692 modo
1133 667 1160 693 in
1174 667 1243 694 libro
1261 668 1379 694 secundo
1394 672 1420 694 et
1428 668 1491 694 alibi
1509 669 1579 694 hunc
1595 668 1692 694 librum

913 699 1052 728 Salomoni
1078 706 1236 728 constanter
1263 703 1397 728 attribuit.
1424 703 1460 728 lbi
1486 703 1557 729 enim
1578 703 1599 718 ⁵⁷
1617 707 1692 729 vetus

911 735 1044 771 quoddam
1071 736 1196 768 adagium
1223 737 1262 762 ait
1282 744 1342 764 esse
1361 738 1530 771 desutnptum
1551 746 1559 762 I
1579 745 1611 764 ex
1627 745 1693 771 voce

912 769 1076 802 Salomonis,
1106 771 1220 798 dicentis
1237 781 1243 798 :
1263 771 1323 801 Fili.
1340 773 1361 798 si
1381 780 1428 805 pro
1450 769 1535 799 amico
1564 777 1609 798 tuo
1629 770 1696 798 fide-

908 805 1037 839 jusseris,
1063 807 1153 834 trades
1174 814 1283 833 manum
1307 806 1455 838 inimico“,
1469 817 1477 832 ι
1491 811 1544 834 etc.
1561 808 1648 840 Atque
1665 814 1693 834 ut

911 845 1020 871 caetera,
1034 848 1095 874 qua:
1111 842 1136 868 in
1155 849 1210 868 rem
1226 842 1424 874 apertissimum
1447 850 1497 869 non
1513 847 1576 869 sunt
1595 850 1693 875 congc-

912 876 1007 910 renda,
1038 880 1188 908 taceamus,
1211 877 1254 903 adi
1279 877 1300 903 si
1334 877 1410 907 velis,
1438 877 1535 904 librum
1566 883 1692 910 quartmn

910 909 1084 942 Stromalum,
1111 919 1142 938 ac
1157 911 1192 938 ibi
1213 913 1336 938 euindent
1355 912 1451 938 librum
1467 909 1619 940 Salomonis
1643 921 1691 938 no-

911 945 982 971 mine
998 945 1086 972 adhuc
1106 946 1216 972 citatum
1236 947 1358 974 invenies
1373 948 1406 974 “9.
1424 948 1532 973 Interim
1548 955 1613 973 vero
1628 948 1691 980 quid

910 980 943 1005 de
974 979 1020 1005 illo
1044 981 1144 1008 dixerit
1168 981 1308 1014 Eusebius,
1332 983 1478 1010 ausculta:
1499 991 1508 1008 ι
1528 981 1585 1008 Νοιι
1603 983 1691 1009 solum

909 1014 966 1047 ipse
991 1014 1194 1051 (llegesippus),
1216 1017 1262 1043 sed
1287 1018 1368 1044 etiam
1393 1017 1511 1044 lremeus
1542 1022 1568 1043 et
1599 1025 1693 1044 omnes

911 1050 1015 1086 antiqui
1029 1049 1176 1086 Proverbia
1193 1051 1345 1079 Salomonis
1364 1060 1460 1079 vocare
1477 1052 1565 1079 solent
1585 1052 1693 1086 sapien—

910 1085 974 1121 tiain
991 1085 1112 1112 omnium
1132 1086 1261 1113 virtutum
1281 1092 1412 1121 praecepta
1437 1085 1660 1114 continentem“.
1680 1097 1689 1112 ι

944 1120 990 1156 Exi
1005 1120 1046 1147 his
1068 1126 1158 1147 autem
1182 1126 1209 1148 et
1227 1120 1297 1154 aliis,
1310 1120 1411 1156 qumiin
1429 1123 1478 1149 hos
1499 1127 1527 1149 et
1544 1123 1612 1148 alios
1630 1123 1691 1149 Cle-

909 1155 1007 1182 mentis
1033 1156 1116 1182 nostri
1130 1156 1214 1182 libros
1230 1165 1245 1183 a
1266 1158 1344 1183 nobis
1357 1159 1500 1184 observata
1515 1162 1589 1188 stitit,
1602 1158 1693 1184 eruni—

909 1190 959 1216 bus
976 1190 1083 1224 l.quido
1098 1196 1185 1225 patet,
1200 1193 1304 1218 tametsi
1324 1193 1348 1218 in
1378 1193 1432 1219 line
1450 1193 1510 1219 libri
1529 1191 1691 1218 Proverbia-

909 1232 967 1261 rum
991 1225 1113 1261 quaedam
1129 1226 1189 1252 aliis
1208 1227 1364 1254 auctoribus
1382 1235 1462 1261 quam
1484 1227 1622 1254 Salomoni
1641 1229 1691 1254 tri-

907 1259 1025 1296 buantur
1035 1280 1042 1292 ,
1052 1260 1181 1288 Clementi
1196 1266 1283 1288 tamen
1300 1259 1562 1296 nostro—persuasum
1579 1263 1690 1288 omnino

907 1294 993 1330 fuisse
1016 1302 1109 1321 eorum
1135 1297 1252 1322 omnitnn
1269 1305 1300 1323 at:
1323 1294 1505 1330 posteriorum
1526 1297 1607 1324 etiam
1630 1305 1691 1330 pro-

908 1329 1075 1366 verbiorum,
1091 1338 1152 1364 qua:
1165 1331 1210 1357 alii
1234 1339 1265 1358 ex
1280 1329 1435 1359 Salomonis
1455 1332 1536 1359 dictis
1547 1329 1691 1366 collegisse

907 1364 1044 1396 feruntur,
1062 1373 1115 1391 non
1135 1366 1218 1392 aliutn
1233 1367 1311 1400 plane
1327 1375 1407 1401 quam
1422 1367 1548 1393 eumdem
1567 1364 1691 1394 Salonio-

907 1407 968 1425 netn
988 1405 1126 1427 auctorem
1139 1408 1199 1428 esse
1219 1401 1373 1430 dicendum.
1391 1402 1444 1429 Nec
1459 1402 1509 1428 alia
1531 1409 1597 1428 sane
1613 1410 1690 1428 mens

906 1435 1026 1472 l'uit‘non
1042 1436 1121 1472 modo
1137 1444 1242 1468 eorum,
1266 1444 1333 1472 quos
1354 1438 1434 1469 paulo
1451 1442 1514 1463 ante
1533 1437 1688 1468 citavinms,

907 1469 1035 1496 uitnirmn
1062 1469 1205 1505 Hegesippi
1224 1475 1252 1498 et
1267 1469 1374 1505 Irenaii;
1392 1474 1438 1499 sed
1459 1473 1539 1498 etiam
1556 1471 1690 1499 lllelit0uis

907 1509 932 1539 et
942 1505 1077 1539 Origenis,
1092 1507 1137 1539 qui
1152 1507 1177 1532 in
1190 1506 1244 1533 suis
1259 1507 1388 1534 librorum
1404 1507 1509 1534 Veteris
1523 1507 1690 1533 Testamenti

1066 1538 1204 1568 Salomoni
1232 1542 1377 1570 Proverbia
1408 1542 1555 1577 generatim
1584 1541 1690 1574 adjudi-

904 1581 1006 1601 Culll‘”.

938 1610 978 1636 Ad
1004 1609 1148 1644 Sapientiae
1164 1611 1260 1638 librum
1274 1612 1345 1645 quod
1363 1612 1472 1638 attinet.
1487 1611 1612 1645 quamvis
1640 1609 1686 1637 ille

904 1645 1066 1681 quandoque
1083 1646 1100 1680 ἡ
1124 1646 1183 1672 θεία
1207 1647 1300 1680 Σοφία,
1330 1657 1338 1672 ι
1356 1647 1446 1673 divina
1461 1645 1609 1681 Sapientia,
1625 1656 1634 1672 ι
1648 1646 1689 1672 vel

907 1688 916 1716 ι
930 1680 1062 1716 sapientia
1076 1690 1085 1706 ι
1099 1682 1188 1715 σοφία,
1198 1681 1356 1716 sitnphriter
1366 1691 1379 1707 ιι
1390 1682 1529 1708 Clemente
1537 1681 1689 1716 appellatus

904 1714 988 1741 fuerit
1002 1715 1039 1748 “’;
1053 1717 1087 1742 ab
1102 1723 1134 1742 eo
1157 1714 1330 1744 nihilominus
1356 1717 1508 1743 Salomonis
1523 1714 1631 1742 nomine
1649 1716 1684 1742 ita

907 1749 1010 1776 alicubi
1025 1750 1195 1778 laudatur“:
1214 1761 1223 1777 ι
1243 1752 1299 1778 Jam
1316 1760 1380 1778 vero
1398 1752 1525 1778 Salomon
1537 1751 1688 1786 gnosticmn

907 1791 1009 1811 vocans
1033 1786 1194 1820 sapientem,
1216 1788 1273 1813 luee
1297 1788 1387 1813 dicit:
1412 1787 1543 1813 Videbunt
1573 1791 1688 1812 tuortem

905 1820 1052 1856 sapientis,
1081 1826 1108 1848 et
1132 1829 1184 1847 non
1202 1822 1353 1856 intelligent
1372 1822 1437 1856 quid
1462 1824 1494 1847 de
1510 1829 1542 1848 eo
1551 1820 1584 1850 5".
1604 1830 1614 1846 ι
1632 1825 1689 1847 etc.

902 1853 958 1882 Nec
972 1856 1056 1882 multo
1069 1857 1160 1889 post“
1175 1867 1180 1883 :
1199 1865 1207 1881 t
1225 1853 1302 1883 Ecce“
1311 1853 1388 1883 enini
1405 1856 1533 1883 Salomon
1551 1865 1556 1882 :
1573 1856 1687 1882 Dabitur

902 1890 985 1925 enim,
1001 1890 1097 1924 inquit,
1111 1891 1173 1918 fidei
1188 1893 1284 1925 gratia,
1300 1897 1327 1918 et
1343 1900 1402 1919 sors
1415 1892 1441 1918 in
1456 1891 1556 1925 templo
1580 1890 1688 1917 Domini

899 1924 1085 1958 jucundior“.
1099 1935 1108 1950 ι
1124 1924 1226 1952 llursus
1236 1934 1309 1959 vero,
1321 1927 1482 1960 quibusdam
1493 1924 1686 1959 interjeclis‘":

904 1960 969 1995 (“De
992 1960 1162 1993 cognitione,
1186 1961 1284 1995 inquit,
1303 1963 1441 1988 disserens
1463 1961 1603 1992 Salomon,
1630 1962 1688 1986 ba-e

901 1993 968 2029 dicit.
996 2002 1003 2020 :
1022 1995 1099 2021 Clara
1119 2001 1171 2028 est,
1187 1993 1291 2022 el'uon
1319 1997 1462 2023 marcescit
1484 1996 1634 2029 sapientia,
1660 2000 1689 2021 et

901 2027 981 2056 facile
995 2030 1155 2062 cernitur“,
1165 2027 1182 2056 ⁷»
1199 2036 1252 2057 etc.

938 2064 1007 2091 Cedo
1019 2085 1026 2097 ,
1062 2065 1166 2099 inquiet
1178 2065 1285 2099 aliquis.
1308 2065 1341 2092 At
1359 2072 1447 2092 nonne
1461 2069 1607 2098 propterea
1622 2063 1687 2090 Cle-

901 2105 978 2135 mens
992 2099 1029 2135 ab
1042 2098 1159 2127 Eusebio
1176 2101 1324 2133 notatur“,
1341 2101 1411 2135 quod
1427 2101 1501 2127 lusce
1515 2101 1540 2126 in
1566 2098 1686 2126 Struma-

901 2138 956 2159 tum
969 2134 1045 2169 libris
1058 2143 1067 2160 ι
1082 2135 1177 2162 afferat
1194 2134 1356 2162 testimonia
1365 2136 1581 2169 Scripturaruni,
1594 2141 1653 2168 qum
1669 2142 1689 2161 ξι

901 2168 1038 2197 nonnullis
1065 2170 1252 2203 repudiantur,
1271 2178 1367 2203 nempe
1392 2168 1435 2197 ex,
1453 2170 1593 2203 Sapientia
1609 2169 1687 2196 Salo-

902 2204 1148 2242 t_I_tonis,_r_th_1-tb':th
1155 2205 1369 2240 ἀντιλεγομένων
1384 2204 1510 2242 Γραφῶν,
1527 2206 1577 2231 hoc
1589 2209 1632 2231 est
1651 2203 1687 2230 ab

865 2230 887 2258 Ῑ)
904 2238 950 2270 iis,
966 2230 1012 2272 qui
1027 2230 1319 2268 illainiiesira
1334 2230 1685 2274 diviiiieScripiurarcano-

903 2281 964 2300 nem
984 2274 1151 2308 rejiciebant.
1170 2275 1267 2303 Verum
1282 2284 1342 2303 cum
1358 2275 1489 2303 Eusebius
1504 2275 1574 2301 illaut
1588 2283 1603 2300 ει
1619 2282 1685 2300 ιιυιι-

902 2309 983 2346 nullis
997 2309 1125 2346 rejectatn
1143 2309 1222 2346 149
1237 2311 1346 2341 dixerit,
1354 2312 1476 2338 eamdem
1487 2309 1590 2346 iprocul
1603 2309 1688 2346 dubio

901 2351 915 2380 ιι
932 2344 1055 2378 pluribus
1072 2344 1213 2378 recepta—ni
1223 2345 1307 2373 fuisse
1319 2345 1467 2380 significat.
1486 2344 1518 2372 Et
1530 2353 1559 2371 re
1573 2344 1683 2378 quidem

900 2379 958 2416 ipsa
980 2380 1104 2416 Clemens
1121 2381 1211 2415 plures
1230 2387 1257 2407 et
1273 2379 1388 2416 praevius
1407 2382 1511 2411 habuit,
1529 2385 1556 2407 et
1570 2385 1630 2414 post
1646 2387 1685 2416 ise

902 2415 1012 2449 reliquit
1030 2415 1111 2449 hujus
1125 2417 1268 2442 sententia:
1280 2421 1409 2450 patronus
1423 2423 1449 2443 et
1464 2416 1631 2443 defensores.
1645 2415 1684 2441 lix

900 2450 933 2477 iis
951 2455 1039 2476 autem
1058 2452 1178 2478 nonnulli
1197 2456 1225 2478 ut
1245 2452 1270 2478 id
1296 2452 1420 2485 probent,
1434 2451 1460 2477 in
1488 2451 1604 2478 medium
1619 2458 1684 2484 pru-

900 2486 990 2512 ferttnt.
1015 2486 1073 2512 halt:
1097 2494 1158 2520 qua:
1185 2486 1324 2513 Barnabas
1345 2494 1393 2512 sua
1409 2487 1491 2513 refert
1505 2487 1529 2512 in
1547 2485 1658 2519 epistola
1675 2493 1682 2511 :

903 2529 912 2546 ι
930 2522 1078 2559 Alligemtts
1091 2519 1204 2555 justum,
1217 2523 1345 2559 quoniam
1359 2522 1502 2552 inutilis”,
1522 2531 1530 2546 ι
1546 2526 1599 2559 etc.
1617 2519 1683 2559 Sed,

901 2562 930 2582 ut
942 2565 1034 2583 verum
1052 2556 1196 2590 fateamur,
1215 2557 1310 2584 isthaue
1328 2558 1408 2584 verba
1424 2565 1478 2584 ιιυιι
1495 2565 1526 2582 ex
1538 2556 1682 2590 Sapientia:

81 2640 111 2655 “
125 2637 229 2665 Matth.
242 2645 308 2671 uti,
321 2631 524 2671 £2,45;‘Marc.
538 2646 588 2671 χιι,
603 2638 635 2671 5;
650 2638 715 2665 Luc.
732 2646 777 2670 xx,
789 2637 840 2670 4‘2;
856 2631 916 2665 Act.
929 2646 959 2670 ιι,
976 2637 1012 2664 9.5
1024 2641 1051 2664 et
1065 2644 1122 2670 seq.
1142 2637 1175 2653 “‘
1185 2636 1280 2664 Matth.
1296 2633 1426 2668 XXVII—:55
1437 2636 1511 2670 ;Ac't.
1529 2645 1548 2669 I,
1566 2644 1613 2669 xx,
1625 2643 1679 2664 etc.

39 2675 64 2691 "
87 2674 172 2702 l’sal.
191 2680 302 2704 cxxxw,
325 2681 404 2704 cxxv,
422 2682 543 2706 cxxxvn,
561 2681 639 2701 cur.

39 2711 65 2727 ⁵⁵
101 2707 189 2744 praef.
221 2708 247 2734 in
275 2707 359 2736 Psalt.
414 2709 436 2725 ⁸⁸
465 2710 567 2736 Strom.
589 2709 646 2742 Li,
671 2709 774 2743 ρ.270.

39 2746 63 2761 ⁸³
79 2746 199 2771 Suom.
214 2751 233 2776 ι,
251 2751 278 2778 p.
293 2744 357 2770 282.
395 2745 419 2760 “
435 2744 517 2772 Prov.
545 2744 601 2777 tv,8
615 2749 643 2771 et
657 2751 716 2778 seq.

38 2781 65 2797 ⁵³
80 2781 177 2807 Prov.
189 2786 226 2810 vi,
239 2779 264 2805 1.
295 2779 318 2794 ⁵³
332 2779 432 2806 Strom.
450 2780 468 2806 l.
481 2787 517 2809 tv.
534 2787 559 2813 p.
575 2779 637 2805 477.

39 2825 66 2842 c.
97 2814 150 2841 25.
192 2813 215 2831 "
230 2813 329 2841 Strom.
347 2815 365 2841 l.
381 2822 419 2847 tv,
435 2823 495 2849 pag.
505 2815 571 2846 515;
583 2814 600 2841 l.
615 2822 640 2847 ν,
655 2823 682 2848 p.
697 2815 760 2842 591.

39 2852 64 2866 ⁸·
78 2851 194 2877 διτυιιι.
208 2856 244 2880 vt,
257 2857 282 2883 p.
294 2849 355 2876 (ΠΟ.
394 2850 417 2865 ⁸⁸
428 2851 492 2884 Sap.
512 2858 552 2882 ιιι,
566 2850 610 2876 Μ.

39 2895 66 2914 e.
103 2884 163 2916 15,
193 2892 222 2919 p.
257 2884 318 2911 2H.
356 2885 378 2900 ⁷⁰
393 2885 509 2912 Baruab.
535 2884 644 2920 episl.§
680 2887 708 2920 6,
735 2884 819 2920 p.".’0.

819 2709 842 2724 ω

690 2673 713 2689 ⁸⁸
729 2675 858 2700 nov.edit.

754 2744 777 2759 ⁵⁵
786 2743 889 2772 Strom.
905 2751 925 2776 ι,

675 2780 697 2796 ⁶⁰
712 2780 822 2811 Euseb.,
838 2779 856 2804 Ι.
871 2786 896 2805 tv
923 2780 966 2805 llis

675 2833 682 2841 .
697 2815 760 2841 591.
798 2815 933 2841 “Strotn.
958 2814 966 2840 l

649 2833 671 2865 “Ii
686 2850 786 2877 Strom.
800 2857 838 2881 vr,
851 2858 876 2884 p.
889 2851 950 2877 U75.

1212 2673 1235 2688 ⁸⁷
1253 2673 1321 2699 nov.’
1338 2673 1402 2699 edit.
1426 2677 1491 2700 tom.
1507 2673 1527 2703 Ι,
1544 2672 1597 2699 col.
1615 2673 1678 2701 855.

1095 2707 1232 2743 fﬂb'trom.
1249 2708 1267 2734 l.
1291 2716 1310 2740 t,
1321 2716 1348 2743 p.
1360 2707 1422 2734 27s.
1459 2708 1482 2724 ‘“
1501 2707 1579 2736 l’i-ov.
1595 2708 1678 2739 ν,15.

942 2751 968 2778 p.
985 2743 1048 2770 316.
1086 2742 1109 2758 ⁸⁵
1120 2741 1245 2775 l’rov.xr,
1257 2744 1302 2769 '21.
1321 2741 1329 2743 7
1340 2743 1363 2759 ⁸⁷
1377 2743 1484 2778 νδιιοιιι.
1498 2743 1515 2768 l.
1533 2750 1563 2774 ιι,
1575 2751 1601 2776 p.
1615 2743 1676 2769 591.

871 2786 896 2805 tv
923 2780 1003 2810 llist.,
1018 2787 1044 2806 c.
1058 2778 1103 2804 2‘2.
1142 2778 1162 2793 ⁰¹
1177 2778 1316 2810 Euseb.,l.
1335 2786 1361 2805 ιν
1375 2777 1455 2811 Hist.,
1468 2786 1492 2804 c.
1510 2778 1553 2807 ‘26,
1569 2782 1596 2803 et
1610 2778 1627 2803 l.
1642 2786 1677 2808 vi,

1005 2822 1042 2844 vi,
1068 2821 1095 2848 p.
1113 2813 1174 2840 669.
1219 2813 1241 2829 ⁵³
1253 2814 1373 2847 Sapienti.
1391 2820 1426 2843 tv,
1445 2813 1487 2846 -l7,
1501 2812 1527 2843 5,
1541 2813 1556 2838 5
1572 2818 1677 2848 etrseq.

990 2849 1011 2864 ⁵⁸
1027 2847 1137 2884 Sap.vt,
1153 2849 1187 2876 l5
1204 2854 1229 2876 et
1244 2855 1301 2883 seq.
1330 2848 1365 2876 ,δν
1378 2847 1489 2881 Euseb,
1517 2848 1536 2874 ι.
1554 2854 1579 2874 vt
1590 2847 1673 2877 Hist»

875 2679 941 2700 toni.
958 2673 990 2704 ll,
1016 2673 1070 2700 col.
1099 2672 1160 2698 096.

865 2708 945 2736 Prov.
967 2717 997 2740 ιι,
1031 2709 1056 2735 1.
