1924 3072
198 124 268 151 "0'5

233 183 303 220 Alibi
324 181 451 220 Clemens
474 185 566 208 narrat
577 182 604 220 »τ’
623 181 936 220 l‘aiiluni_apostoliini_i
959 181 984 208 in
1000 191 1023 220 Α

198 218 309 246 Actibus
325 217 524 252 apostolorum,
547 226 556 242 ι
575 217 604 243 ἐν
617 218 676 247 ταῖς
689 216 822 252 Πρὰξεσιν
843 215 897 242 τῶν
913 217 982 243 ἀπο-

197 252 310 283 στόλων,
324 252 421 279 fecisse
438 252 630 285 Epicureorum
660 257 742 285 atque
768 252 852 278 etiam
873 252 983 278 Stoico-

197 296 257 315 rum
273 287 448 321 philosophiae
466 287 640 313 mentionem.
662 287 714 313 Sed
742 287 768 312 in
792 294 845 320 quo
872 286 983 320 hujusce

197 323 259 350 libri
275 323 333 349 loco
347 323 372 349 id
389 325 527 352 occurrat,
553 321 642 348 nullus
671 322 872 348 animadvertit.
899 321 983 349 Nobis

198 365 261 384 vero
274 358 319 384 vix
335 357 404 384 ullus
419 357 525 384 videtur
549 364 610 383 esse
633 357 787 391 ambigendi
809 357 893 387 lorus.
918 358 982 391 quin

198 393 233 420 ibi
249 397 359 419 notettir
372 392 488 419 Actnnm
502 399 561 426 cap.
576 399 641 425 xvn,
668 391 711 423 18,
726 392 768 419 tibi
788 393 812 418 hi
829 393 981 425 philosophi

198 428 356 454 nominatim
373 427 553 462 appellantur.
572 426 631 459 Quo
645 427 754 460 quidem
769 429 801 453 de
818 427 876 453 loco
893 431 983 455 exstat

197 463 339 494 Augustini
354 462 379 488 in
394 470 462 488 nova
476 462 596 489 editione
622 462 752 488 adversus
778 462 928 496 Epicureos
955 467 983 488 et

197 498 302 524 Stoicos
316 498 478 524 centesimus
490 502 516 523 et
530 497 770 532 quinquagesimns
785 505 887 523 seruio.

234 532 498 567 Scriptorisdemntn
513 533 663 566 scriptique
681 532 762 567 tacito
781 533 903 565 nomine,
925 531 982 559 haec

196 567 320 594 Clemens
335 575 350 593 ιι
367 567 474 594 nemine
489 567 607 594 indicata
630 567 722 593 retulit
736 566 779 593 7‘:
799 575 808 591 ι
831 567 889 601 Ipse
908 568 980 593 enini

197 603 264 629 dixit
282 601 360 628 :N0n
377 607 402 629 te
415 601 559 634 dimittam,
582 609 669 635 neque
685 601 853 634 derelinquo,
882 606 911 628 ut
936 602 981 636 qui

198 643 222 663 te
237 638 345 671 dignum
357 637 534 671 judicaveriin
550 642 660 671 propter
676 644 767 662 verant
782 641 809 663 ct
824 644 981 670 germanam

196 672 356 698 electionem
375 672 408 699 ⁷⁸,
426 681 435 697 t
454 672 488 698 At
502 671 628 698 Iiiclocus
642 671 752 698 totidem
769 671 859 698 verbis
877 671 904 698 in
916 671 982 705 Epi—

197 707 265 734 stola
281 708 314 734 ad
328 707 456 734 Hebraeos
474 707 608 739 occurrit;
631 706 738 733 etiamsi
766 706 904 739 primitus,
933 706 981 734 sed

197 742 370 793 tippﬂeodein
392 742 472 777 plane
496 742 589 774 modo,
617 741 645 768 iit
666 741 737 768 libro
758 741 842 768 Josue
863 742 982 768 invenia-

197 781 241 803 tur
254 781 288 804 ".

234 811 318 839 Porro
337 817 425 838 autem
449 815 593 846 antequam
619 811 662 839 his
690 811 769 838 tinem
795 811 980 845 imponamus,

197 847 251 873 duo
270 848 359 874 adhuc
374 846 543 873 observanda
556 851 627 873 sunt.
645 846 678 873 Et
699 847 787 880 primo
812 847 920 880 quidem
935 847 978 872 ubi

197 882 321 909 Clemens
337 882 480 908 Marcionis
501 882 640 915 impugnat
658 885 806 908 sectatores
820 882 843 898 ⁷⁸
858 890 865 908 :
887 890 896 906 ‹
911 881 979 914 Quid

198 917 231 946 si.
247 917 348 952 inquit,
369 920 503 951 usurpcnt
522 924 615 952 vocem
628 916 744 945 Domini.
765 917 811 950 qui
839 916 904 943 dicit
919 917 980 943 Phi-

198 952 270 987 lippo
288 960 295 978 :
313 953 378 978 Sine
394 957 514 979 mortuos
526 951 640 986 sepelire
658 956 778 978 mortuos
791 959 865 984 suos,
884 956 910 978 tu
931 959 979 978 au-

535 121 567 148 ΙΝ
588 120 796 147 CLEMENTI?“
819 120 920 148 ALEX.
944 121 972 148 D.
996 120 1038 147 LE
1057 119 1198 147 NOURIIY
1222 119 1448 147 DISSEIiTATIO
1468 119 1499 146 lI.

1759 121 1826 148 11οι

1038 185 1091 208 tetti
1104 187 1218 214 sequere
1232 188 1285 206 me.
1305 189 1313 205 ι
1333 181 1360 206 Iit
1381 179 1498 206 Matthzei
1516 179 1651 213 siquidem
1677 179 1827 212 Evangelia

1037 216 1094 242 haec
1110 216 1217 249 quidem
1234 215 1317 241 verba
1341 215 1430 248 legere
1441 220 1496 243 est:
1509 215 1633 249 quamvis
1649 216 1826 247 transposita,

1035 256 1118 285 atque
1128 250 1208 276 aliter
1221 250 1290 284 apud
1306 249 1406 276 Lucam
1422 254 1655 284 repriescntentur
1668 250 1702 276 ⁷⁷.
1728 249 1826 277 Verum

1035 290 1150 320 uterque
1166 285 1330 319 evangelista
1351 285 1431 314 illius.
1450 292 1464 310 a
1476 292 1529 319 quo
1541 285 1598 311 Ii:ec
1614 285 1687 320 dicta
1705 285 1826 316 fuerunt,

1034 319 1132 347 nomen
1148 320 1257 354 penitus
1286 321 1389 346 omisit.
1415 320 1489 347 Unde
1513 327 1578 352 ergo
1599 319 1733 354 Clemens
1754 320 1827 346 Mar-

1034 353 1156 383 cionisve
1180 354 1294 381 asseclie
1318 359 1484 389 acceperunt
1504 354 1574 380 hunc
1597 353 1752 388 Philippum
1782 364 1828 381 κο-

1034 391 1111 418 cari?
1128 390 1256 424 Nunquid
1274 398 1304 416 ex
1320 398 1362 422 eo,
1375 391 1447 424 quod
1462 390 1562 423 saepius
1573 389 1606 415 ab
1620 390 1716 424 eodem
1733 395 1827 416 nostro

1033 425 1171 453 Clemente
1197 423 1310 452 citatum
1337 423 1466 455 vidimus,
1491 425 1641 451 secundum
1668 423 1826 459 Egyptins,

1036 461 1074 487 vel
1089 462 1179 494 potius
1197 461 1346 487 secundum
1366 460 1496 487 Hebricos
1514 458 1690 492 Evangelio?_
1705 458 1750 486 At
1762 469 1770 483 ‹
1782 469 1826 486 nm

1033 501 1178 530 utrumque
1196 503 1248 522 non
1271 500 1368 525 exstet,
1393 495 1460 522 nihil
1478 495 1528 522 hac
1543 495 1577 521 de
1600 501 1629 520 re
1652 499 1731 522 certo
1751 495 1829 529 quis-

1033 539 1114 565 quam
1131 535 1253 558 statuere
1269 531 1378 557 audeat.

1070 566 1195 592 Secundo
1209 565 1480 592 animadvertendum
1496 569 1538 592 est
1553 564 1723 591 Clementem
1741 569 1828 590 testa-

1035 605 1092 627 tum
1109 601 1132 617 ⁷³
1150 600 1214 627 alibi
1241 600 1340 627 fecisse
1361 600 1509 634 principem
1537 599 1760 634 publicanorum,
1780 601 1826 633 qui

1033 635 1150 662 Domino
1168 635 1236 662 dixit
1255 643 1262 661 :
1281 644 1290 660 Ι
1310 636 1378 661 Ecce
1393 635 1534 662 dimidium
1552 635 1686 661 honorum
1703 642 1827 661 nieorum

1033 671 1079 702 ilo,
1102 680 1110 696 I
1126 669 1321 706 ἐλεημοσύνην,
1337 669 1536 704 eleemosynam
1561 669 1626 706 (vel
1637 674 1666 695 ut
1682 670 1753 706 apud
1769 669 1827 706 Ln-

1033 713 1092 732 cam
1109 704 1232 739 Ieginius,
1253 707 1309 735 τοῖς
1323 706 1458 739 πτωχοῖς,
1484 714 1492 730 ι
1507 705 1674 739 pauperibus
1692 713 1700 729 i
1717 704 1739 719 ’³
1751 705 1771 737 ).
1794 705 1827 730 ab

1034 741 1174 774 aliquibus
1183 739 1326 767 Zaclizcuiii
1339 746 1365 766 et
1378 740 1411 766 ab
1432 740 1494 767 aliis
1517 740 1660 766 Mattliiaiit
1686 739 1828 773 cognomi-

1032 776 1102 802 nari.
1120 776 1222 802 Auctor
1252 783 1316 802 vero
1340 774 1567 809 Recogm‘tionum,
1593 781 1655 808 quin
1676 773 1827 800 Clementis

1032 811 1142 837 nomine
1166 810 1406 840 circumferuntur,
1428 811 1501 836 hunc
1528 809 1672 836 Matthiam
1701 810 1827 835 eumdem

1032 851 1113 880 atque
1125 845 1274 880 Barnabam
1286 845 1464 880 I‘nisserdocct
1477 845 1511 871 Μ.
1535 853 1543 869 i
1558 844 1712 880 Barnabas,
1730 844 1826 880 inquit,

1034 878 1079 913 qui
1101 882 1127 907 in
1147 881 1233 906 locutu
1250 879 1326 906 Iudae
1342 879 1505 914 subrogatus
1522 884 1564 906 est
1577 879 1730 913 apostolus.
1749 889 1758 903 ι
1774 878 1827 904 Sed

1033 923 1092 949 qua:
1113 915 1180 941 ﬁdes
1205 915 1269 941 huic
1295 915 1422 949 scripturi
1448 915 1573 942 habenda
1591 915 1638 946 sit,
1668 915 1738 941 satis
1765 914 1827 940 alibi

1033 951 1202 978 ostendimus
1217 950 1252 976 ει.

871 1051 1060 1096 CAPUT
1096 1053 1152 1096 V.

201 1132 245 1162 De
266 1131 407 1162 virorum
425 1129 691 1169 apostolicorum,
715 1133 746 1161 et
766 1130 904 1161 aliorum
923 1130 1226 1168 antiquissimorum
1250 1131 1441 1169 scriptorum
1469 1128 1623 1169 operibus
1641 1129 1683 1159 de
1708 1127 1827 1158 divinis

375 1169 605 1201 traditionibus
621 1178 685 1200 non
708 1170 848 1209 scriptis,
865 1179 901 1201 ac
916 1170 956 1201 de
975 1179 1055 1200 verte
1074 1170 1224 1201 Ecclesiae
1238 1170 1324 1201 notis
1343 1173 1375 1200 et
1391 1168 1644 1199 characteribus.

470 1267 668 1296 ARTICULUS
691 1268 711 1297 Ι,

199 1324 237 1352 De
253 1324 384 1351 Barnabw
396 1324 515 1358 epistola,
527 1325 558 1351 de
575 1324 648 1351 libris
665 1323 782 1357 Ilermtc,
806 1326 838 1352 de
863 1324 985 1351 Cleiiten-

235 1362 269 1386 tis
307 1359 420 1386 Romani
456 1360 576 1392 epistola.
619 1361 651 1386 de
683 1361 799 1394 antiqui:
829 1361 986 1394 quibusdam

233 1395 379 1429 Scriptum:
414 1403 497 1422 sacrm
528 1395 730 1430 iulei'preti'bus,
755 1403 786 1421 ac
815 1395 847 1421 de
879 1395 987 1422 Tutiani

233 1435 258 1457 et
272 1430 395 1456 Cassiani
410 1430 524 1463 scriptis.

232 1476 336 1503 Prmter
358 1483 434 1502 sacra
453 1474 559 1502 Veteris
587 1474 709 1508 Novique
731 1474 898 1502 Testamenti
918 1476 986 1502 scri-

1042 1267 1278 1301 thodoxographiie
1293 1266 1458 1293 editionibus
1472 1264 1627 1298 divulgatus
1653 1270 1710 1296 est,
1727 1265 1772 1292 ubi
1789 1265 1827 1291 ci-

1042 1308 1095 1330 tata
1114 1311 1128 1328 a
1141 1303 1277 1329 Clemente
1295 1307 1387 1328 nostro
1401 1301 1482 1328 verba
1501 1304 1661 1327 occurrunt.
1677 1301 1720 1326 An
1740 1305 1826 1326 autent

1041 1338 1086 1365 ille
1101 1337 1170 1364 liber
1185 1337 1364 1371 apocryphus,
1380 1341 1427 1362 aut
1451 1343 1531 1362 vertis
1548 1336 1742 1371 genuiuusque
1762 1335 1826 1362 Iler-

1042 1381 1092 1400 ntze
1108 1372 1179 1399 I'etus
1195 1372 1248 1399 dici
1262 1370 1372 1404 debeat,
1386 1379 1400 1397 a
1417 1371 1496 1398 nobis
1511 1379 1560 1397 suo
1580 1370 1641 1397 loco
1655 1372 1828 1397 demonstra-

1040 1412 1096 1435 tuin
1112 1415 1172 1434 esse
1183 1412 1308 1442 putamus
1322 1406 1356 1432 ⁸⁵.

1076 1443 1156 1469 Multa
1175 1440 1282 1476 quoque
1302 1447 1396 1468 auctor
1414 1445 1505 1467 noster
1521 1447 1633 1476 exrvera
1654 1440 1829 1474 genuinaqiie

1040 1478 1090 1505 sibi
1107 1475 1278 1512 cognominis
1294 1475 1569 1512 Cletnentisjioniaiii
1586 1476 1703 1510 epistola
1718 1475 1827 1512 hausit,

201 1516 258 1545 pla,
276 1511 309 1536 ab
334 1511 491 1537 auctoribus
515 1515 608 1537 sancto
634 1510 736 1544 Spiritu
757 1511 854 1537 amatis
876 1518 987 1544 conipo-
1001 1512 1023 1541 C
1040 1521 1071 1540 ac
1087 1510 1200 1540 totidem
1218 1511 1309 1538 retulit
1326 1512 1427 1538 verbis.
1445 1510 1504 1537 .Iam
1521 1518 1587 1536 vero
1603 1511 1636 1537 de
1653 1518 1684 1536 ea
1702 1510 1824 1544 aliquid.

202 1544 264 1577 sila,
283 1544 408 1572 Clemens
424 1552 513 1572 noster
534 1546 658 1577 aliorum,
677 1545 721 1578 qui
745 1550 773 1572 et
800 1546 902 1580 primas
928 1551 987 1579 post

201 1588 247 1608 ros
272 1585 374 1612 tenent,
394 1585 422 1606 et
437 1580 560 1614 discipuli
590 1580 698 1607 illorum
728 1580 847 1612 fuerunt,
866 1581 988 1614 epistolis

198 1620 226 1642 ct
240 1615 317 1643 libris
334 1616 358 1641 in
385 1615 544 1642 Christiana:
566 1615 706 1649 religionis
730 1615 915 1642 defensiotietti
938 1616 989 1642 uti-

200 1655 253 1683 tur,
269 1655 349 1684 atque
368 1651 487 1684 ipsorum
513 1650 675 1676 auctoritate
701 1650 845 1684 dogmata,
871 1650 949 1677 nobis
972 1659 986 1677 a

199 1685 308 1712 Christo
325 1685 439 1714 credita,
455 1689 607 1719 propugnat
624 1690 651 1711 et
666 1689 766 1710 tuetur.
784 1685 850 1711 Eam
870 1692 936 1712 sane
951 1687 987 1713 ob

199 1728 310 1746 causam
328 1719 388 1746 illos
402 1727 455 1745 non
472 1720 560 1746 solum
582 1719 812 1753 locupletissimos
826 1721 924 1746 divinae
939 1727 984 1746 Vt:-

200 1755 290 1781 ritatis
307 1759 389 1781 testes
402 1755 479 1785 citat,
508 1754 554 1780 sed
577 1753 656 1787 longa
681 1755 761 1780 etiam
779 1761 812 1780 ex
827 1755 910 1781 Variis
927 1755 986 1781 iliu-

200 1797 259 1816 rum
272 1789 468 1822 scripiionibus
492 1789 623 1815 describit
639 1789 800 1823 fragmenta,
826 1791 925 1823 quibus
938 1790 987 1816 Ial-

198 1831 243 1850 sas
268 1824 418 1851 errantium
449 1825 588 1850 hominum
611 1825 755 1857 opiniones
778 1827 806 1851 et
832 1830 984 1852 cotiinicnta

199 1859 349 1892 impugnat.
362 1867 394 1885 ac
410 1858 530 1885 funditus
544 1859 650 1885 evertit.

233 1897 256 1921 Α
275 1894 406 1921 Barnabas
423 1898 512 1920 autent
527 1893 640 1926 epistola
662 1893 767 1920 initium
790 1898 819 1920 ut
841 1894 985 1928 ducamus,

199 1928 275 1962 plura
290 1935 356 1955 sane
371 1936 403 1955 ex
413 1936 444 1955 ea
460 1928 585 1956 Clemens
597 1929 731 1962 decerpsit
746 1929 779 1959 5'.
807 1937 866 1963 qua:
880 1938 893 1955 a
907 1931 986 1958 nobis

198 1965 262 1991 alibi
276 1969 470 1998 repraesentata
488 1969 562 1990 sunt.
579 1963 669 1989 Primo
685 1969 776 1991 anteiit
799 1964 913 1998 hujusce
931 1966 985 1998 Ap-

197 2005 308 2028 paratus
321 1999 406 2026 nostri
422 1999 448 2025 iii
465 1999 534 2025 libro
549 2006 601 2024 non
626 2000 738 2031 l'rustra,
756 1999 806 2025 nisi
833 2008 881 2027 nos
907 2008 985 2027 mens

199 2038 290 2061 nostra
306 2034 393 2066 I'ullat,
413 2037 528 2068 probare
545 2035 638 2060 conati
658 2041 752 2060 Sumus
779 2033 801 2049 ⁸³
818 2033 982 2066 Bariiabain,

199 2076 278 2103 quem
292 2069 362 2097 idem
377 2074 473 2096 auctor
491 2073 583 2094 uoster
596 2077 648 2095 non
662 2070 746 2095 semel
766 2078 775 2093 ε
789 2070 941 2103 apostolum
957 2076 984 2097 et

199 2104 387 2138 apostolicum,
407 2109 487 2137 atque
503 2111 584 2129 unum
604 2111 637 2130 ex
653 2105 825 2138 septuaginta
852 2113 884 2131 ac
909 2105 982 2131 Pauli

197 2139 350 2166 auditorem
371 2149 380 2165 ι
396 2143 545 2172 nuncupat,
561 2146 653 2165 vernin
676 2147 737 2165 esse
766 2139 843 2172 Inuus
861 2141 983 2174 epistola:

197 2178 345 2200 auctorem.

233 2208 288 2235 Nec
304 2209 431 2243 pauciora
451 2216 518 2235 sane
532 2215 564 2234 ex
585 2208 690 2235 Henna:
705 2208 785 2240 libro,
808 2211 852 2243 qui
881 2208 981 2236 Patitor

197 2242 311 2275 dicitur,
327 2243 478 2277 fragmenta
496 2243 521 2269 iti
537 2243 622 2269 libro~
637 2252 700 2270 suos
718 2242 843 2270 Cit-incus
862 2249 981 2270 transtu-

197 2278 228 2303 lit
243 2277 276 2304 ⁸⁸.
294 2277 347 2305 Nos
363 2286 426 2304 vero
440 2285 500 2311 quin
517 2285 549 2305 ex
566 2278 611 2304 illo
626 2279 683 2312 ipse
697 2278 822 2305 Clemens
836 2279 979 2311 delibavit,

197 2316 302 2346 integra
317 2313 381 2339 alibi
398 2321 504 2347 quoque
519 2313 700 2340 exhibuimus.
714 2314 753 2339 Ad
766 2316 883 2347 priorem
897 2322 981 2348 porro

198 2348 284 2380 ipsius
299 2349 400 2379 locum,
424 2349 458 2374 ab
478 2349 572 2374 eodem
600 2353 711 2374 auuore
735 2354 827 2375 nostro
853 2350 978 2381 citatum,

197 2388 250 2408 nuo
267 2383 394 2409 observat
408 2382 541 2409 llervetus
560 2391 566 2409 :
591 2384 678 2416 pritno
693 2384 765 2410 hunc
789 2383 887 2409 librum
908 2385 980 2410 inter

197 2419 369 2451 apocryplios
381 2422 549 2451 computari;
568 2418 687 2444 secundo
705 2426 748 2449 ca,
770 2425 830 2452 quia
854 2419 981 2445 Clemens

196 2459 231 2478 ex
249 2451 295 2479 illo
313 2453 466 2486 descripsit,
482 2460 534 2478 noti
552 2453 665 2479 inveniri
680 2453 706 2479 iii
721 2451 835 2487 illo,’qui
851 2462 935 2486 tuiper
952 2456 978 2480 iu

197 2487 360 2514 bibliotheca
374 2490 463 2513 editus
474 2491 527 2515 est.
545 2488 598 2514 Sed
609 2495 669 2521 qnie
684 2490 718 2514 sit
734 2489 791 2514 haec
804 2488 980 2521 bibliotheca,

199 2521 279 2556 160
291 2523 413 2549 divinare
426 2530 479 2548 non
493 2530 646 2556 possumus.
664 2523 687 2549 Is
702 2523 775 2549 enim
784 2523 851 2550 liber
867 2531 919 2550 non
937 2531 981 2549 so-

197 2558 252 2583 lum
273 2557 300 2583 iii
323 2558 406 2584 vat-iis
432 2556 605 2585 Bibliotheca:
621 2558 743 2590 Patrum,
768 2560 815 2584 sed
833 2558 915 2586 etiam
929 2557 981 2585 0r-

231 2674 254 2689 "
270 2673 372 2701 Strom.
387 2673 405 2700 I.
418 2682 436 2704 t,
451 2681 476 2707 p.
491 2673 553 2701 295.
592 2674 615 2689 ⁷³
630 2674 729 2701 Strom.
741 2674 758 2700 Ι.
776 2681 806 2705 ιι,
821 2682 847 2708 p.
862 2674 924 2700 “5.

195 2717 236 2740 tit,
253 2716 280 2743 p.
295 2709 356 2736 456.
406 2709 427 2724 ⁷⁷
445 2708 539 2735 Matth.
554 2716 613 2740 vni,
634 2708 683 2741 21;
705 2709 769 2735 Luc.
792 2717 828 2740 ix.
846 2709 889 2736 59.

195 2752 268 2786 cum,
290 2743 366 2785 560,
392 2751 417 2778 p.
443 2744 506 2770 4M.
554 2744 575 2759 '“
596 2743 655 2783 Lib.
680 2751 686 2770 ι
714 2746 744 2777 Al

194 2779 258 2806 δή.
299 2779 322 2794 ⁸³
338 2780 395 2806 Lib.
417 2787 423 2805 i
457 2781 568 2813 Appar.,
594 2780 703 2805 dissert.
719 2779 746 2804 '5.

197 2822 230 2843 ιν,
260 2822 283 2848 p.
310 2814 404 2844 505M.
421 2821 458 2845 Vt,
482 2823 507 2848 p.
528 2814 580 2841 658
596 2819 623 2840 et
638 2814 699 2840 079.

196 2850 250 2883 55.
301 2850 321 2864 ³⁷
344 2852 443 2876 Strom.
461 2850 505 2875 lio.
524 2857 548 2881 ι,
565 2858 591 2884 p.
608 2848 671 2874 289.

964 2673 987 2689 "
1003 2673 1087 2707 Epist.
1104 2674 1137 2700 ad
1154 2673 1235 2701 Ilebr.
1252 2681 1313 2706 ιιιιι,
1330 2673 1356 2699 5.

929 2708 951 2724 ⁷⁸
965 2710 1066 2736 Strom.
1080 2710 1097 2735 l.
1116 2717 1153 2741 iv,
1173 2717 1201 2742 p.
1222 2709 1286 2735 488.

554 2744 575 2759 '“
596 2743 655 2771 Lib.
680 2751 686 2770 t
714 2745 945 2778 Appar.,disscrt.
963 2744 1006 2770 II.

554 2798 568 2805 ι.
594 2779 703 2805 dissert.
719 2779 746 2804 5.
797 2779 820 2794 ⁵⁸⁵
845 2780 946 2805 Strom.
972 2779 989 2805 I.
1010 2787 1017 2805 I

797 2787 820 2794 π’
845 2787 946 2805 atrum.
972 2787 989 2806 t.
1010 2787 1029 2811 ι,
1060 2787 1087 2812 p.
1115 2787 1176 2811 oti,
1200 2787 1213 2805 ο

751 2814 773 2829 ⁸⁵
795 2813 855 2840 Lib.
872 2822 880 2840 ι
897 2815 1026 2848 Apparat.
1038 2834 1045 2847 ,
1061 2815 1169 2841 dissert.
1186 2814 1213 2840 ι.

715 2849 738 2863 ⁸⁸
758 2849 816 2876 Lib.
833 2857 877 2880 vt,
895 2857 920 2878 ιι.
940 2849 1001 2875 047.

1039 1549 1110 1582 quod
1131 1555 1219 1581 tieque
1239 1546 1356 1573 Ilervcto
1378 1551 1431 1572 tam
1452 1545 1660 1582 prolitornnrin
1678 1545 1829 1582 Clementis

1039 1579 1124 1610 nostri
1140 1579 1220 1617 opera
1234 1579 1490 1609 commentariorum
1504 1580 1650 1617 scriptori,
1665 1587 1756 1617 neque
1768 1579 1829 1617 aliis

1039 1614 1165 1652 ignotum
1177 1624 1238 1644 esse
1254 1617 1369 1643 debebat
1379 1636 1395 1652 ,_
1405 1624 1454 1652 nos
1471 1623 1551 1652 supra
1566 1615 1708 1649 attigimus
1726 1614 1760 1652 “f.
1775 1615 1827 1652 Sed

1038 1649 1072 1680 de
1086 1653 1128 1679 illa
1145 1653 1238 1679 eadem
1255 1651 1367 1684 epistola
1385 1650 1470 1678 fusius
1483 1651 1636 1684 disputandi
1651 1649 1762 1676 occasio
1776 1650 1828 1675 ali-

1037 1689 1147 1722 quando
1168 1695 1228 1713 sese
1248 1687 1324 1712 nobis
1345 1687 1457 1712 forsitan
1480 1685 1584 1722 oﬂ'cret.
1604 1685 1712 1722 Interea
1735 1690 1826 1722 tamen

1039 1719 1116 1750 liibet
1130 1722 1367 1752 animadvertere,
1388 1722 1506 1755 primunt
1526 1720 1598 1755 illius
1619 1720 1709 1746 locum
1731 1727 1746 1745 a
1765 1719 1829 1746 Cle-

1039 1763 1128 1784 mente
1156 1764 1249 1783 no5tro
1276 1756 1311 1782 itii
1336 1753 1459 1782 exhiberi
1478 1756 1499 1770 ⁸⁷
1523 1761 1529 1780 :
1547 1764 1555 1779 ι
1569 1753 1628 1780 Jant
1650 1755 1779 1782 Clemens
1801 1755 1827 1780 iit

1037 1793 1151 1826 epistola
1165 1792 1198 1818 ad
1213 1791 1369 1818 Corinthios
1385 1791 1427 1817 his
1440 1790 1530 1817 verbis
1540 1810 1547 1821 ,
1564 1790 1653 1826 inquit
1665 1796 1830 1826 ,_expoiictis

1037 1824 1218 1854 ditl'erentiam
1233 1834 1326 1852 eet-uin
1338 1846 1345 1858 ,
1362 1826 1407 1859 qui
1423 1831 1488 1852 sunt
1505 1825 1612 1859 probati
1633 1825 1659 1850 in
1678 1824 1801 1851 Ecclesia
1819 1832 1827 1850 :

1038 1863 1080 1888 Sit
1099 1862 1198 1896 aliquis
1214 1861 1316 1891 lidelis,
1335 1861 1370 1887 sit
1384 1866 1481 1895 potens
1498 1861 1524 1886 in
1546 1859 1711 1893 explicanda
1733 1859 1829 1896 cogni-

1038 1898 1129 1928 tione,
1146 1895 1186 1923 sit
1212 1896 1321 1929 sapiens
1349 1896 1374 1921 iu
1399 1896 1564 1921 discretione
1588 1901 1768 1923 seruiunutit.
1789 1895 1827 1919 sit

1038 1933 1188 1965 stupendns
1204 1932 1228 1956 iii
1243 1931 1381 1965 operibus.
1397 1939 1405 1955 ι
1418 1929 1536 1965 Rursum
1555 1937 1619 1956 vero
1643 1930 1703 1955 hanc
1723 1930 1777 1955 alio
1799 1929 1827 1956 iti

1038 1964 1107 1993 libro
1129 1966 1243 1999 tepetii,
1263 1964 1389 1999 additque
1403 1965 1445 1991 "z
1461 1973 1470 1989 ί
1487 1964 1528 1991 Sit
1544 1970 1638 1991 Castus
1655 1969 1684 1990 et
1698 1965 1825 1990 mundus.

1037 2001 1076 2028 Eo
1099 2002 1172 2028 cnim
1199 2001 1278 2027 debet
1301 2008 1360 2026 csse
1386 2000 1472 2034 magis
1493 1999 1622 2029 humilis,
1643 2006 1699 2031 quo
1721 2000 1828 2025 videtur

1037 2045 1096 2063 esse
1114 2044 1219 2068 iiitqor,
1242 2036 1308 2061 dicit
1327 2035 1452 2061 Clemens
1473 2035 1499 2060 iii
1526 2034 1642 2067 epistola
1669 2035 1705 2060 ad
1729 2034 1827 2061 Curit-

1037 2073 1147 2098 thios.)
1172 2071 1202 2097 Et
1233 2071 1289 2097 lucc
1319 2070 1424 2103 quidem
1453 2069 1586 2095 Ilcrveius
1612 2069 1687 2095 clara
1712 2074 1739 2095 et
1766 2077 1827 2101 per-

1036 2107 1128 2140 spicuu
1141 2113 1202 2132 csse
1216 2105 1340 2132 concedit
1356 2124 1363 2136 ,
1380 2105 1425 2131 sed
1443 2106 1580 2138 quomodo
1598 2104 1644 2129 ilia
1663 2112 1725 2130 cuni
1745 2112 1826 2140 supe-

1036 2141 1172 2173 rior.bus,
1189 2141 1215 2166 in
1231 2141 1326 2174 primis
1342 2146 1406 2166 vero
1429 2147 1489 2165 cuin
1502 2139 1753 2172 subsequentibus:
1769 2146 1777 2163 ι
1795 2139 1825 2164 Et

1001 2189 1021 2216 ο
1036 2176 1103 2202 alios
1118 2176 1271 2216 quidenicx
1287 2175 1347 2209 igne
1363 2174 1467 2208 rapite,
1485 2174 1653 2216 miseremini
1669 2180 1761 2200 anteiit
1779 2181 1824 2211 eoo

1037 2219 1095 2236 rum
1107 2229 1115 2240 .
1128 2209 1131 2210 ⁷
1143 2211 1188 2244 qui
1211 2211 1422 2240 discernuntur,
1439 2218 1449 2234 I
1465 2209 1637 2241 cohaii‘eaut,
1667 2216 1697 2234 se
1717 2209 1825 2235 nescire

1036 2246 1191 2279 prolitetur.
1211 2246 1246 2271 At
1264 2245 1307 2270 ille
1322 2244 1444 2276 piol'ecio
1467 2245 1625 2274 iit-sciebat,
1652 2244 1711 2279 haec
1734 2248 1824 2277 postc-

1036 2278 1109 2306 i'iora
1128 2281 1207 2306 verba
1224 2280 1372 2306 Clementis
1390 2279 1504 2304 Romani
1520 2287 1572 2303 non
1589 2285 1660 2304 esse.
1676 2278 1760 2304 Plana
1776 2286 1823 2303 au-

1037 2320 1088 2341 tem
1107 2319 1134 2341 ct
1153 2321 1247 2348 aperta
1270 2320 1312 2340 est
1336 2315 1432 2340 horuui
1457 2313 1601 2339 verborum
1618 2320 1682 2339 cuni
1700 2314 1763 2340 aliis
1778 2320 1824 2339 c0-

1036 2350 1188 2382 Ιιᾶξιθιιιιιι,
1213 2358 1262 2376 nec
1285 2349 1418 2375 ob5curus
1439 2355 1532 2374 eorum
1555 2355 1663 2374 sensus.
1690 2348 1727 2374 lbi
1753 2348 1822 2374 enini

1034 2384 1161 2411 Clemens
1177 2390 1271 2410 noster
1287 2387 1319 2410 de
1334 2383 1456 2416 sapiente
1473 2382 1584 2409 disserit
1597 2403 1603 2412 .
1621 2390 1704 2416 quem
1722 2383 1768 2410 ille
1785 2389 1823 2408 ta-

1034 2418 1087 2445 lcni
1101 2420 1138 2445 ait
1153 2427 1214 2446 εειδο
1230 2420 1328 2445 debere
1340 2438 1347 2449 ,
1363 2419 1407 2451 qui
1422 2418 1526 2451 aliquos
1541 2426 1555 2442 ιι
1573 2417 1743 2444 Ialliiciarum
1755 2438 1763 2449 ,
1780 2425 1822 2442 va-

1035 2461 1188 2488 ltoruinque
1217 2458 1439 2488 argutiicnloruin
1468 2454 1502 2478 ab
1530 2452 1592 2488 aliis
1617 2455 1819 2487 propositurum

1035 2489 1098 2521 igne
1117 2486 1236 2523 eripiat,
1252 2486 1291 2515 λιι
1311 2496 1405 2514 eorum
1427 2488 1474 2522 qui
1493 2495 1510 2514 a
1529 2486 1608 2515 falsis
1618 2486 1767 2522 prophetis
1779 2496 1820 2514 se—

1036 2529 1198 2556 cernuntur,
1215 2529 1392 2550 llllSCl‘C'dlUl‘.

1070 2558 1174 2585 Deinde
1200 2565 1263 2585 vero
1289 2563 1384 2584 auctor
1402 2561 1495 2584 noster
1521 2563 1592 2584 nunc
1609 2556 1754 2591 epistolam
1771 2563 1820 2583 tto-

1414 2673 1436 2688 ⁷⁵
1448 2671 1529 2700 Iosue
1545 2679 1565 2704 ι,
1583 2671 1610 2698 5.
1649 2671 1672 2687 ⁷⁸
1683 2671 1784 2699 Strom.
1796 2670 1814 2697 ι.

1338 2707 1361 2724 ’¹⁹
1376 2707 1441 2735 Luc.
1458 2715 1514 2736 xtx.
1529 2708 1557 2734 8.
1599 2706 1623 2722 ⁸⁰
1643 2706 1705 2733 Lib.
1733 2715 1741 2734 ι
1768 2707 1815 2732 Ite-

1062 2744 1084 2760 ⁸¹
1097 2741 1199 2770 Strom.
1215 2744 1231 2770 I.
1249 2751 1277 2775 II,
1292 2751 1318 2777 p.
1335 2743 1398 2774 373,
1417 2743 1479 2774 575,
1505 2742 1569 2772 589.
1592 2741 1657 2771 596,
1673 2744 1736 2771 410,
1755 2741 1812 2771 571,

1115 2779 1176 2811 5H,
1200 2779 1269 2808 556;
1297 2779 1314 2804 l.
1336 2786 1366 2809 II,
1394 2786 1420 2812 p.
1438 2777 1500 2810 δυο,
1515 2777 1580 2809 579,
1601 2777 1655 2803 5δῶ
1672 2781 1777 2810 etseq.:
1796 2782 1811 2801 i.

1262 2813 1285 2829 “
1306 2813 1366 2840 LII).
1385 2821 1403 2839 ιι
1420 2814 1533 2846 Appai‘.,
1552 2813 1663 2838 dissert.
1683 2813 1709 2843 ti,
1728 2822 1751 2837 ιι.
1774 2812 1811 2840 ιο,
