1924 3072
100 174 166 204 1105

713 176 758 204 DE
778 177 890 205 LIBRIS
911 177 1136 207 STROMATUM.

1666 182 1735 210 ιιου

98 235 172 273 mine
186 234 357 273 Clementis,
377 242 459 273 quem
475 236 630 273 apostolum
646 241 805 271 nuncupat,
821 236 892 264 lntnc
908 240 930 269 Α
947 246 1026 268 esse,
1044 243 1128 273 atque
1141 246 1173 265 ex
1193 238 1264 265 illius
1281 243 1306 265 et
1323 238 1497 265 Hebraeorum
1515 238 1592 266 libris
1608 240 1684 273 plura
1700 243 1733 268 ab

98 268 190 297 laudat
207 270 235 296 in
256 271 365 298 modum
383 271 424 298 "z
442 280 451 296 ι
469 268 595 299 Clemens
618 279 727 305 quoque
742 268 890 305 'apostolus

97 306 123 332 in
141 304 317 341 Epistolaiad
335 306 511 337 Corinthios.
527 307 583 340 ipse
601 304 712 341 quoque
731 304 810 333 nobis
822 326 829 339 ,
843 306 891 333 τύ.

96 340 224 376 πὺνντινὰ
236 340 286 366 τοῦ
301 341 453 374 γνωστικοῢ
464 362 471 373 ,
488 340 649 368 formamet
668 341 806 376 exemplar
821 350 890 376 gno-

95 375 154 412 s'ici
168 376 344 407 describens,
357 377 440 404 dicit:
454 377 520 410 Quis
534 377 605 412 apud
618 385 666 404 vos
680 382 801 404 versatus
815 375 890 404 oinni

95 411 196 438 virtute
209 431 217 441 ,
234 420 243 436 ι
259 418 315 438 etc.
339 412 458 445 Denique
476 417 504 438 ut
522 411 650 439 id'semel
669 412 803 446 simulque
817 412 890 439 dica—

95 447 263 483 ntusliplnrra
282 447 392 483 hujusce
404 447 525 480 epistola:
540 447 571 483 §§
588 448 614 479 1,
628 447 655 478 9,
668 447 711 478 11.
725 447 767 478 12,
780 447 823 479 17,
842 448 885 479 18,

94 482 139 513 21,
151 481 198 512 55.
213 482 262 513 56,
276 482 324 512 40.
337 482 382 513 41,
400 483 445 514 48,
462 483 497 510 49
513 481 599 514 ειᾟΟ,
619 482 793 517 trauscripsit
817 483 890 518 frag-

95 521 185 553 menta
198 538 206 549 ,
219 524 284 553 qum
297 518 405 552 quidem
418 518 481 552 quia
494 519 643 553 prolixiora
657 523 736 548 sunt,
753 518 889 546 indicasse

94 551 223 580 sulﬁciat.
241 552 338 580 Obiter
352 551 433 587 porro
445 551 558 581 observa
574 554 631 580 haec
644 561 704 588 quae
718 561 732 579 a
746 553 889 581 Clemente

94 593 186 614 nostro
202 588 335 620 citantur,
350 589 497 622 aliquando
513 589 674 616 intersecari
686 609 692 620 ,
705 593 732 614 et
746 589 869 623 quzedam
880 610 887 622 ,

94 630 152 657 qme
177 630 227 649 sua
253 628 335 656 sunt,
364 623 417 651 illis
441 624 542 655 inseri,
561 631 594 652 ac
616 625 783 658 quandoque
801 625 887 651 media

94 658 244 693 interponi.

125 694 160 720 At
176 694 239 726 quis
256 702 311 720 non
328 695 443 722 miretur
458 694 622 725 l'lcrvetum,
637 694 682 728 qni
698 694 724 720 111
739 694 852 720 citatum
872 703 886 721 a

95 729 171 756 nobis
187 729 210 745 ’°
226 730 412 763 posteriorem
427 729 574 757 Clementis
589 731 676 756 nostri
697 729 786 756 loctim
802 730 886 756 lecto-

95 772 135 791 res
152 772 218 791 suos
237 766 312 791 serio
329 766 456 792 admonet.
483 765 563 798 hujus
588 765 710 798 cpistola:
731 765 757 791 in
777 765 886 792 Eusebii

93 800 201 834 quidem
220 799 350 826 Historia!
366 800 414 827 lib.
431 808 460 827 ιιι
476 800 533 827 ﬁeri
548 801 732 830 mentionem.
748 801 796 827 sed
814 801 887 828 illitis

93 834 157 861 nihil
168 835 224 867 jam
239 835 359 869 amplius
372 841 498 866 exstare.
518 843 598 870 quam
613 836 683 869 quod
698 835 825 862 Clemens
839 843 887 861 no-

93 875 147 896 ster
161 870 242 897 nobis
261 871 305 897 ltic
321 871 449 905 reliquit?
462 871 603 904 Quomodo
617 871 689 897 enim
708 870 826 897 llerveto
842 871 885 897 111-

92 911 281 949 coinpertaea
298 913 361 949 esse
379 911 542 940 potuerunt,
560 913 621 940 quin
642 905 735 949 d‘e‘illa
747 905 884 949 lreniclus,
901 922 921 949 Β

93 941 128 967 1111
145 948 160 967 a
179 941 261 967 nobis
278 942 454 968 observatum
473 946 531 972 est,
549 947 631 975 atque
645 940 791 975 Origenes,
808 941 879 968 1³11οο

94 976 160 1012 tius,
175 981 259 1010 atque
273 976 319 1003 alii
336 977 448 1012 scriptis
464 977 636 1003 tradiderunt
648 976 689 1002 “?

126 1011 258 1044 Quamvis
277 1016 366 1038 autem
384 1011 418 1039 ex
436 1012 516 1039 dictis
532 1011 597 1038 satis
611 1015 719 1038 constet
734 1011 804 1038 hanc
822 1011 880 1045 epi-

92 1047 187 1073 stolam
202 1046 338 1073 Clementi
355 1047 478 1074 Romano
491 1049 524 1074 ab
536 1052 647 1073 auctore
659 1051 753 1073 nostro
766 1054 880 1074 asseve-

93 1087 182 1108 ranter
194 1082 315 1114 ascribi,
339 1083 382 1110 illa
403 1088 493 1109 tamen
514 1082 612 1108 alicubi
625 1081 683 1109 solo
695 1081 878 1109 Romanorum

93 1117 197 1144 nomine
213 1117 248 1144 ab
266 1118 326 1150 ipso
341 1119 424 1144 citata
442 1118 540 1151 legitur
554 1117 576 1133 "
590 1125 597 1144 :
613 1126 623 1143 ι
638 1117 814 1150 Quinetiam,
838 1117 879 1144 111-

92 1152 166 1184 quit.
198 1152 225 1179 in
243 1153 359 1186 cpistola
374 1153 559 1179 Romanorum
577 1154 610 1179 ad
628 1152 785 1179 Corinthios
808 1152 879 1179 srri-

93 1192 162 1220 plttlti
179 1192 221 1214 cst
236 1197 242 1214 :
259 1189 384 1215 Oceanus
401 1188 533 1219 inﬁnitus,
546 1193 574 1214 et
588 1188 632 1222 qui
649 1187 877 1221 suntpostipsum

93 1223 192 1251 nmndi.
206 1233 215 1248 ι
229 1223 283 1250 Sed
300 1231 348 1250 cur
363 1231 424 1250 eain
440 1224 476 1250 ita
495 1223 539 1250 ille
555 1223 724 1254 laudaverit,
745 1222 878 1249 rationem

93 1257 167 1293 nobis
183 1263 335 1293 suggerunt
350 1259 467 1285 lrenmus
483 1258 507 1274 "
536 1263 617 1292 atque
633 1258 767 1284 Eusebius
781 1257 816 1289 νδ,
832 1258 877 1291 qui

93 1292 160 1319 hanc
175 1294 322 1327 epistolam
340 1303 355 1320 a
370 1294 522 1325 Clemente,
538 1293 668 1320 Romanae
683 1293 812 1320 Ecclesiae
828 1300 878 1320 no-

93 1328 173 1361 mine,
190 1329 320 1363 srriplatn
337 1329 421 1356 fuisse
440 1337 492 1356 non
503 1328 586 1356 setttel
603 1332 770 1355 asseverant.

125 1363 252 1390 Memoria
278 1365 369 1398 itaque
389 1364 483 1399 lapsus
504 1369 546 1391 est
565 1363 691 1391 Clemens
706 1369 810 1399 noster,
827 1363 876 1390 nisi

91 1398 157 1427 forte
173 1399 351 1426 librariorum
369 1398 447 1426 error
464 1401 517 1431 sit,
541 1399 584 1426 ubi
609 1400 730 1433 quaedam
755 1398 876 1431 eiusdem

92 1436 205 1467 epistola:
218 1435 303 1461 Verba
319 1435 359 1462 sic
371 1434 506 1461 Barnabae
520 1434 644 1461 attribuit
657 1434 680 1450 ”
693 1443 699 1460 :
711 1442 721 1458 ι
736 1433 879 1468 Propheta:

91 1471 186 1497 dictum
211 1478 354 1504 exponens
381 1469 536 1501 Barnabas,
564 1470 670 1496 infert:
694 1469 760 1496 Cum
786 1469 878 1496 multa:

92 1511 172 1538 porta:
198 1505 254 1533 sint
281 1511 402 1539 aper-tm.
428 1513 489 1538 quae
513 1509 555 1531 est
576 1504 701 1539 iustitia,
726 1512 759 1530 ea
783 1509 825 1531 est
850 1505 876 1531 in

91 1541 212 1573 Christo,
232 1541 260 1567 in
279 1549 359 1574 quam
377 1542 449 1568 beati
481 1544 544 1567 sunt
561 1547 655 1566 omnes
679 1539 724 1574 qtti
748 1544 811 1566 sunt
834 1540 877 1566 111-

91 1578 204 1608 gressi.»
229 1576 294 1603 llaec
319 1577 392 1603 enim
414 1584 475 1610 quae
496 1575 560 1602 alibi
581 1576 605 1591 "
625 1575 670 1602 ille
693 1576 769 1609 ipse,
794 1575 876 1602 tacito

945 273 1063 300 ethnicis
1095 273 1264 308 philosophis
1291 274 1406 300 delibata
1439 274 1523 300 fuisse
1552 275 1648 308 probat
1673 277 1733 303 Cle-

944 316 1020 345 inens
1042 309 1195 345 ’“hTatiani
1222 309 1376 345 philosophi
1393 310 1428 336 ad
1455 309 1567 337 Griecos
1589 311 1732 345 oratione,

944 343 968 370 111
984 352 1036 378 qua
1053 343 1126 371 illum
1143 345 1222 380 deiis
1234 343 1356 379 ἀκριϐῶς
1367 364 1374 375 ,
1391 353 1399 369 ι
1410 349 1547 378 accurate,
1561 355 1569 370 1
1581 343 1734 380 disputasse

945 380 1118 406 testiﬁcatur.
1134 379 1186 406 Sed
1203 380 1233 406 de
1251 380 1301 406 hac
1315 380 1441 406 oratione
1453 401 1460 413 ,
1478 385 1504 406 et
1518 385 1688 413 pertractato
1704 382 1730 408 in

943 414 986 440 illa
1003 415 1037 441 de
1051 414 1151 449 liloysis
1167 420 1247 441 mtate
1265 420 1444 449 argumento,
1463 415 1644 449 disceptatum
1667 417 1731 443 alibi

942 455 956 475 a
969 450 1051 486 nobis
1068 450 1166 486 furti”.
1185 457 1216 476 ac
1230 457 1322 486 rursus
1337 451 1369 486 de
1381 451 1427 476 illo
1439 458 1470 476 ac
1483 451 1515 477 de
1530 452 1731 486 ipsins,quetn-

941 484 1087 511 admodum
1113 485 1256 517 Cassiani,
1285 485 1394 512 laudata
1423 486 1458 511 ab
1476 484 1572 513 eodem
1591 484 1731 514 Clemente

941 525 1036 547 nostro
1053 520 1229 553 chronologia
1246 519 1361 547 inferius
1381 521 1573 554 disputabitur.

931 551 935 559 “
977 556 1049 583 Cilat
1068 563 1149 590 parro
1175 551 1299 582 Clemens
1315 555 1323 570 ‘
1352 551 1464 589 hujusce
1490 555 1616 584 Cassiani
1643 557 1728 585 etiam

943 590 1118 625 Exegctican.
1137 591 1207 624 quod
1226 596 1314 617 utrum
1330 591 1479 617 etiamnum
1494 596 1605 624 exstet,
1630 600 1659 619 se
1680 601 1726 619 net

940 627 1012 653 scire
1029 625 1164 652 llervetus
1187 626 1442 662 apertersignilicat.
1460 625 1511 659 Qui
1529 627 1586 654 fieri
1603 635 1667 662 ergo
1683 636 1728 662 po-

942 661 1009 692 luit,
1034 667 1062 687 ut
1084 669 1113 687 ea
1138 667 1185 687 aut
1206 669 1259 688 non
1284 661 1400 696 legerit,
1426 666 1474 687 aut
1494 661 1555 695 ejus
1577 670 1610 689 ex
1632 661 1727 690 animo

941 697 1096 723 exciderint
1108 716 1115 728 ,
1132 704 1192 730 qut}:
1207 697 1239 723 de
1255 696 1394 723 Clemente
1409 701 1503 723 nostro
1519 697 1673 731 disputans,
1688 699 1729 726 sic

940 732 1050 765 scripsit
1064 731 1245 766 Hieronymus
1263 733 1271 747 ²
1285 740 1292 758 :
1308 740 1317 756 ‹
1336 731 1456 758 Meminit
1480 737 1570 759 autem
1596 733 1622 760 in
1647 733 1728 760 Stro-

941 767 1058 793 matibus
1078 766 1134 793 suis
1157 767 1303 793 voluminis
1323 766 1431 793 Tatiaui
1446 787 1453 793 .
1468 786 1475 793 .
1512 786 1519 793 .
1533 785 1540 792 .
1553 773 1580 794 ct
1601 769 1726 796 Cassiani

940 801 1080 836 cujusdam
1094 802 1315 836 xpororpasst'aq
1326 822 1332 833 ,
1345 802 1417 835 quod
1430 802 1590 835 opusculum
1605 803 1728 831 invenire

940 845 993 873 non
1012 837 1111 873 potui?
1125 847 1134 863 1
1151 837 1180 863 Si
1196 838 1269 863 enim
1287 837 1351 864 llltlti
1369 845 1420 863 non
1436 838 1510 873 idem
1528 843 1609 873 atque
1624 837 1727 873 Exege-

940 872 1012 898 tt'con
1028 872 1112 899 fuerit
1123 893 1130 904 ,
1147 879 1209 899 cum
1224 880 1256 899 eo
1273 878 1363 899 tamen
1384 872 1517 906 periis'se,
1532 872 1633 900 nemini
1660 872 1727 901 vero

940 915 992 934 11011
1007 907 1097 934 simile
1117 907 1188 934 haud
1217 907 1298 934 dubie
1324 908 1471 936 videbitur.
1497 907 1594 935 Utrum
1619 917 1683 936 vero
1705 911 1727 936 is

936 942 1085 969 Cassianus
1101 942 1172 969 idem
1189 942 1241 974 sit,
1261 951 1293 969 ac
1309 943 1461 977 praecipuus
1486 943 1646 971 Docetarttm
1670 947 1724 971 ha:-

931 984 1027 1039 lreseos
1052 978 1190 1018 defensor,
1220 983 1316 1012 postea
1342 978 1523 1012 opportunior
1551 980 1725 1006 examinandi

942 1021 1008 1039 oens
1023 1018 1087 1039 erit.

942 1021 1008 1041 OCIIS
1023 1018 1087 1040 Cl'll.

1156 1070 1232 1106 161
1254 1069 1452 1098 ARTICULUS
1472 1070 1504 1097 ιι.

931 1130 970 1157 De
986 1129 1090 1165 sibyllis
1109 1135 1133 1157 et
1150 1139 1239 1157 eorum
1261 1131 1375 1157 oraculis
1387 1150 1394 1163 ,
1415 1139 1461 1157 nec
1476 1137 1527 1157 non
1544 1129 1626 1156 Pauli
1646 1131 1678 1156 de
1691 1130 1729 1157 si-

967 1165 1038 1227 bylla
1057 1170 1082 1192 et
1103 1165 1227 1200 Hydaspi:
1247 1167 1375 1198 oraculo,
1395 1171 1473 1201 atque
1493 1166 1526 1192 de
1545 1165 1639 1192 Chami
1664 1174 1726 1201 pro-

965 1207 1064 1236 pretia.

966 1257 1024 1284 Non
1042 1258 1090 1284 abs
1105 1265 1134 1285 re
1146 1257 1258 1284 omnino
1273 1256 1353 1285 fuerit
1370 1257 1433 1285 huic
1447 1258 1481 1285 de
1494 1258 1661 1286 Christianis
1677 1268 1725 1286 au-

930 1293 1054 1320 ctoribus
1071 1294 1191 1320 sermoni
1209 1301 1240 1320 ea
1253 1297 1407 1329 _attexrere,
1428 1301 1488 1327 qua:
1511 1294 1544 1320 de
1569 1294 1677 1329 sibyllis
1698 1300 1725 1322 et

931 1329 1037 1364 illarum
1054 1329 1086 1355 de
1100 1329 1212 1355 Christo
1223 1348 1230 1360 ,
1245 1327 1474 1363 Christianaque,
1494 1329 1533 1355 uti
1549 1327 1662 1364 putant,
1680 1338 1725 1357 re-

931 1363 1031 1397 ligione
1046 1364 1165 1390 oraculis
1175 1384 1183 1396 ,
1204 1364 1344 1390 memoriae
1359 1363 1486 1391 Clemens
1502 1363 1597 1391 noster
1611 1366 1726 1392 manda-

929 1400 980 1425 vit.
999 1399 1027 1426 111
1044 1399 1133 1433 priuto
1148 1404 1239 1425 autem
1257 1398 1422 1425 Stromatum
1438 1399 1510 1426 libro
1526 1399 1537 1414 ³
1552 1399 1611 1428 haec
1628 1401 1661 1427 de
1683 1401 1724 1427 si—

930 1434 1002 1474 bylla
1019 1438 1112 1474 narrat
1127 1433 1576 1474 :1lleraclitusnonlminanitus,
1591 1435 1637 1474 sed
1650 1435 1723 1462 divi-

930 1469 1006 1505 nitus
1016 1470 1117 1504 potius,
1131 1470 1196 1496 dicit
1208 1469 1367 1503 apparuisse
1380 1469 1518 1504 sibyllam.
1533 1470 1617 1497 Aiunt
1629 1471 1724 1505 itaque

931 1504 1042 1539 Delphis
1064 1505 1090 1531 in
1113 1505 1188 1532 curia
1206 1505 1313 1531 ostendi
1333 1509 1438 1538 petram
1456 1505 1621 1539 quamdam,
1640 1504 1724 1539 super

931 1547 1012 1573 quam
1029 1540 1129 1566 dicitur
1144 1540 1250 1567 sedisse
1267 1540 1354 1573 prima
1374 1540 1470 1574 sibylla
1482 1561 1489 1573 ,
1505 1548 1566 1574 quae
1589 1548 1622 1567 ex
1648 1540 1723 1567 Heli-

932 1583 1002 1601 cone
1026 1579 1158 1607 venerat,
1181 1578 1298 1602 educata
1319 1582 1333 1600 a
1354 1574 1455 1608 Musis,
1481 1583 1542 1602 cum
1566 1581 1641 1603 esset
1666 1577 1721 1603 [ilia

92 1603 207 1639 auctoris
229 1612 356 1645 nomine,
375 1603 430 1639 non
445 1616 535 1638 tamen
552 1611 611 1637 sine
634 1603 726 1644 aliqua
743 1603 818 1636 varia
843 1610 880 1637 le-
895 1603 915 1631 C
933 1609 1034 1637 Lamiae
1051 1603 1182 1637 summie.
1200 1610 1332 1644 Serapion
1349 1603 1490 1637 autem'in
1507 1611 1632 1638 versibus
1653 1611 1722 1638 dicit

91 1648 176 1674 ctione
200 1647 351 1678 retulerat,
377 1647 403 1673 in
430 1646 578 1673 Clementis
602 1646 716 1672 Romani
742 1645 878 1679 epistola,

91 1679 148 1716 £48
158 1702 165 1714 ,
181 1690 247 1710 voce
265 1683 294 1708 ὲν
311 1686 374 1709 ante
388 1681 548 1718 δικαιοσύνῃ
565 1681 654 1708 addita
664 1700 672 1713 ,
687 1680 801 1707 totidem
817 1688 879 1708 ver-

93 1717 133 1743 bis
149 1723 394 1752 repraesentantur.

123 1749 309 1786 Quorumdam
329 1757 460 1787 przeterea
475 1753 616 1779 doctorum
630 1758 716 1778 sacrae
730 1749 878 1785 Scriptum

92 1788 266 1823 interpretum
283 1788 490 1822 explanationes
512 1787 547 1823 in,
563 1787 653 1821 priora
675 1787 773 1823 psalmi
788 1787 878 1823 primi

90 1821 166 1850 verba
184 1833 197 1849 a
215 1821 359 1850 Clemente
377 1828 471 1850 nostro
486 1822 525 1850 sic
540 1822 688 1848 laudantur
702 1821 724 1837 "
738 1829 744 1847 :
758 1829 768 1847 ι
779 1821 878 1848 Audivi

90 1866 135 1892 ego
151 1859 237 1885 virum
257 1859 283 1884 in
301 1859 344 1885 his
359 1859 441 1885 rebus
455 1859 565 1885 doctum
581 1857 716 1883 dicentem
730 1857 877 1884 consilium

91 1895 229 1928 itnpiorum
253 1894 410 1928 signiﬁcare
425 1899 520 1928 gentes
534 1901 541 1925 ;
557 1892 629 1918 viain
643 1897 734 1928 autem
751 1897 878 1926 peccato-

92 1927 163 1960 rum,
183 1927 327 1956 Iudaicam
351 1929 508 1963 opinionem
522 1949 528 1961 ,
550 1933 576 1954 et
599 1927 762 1961 pestilentia:
783 1928 878 1963 cathe-

91 1964 178 1996 dram,
201 1965 323 1991 limrcses
345 1962 536 1999 accipientem.
561 1963 635 1990 Alius
656 1967 748 1999 autem
769 1962 878 1999 dicebat

91 2000 170 2033 magis
185 2000 298 2034 proprie
313 1997 430 2034 positam
446 1999 556 2033 quidem
574 2005 636 2036 esse
655 1997 770 2032 primam
791 1998 877 2036 beati-

91 2033 205 2061 tudinem
222 2033 250 2062 in
267 2033 320 2068 iis,
336 2037 381 2070 qui
399 2042 453 2061 non
468 2039 531 2061 sunt
544 2033 694 2070 sceleratas
708 2033 797 2059 secuti
814 2040 876 2059 sen-

91 2071 182 2097 tentias
194 2090 201 2103 ,
217 2078 280 2105 qua:
296 2079 312 2096 a
328 2071 383 2097 Deo
405 2070 575 2097 defecerunt.
601 2069 759 2105 Secundum
784 2073 875 2105 autem

90 2112 199 2138 eorum,
216 2103 264 2140 qui
281 2106 308 2132 in
332 2106 386 2132 lata
410 2106 453 2132 Via
477 2108 608 2135 manent,
629 2103 671 2129 vel
694 2109 807 2140 eorum,
829 2103 875 2136 qui

91 2141 178 2167 nutriti
193 2138 259 2168 sunt
277 2142 304 2168 in
320 2141 395 2176 lege,
413 2140 454 2167 vel
470 2141 552 2167 etiam
570 2147 681 2176 eoruAm,
697 2138 743 2176 qui
762 2144 793 2164 ex
810 2145 877 2172 gen-

91 2175 156 2202 tibus
172 2184 224 2202 uon
241 2182 307 2203 sunt
329 2174 402 2203 ducti
428 2176 600 2209 patuitentia.
623 2174 874 2209 Catliedrarantein

90 2211 244 2244 pestilentia:
259 2217 285 2239 et
300 2213 405 2239 theatra
418 2208 520 2237 fuerint
531 2231 538 2242 ,
553 2216 580 2236 et
593 2209 712 2244 judicia,
730 2208 776 2235 ubi
790 2210 875 2242 magis

89 2251 235 2281 sequuntur
251 2248 389 2282 improbas
403 2251 429 2273 et
445 2246 571 2282 exitiales
586 2248 754 2282 potestates,
767 2249 795 2270 et
809 2251 875 2277 ope-

89 2279 144 2308 rum
161 2290 255 2309 eorum
272 2279 443 2309 societatem.
461 2291 470 2307 1
484 2281 534 2314 Qui
551 2282 606 2307 sint
623 2280 660 2306 illi
670 2279 873 2305 eruditisacra-

90 2324 142 2342 rum
160 2318 365 2352 Scripturarum
390 2318 554 2350 interpretes
567 2315 712 2352 ,_delinitu
728 2321 789 2340 esse
804 2314 872 2340 dillio

89 2349 317 2380 ctllimntn'netuo
332 2359 406 2379 certe
432 2349 552 2385 negabit.
582 2349 610 2376 1ιι
640 2357 669 2376 re
696 2355 795 2385 tamen,
817 2355 870 2375 tam

87 2389 199 2414 obscura
219 2389 240 2415 si
259 2389 338 2415 nobis
354 2389 395 2414 l'as
407 2388 443 2414 sit
457 2384 576 2419 aliquant
594 2393 627 2412 ex
643 2386 728 2412 verbo
746 2384 853 2420 ἀκήκοα
864 2403 871 2415 ,

91 2425 191 2450 11111111νὶ
201 2434 224 2456 ,1
239 2424 424 2457 conjecturam
437 2423 535 2451 lacere.
547 2421 618 2447 haud
631 2421 741 2457 omnino
755 2421 873 2457 absurde

88 2458 168 2492 col|igi
185 2455 263 2493 posse
272 2455 445 2492 suspicamur
454 2457 624 2493 Clementem
638 2463 702 2482 suos
715 2455 873 2489 designasse

88 2490 281 2528 pra-copiates,
310 2490 392 2528 atque
424 2494 451 2520 in
477 2492 573 2526 pritnis
601 2490 778 2528 Pantienttm,
804 2498 872 2524 quos

87 2527 127 2553 ille
138 2549 144 2560 ,
159 2526 183 2555 in
197 2530 288 2556 schola
302 2526 499 2560 Alexandrina,
514 2533 544 2554 ut
560 2527 686 2561 superius
702 2526 803 2552 dictum
820 2531 872 2557 est,

87 2570 182 2590 sacrant
210 2564 382 2599 Scripturam
407 2564 579 2598 explicantes
607 2561 869 2599 audieralnlnlicias

88 2601 169 2635 tamen
196 2608 250 2627 non
274 2596 380 2635 ibimus
401 2596 470 2626 alios
495 2599 585 2625 adhuc
603 2617 611 2631 ,
637 2596 868 2635 quemadmodum

87 2634 262 2662 Alexandrum
296 2634 585 2670 Jcrosolymitannm,
618 2633 652 2660 ab
683 2639 715 2658 eo
748 2633 868 2665 potuisse

87 2670 225 2703 designari.

118 2704 232 2740 Moysen)
241 2713 323 2741 porro
331 2705 494 2741 scriptorum
510 2705 631 2732 omnium
645 2704 867 2738 antiquissimum

117 2791 138 2812 ⁸ο
156 2792 255 2820 Strom.
269 2794 317 2822 lib.
337 2802 379 2825 tv,
397 2801 422 2828 p.
440 2793 492 2820 516
507 2798 534 2820 et
547 2801 604 2828 Seq.

86 2861 106 2876 ⁸³
125 2864 189 2890 lren.
205 2864 250 2890 lib.
270 2873 300 2892 ιιι
315 2886 323 2896 ,
352 2874 375 2891 c.
395 2864 422 2892 5.
473 2864 496 2879 ³ο
517 2861 627 2895 Ευδευρ,
647 2865 693 2891 lib.
712 2872 742 2890 ιιι
761 2864 849 2895 11151..

86 2896 107 2912 ⁹⁶
125 2897 220 2926 Strom.
239 2901 285 2927 lib.
306 2909 331 2931 1,
353 2908 378 2933 p.
396 2899 458 2926 “J88.

87 2932 187 2962 dissert.
204 2935 228 2961 5.
268 2937 276 2951 ¹
296 2936 363 2963 Ibid.
403 2936 412 2950 ²
431 2936 468 2964 De
489 2935 585 2969 οριίρι.
603 2936 720 2969 oculos,
743 2934 757 2971 ς
781 2935 826 2962 50.

643 2794 666 2809 νο
688 2793 746 2820 Lib.
769 2801 787 2820 ιι
824 2793 945 2828 Appar.,
960 2794 1068 2820 dissert.
1086 2794 1120 2825 6,
1143 2801 1168 2821 c.
1185 2794 1226 2828 111,
1253 2793 1307 2829 §5.

86 2833 107 2873 :7.-
178 2829 255 2873 Finit.
273 2830 332 2857 Bib.
350 2830 411 2870 cod:
432 2830 534 2873 “zz-et
546 2830 617 2873 ηιμ
646 2829 732 2873 Cotel.
751 2829 854 2873 [te

934 2838 954 2871 ις.
970 2837 1058 2872 onera,
1080 2837 1106 2863 p.
1120 2831 1158 2873 ‘88
1183 2835 1211 2855 et
1226 2828 1305 2873 seq."

517 2865 627 2895 Ειιδειιη
647 2865 693 2891 lib.
712 2872 742 2890 ιιι
761 2864 849 2895 11151..
867 2873 890 2891 c.
911 2864 943 2890 16
957 2871 983 2891 ct
997 2865 1048 2895 58,
1074 2871 1101 2891 et
1119 2865 1165 2892 lib.
1183 2872 1218 2897 ν,
1249 2874 1273 2891 c.
1290 2865 1305 2891 b'

499 2900 521 2915 ’⁷⁷
543 2900 646 2926 Strom.
673 2901 718 2926 lib.
736 2908 765 2930 II,
781 2909 805 2932 ιι.
830 2900 896 2930 589,
914 2899 976 2926 590.
1028 2901 1050 2914 ⁸⁸
1069 2899 1171 2927 Strom.
1189 2900 1206 2926 1.
1224 2908 1249 2932 ι,
1266 2908 1292 2932 p.

865 2934 874 2949 ³
894 2934 957 2970 Pag.
978 2935 1039 2963 30L

932 1654 968 1672 ne
982 1651 1117 1672 mortuam
1133 1646 1244 1680 quidem
1260 1654 1274 1671 a
1292 1645 1433 1672 divinandi
1458 1651 1516 1673 arte
1540 1654 1662 1673 cessasse
1683 1648 1720 1673 si—

931 1680 1033 1715 byllam
1048 1690 1054 1707 :
1068 1687 1095 1708 et
1109 1681 1134 1708 id
1148 1681 1257 1715 quidem
1273 1680 1346 1714 quod
1363 1688 1396 1707 ex
1413 1688 1444 1707 ea
1460 1681 1488 1707 in
1504 1689 1594 1708 aerem
1608 1683 1722 1708 recessit

931 1721 992 1749 post
1006 1716 1109 1742 obitum
1122 1736 1128 1746 .
1150 1716 1177 1742 id
1192 1723 1253 1742 esse
1271 1715 1344 1750 quod
1362 1716 1389 1742 in
1414 1716 1534 1743 sortibus
1556 1717 1677 1749 divinat,
1695 1724 1722 1743 et

930 1751 1072 1785 auguriis;
1093 1759 1125 1777 ex
1143 1759 1175 1778 eo
1198 1756 1290 1778 autem
1313 1752 1384 1784 quod
1408 1751 1434 1777 in
1460 1755 1561 1778 terram
1587 1758 1721 1778 tnutattnn

930 1791 973 1813 est
987 1793 1116 1819 corpore,
1132 1792 1229 1813 exorta
1240 1806 1248 1818 ,
1264 1791 1294 1812 ιιι
1308 1791 1522 1814 consentaneum
1536 1792 1578 1814 est
1589 1807 1596 1818 .
1614 1787 1698 1814 herba
1712 1807 1720 1819 ,

931 1829 1100 1856 quzecunque
1112 1830 1171 1848 eam
1183 1821 1368 1848 comedissent
1380 1822 1489 1853 bestiae,
1501 1830 1563 1848 cttm
1576 1822 1602 1848 in
1616 1830 1648 1849 eo
1662 1822 1721 1848 loro

929 1855 1163 1890 essentpscribit
1188 1855 1338 1891 perlectam
1361 1856 1446 1883 futuri
1467 1858 1649 1890 cognitionem
1673 1866 1721 1892 per

929 1896 994 1917 exta
1012 1892 1170 1919 hominibus
1196 1891 1377 1925 signiﬁcasse.
1401 1891 1468 1926 Ejus
1489 1897 1579 1918 autem
1600 1891 1719 1919 animam

929 1927 1070 1953 existimat
1085 1935 1146 1954 eain
1161 1934 1223 1953 esse
1237 1928 1351 1958 faciem,
1368 1935 1428 1960 quae
1443 1932 1555 1962 apparet
1573 1928 1600 1953 in
1617 1929 1690 1954 ltitia.
1707 1937 1717 1953 1

929 1962 1103 1997 Quaecunque
1118 1962 1308 1997 Clemensﬁibi
1332 1963 1366 1988 de
1384 1962 1479 1997 sibylla
1494 1968 1645 1995 memorat,
1662 1963 1719 1989 ha-c

929 1998 976 2024 ille
990 2005 1043 2023 non
1057 2005 1092 2024 ex
1107 2004 1166 2028 sua,
1181 2000 1228 2023 sed
1244 1996 1375 2023 Heracliti
1392 1996 1603 2030 Serapionisque
1618 2003 1716 2032 poeta-,

927 2037 954 2058 et
974 2032 1090 2059 aliortnn
1108 2039 1277 2066 paganorum
1295 2033 1433 2058 sententia
1450 2034 1587 2066 propellit.
1605 2035 1640 2060 At
1657 2035 1717 2059 nul-

928 2067 982 2094 lum
1003 2068 1084 2101 plane
1111 2072 1164 2093 tam
1187 2066 1258 2093 male
1283 2075 1356 2094 sana:
1379 2069 1478 2094 mentis
1495 2068 1634 2095 hominem
1656 2075 1717 2096 esse

927 2103 1106 2136 arbitramur,
1129 2102 1174 2137 qui
1199 2102 1257 2128 hate
1279 2110 1293 2128 a
1318 2102 1458 2129 Clemente
1474 2109 1568 2128 nostro
1585 2108 1715 2138 tauquam

928 2142 1005 2164 Certa
1017 2145 1044 2164 et
1058 2138 1173 2164 minime
1187 2138 1268 2164 dubia
1283 2138 1401 2171 proferri
1415 2138 1524 2164 dixerit.
1538 2138 1629 2172 Neque
1643 2147 1715 2165 enim

927 2173 1090 2200 Christiana:
1112 2173 1252 2207 religionis
1272 2173 1396 2199 doctrina
1421 2173 1457 2198 ita
1479 2180 1575 2207 parum
1596 2173 1716 2200 imbutus

927 2209 980 2234 l'nit
991 2229 998 2240 ,
1016 2213 1046 2235 ut
1060 2209 1210 2235 credidisse
1225 2208 1333 2234 dicatur
1349 2207 1471 2243 sibyllam
1490 2214 1551 2242 post
1568 2215 1681 2235 mortem
1700 2218 1715 2235 ιι

926 2243 1066 2270 divinandi
1081 2248 1141 2270 arte
1157 2252 1208 2269 non
1225 2251 1360 2274 cessasse,
1376 2252 1408 2269 ac
1424 2243 1496 2269 illius
1514 2248 1592 2277 parte
1607 2245 1634 2270 1ιι
1651 2252 1715 2271 aeta

929 2280 1132 2310 transvolantis,
1154 2279 1268 2304 alterum
1290 2280 1316 2304 in
1342 2284 1416 2305 terra
1440 2286 1589 2311 mansmse,
1605 2286 1640 2306 ex
1661 2287 1713 2313 qua

926 2314 1007 2340 berba
1019 2333 1027 2346 ,
1043 2314 1242 2340 divinationum
1260 2315 1319 2340 usui
1335 2319 1414 2348 apta,
1429 2319 1488 2340 orta
1506 2314 1604 2346 fuerit,
1622 2322 1655 2341 ac
1669 2320 1715 2341 do-

926 2350 1008 2382 nique
1024 2350 1096 2376 illitis
1114 2351 1232 2376 animant
1246 2357 1308 2376 esse
1325 2349 1424 2375 faciem
1435 2369 1442 2381 ,
1460 2356 1520 2382 qua:
1536 2350 1562 2375 iu
1585 2350 1649 2376 luna
1665 2357 1714 2385 ap-

927 2389 1013 2418 paret.
1028 2386 1140 2412 Certum
1165 2384 1247 2418 igitur
1268 2390 1295 2411 et
1319 2390 1408 2410 ratutn
1431 2392 1492 2410 esse
1512 2385 1593 2411 debet
1617 2386 1675 2412 hinc
1698 2394 1713 2412 a

926 2420 1065 2447 Clemente
1087 2425 1182 2446 nostro
1205 2425 1302 2446 contra
1327 2427 1447 2454 paganos
1468 2419 1528 2446 ideo
1550 2420 1668 2452 adduci,
1685 2427 1714 2447 ut

927 2454 1013 2482 falsas
1026 2463 1119 2482 eorum
1136 2455 1296 2489 opiniones,
1313 2456 1369 2489 ipsa
1383 2462 1476 2481 eorum
1486 2473 1493 2486 ,
1508 2461 1568 2488 quae
1584 2460 1712 2490 tanquam

929 2497 992 2516 vera
1013 2495 1040 2517 et
1061 2495 1137 2516 certa
1161 2491 1353 2522 venditabant,
1371 2491 1542 2525 expositione
1557 2496 1712 2523 everteret,

928 2529 1009 2560 atque
1027 2526 1128 2551 invicto
1145 2526 1178 2551 ad
1196 2526 1353 2556 hominem,
1378 2530 1407 2552 ut
1429 2526 1522 2558 aiunt,
1550 2534 1713 2561 argumento

927 2562 1100 2595 impugnaret
1110 2580 1118 2592 ,
1136 2561 1315 2595 l'unditusquc
1328 2561 1493 2588 destrueret.

959 2598 996 2623 De
1012 2598 1063 2623 bac
1081 2603 1163 2631 porro
1180 2597 1291 2631 sibylla,
1308 2596 1366 2630 ejus
1383 2598 1494 2623 nomine
1507 2616 1514 2627 ,
1535 2597 1710 2631 parentibus,

925 2632 1066 2664 versibus,
1084 2637 1112 2657 et
1126 2639 1194 2658 saxo
1210 2632 1280 2658 unde
1295 2633 1405 2658 oracula
1421 2633 1526 2658 fudisse
1541 2632 1711 2666 perhibetur,

924 2669 1039 2702 plurima
1055 2672 1150 2694 narrat
1165 2667 1317 2693 Pausanias
1332 2666 1352 2698 ‘,
1370 2675 1431 2700 qua:
1444 2668 1555 2700 quidem
1571 2669 1635 2699 quia
1653 2667 1712 2694 lon-

924 2711 999 2736 giora
1014 2709 1079 2729 sunt
1091 2722 1098 2734 ,
1116 2707 1143 2729 et
1161 2702 1242 2729 facile
1264 2711 1279 2729 a
1304 2702 1425 2737 quolibet
1443 2703 1470 2729 1ιι
1487 2703 1545 2736 ejus
1563 2702 1634 2730 libro
1647 2711 1710 2737 pos—

1346 2793 1366 2809 "
1378 2793 1454 2829 Orig.
1468 2794 1514 2820 lib.
1524 2802 1543 2820 ιι
1553 2793 1710 2826 Periarch.,

1335 2829 1357 2844 9’
1379 2830 1481 2856 Strom.
1501 2829 1547 2855 lib.
1560 2837 1588 2859 ν,
1604 2836 1630 2864 p'.
1646 2830 1708 2855 51111.

1359 2865 1381 2880 νδ
1403 2866 1504 2890 Strom.
1523 2864 1538 2891 l.
1553 2872 1588 2897 vr,
1601 2872 1625 2898 p.
1643 2864 1706 2890 bili.

1028 2901 1050 2914 ⁸⁸
1069 2899 1171 2927 Strom.
1189 2900 1206 2926 1.
1224 2908 1249 2932 ι,
1266 2908 1292 2933 p.
1309 2900 1372 2926 39.0.
1425 2900 1448 2914 ⁹⁰
1469 2899 1526 2926 Lib.
1549 2907 1568 2926 tt
1585 2901 1686 2934 Appar.
1698 2917 1706 2930 ,

1080 2937 1089 2952 ³
1109 2935 1168 2962 Lib.
1182 2944 1197 2962 x
1215 2935 1299 2963 l’ltoc.
1313 2955 1320 2968 ,
1340 2943 1366 2969 p.
1386 2934 1448 2962 327.
