1924 3072
92 156 157 185 1109

686 155 730 182 DE
753 154 863 182 LlDRlS
883 153 1106 182 STROMATUM.

1641 153 1710 180 9H0

91 219 178 240 autem
198 213 233 240 de
251 214 389 241 hominum
407 214 554 241 traditione
572 214 700 248 loquatur
714 214 874 248 Apostolus,
890 215 912 242 Α
928 214 1075 243 tradilione
1093 213 1221 240 didicisse
1236 221 1289 247 qtio
1306 213 1401 240 ordine
1420 214 1519 247 scripta
1539 219 1600 240 sunt
1618 214 1708 241 Evan-

91 250 127 276 sic
148 248 276 276 Clemens
294 250 420 276 edisserit
438 249 477 276 ul:
491 259 500 275 t
518 249 705 277 Traditionem
726 250 873 276 humanam

91 291 204 310 canoras
226 284 290 311 dicit
314 292 416 318 nugas.
440 292 500 317 qum
519 289 664 311 versantur
687 286 712 311 in
736 285 871 311 oratione.

91 319 270 352 Quamobrem
287 319 331 346 ille
346 327 452 353 quoqtie
466 320 580 346 scribit:
592 319 730 349 Jiiniorcs.
743 320 873 353 quaestio-

92 362 137 380 nes
153 354 235 389 fugite
249 354 282 383 ’⁸.
295 358 357 381 sunt
370 355 442 381 enim
457 354 577 388 pueriles
593 354 745 386 huiusmodi
760 360 874 381 conten-

93 390 186 425 tiones.
200 399 210 414 ι
227 389 369 425 Ιηγϐιτιξσο
393 389 541 425 Clementis
563 393 637 416 textu
663 390 800 423 legimus:
824 389 873 425 τὴν

89 423 338 460 ᾎογικὴγγτερορίαν
349 424 434 459 λέγει.
450 423 611 460 Voxrautcui
625 425 738 460 τερθρία
752 433 798 451 seti
813 423 874 460 τερ-

89 458 164 496 ορεια
182 458 253 496 idem
269 458 359 496 Snidte
376 458 503 496 s’onatrac
517 458 677 493 λεπτοὶ-ογίά
688 458 698 491 ,'
711 460 766 496 hoc?
779 465 820 486 est
840 458 874 487 de

91 494 169 520 robiis
184 494 288 521 minimi
305 495 433 521 tnomenti
450 495 609 528 disputatio.
626 496 691 528 ane
703 495 812 528 quidem
826 502 874 522 ex-

90 529 195 563 plicatio
208 537 222 555 a
237 529 384 556 Clementis
399 537 481 556 sensti
498 530 587 556 aliena
605 539 656 558 non
672 531 789 557 videtur.
807 529 872 556 Nam

90 565 131 601 ille
147 569 264 591 mentem
279 573 355 601 suam
370 565 471 592 clarius
493 566 636 598 aperiens,
659 566 729 592 hanc
744 565 873 601 τερορὶαν

91 600 157 626 idem
174 607 204 625 ac
217 600 347 632 pueriles.
363 608 408 627 seti
423 607 508 626 novas
523 601 662 627 hominum
674 601 707 627 de
725 601 805 626 rebus
816 601 874 626 exi-

91 635 147 668 guis
164 635 310 661 verborum
329 636 519 662 contentiones
535 643 596 668 esse
615 636 684 662 haud
701 635 818 661 obscure
834 635 871 662 si-

91 669 208 703 gnificat.
226 671 268 697 Ab
283 670 439 696 hominibus
454 676 544 697 alitem
561 671 725 697 Christianis
741 670 800 697 illas
814 677 873 697 om-

92 707 153 731 nino
166 705 291 731 viiandas
307 709 335 731 et
348 706 531 738 repudiandas
547 713 607 732 esse
622 706 732 732 asserit.

122 739 196 765 Alias
218 747 302 773 porro
326 741 489 767 traditiones
509 740 542 766 ab
559 741 691 775 apostolis
704 740 872 775 Christoque

91 774 198 800 Dotnino
212 775 244 802 ad
259 775 383 802 homines
397 775 559 809 profluxisse
573 776 635 802 dicit
645 796 652 805 .
664 783 731 810 quas
746 775 782 802 illi
797 776 872 802 dein—

90 817 150 842 ceps
163 817 212 835 suo
226 810 327 843 qtiique
345 810 443 836 ordine
457 818 470 835 a
486 810 635 843 majoribus
657 811 712 838 sitis
733 817 787 837 non
802 810 871 837 scri-

91 849 143 880 pto,
160 844 207 871 sed
229 845 314 872 verbo
338 850 512 880 acceperant.
538 846 679 880 Magistros
694 845 792 880 quippe
807 853 870 872 suos

925 249 994 283 gelia
1005 269 1012 282 ,
1036 254 1062 276 et
1076 254 1173 282 prteter
1189 253 1307 282 quattuor
1328 249 1353 275 in
1369 249 1497 276 omnibus
1515 248 1645 276 Ecclesiis
1665 257 1709 276 re-

925 290 1002 317 ccpta
1013 305 1019 316 ,
1037 284 1141 311 nullum
1157 284 1230 310 aliud
1245 283 1455 310 admittendum.

961 319 1166 346 Traditionilius
1183 326 1266 352 porro
1286 319 1472 352 hujuscemodi
1487 339 1494 349 ,
1512 327 1573 352 quae
1590 319 1624 345 ali
1642 326 1708 353 apo—

925 355 1001 381 stolis
1021 359 1102 388 atque
1122 355 1203 380 e'iatn
1220 362 1233 380 a
1250 354 1359 380 Christo
1377 353 1488 380 Domino
1506 360 1685 381 tnatiavernnt
1697 374 1706 386 ,

925 390 1073 416 maximam
1098 390 1280 416 reverentiam
1302 397 1493 422 summumque
1517 389 1647 416 tumorem
1661 389 1708 415 dc~

925 425 1003 456 beri,
1030 431 1109 451 nemo
1137 425 1187 450 nisi
1217 425 1312 452 insano
1336 431 1428 451 errore
1454 424 1532 458 plane
1547 425 1705 452 obcaecatus

925 467 1044 495 unquam
1061 460 1211 494 negaverit.

955 493 979 525 .'
1069 493 1108 530 ς
1138 495 1216 530 163
1236 493 1492 521 ARTICULUSIV.

924 528 963 556 De
981 537 1050 556 item
1065 528 1209 559 Ecclesia-2
1226 537 1329 556 sacrum
1345 530 1440 556 divinit'
1456 529 1609 556 traditionis
1624 529 1705 564 depo-

1000 565 1081 592 situm
1096 564 1280 594 cttstudienlis.
1296 565 1364 591 natis
1381 570 1404 591 et
1421 564 1626 591 characteribm.

959 599 1072 626 Sacrum
1091 599 1254 626 Christianae
1272 599 1344 626 illius
1359 600 1488 626 doctrina:
1499 619 1506 629 .
1523 600 1556 625 ad
1572 608 1621 626 nos
1637 600 1706 627 divi-

923 635 966 662 nis
983 642 1044 662 cnm
1063 635 1216 668 Scriptiiris
1232 639 1287 660 tum
1307 635 1499 661 traditionibus
1516 634 1703 668 transmisste,

923 670 1076 704 depositum
1099 669 1133 695 ab
1155 669 1274 696 Ecclesia
1301 669 1433 696 catholica
1459 669 1597 703 integrum
1614 670 1705 698 illiba-

924 711 1034 739 tumqiie
1048 705 1150 731 servari
1164 709 1238 731 extra
1251 712 1356 730 omnem
1371 705 1476 738 penitus
1489 706 1703 733 controversiam

923 741 1040 774 positum
1058 745 1109 766 est.
1129 739 1163 766 At
1177 747 1237 773 qua:
1252 740 1287 766 sit
1302 747 1364 766 vera
1379 739 1423 766 illa
1437 739 1557 767 Ecclesia
1568 761 1574 772 ,
1590 749 1622 767 ac
1637 750 1705 775 quo-

923 775 1018 811 modo,
1030 775 1290 811 quibusvenoiisac
1306 775 1510 811 citat-actoribus
1521 776 1557 811 ab
1570 775 1621 801 alia
1638 784 1705 811 qua—

924 810 989 837 libet
1002 810 1068 836 falsa
1082 815 1107 835 et.
1118 809 1292 837 schismatica
1304 809 1409 835 secerni
1424 815 1450 835 ct
1464 809 1592 843 distingui
1605 809 1704 844 possit.

922 845 1075 872 luculenter
1087 845 1213 872 Clemens
1229 850 1324 871 noster
1338 844 1456 877 explicat
1470 844 1492 860 “
1508 852 1515 870 :
1530 855 1539 870 ι
1554 845 1704 874 Ecclesiani

91 879 212 918 Clemens
227 881 358 918 praedicat
373 881 395 896 ὀ
408 879 415 906 ξ
428 879 500 918 chi
527 879 617 907 veram
631 900 638 912 ,
654 879 763 918 inquit,
785 880 870 918 beata:
886 890 907 918 Β
923 885 1033 918 autem,
1047 880 1135 915 inquit
1148 879 1208 918 ille,
1224 879 1380 918 nou__lociim
1392 898 1400 910 ,
1414 879 1460 906 sed
1474 879 1625 907 electorum
1638 889 1704 918 cgn-

90 915 216 941 doctrinte
228 916 375 942 servabant
391 916 563 942 traditionem
575 935 583 948 ,
596 916 747 948 παράδοσιν
756 936 763 948 ,
777 916 868 941 statim

91 957 104 975 a
119 949 214 979 Petro.
230 955 256 976 et
272 949 392 981 Iacobo.
411 955 437 978 et
456 950 560 977 Joanne
573 970 580 982 ,
597 955 624 977 et
639 949 726 978 Paulo
738 970 746 984 ,
767 951 870 978 sanctis

93 985 239 1021 apostolis:
257 985 293 1011 ita
313 991 342 1012 ttt
361 985 432 1012 ﬁlius
453 986 590 1021 acciperet
608 993 621 1012 a
640 991 716 1021 patre
730 1005 737 1012 .
750 1006 758 1013 .
772 1005 779 1012 .
793 1004 800 1011 .
815 1005 822 1011 .
840 1003 848 1012 .
861 1005 868 1012 .

91 1020 121 1045 ad
146 1027 194 1046 nos
217 1027 344 1054 quoque,
367 1021 423 1048 Deo
437 1020 562 1052 volente,
581 1020 764 1054 pervenerunt
790 1021 834 1048 illa
855 1028 869 1046 a

92 1054 235 1088 majoribus
251 1056 313 1081 data
335 1060 360 1082 et
381 1055 528 1090 apostolica
552 1056 703 1090 deposituri
724 1056 838 1082 semina.
855 1064 865 1080 ι

90 1091 108 1116 Α
131 1091 343 1125 pmceptoribus
355 1091 445 1124 itaque
461 1091 535 1122 suis,
551 1091 597 1125 qui
613 1091 796 1125 apostolorum
813 1091 870 1117 dis-

90 1125 166 1158 cipuli
186 1124 311 1156 fuerant,
327 1126 468 1155 Clctuetis,
496 1124 648 1157 tion’soctis
661 1131 741 1160 atque
756 1125 801 1152 alii
815 1133 870 1152 sum

92 1160 175 1186 :etatis
190 1160 340 1187 Christiani
355 1180 361 1192 ,
378 1161 483 1194 accepit
496 1161 729 1195 quemadmodum
757 1161 830 1188 [ilius
854 1169 869 1187 a

91 1199 178 1227 patre,
194 1203 248 1222 non
265 1195 351 1222 soluto
369 1197 472 1229 scripto
483 1216 489 1227 ,
508 1197 553 1223 sed
571 1197 652 1224 etiam
666 1197 748 1224 verbo
762 1197 869 1223 beatam

91 1230 216 1265 doctrinm
233 1230 399 1265 evangelica:
415 1231 603 1258 traditionem.

122 1264 174 1291 Cur
185 1271 279 1292 autent
293 1264 407 1300 apostoli
423 1266 561 1300 discipulis
589 1266 660 1296 suis.
677 1270 704 1293 et
725 1265 752 1292 lii
771 1265 868 1292 deinde

91 1299 149 1326 aliis
165 1301 293 1333 qutedatn
311 1309 362 1327 non
379 1299 499 1335 scripto;
522 1302 569 1328 sed
586 1301 669 1328 verbo
690 1301 869 1332 tradiderint,

91 1334 156 1361 banc
169 1335 212 1362 ille
222 1335 355 1362 rationem
367 1334 445 1370 paqu
461 1340 520 1370 post
533 1337 646 1363 reddidit
659 1336 698 1361 εις
715 1345 723 1361 t
733 1335 792 1362 .latn
804 1343 870 1362 vero

93 1377 141 1396 non
157 1370 290 1397 revelavit
306 1371 397 1398 multis
411 1378 442 1398 ea
453 1390 460 1402 ,
474 1379 533 1405 quat
549 1379 602 1398 non
618 1375 698 1398 erant
711 1371 869 1403 iiinltorutti,

92 1405 134 1430 sed
157 1406 271 1439 paucis,
293 1406 392 1440 quibus
416 1407 519 1433 sciebat
542 1407 705 1438 conrenire,
724 1407 769 1439 qui
790 1411 818 1432 et
838 1413 868 1432 ca

93 1446 195 1472 possent
211 1441 353 1474 accipere,
374 1446 402 1468 et
425 1448 457 1467 ex
475 1441 506 1467 iis
526 1441 681 1468 informari.
700 1441 805 1467 Arcana
821 1449 871 1467 au-

93 1479 141 1500 tem
153 1494 160 1503 .
176 1476 246 1501 sicut
265 1476 355 1507 Dens,
370 1476 452 1502 verbo
467 1477 628 1508 creduntur,
651 1484 704 1504 non
727 1476 838 1508 scripto.
857 1485 866 1502 ι

91 1508 128 1547 Tit
139 1509 166 1536 δὲ
175 1510 322 1547 ’ἁπὸρῤητα
333 1530 340 1542 ,
354 1510 479 1546 καθάπερ
490 1512 504 1538 ὁ
514 1511 580 1543 Θεὸς
590 1530 597 1543 ,
611 1511 681 1547 λόγῳ
695 1510 868 1544 πιστεύεται,

91 1545 118 1570 οὺ
125 1545 285 1581 -γράμμᾱιέιέ

125 1579 171 1606 Litt
187 1579 283 1608 autem
302 1581 356 1608 alio
381 1581 408 1608 in
435 1581 504 1608 libro
519 1581 542 1596 ¹¹
559 1589 591 1608 ex
614 1581 733 1616 Apostoli
759 1581 791 1607 ad
816 1582 867 1608 Co-

92 1614 222 1642 lossetises
243 1617 411 1648 scribentis,
435 1617 526 1643 verbis
547 1614 646 1650 probat
669 1624 722 1643 iioti
746 1616 868 1642 omnium

92 1657 147 1686 esse
160 1651 365 1685 cognitionem,
386 1652 421 1678 ibi
437 1650 611 1678 continenter
629 1653 686 1678 inec
708 1651 846 1686 subjungit
861 1661 867 1678 :

94 1693 103 1709 t
113 1684 167 1712 lam
182 1684 254 1712 enim
269 1692 361 1717 erant,
375 1695 435 1721 qua:
448 1686 622 1722 tradebantur
635 1686 755 1713 llebra-is
765 1705 771 1717 ,
784 1684 870 1722 ὰῨρά-

92 1728 159 1753 φως,
182 1721 241 1747 sine
268 1722 387 1756 scriptis.
404 1731 413 1747 ι
432 1722 473 1748 Ab
497 1721 616 1754 Apostoli
643 1722 724 1756 igitur
749 1725 869 1756 tempore

91 1761 163 1791 erant
176 1756 300 1790 quaedam
318 1757 457 1791 religimiis
473 1761 573 1783 nostra:
597 1755 695 1790 placita
707 1777 714 1787 ,
735 1763 793 1789 qua:
816 1755 870 1782 lle-

92 1789 165 1817 bi-tcis
178 1789 295 1826 aliisque
308 1789 491 1818 Christianam
509 1789 798 1826 tidein’profitentibus
811 1793 869 1819 sine

92 1826 185 1858 scripto
197 1845 204 1857 ,
220 1828 268 1853 sed
283 1826 341 1853 viva
356 1834 421 1853 vece
435 1826 621 1853 tradebantur.

124 1859 255 1888 Praeterea
272 1861 397 1888 Clemens
415 1862 557 1888 limi-eticos
569 1881 575 1893 ,
596 1861 641 1895 qui
666 1867 771 1888 sacram
792 1860 870 1887 Scri-

92 1899 190 1928 pturatn
214 1904 264 1930 pro
291 1897 395 1923 Domini
421 1897 553 1931 dignitate
579 1901 606 1922 et
625 1897 771 1923 secundum
797 1896 867 1931 piant

92 1932 268 1960 apostolorum
281 1930 522 1958 traditionem’non
542 1932 798 1965 interpretabantur,
817 1930 868 1957 hoc

92 1972 243 2006 argumento
252 1966 375 2006 coiil'utat
383 1967 404 2006 ’ξ
416 1976 421 1993 :
433 1966 658 2006 Παρσὲατᾳοήξεη
673 1965 869 2006 γὰρρποδιςξος

93 1999 153 2036 μένη
169 2000 241 2035 Θεῷ,
261 2002 277 2035 ὴ
292 2001 362 2028 κατὰ
376 2001 425 2036 τὴν
439 1999 486 2027 τοῦ
503 2002 604 2035 Κυρίου
612 1999 791 2027 ’διδαὰκίιλίαν
804 2020 811 2032 ,
825 2000 870 2026 διὰ

91 2035 138 2061 τῶν
149 2036 304 2063 ἀποστόλων
317 2035 462 2071 αὑτοῦτῆς
471 2036 612 2067 θεοσεϐοῦς
622 2037 795 2071 παραδόσεως
809 2035 870 2061 σύν-

92 2070 143 2101 εσις
161 2080 189 2098 τε
211 2073 259 2098 καὶ
276 2070 452 2106 συνάσκησιςζ
477 2081 485 2096 t
505 2070 669 2106 Deposilntn’
685 2073 772 2103 cnim,
798 2071 869 2103 quod

94 2106 142 2132 Deo
154 2108 286 2138 redditur.
301 2112 343 2133 est
355 2107 548 2133 convenienter
563 2107 667 2133 Dotiiiiii
683 2107 813 2133 doctrinae
821 2113 869 2138 per

92 2140 144 2174 ejus
162 2142 349 2176 apostolorum
367 2142 437 2175 piam
455 2142 627 2168 traditionem
646 2142 824 2175 intelligentia
841 2145 870 2167 et

92 2177 256 2203 exercitatio.
272 2177 360 2209 )Quid
379 2181 468 2203 autem
488 2182 547 2204 crat
566 2177 608 2203 illa
624 2177 667 2211 pia
685 2176 869 2211 apostolorum

92 2211 120 2236 de
141 2219 204 2253 vero
225 2212 476 2255 Scripturaa'sensu
493 2212 621 2244 traditio,
641 2212 693 2255 nisi
714 2219 775 2251 vera
788 2211 865 2251 illius
882 2229 903 2255 D

92 2247 236 2279 expositio,
256 2254 337 2281 quant
364 2247 510 2280 discipulos
537 2254 600 2273 suos
627 2247 669 2272 vel
695 2246 809 2280 privatis
837 2246 862 2272 itt

92 2281 224 2314 colloquiis
235 2302 241 2313 ,
263 2282 303 2308 vel
318 2281 431 2315 publicis
449 2282 475 2308 iti
494 2282 673 2309 concionibus
689 2283 786 2308 docere
803 2288 864 2307 cou-

92 2318 248 2344 intererant?

122 2351 210 2385 Neque
225 2352 252 2378 iti
270 2352 311 2378 his
327 2351 514 2379 tantummodo
528 2351 689 2378 Stromatitm
703 2351 781 2378 libris
794 2350 864 2376 divi—

93 2393 136 2412 nas
151 2387 207 2413 illas
225 2388 384 2414 traditiones
398 2388 569 2413 commendat
583 2393 611 2413 et
627 2392 726 2417 tuetur,
744 2386 790 2412 sed
807 2385 863 2412 Eu-

92 2421 162 2447 sebio
181 2427 249 2449 trslc
266 2422 310 2448 '5:
327 2431 336 2447 ‹
352 2422 379 2448 lit
398 2423 466 2448 libro
479 2430 559 2456 quem
579 2423 612 2448 de
631 2423 730 2456 pascha
751 2428 861 2454 compo-

92 2455 139 2482 suit
165 2463 287 2484 coactutn
312 2465 342 2484 se
364 2455 516 2483 allirmat'a
543 2455 722 2482 familiaribus
744 2457 818 2487 suis,
833 2460 862 2481 tit

93 2492 246 2519 traditiones
258 2512 265 2524 ,
280 2500 348 2526 quas
365 2493 398 2518 ab
413 2492 614 2525 antiquioribus
630 2491 796 2525 presbyteris
813 2498 861 2516 ac-

92 2531 210 2558 ceperat,
227 2528 342 2561 scriptas
356 2528 472 2561 posteris
489 2527 639 2561 tiiaiidaret.
659 2536 667 2551 ι
686 2526 863 2559 Atitiquiores

92 2566 173 2587 autem
186 2562 222 2588 illi
238 2560 409 2597 presbyteri,
423 2567 451 2587 tit
467 2562 564 2587 ibidem
579 2560 711 2587 Eusebius
723 2562 861 2597 observat,

92 2595 266 2628 apostolorum
281 2595 360 2624 erant
372 2597 495 2630 discipuli
507 2616 514 2627 ,
530 2597 575 2630 qui
593 2598 641 2623 bas
657 2597 814 2622 traditiones
829 2595 863 2621 ab

92 2629 182 2657 iisdem
200 2633 348 2666 apostolis,
367 2633 436 2658 sicut
452 2637 479 2657 et
492 2632 516 2657 lii
533 2629 547 2657 ti
563 2631 673 2658 Christo
688 2634 860 2664 acceperant.

125 2666 240 2699 Denique
257 2676 289 2694 ex
308 2669 401 2694 eodem
420 2666 535 2692 Eusebio
552 2666 676 2700 superius
691 2667 863 2692 animadver—

93 2700 170 2727 timus
185 2702 208 2717 "
225 2702 390 2729 Clementem
408 2703 462 2727 alio
479 2703 504 2727 iii
521 2702 592 2728 libro
606 2722 612 2733 ,
634 2701 705 2728 siciit
720 2705 746 2727 et
765 2701 862 2734 Orige-

93 2742 166 2769 ncm,
183 2738 321 2764 testilicari
341 2746 370 2764 se
385 2745 418 2764 ex
441 2737 620 2764 vetustiorum
641 2737 861 2771 presbyterorum

123 2816 142 2831 ’⁸
161 2815 262 2844 Slrom.
278 2816 323 2842 lib.
341 2824 368 2847 i,
386 2824 410 2850 p.
425 2816 488 2843 295.

93 2858 114 2883 p.
130 2851 171 2877 57.
210 2851 233 2867 ’³
253 2851 311 2878 Lib.
333 2860 356 2877 \l
369 2871 375 2883 ,
396 2860 421 2885 p.
438 2852 501 2878 676.

94 2886 190 2919 p.7i5.
231 2886 458 2921 ⁵⁷1υ1‹1.ρ.76ι1.
496 2888 518 2904 υ
538 2887 739 2920 11›Ῑ(1.,ν.765.

527 2816 549 2831 ¹⁹
568 2815 587 2842 ll
604 2816 674 2842 Tim.
691 2824 710 2843 ii
722 2836 729 2847 ,
746 2815 792 2842 ‘25.

540 2851 562 2867 ”
581 2851 640 2878 Lib.
658 2859 682 2878 vi
702 2851 790 2881 llist..
807 2858 832 2877 c.
851 2851 897 2881 ‘13.

830 2816 852 2830 ‘°
873 2815 973 2843 Slrom.
992 2817 1039 2843 lib.
1058 2826 1086 2848 ι,
1102 2826 1127 2851 p.
1142 2819 1206 2846 ΞΗ.

921 913 1104 950 gregationem
1121 914 1236 948 appello.
1253 924 1262 941 ι
1278 913 1362 947 Hujus
1378 919 1467 940 autent
1479 934 1486 945 ,
1501 922 1561 949 quae
1575 923 1638 943 vere
1656 917 1703 944 Dei

922 950 1051 984 templum
1066 956 1122 981 est,
1139 951 1381 985 trespotissimum
1396 950 1516 983 assignat
1532 955 1626 981 notas,
1643 952 1704 985 qui-

920 986 971 1012 bus
989 985 1023 1011 ab
1039 985 1166 1012 omnibus
1180 984 1243 1011 aliis
1258 985 1518 1019 congregationibus
1537 984 1705 1014 manifestis-

921 1021 990 1048 sime
1004 1020 1181 1046 discernitur.
1199 1019 1287 1046 Primo
1302 1020 1373 1046 cnim
1385 1039 1392 1050 .
1408 1019 1454 1046 illa
1466 1025 1508 1047 est
1520 1022 1642 1048 omnium
1655 1030 1704 1049 att-

922 1055 1092 1089 tiquissittia,
1121 1059 1203 1089 atque
1223 1055 1351 1081 omnibus
1379 1055 1530 1082 literesibus
1556 1058 1700 1084 vetustior.

921 1090 1048 1117 Secundo
1059 1090 1093 1121 ⁵⁷,
1115 1090 1159 1116 illa
1182 1089 1252 1116 sicut
1273 1090 1389 1124 ipsemet
1407 1090 1487 1122 Deus,
1505 1099 1557 1117 una
1572 1098 1623 1122 est,
1642 1093 1701 1119 fidei

921 1126 1043 1158 scilicet,
1068 1130 1095 1152 et
1121 1125 1251 1151 doctrinae
1272 1125 1297 1151 iti
1319 1125 1405 1151 sacris
1427 1125 1577 1160 Scripttiris
1598 1128 1705 1154 traditae

922 1161 1042 1190 unitate.
1059 1167 1139 1195 quam
1163 1160 1243 1186 nulla:
1263 1167 1382 1195 unquam
1407 1160 1525 1187 hmreses
1547 1162 1703 1190 discindere

921 1200 948 1222 et
974 1195 1138 1233 labefactare
1171 1194 1461 1233 pottiertittt.__Tcrlio,
1488 1197 1702 1233 est_xa90).w.ﬁ.

925 1240 934 1255 t
946 1231 1080 1257 catholica
1091 1249 1099 1261 ,
1115 1239 1124 1255 ι
1135 1237 1180 1257 seu
1199 1229 1376 1266 universalis,
1392 1238 1452 1263 qua:
1469 1239 1520 1257 non
1538 1231 1564 1258 iii
1588 1229 1703 1266 quibus—

921 1266 982 1292 dam
1008 1270 1112 1292 tantuut
1135 1270 1213 1292 terra:
1234 1265 1371 1297 partibus,
1393 1265 1624 1299 quemadmodum
1648 1268 1704 1294 sin-

920 1300 989 1334 gnlre
1009 1300 1141 1333 litcreses,
1159 1300 1204 1326 sed
1221 1307 1269 1332 per
1285 1304 1369 1326 totum
1392 1301 1483 1326 iiitititli
1502 1302 1596 1328 orbem
1614 1303 1703 1330 disse-

922 1335 1035 1367 minata,
1053 1336 1178 1370 homines
1193 1335 1344 1362 seetindum
1364 1334 1411 1362 Dei
1429 1337 1596 1370 propositum
1615 1338 1704 1370 justos

921 1369 1120 1404 complectitur.
1145 1369 1208 1396 Sola
1234 1369 1318 1403 igitur
1341 1369 1384 1396 illa
1407 1378 1471 1396 vera
1495 1376 1537 1398 est
1560 1369 1702 1405 Ecclesia,

921 1412 1002 1439 quain
1016 1405 1142 1432 Clemens
1156 1405 1225 1431 hunc
1241 1409 1332 1438 postea
1349 1405 1374 1430 in
1390 1405 1498 1432 modum
1513 1407 1645 1434 describit
1656 1408 1678 1424 ⁸⁸
1694 1417 1700 1435 :

924 1448 933 1464 t
948 1440 982 1466 Et
997 1440 1148 1477 substantia
1166 1447 1248 1477 ergo,
1265 1444 1292 1466 et
1305 1440 1471 1477 cogitatione
1483 1461 1490 1473 ,
1506 1446 1535 1468 et
1549 1443 1682 1477 principio
1694 1464 1702 1474 .

920 1480 948 1511 et
964 1475 1127 1511 excellentia
1139 1474 1224 1502 solani
1243 1482 1302 1502 esse
1319 1475 1434 1502 dicimus
1457 1477 1596 1511 antiquam
1611 1474 1644 1505 et'
1656 1486 1702 1505 ca-

922 1510 1049 1537 tholicam
1067 1510 1215 1547 Ecclesiam
1237 1511 1263 1537 itt
1287 1511 1417 1547 unitatem
1431 1510 1621 1547 rllliitlsilidei,
1643 1521 1703 1547 qua;

921 1550 963 1572 est
987 1553 1019 1572 ex
1043 1546 1161 1580 propriis
1182 1546 1369 1578 testamentis,
1397 1546 1437 1574 vel
1458 1547 1547 1580 potius
1569 1554 1603 1574 ex
1618 1546 1702 1575 testa-

922 1581 1113 1618 tuent_o,_quod
1127 1585 1170 1608 est
1183 1589 1265 1607 itiintn
1279 1580 1589 1618 diversistemporibus.
1604 1584 1630 1610 in
1643 1584 1703 1618 qui-

921 1616 970 1642 bus
987 1615 1034 1642 Dei
1051 1615 1200 1653 voluntate
1224 1622 1272 1650 per
1290 1623 1377 1653 unum
1398 1616 1539 1643 Dottiitiittti
1555 1615 1704 1653 congregat

920 1658 985 1686 eos.
1010 1652 1056 1684 qui
1080 1655 1144 1677 sunt
1169 1650 1226 1683 jam
1247 1651 1381 1682 ordinati,
1405 1659 1474 1685 quos
1499 1650 1703 1686 praetiestitiaiiit

922 1685 1009 1717 Dens,
1038 1693 1099 1713 cum
1123 1693 1171 1712 eos
1195 1685 1417 1721 justoswfuturos
1441 1685 1610 1721 cognovisset
1637 1693 1701 1715 ante

921 1721 1011 1746 tiiuttdi
1025 1721 1275 1748 constitutionem.»
1285 1720 1353 1747 Tum
1367 1728 1432 1748 vero
1445 1720 1618 1750 continenter
1631 1724 1702 1751 illius

919 1755 1109 1783 excellentiam
1131 1757 1372 1790 prmstanliamqtie
1389 1757 1422 1782 ali
1443 1757 1492 1784 hac
1507 1759 1611 1786 unitate
1627 1767 1703 1786 com-

920 1791 1031 1828 mendat
1044 1799 1075 1828 :_t
1087 1790 1238 1828 Cancrum,
1253 1791 1341 1825 inquit
1351 1810 1359 1822 ,
1374 1791 1501 1828 Ecclesiae
1514 1801 1621 1828 quoque
1634 1795 1702 1821 emi-

920 1826 1009 1851 nentia
1021 1845 1028 1856 .
1042 1826 1112 1853 sicut
1125 1826 1289 1859 principium
1303 1826 1529 1857 cottstt'tictiouis.
1541 1826 1583 1855 est
1594 1837 1629 1856 cit
1643 1832 1703 1856 titti-

922 1865 976 1886 late
987 1880 995 1891 ,
1008 1860 1098 1886 omnia
1115 1861 1168 1886 alia
1183 1868 1333 1894 superatis,
1349 1865 1376 1887 et
1392 1862 1458 1887 nihil
1475 1862 1582 1891 habens
1596 1865 1646 1891 sibi
1663 1865 1701 1891 si-

921 1895 983 1921 mile
993 1915 1000 1925 .
1013 1895 1055 1922 vel
1068 1895 1181 1929 aequale.
1194 1904 1203 1920 ι
1217 1895 1291 1922 Verte
1310 1903 1391 1929 porro
1406 1897 1537 1924 Ecclesiai
1550 1900 1598 1925 has
1612 1905 1700 1926 certas

921 1938 952 1956 ac
967 1931 1077 1956 itiinitne
1100 1931 1198 1967 dubias
1218 1938 1287 1967 esse
1300 1936 1378 1957 notas
1389 1951 1396 1963 ,
1414 1939 1445 1958 ac
1463 1935 1588 1966 proprios
1603 1935 1699 1967 genui-

921 1972 1025 1998 tiosqiie
1041 1972 1102 1991 esse
1120 1965 1210 1997 illius,
1232 1966 1332 1999 quibus
1354 1975 1368 1991 a
1393 1965 1500 1994 caiteiis
1521 1968 1582 1995 aliis
1605 1965 1702 1996 distino

920 2001 1024 2033 guittir,
1040 2001 1215 2026 characteres
1226 2019 1234 2031 ,
1257 2008 1289 2026 co
1312 2000 1439 2028 Cleiuetis
1458 2007 1552 2029 noster
1566 2003 1701 2030 eﬁicacius

921 2035 1017 2068 probat
1027 2055 1034 2066 ,
1048 2042 1102 2068 quo
1117 2034 1217 2061 clarius
1231 2043 1261 2062 ea
1280 2036 1370 2061 omnia
1388 2036 1454 2062 nttlli
1472 2038 1578 2070 penitus
1592 2039 1701 2066 lucreti—

921 2077 1014 2096 corttm
1033 2075 1114 2096 secta:
1135 2071 1284 2096 convenire
1309 2071 1408 2096 ibidem
1430 2074 1560 2099 ostendit.
1580 2074 1612 2100 Et
1635 2081 1701 2100 vero

921 2112 1000 2138 quant
1016 2104 1113 2131 validis
1127 2105 1170 2130 illc
1183 2105 1350 2139 argumentis
1366 2113 1459 2132 omnes
1471 2107 1587 2135 btet-eses
1600 2113 1628 2135 et
1644 2109 1699 2135 INB-

921 2140 1022 2166 reticos
1036 2140 1092 2174 ipsa
1108 2147 1170 2166 vera
1189 2140 1309 2166 Ecclesia
1327 2141 1494 2169 recentiores
1509 2150 1570 2170 esse
1586 2145 1699 2170 convin-

921 2178 965 2200 cat
977 2195 984 2206 ,
1000 2174 1070 2201 infra
1087 2182 1102 2200 a
1118 2174 1196 2201 nobis
1211 2175 1453 2204 deinonstrabitur.

959 2209 1151 2248 [inauritaque
1164 2210 1294 2248 dtiiitaitat
1309 2211 1542 2248 liic_adjiciatnus.
1557 2214 1628 2247 quod
1642 2214 1700 2248 ipse

918 2245 1031 2271 tradidit
1046 2246 1081 2275 “,
1098 2253 1146 2270 nos
1160 2253 1170 2269 ι
1185 2252 1232 2278 per
1248 2245 1320 2278 ipsas
1346 2246 1501 2280 Scripturas
1523 2245 1629 2275 discere
1651 2245 1699 2275 ile—

918 2280 1097 2306 monstratire
1112 2280 1247 2313 quomodo
1262 2281 1344 2314 lapsae
1360 2286 1423 2307 Sllltl
1438 2283 1557 2310 btet-eses
1567 2303 1575 2315 ,
1588 2289 1616 2310 et
1633 2292 1697 2310 con-

918 2320 958 2352 tra
978 2316 1156 2352 quotnodorin
1179 2315 1236 2342 sola
1254 2316 1378 2352 veritate
1396 2320 1423 2342 et.
1443 2318 1559 2352 antiqua
1580 2318 1697 2345 Ecclesia

917 2350 953 2387 sit
969 2349 1299 2387 perfectissima_t-ogniiio
1315 2359 1321 2377 :
1339 2360 1348 2376 ι
1363 2351 1400 2378 Δι’
1414 2352 1502 2378 αὐτῶν
1514 2349 1572 2379 ’τῶν
1585 2353 1701 2387 Γραῳῶν

916 2384 1097 2423 ὲδςμαςδοᾲνειν
1116 2385 1328 2423 ᾁποὸειζίτικῶς,
1348 2386 1420 2423 ὅπως
1444 2387 1492 2422 μὲν
1506 2384 1701 2423 ὰπεσῳᾶλήσαν

917 2420 945 2464 ad;
965 2420 1104 2464 Saipsiestf‘,
1127 2421 1201 2462 (ξπωξ
1264 2421 1310 2463 καξ,
1325 2423 1354 2447 ἐν
1364 2420 1486 2464 μόνητῇ
1508 2420 1702 2464 dines—theta

914 2456 948 2492 τῇ
960 2455 1215 2491 ἀρχαίᾳῈχκλησίᾳ
1225 2456 1241 2490 ἦ
1253 2464 1282 2482 τε
1296 2455 1700 2492 ἀκριϐεστᾶτήγνῶὰις.’ν1ι1υδ

915 2490 997 2524 igitur
1014 2490 1290 2528 qitotiiodo’cletnens
1308 2490 1412 2525 repetat
1428 2498 1455 2519 et
1472 2490 1589 2521 inculcet
1604 2495 1700 2528 prteci-

915 2532 998 2562 puaiii
1012 2533 1083 2552 vera:
1100 2526 1228 2562 Ecclesiae
1244 2532 1334 2552 notam
1351 2535 1413 2554 esse
1431 2528 1505 2555 illius
1520 2536 1577 2562 prae
1591 2526 1700 2556 caeteris

916 2560 1041 2597 omnibus
1068 2561 1149 2587 sectis
1167 2561 1373 2597 antiquitatem.
1399 2564 1434 2589 At
1463 2560 1558 2591 sedulo
1587 2565 1701 2597 insuper

917 2596 1118 2622 animadvertas
1133 2595 1213 2622 velint
1227 2604 1306 2629 quatit
1321 2597 1423 2624 diserte
1443 2598 1486 2625 ille
1507 2595 1701 2627 asscveret‘ex

917 2629 1067 2664 St‘l‘iplllt'is
1090 2632 1176 2657 sacris
1199 2636 1274 2657 certo
1303 2637 1330 2658 et.
1357 2633 1498 2660 evidenter
1519 2635 1700 2661 demonstrari

916 2666 962 2698 qui
978 2666 1033 2692 sint
1050 2667 1237 2692 haereticorum
1254 2673 1362 2693 errores
1374 2688 1381 2698 ,
1397 2673 1424 2694 et
1450 2669 1476 2694 iii
1501 2670 1558 2695 sola
1581 2670 1699 2695 veritate

915 2705 944 2739 et
959 2700 1069 2734 antiqua
1088 2701 1206 2728 ECclcsia
1224 2700 1449 2736 perfectissimam
1472 2705 1585 2738 reperiri
1605 2705 1696 2738 cogni-

917 2739 1028 2763 lIUHelll.

1556 2821 1577 2836 ¹¹
1597 2820 1657 2847 Lib.
1673 2827 1700 2853 ν,

1422 2855 1443 2870 ¹¹
1464 2855 1565 2882 Slrom.
1582 2856 1630 2883 lib.
1647 2862 1702 2886 Yth

1254 2819 1275 2834 τι
1297 2818 1384 2851 lbid.,
1403 2827 1429 2854 ιι.
1445 2819 1507 2846 eis.

915 2860 940 2885 p.
1059 2855 1081 2869 "
1102 2855 1167 2890 Snp.
1187 2863 1209 2881 υ.
1228 2854 1260 2886 Il,
1279 2860 1330 2880 ait.
1346 2854 1373 2880 ﬂ.

777 2887 799 2902 "
819 2885 885 2914 Ibid.
898 2907 904 2919 ,
928 2896 952 2921 ν.
973 2887 1034 2916 755.
