1924 3072
45 164 113 191 ίιέθ

43 259 141 294 ptisma
152 260 230 293 quasi
244 260 354 294 triginta
367 267 498 287 anu0ruiu
508 260 539 287 ’⁸,
553 269 563 284 ι
577 260 706 286 continuo
718 259 829 294 subjun-

42 296 82 329 git
94 294 115 310 ⁸⁷
131 303 138 322 :
154 304 162 319 ι
187 294 220 320 Et
236 295 306 325 quod
332 302 403 321 auito
419 295 475 321 solo
490 298 626 327 oporteret
653 303 712 321 eum
732 295 829 328 praedi-

42 337 118 360 care.
134 329 181 356 καὶ
195 330 236 356 ὃτι
249 330 372 356 ἐνιαυτὸν
386 329 465 364 μόνον
479 329 532 356 ἔδει
543 329 623 356 αὐτὸν
635 329 764 365 κηρύξαι,
780 331 831 358 hoc

43 372 155 399 quoque
172 365 213 391 sic
233 366 362 397 scriptum
379 369 436 392 est:
455 365 559 391 Annum
577 365 762 398 acceptabilem
777 365 831 392 Do-

42 400 109 425 mini
125 399 299 433 pra-dimtitm
316 400 384 426 misit
405 407 445 426 me
457 401 490 426 ".
510 399 564 426 lloc
576 405 603 426 et
619 400 748 433 propheta
763 401 831 427 dixit

42 440 70 461 et
87 434 274 469 Evangeliuni.
290 433 388 467 Quinto
402 435 506 461 decimo
521 442 586 469 ergo
602 443 674 461 anno
689 434 789 462 Tiberii
803 440 832 462 et

42 470 142 502 quinto
158 469 265 496 dcciiuo
279 470 403 504 Augusti.
420 470 460 496 sic
477 470 623 504 implentur
638 469 748 503 triginta
765 471 830 498 anni

43 512 131 538 usque
158 505 191 530 ad
209 510 314 539 tempus
340 513 394 538 quo
421 512 515 538 passus
546 509 598 532 est.
618 514 628 531 ι
658 504 731 531 Nihil
757 511 832 532 certe

42 539 88 566 his
112 540 206 566 verbis
227 540 326 566 clarius
349 545 376 566 et
397 540 561 574 expressius.
587 539 683 566 Verum
700 547 755 574 quo
777 541 832 566 cla-

44 575 120 601 riora
138 574 360 606 evidentioraqne
381 579 462 606 sunt,
481 582 514 601 co
536 579 611 602 certe
632 574 729 609 majori
744 575 832 602 admi-

44 610 152 635 ratione
178 617 273 636 omnes
293 610 360 636 affici
377 611 485 637 debent.
512 610 610 643 Ecquis
623 617 689 636 vero
712 618 764 636 non
782 610 832 636 ιιιὶ-

43 645 151 671 rabitur
166 644 302 678 quomodo
322 645 411 679 quivis
433 645 604 672 Christianus
628 645 725 677 homo,
738 645 831 672 Evan-

43 679 182 715 gelioruni
203 680 320 708 lectione
335 680 375 706 vel
399 680 539 707 levissima
564 680 701 712 imbutus,
724 688 756 706 ac
769 688 833 715 pro-

43 715 109 740 inde
130 714 215 741 nitilto
231 715 318 748 magis
344 714 469 742 Clemens
489 719 599 746 noster,
624 719 678 741 tam
701 717 831 749 praeclara

42 748 201 776 eruditione
229 754 258 776 et
285 750 407 777 doctrina
438 750 583 782 excultus,
612 750 638 776 in
667 748 831 777 sententiam

43 784 141 810 iisdem
159 784 315 819 Evangeliis
330 786 398 813 adeo
410 785 576 813 contrariam
592 789 618 812 et
633 791 830 820 repugnantem

42 819 123 846 abire
138 820 258 852 potuerit
270 819 281 845 ?

79 855 194 881 Auctori
220 854 395 882 nihilominus
426 860 521 882 nostro
548 853 688 889 suli‘ragari
721 855 831 882 videtur

42 888 192 921 Origenes,
204 888 281 922 Cujus
293 891 348 917 lnrc
364 895 427 917 sunt
438 890 519 917 verba
527 891 549 907 ’θ
561 899 568 916 :
580 898 589 915 ι
602 888 730 917 Indicium
742 897 830 917 autem

42 925 140 950 etl‘usa:
157 925 252 958 gratia:
269 925 294 951 in
316 925 395 952 labiis
418 926 496 960 ejus,
519 926 568 953 hoc
592 931 634 952 est
659 926 730 959 quod
752 925 828 953 brevi

43 964 169 994 tempore
185 963 323 986 transacto
338 961 429 994 (anno
444 961 516 988 enim
533 966 561 987 et
574 961 675 994 aliquot
692 961 830 988 mensibus

41 992 162 1029 docuit)
188 992 448 1022 universus‘tanien
478 996 551 1023 Orbis
580 992 702 1022 doctrina
724 1001 751 1023 et
778 996 830 1023 fide

41 1030 156 1062 pietatis
174 1030 233 1063 ejus
250 1030 374 1064 impletus
389 1035 441 1058 est.
457 1040 467 1057 ι
488 1031 595 1057 Scimus
611 1030 718 1064 quidem
733 1031 787 1057 alio
801 1031 829 1058 iu

42 1064 116 1091 libro
127 1064 150 1080 '°
169 1065 240 1091 inter
255 1065 316 1099 ejus
338 1072 420 1099 opera
436 1066 509 1093 edito
526 1071 581 1092 tres
600 1072 686 1092 annos
706 1071 733 1092 et
748 1066 829 1093 dimi-

41 1099 120 1125 diuui
135 1100 238 1126 Christi
253 1101 488 1133 praedicationibus
507 1101 578 1127 ltunc
596 1100 622 1126 in
639 1103 747 1127 ntoduin
762 1102 831 1127 assi-

41 1141 94 1170 gna
102 1135 123 1160 ri
145 1143 152 1161 :
173 1144 182 1159 ι
194 1135 346 1170 Debuerant
361 1136 399 1166 lii,
414 1136 459 1170 qui
480 1140 535 1162 tres
554 1143 640 1162 annos
654 1140 681 1162 et
690 1135 830 1163 dimidium

42 1169 130 1196 fuisse
148 1170 286 1204 passionis
300 1169 350 1197 Joh
365 1169 502 1204 astrimnt,
518 1176 574 1197 tres
590 1178 696 1198 menses
712 1175 740 1197 et
752 1171 831 1198 dinii-

41 1205 120 1230 dium
136 1207 247 1236 dicere;
268 1210 297 1232 ut
313 1210 385 1232 certe
402 1206 443 1232 vel
455 1213 488 1233 ex
503 1210 578 1240 parte
594 1206 702 1232 veritati
716 1213 770 1232 non
788 1214 831 1233 re-

42 1240 190 1272 sisterent,
204 1245 231 1267 et
245 1241 414 1267 Dominicum
429 1241 581 1275 exemplum
597 1241 660 1267 illud
673 1241 831 1268 consimila-

42 1280 116 1310 rent.
136 1275 236 1302 Tribus
258 1283 376 1310 namque
399 1276 478 1302 annis
496 1281 522 1302 et
540 1276 651 1302 ditnidio
674 1276 831 1310 praedicavit

44 1309 178 1348 poniiiius
193 1309 364 1348 arbaptisiiio
389 1318 475 1345 usque
495 1309 714 1348 iiiipassionein.
728 1312 783 1348 iS‘ic
804 1315 831 1338 et.

44 1345 103 1377 ipsa
125 1345 241 1372 historia
264 1354 317 1372 non
336 1353 390 1373 tres
410 1353 495 1372 annos
516 1346 650 1379 signiﬁcat.
663 1366 670 1378 ,
686 1346 733 1373 sed
750 1346 832 1374 breve

44 1380 182 1407 mensium
208 1385 346 1411 tempus.»
372 1381 427 1408 Sed
456 1380 570 1414 hujusee
593 1382 830 1408 commendationis

43 1420 144 1451 auctor
156 1423 218 1442 cum
233 1415 302 1443 alius
314 1418 424 1443 omnino
436 1418 470 1443 ab
484 1417 600 1451 Origene
612 1417 658 1449 sit,
674 1417 738 1443 nulli
753 1417 832 1451 plane

44 1450 147 1477 mirum
164 1451 300 1478 videbitur
315 1453 337 1478 si
365 1460 379 1478 a
401 1451 469 1478 falsa
485 1451 543 1484 ejus
556 1452 682 1485 opinione
697 1450 830 1482 discedat.

43 1490 97 1521 aut?
106 1493 170 1512 eam
186 1487 302 1521 corrigat
318 1492 346 1514 et
358 1488 495 1514 emendet.

82 1520 273 1548 Tertullianus
287 1526 389 1554 tamen,
407 1521 478 1548 sicut
493 1521 635 1555 Origenes,
653 1521 759 1548 videtur
771 1521 832 1548 Cle—

45 1555 149 1591 mentis
171 1557 258 1583 nostri
282 1556 424 1584 sententiae
441 1558 482 1584 his
505 1558 596 1583 verbis
612 1557 774 1591 patrocinari
786 1556 828 1582 ³¹ε

47 1589 150 1627 {Post
165 1592 332 1626 Augustum,
347 1592 394 1626 qui
407 1593 556 1627 supervixit
579 1589 640 1626 post
661 1592 831 1618 nativitatem

44 1624 169 1658 Christi,
188 1624 250 1653 anui
266 1624 419 1658 quindecim
440 1624 616 1655 'ellicinntiir:
633 1627 678 1654 cui
700 1628 832 1654 successit

46 1659 178 1698 'l'ioerius
196 1662 302 1694 Caesar,
319 1667 348 1689 et
366 1664 508 1698 imperium
533 1662 720 1698 habuitraiuiis
735 1661 831 1696 viginti

46 1694 110 1726 duo,
128 1697 268 1723 mensibus
284 1705 386 1731 septem
396 1694 411 1730 ,⁷
421 1699 479 1725 dies
503 1705 612 1724 novem.
631 1696 715 1731 Hujus
738 1694 832 1731 quinto

46 1731 157 1768 decimo
169 1739 240 1759 anno
254 1733 359 1766 imperii
372 1741 467 1768 passus
481 1738 522 1760 est
532 1733 669 1764 Christus.
682 1740 768 1759 annos
783 1733 834 1759 lia-

46 1765 114 1792 bens
141 1768 220 1800 quasi
244 1765 352 1802 triginta
365 1765 380 1801 ,”
395 1776 457 1795 cuni
485 1773 632 1802 pateretur.
648 1777 657 1794 ι
673 1767 832 1794 Africanqu

47 1807 158 1836 quoque
183 1810 216 1829 ac
235 1802 408 1830 Lactantium
435 1803 601 1830 ’l‘ertulhano
619 1810 748 1830 assensos
772 1809 834 1830 esse

47 1836 108 1874 ideo
120 1837 232 1874 quidam
241 1839 328 1870 aiunt,
338 1839 400 1874 quia
410 1843 522 1872 uterQIie
533 1838 669 1874 Christum
678 1843 774 1872 quinto
785 1838 833 1874 de-

46 1871 116 1907 cimo
126 1871 230 1899 Tiberii
239 1881 312 1899 anno
320 1883 334 1900 a
347 1871 450 1901 ludaeis
459 1871 629 1900 interfectum
647 1871 790 1907 perhibent
799 1872 832 1900 ³¹.

48 1905 150 1943 Verum
175 1913 355 1942 praeterquam
369 1909 439 1943 quod
464 1910 490 1935 iu
505 1908 599 1935 Graeco
612 1905 733 1936 Africani
760 1913 833 1934 textu

48 1941 149 1974 legitur
161 1941 355 1971 ἐκκαιδέδὶατον
367 1941 522 1975 [decimum
539 1949 664 1975 sextum,
680 1944 726 1978 qui
742 1944 768 1969 iu
783 1951 834 1970 au-

49 1984 112 2015 uuui
129 1981 281 2004 secundum
303 1979 409 2015 Otymp.
425 1987 477 2007 ccu
501 1979 536 2006 ab
554 1979 598 2005 illo
620 1983 777 2006 memorata:
793 1979 835 2004 iii-

48 2012 124 2049 eidit,
140 2018 238 2040 neuter
261 2021 327 2042 sane
337 2012 393 2049 quo
409 2022 482 2042 anno
494 2014 619 2041 Christus
634 2019 758 2041 mortuus
780 2018 834 2045 est,

50 2047 148 2074 ibidem
165 2049 268 2076 delinit.

81 2083 138 2110 Fac
157 2089 247 2110 tamen
265 2084 324 2111 illos
338 2091 445 2117 omnes,
459 2089 541 2120 atque
554 2084 834 2118 etiamGaudentium,

49 2116 199 2145 Clementis
209 2121 295 2146 nostri
308 2120 429 2154 opinioni
444 2116 649 2153 subscripsisse,
664 2121 730 2146 nulli
744 2116 834 2146 tamen

49 2154 110 2179 inde
123 2162 186 2180 eam
201 2162 292 2180 veram
306 2163 366 2182 esse
380 2162 497 2189 unquam
513 2156 680 2189 probabitur.
694 2155 733 2181 Ex
748 2162 835 2182 sacris

49 2190 186 2221 siquidem
200 2189 354 2224 blvaiigelits
364 2190 445 2222 plane
458 2195 565 2217 constat
588 2191 638 2217 tria
652 2196 682 2217 ut
693 2191 835 2216 minimum

50 2231 64 2247 ι
78 2224 193 2251 Christo
207 2223 324 2252 Domino
343 2230 403 2259 post
415 2226 578 2259 baptismum
598 2227 740 2259 paschata,
753 2231 836 2260 atque

643 162 686 190 DE
706 162 817 191 LlBRIS
837 162 1060 191 STROMATUM.

43 224 157 260 protulit
169 224 250 251 Luca:
261 225 342 251 verba
354 234 361 252 :
378 233 387 250 α
398 223 430 251 Et
444 229 504 251 erat
516 223 595 251 Jcsus
611 225 722 252 veniens
736 226 769 251 ad
785 227 830 252 lia-
845 229 866 257 Α

1595 163 1664 191 “50

917 226 1009 259 Itaque
1026 224 1174 252 Clementis
1194 223 1279 251 nostri
1294 222 1478 255 hallucinatio,
1488 222 1598 259 tametsi
1613 231 1665 250 ex—

883 257 972 287 cusari
985 261 1096 287 omnino
1110 265 1238 294 nequeat,
1254 267 1287 286 eo
1300 264 1388 286 tamen
1403 267 1417 285 a
1435 258 1550 292 benigno
1564 257 1665 284 lectore

882 296 966 323 minui
983 295 1098 329 poterit,
1113 297 1184 330 quod
1202 295 1246 322 ille
1267 299 1411 330 postquam
1435 294 1573 330 Christum
1590 301 1664 330 anno

882 331 985 357 'l'iliciii
998 331 1105 358 decimo
1119 328 1213 365 quinto
1226 330 1299 357 cruci
1315 329 1397 356 fuisse
1417 328 1524 355 ailixuni
1541 328 1666 362 dixisset,

884 366 998 392 aliorum
1016 364 1139 393 rccensei.
1155 366 1306 399 opiniones.
1330 365 1376 399 qui
1400 365 1484 397 ipsius
1505 367 1619 399 mortem
1638 364 1664 391 iu

882 402 1093 435 Subsequenteni
1103 398 1203 427 annum
1220 398 1395 434 rejicicndam
1410 403 1581 435 putaverant.
1593 398 1666 425 Prte-

883 434 1038 462 statauteiu
1054 436 1168 470 ipsamet
1182 435 1330 462 Clementis
1349 435 1374 461 in
1392 435 1508 461 medium
1529 434 1665 470 adducere

883 471 976 503 verba,
993 469 1091 504 quibus
1106 475 1132 498 et
1146 470 1266 504 ejusdem
1280 469 1380 497 Christi
1400 470 1495 496 mortis
1509 475 1561 495 non
1578 469 1664 496 solum

883 513 981 537 annus,
997 505 1044 532 sed
1055 506 1135 532 etiam
1148 506 1205 532 dies
1215 505 1248 532 ab
1258 504 1309 532 illis
1317 505 1471 539 assignatus
1483 510 1664 532 memoratur:

885 549 894 566 ‹
914 540 947 568 Et
962 541 994 567 de
1009 540 1078 574 ejus,
1093 541 1181 574 inquit
1196 540 1239 567 ille
1250 539 1283 572 ³⁵,
1299 540 1423 574 passione
1437 539 1664 574 snlitiliusilisse-

884 581 993 606 rentes.
1018 573 1101 609 aliqui
1116 573 1225 610 quidem
1243 573 1320 601 sexto
1335 575 1441 610 decimo
1468 581 1539 610 anno
1564 573 1664 601 Tiberii

882 610 999 638 Caesaris
1009 630 1017 643 .
1033 610 1163 646 vigesimo
1177 611 1273 646 quinto
1285 609 1530 646 PlianemotliLalii
1546 616 1609 646 vero
1624 612 1664 635 vi-

884 646 987 680 gesimo
1002 644 1097 680 quinto
1110 644 1281 678 Pharniuthi,
1300 645 1345 672 alii
1364 652 1428 680 vero
1452 644 1610 680 Pharmutlii
1624 646 1665 672 vi-

885 679 989 716 ﬁesimo
1005 679 1076 708 nono
1092 680 1186 708 dicunt
1200 687 1383 716 passumresse
1397 679 1550 716 Dominum.
1567 687 1576 704 ι
1591 679 1624 716 At
1638 680 1664 716 hi

883 713 1005 748 nienses,
1022 716 1059 742 uti
1076 716 1131 751 jam
1155 724 1170 742 a
1196 713 1275 751 nobis
1294 715 1466 751 observatum
1479 734 1486 745 ,
1499 713 1664 751 _A§gyptiaci

881 755 963 780 sunt.
984 749 1099 785 quorum
1114 751 1217 786 primus
1236 749 1406 786 Phaueuioih
1421 749 1556 786 vigesimo
1572 749 1666 786 quinto

882 784 1046 818 Februarii,
1071 784 1209 813 secundus
1235 790 1326 812 autem
1357 784 1516 811 Pliarmuthi
1534 785 1666 818 vigesimo

881 821 998 854 septimo
1015 821 1103 848 Martii
1116 821 1222 847 initium
1238 819 1363 847 ducebat.
1380 820 1564 853 Quamobrem
1576 826 1609 846 ex
1623 820 1666 846 his

883 855 965 890 aliqui
982 856 1120 884 Christum
1147 855 1277 889 vigesima
1301 855 1388 889 prima
1416 854 1505 890 Martii
1530 855 1572 890 die
1588 874 1595 885 ,
1619 855 1665 881 alii

883 889 972 917 autem
987 892 1130 926 vigesima,
1147 895 1196 917 ant
1219 890 1345 926 vigesima
1361 894 1456 925 quarta
1479 889 1579 922 Aprilis
1593 897 1668 926 niur-

885 931 958 952 tuuiu
974 925 1034 953 esse
1048 926 1254 953 existimabant.
1273 925 1300 951 lu
1312 932 1394 959 quam
1407 932 1489 959 porro
1503 925 1666 952 sententiain

883 961 1007 988 Clemens
1027 961 1206 996 propendeat,
1222 961 1338 994 ipsemet
1353 961 1453 988 ibidem
1470 960 1579 994 penitus
1593 960 1664 996 silet.

883 995 1070 1023 Calerum’in
1095 1003 1128 1023 eo
1150 1003 1204 1030 quo
1229 995 1354 1022 Christus
1375 1000 1500 1022 mortuus
1526 999 1569 1022 est
1592 995 1667 1022 desir

884 1032 992 1065 gnando
1007 1031 1050 1058 die
1067 1030 1244 1058 eruditissimi
1260 1034 1361 1058 nostra;
1372 1035 1399 1057 et
1415 1030 1563 1063 superioris
1579 1031 1668 1057 relatis

883 1066 1032 1100 scriptores
1045 1074 1098 1092 non
1114 1073 1209 1100 parum
1224 1073 1238 1092 a
1253 1066 1350 1100 seipsis
1364 1065 1506 1093 dissident.
1520 1065 1571 1092 Alii
1584 1065 1669 1098 siqui-

883 1101 943 1127 dem
956 1109 988 1128 εχ
1003 1101 1151 1133 constanti,
1164 1105 1194 1127 ut
1209 1100 1297 1133 aiunt,
1311 1108 1360 1134 per
1372 1102 1421 1127 tria
1436 1100 1527 1134 priora
1541 1100 1669 1128 Ecclesia:

884 1137 983 1162 saicula
1002 1136 1147 1163 traditione
1163 1137 1207 1163 die
1226 1137 1354 1170 vigesima
1371 1136 1466 1170 quinta
1483 1134 1571 1161 Martii
1586 1155 1594 1168 ,
1621 1136 1667 1162 alit

883 1170 928 1197 die
942 1172 1072 1206 vigesima
1085 1172 1163 1198 tertia
1177 1171 1298 1204 ejusdem
1313 1172 1424 1206 mensis.
1439 1170 1485 1206 alii
1499 1171 1576 1197 tertia
1590 1171 1654 1204 Apri

884 1205 928 1235 lis.
943 1207 984 1233 vel
999 1207 1082 1233 etiam
1100 1206 1154 1233 alio
1169 1207 1212 1233 die
1226 1213 1288 1233 eum
1311 1213 1327 1232 a
1351 1205 1452 1232 .ludreis
1476 1205 1667 1240 interemptum

885 1240 969 1268 fuisse
986 1247 1154 1269 asseverant.
1180 1241 1231 1268 Sed
1257 1241 1341 1268 bacce
1358 1241 1391 1268 de
1405 1240 1554 1275 quaestione
1571 1245 1668 1274 praetcr

884 1276 984 1311 citatos
999 1284 1013 1302 a
1031 1277 1109 1303 nobis
1124 1276 1266 1311 superiore
1282 1275 1397 1303 articulo
1418 1280 1554 1307 auctores.
1572 1277 1669 1310 iegtTSlS

883 1309 998 1339 Gerardi
1021 1311 1105 1338 Vossii
1121 1309 1233 1338 dissert.
1252 1310 1290 1337 De
1303 1311 1380 1337 armis
1402 1311 1497 1345 quibus
1514 1309 1609 1343 natur;
1621 1311 1669 1336 ba-

903 1346 997 1373 tisatus
1012 1352 1036 1373 et
1054 1351 1174 1373 mortuus
1194 1351 1233 1373 est
1252 1345 1373 1373 Christus
1388 1365 1396 1378 ,
1410 1350 1438 1372 et
1457 1345 1620 1372 Henscbeuii
1636 1353 1669 1372 ac

907 1382 1062 1415 apebrochii
1077 1382 1110 1408 ad
1129 1382 1164 1409 25
1178 1381 1269 1408 Martii
1284 1382 1498 1408 obserVationes.

919 1414 1060 1444 Postremo
1085 1424 1168 1443 unum
1194 1421 1282 1443 restat
1304 1424 1319 1444 a
1344 1416 1421 1443 nobis
1448 1414 1669 1442 animadverten-

885 1451 959 1483 dum,
971 1453 1043 1487 quod
1054 1453 1087 1479 de
1098 1453 1193 1479 mortis
1202 1452 1302 1479 Christi
1315 1452 1380 1478 hora
1392 1450 1622 1487 Clemensaliculii
1633 1450 1666 1482 ⁸³,

885 1487 931 1512 sed
946 1484 1023 1520 quasi
1041 1495 1088 1521 per
1102 1492 1276 1513 transennam
1297 1487 1474 1520 perstrinxit:
1500 1484 1625 1521 Τοιοῦτόν
1640 1494 1668 1511 τι

885 1522 960 1558 καινή
977 1520 1128 1558 ἓκτηίῶρᾳ
1140 1521 1188 1558 τῆς
1207 1522 1339 1558 ᾳιιιτηρίου
1358 1520 1515 1558 οῑιεᾳνομίαςν
1530 1520 1670 1558 ἐμφαίνει,

884 1556 946 1583 καθ’
961 1557 994 1592 ῆν
1008 1556 1152 1592 ἐτελειώθη
1169 1557 1183 1583 ὁ
1200 1556 1352 1592 ἀνθρώπος.
1371 1566 1380 1582 ι
1393 1556 1458 1583 Tale
1472 1557 1536 1590 quid
1552 1558 1671 1583 ostendit

884 1592 966 1618 etiam
981 1594 1046 1619 hora
1063 1598 1139 1620 sexta
1152 1593 1281 1619 salutaris
1294 1592 1461 1624 oeconomiae,
1475 1599 1527 1626 qua
1543 1598 1671 1618 consum-

884 1633 973 1654 matus
986 1627 1036 1654 fuit
1049 1627 1139 1654 homo.
1153 1636 1162 1652 ι
1180 1627 1248 1660 Quid
1262 1633 1352 1654 autem
1370 1627 1412 1654 his
1425 1627 1515 1654 verbis
1530 1626 1602 1652 aliud
1617 1627 1669 1653 sibi

886 1662 944 1689 vult
958 1662 1095 1694 Clemens,
1114 1663 1164 1689 nisi
1179 1664 1317 1689 Christum
1336 1663 1401 1689 hora
1413 1667 1491 1689 sexta
1506 1662 1595 1696 egisse
1610 1663 1671 1688 ani-

885 1705 974 1729 mam,
998 1703 1204 1732 extremumque
1228 1698 1347 1725 edidisse
1377 1697 1501 1724 mortalis
1529 1704 1585 1723 sua:
1609 1697 1672 1723 vine

884 1733 1008 1768 spiritum
1018 1733 1030 1759 2
1218 1767 1221 1768 ν
1249 1753 1251 1755 ,

920 1768 974 1796 Nos
995 1768 1103 1803 quidem
1129 1775 1182 1795 non
1211 1767 1281 1803 fugit
1311 1772 1419 1802 quanta:
1437 1767 1464 1794 in
1493 1766 1674 1803 conciliandis

885 1803 1116 1838 evangehstarum
1130 1805 1163 1831 de
1175 1805 1226 1830 hac
1238 1811 1364 1838 suprema
1376 1803 1478 1830 Christi
1495 1803 1561 1830 hora
1576 1802 1672 1832 variis,

885 1837 968 1873 atque
983 1839 1023 1865 uti
1036 1840 1154 1871 videtur,
1175 1839 1226 1866 sibi
1244 1837 1359 1865 invicem
1378 1838 1511 1873 oppositis
1527 1837 1673 1873 sententiis

885 1872 1163 1907 et’narrationibus,
1179 1873 1351 1900 dillirultates
1371 1872 1530 1900 occurrant.
1555 1873 1591 1900 At
1612 1872 1674 1899 Cle-

886 1917 963 1936 mens
987 1908 1067 1944 174
1089 1909 1124 1936 ibi
1141 1917 1195 1936 non
1209 1910 1324 1935 obscure
1343 1909 1437 1944 innuit
1455 1907 1592 1944 Christum
1607 1912 1673 1944 ante

887 1946 981 1971 horam
999 1951 1103 1970 sextam
1121 1944 1197 1971 cruci
1223 1944 1307 1970 fuisse
1322 1943 1431 1970 aﬂixum
1445 1963 1454 1976 ,
1472 1947 1499 1970 et
1525 1943 1582 1976 ipsa
1606 1943 1672 1968 hora

886 1985 961 2006 sexta
978 1987 1010 2005 ex
1025 1979 1076 2005 hac
1090 1980 1146 2006 vita
1171 1979 1326 2006 recessisse.
1346 1977 1441 2006 Utrum
1455 1983 1544 2008 autem
1559 1984 1622 2004 vera
1638 1978 1675 2003 sit

886 2014 943 2041 lia-c
956 2014 1028 2040 illius
1042 2014 1147 2048 opinio,
1163 2019 1191 2041 et
1206 2014 1267 2040 inde
1281 2014 1369 2048 aliqua
1386 2013 1568 2048 evangelistas
1579 2019 1672 2048 secum

886 2050 1048 2076 conciliandi
1060 2047 1136 2076 ratio
1154 2047 1354 2083 suppeditetur,
1371 2047 1485 2076 aliorum
1499 2047 1613 2074 arbitrio
1629 2047 1674 2080 ju-

886 2085 1013 2118 dicioque
1025 2082 1227 2111 decernendum
1241 2084 1311 2110 ultro
1326 2084 1514 2119 relinquituus.
1531 2083 1581 2115 Qui
1595 2082 1673 2119 plura

886 2121 920 2146 de
938 2117 989 2146 hac
1007 2120 1158 2153 quaestione
1182 2119 1253 2146 scire
1278 2117 1415 2150 voluerit,
1445 2120 1467 2146 is
1493 2125 1583 2144 varios
1603 2117 1674 2153 legat

888 2152 1026 2189 Evangelii
1046 2155 1219 2189 interpretes,
1235 2158 1317 2188 atque
1330 2154 1510 2189 Augustinum
1526 2153 1573 2179 lib.
1590 2159 1619 2179 ιιι
1634 2152 1674 2189 De

888 2188 992 2216 censen.
1001 2197 1105 2224 euang.,
1114 2188 1174 2223 cap.
1186 2189 1229 2222 15,
1237 2188 1636 2224 auctorem'Cuiiimentarioruiii
1645 2188 1674 2212 iit

889 2224 1010 2252 Psalmos
1033 2223 1104 2258 apud
1129 2225 1336 2259 Hieronymum,
1359 2225 1384 2251 in
1405 2225 1473 2259 psal.
1490 2230 1592 2253 Lxxvu;
1609 2223 1673 2259 Sixf

51 2260 115 2285 adeo
140 2264 198 2286 tres
217 2265 246 2286 ut.
271 2256 413 2287 minimum
437 2256 524 2287 annos
535 2280 543 2291 ,
558 2256 607 2294 per
628 2268 697 2295 quos
718 2256 833 2294 publicis
853 2258 873 2285 D
888 2266 944 2287 tuin
961 2261 1026 2287 Sen.
1042 2256 1089 2287 liii.
1106 2268 1129 2287 νι
1144 2256 1282 2290 Biblioili.,
1296 2260 1389 2286 adnol.
1405 2256 1466 2291 i3l;
1480 2259 1625 2295 Barouium
1639 2256 1673 2282 ad

51 2296 229 2352 εοιιῖειῖδιιιιιιιδ
238 2300 265 2322 et
277 2296 514 2330 praedicationibus
526 2303 636 2329 operam
649 2295 734 2328 dedit,
749 2296 833 2322 fuisse

51 2334 99 2352 exn
111 2335 126 2352 e
139 2334 184 2352 os.

50 2334 80 2352 es
84 2333 184 2360 pictos.

85 2364 121 2388 At
137 2362 247 2396 rogabit
261 2364 375 2400 forsitan
395 2365 494 2400 aliquis
507 2373 556 2394 cur
568 2365 595 2393 in
613 2365 686 2392 hunc
696 2372 833 2396 errorem.

50 2404 136 2424 sacra:
157 2399 386 2432 evaiigelistarutn
413 2399 534 2428 historia:
558 2403 626 2428 adeo
649 2401 834 2432 contrarium,

52 2437 105 2470 tam
116 2433 321 2470 imprudenter
336 2437 460 2463 Clemens
477 2441 523 2463 aut
544 2438 589 2463 alii
606 2437 716 2470 quidam
734 2438 832 2462 eruditi

52 2468 362 2505 hominesimpegerint.
380 2470 476 2498 Facilis
490 2477 531 2499 est
548 2477 576 2499 ct
588 2468 667 2499 obvia
683 2471 832 2505 responsio.

52 2502 128 2529 l‘atet
141 2504 215 2530 enim
232 2502 305 2530 illum
321 2505 409 2536 exiis.
424 2514 484 2539 qua:
499 2509 611 2537 retulit,
626 2508 717 2533 citatis
728 2502 746 2532 ξι
760 2505 833 2532 Luca

51 2539 125 2565 lsaize
157 2540 260 2566 verbis:
282 2547 292 2564 ι
305 2540 411 2577 Atilium
427 2543 620 2577 acceptabilein
643 2542 747 2569 Domini
762 2549 832 2575 pra:-

51 2576 171 2599 uicatuui
195 2576 269 2601 misit
286 2582 330 2601 me
340 2574 380 2607 ³³,
399 2585 409 2600 ι
432 2577 459 2603 ιιι
476 2574 597 2604 animqu
618 2578 670 2609 sibi
692 2574 834 2603 induxisse

51 2610 188 2636 Christum
202 2611 394 2637 unoduutaxat
405 2617 464 2644 post
477 2613 639 2646 baptismum
651 2618 679 2639 et
693 2617 756 2638 alite
768 2619 839 2637 inor-

52 2647 103 2669 tcm
120 2652 204 2684 suam
233 2653 306 2672 anno
329 2647 452 2679 publicas
480 2650 551 2681 apud
575 2648 684 2676 Judaeos
709 2648 839 2674 habuisse

51 2686 207 2706 CUllClOIICS.

85 2762 108 2778 ¹⁶
128 2761 193 2788 Luc.
220 2768 261 2794 in,
275 2761 329 2798 723.;
362 2762 383 2777 ’⁷
402 2761 461 2789 Lib.
478 2770 486 2789 t
503 2762 604 2790 Strom.
620 2771 646 2798 p.
662 2763 726 2790 540.

51 2796 110 2828 Job,
128 2805 155 2832 p.
171 2797 235 2824 260.
273 2797 295 2812 "
309 2796 425 2829 Tertul.,
440 2799 486 2824 lib.
505 2800 567 2826 adv.
578 2796 684 2831 λιιι-ιε.
704 2799 745 2826 18.

52 2834 111 2858 mel.
126 2841 152 2859 c.
168 2839 206 2862 ix.
222 2841 249 2867 p.
268 2834 335 2865 NB;
351 2833 439 2866 Lact.,
458 2833 476 2859 l.
496 2841 532 2864 iv.
548 2842 572 2860 c.
592 2835 635 2861 to.

52 2867 72 2881 “
87 2869 189 2904 Strom.
205 2868 222 2894 l.
239 2876 288 2901 vn,
305 2877 331 2903 p.
348 2868 410 2894 656.
454 2868 475 2884 ³⁷
494 2869 612 2896 li..riiab.
631 2870 725 2904 epist.,
746 2877 772 2904 p.
788 2869 815 2895 6.

53 2909 78 2935 ν.
92 2904 162 2936 ὖὸυ;
179 2903 284 2938 l’rolog.
303 2912 330 2930 ιιι
345 2903 385 2930 1.ι
404 2905 441 2930 be
457 2905 502 2931 Iid.
518 2913 542 2932 c.
563 2906 605 2938 l8,
620 2903 725 2940 p.461.

172 2953 307 2985 ινιτιιοι..
340 2951 399 2981 (is.
430 2951 489 2984 1X.

763 2762 786 2778 ’°
801 2762 853 2789 Isa.
869 2770 923 2793 LXI.
937 2762 965 2788 2.

783 2799 805 2814 ³¹
816 2799 925 2829 Ειιδυυη
941 2799 957 2823 l.
975 2805 1021 2823 vtii
1039 2799 1176 2824 Uemonst.
1189 2806 1244 2830 ev.,

690 2834 712 2849 "
727 2835 778 2860 lsa.
793 2841 848 2864 ut,
863 2833 889 2859 2.

887 2302 988 2330 annum
1002 2295 1102 2322 Christi
1118 2296 1164 2326 54,
1180 2295 1194 2330 §
1209 2295 1260 2321 l6“)
1273 2299 1301 2321 ct
1313 2302 1403 2328 seqq.;
1419 2294 1557 2321 l’etaviuut
1571 2292 1617 2330 liii.
1634 2298 1671 2318 xtl

888 2329 926 2365 De
938 2331 1024 2356 ἄσειν.
1042 2325 1165 2365 tempor.,
1180 2325 1251 2364 vcap.
1266 2331 1298 2357 l9
1311 2338 1319 2362 ;
1335 2325 1458 2356 lia-illium
1473 2329 1519 2356 lib.
1535 2335 1555 2355 ιι
1579 2325 1673 2360 Operi:

887 2363 981 2391 liiuar.
996 2371 1020 2391 et
1037 2363 1141 2398 chrum,
1156 2370 1254 2400 quiest.
1273 2366 1318 2393 M.

924 2399 972 2426 llis
985 2400 1075 2426 obiter
1088 2396 1220 2426 addat-nus
1234 2400 1399 2427 Clementem
1410 2399 1444 2431 “,
1460 2398 1506 2426 ubi
1522 2397 1555 2425 de
1568 2396 1621 2424 518
1636 2398 1673 2422 A-

889 2435 989 2472 ιιι-διηρ-
999 2435 1164 2472 vernaculis,
1182 2436 1282 2469 quibus
1306 2436 1443 2472 captivum
1463 2434 1577 2460 fratrem
1589 2439 1673 2472 suum

889 2469 939 2496 Lot
963 2469 1097 2502 liberavit,
1114 2467 1234 2507 breviier
1255 2467 1376 2507 dispuiat
1388 2492 1395 2503 ,
1414 2471 1573 2507 observasse

888 2506 961 2531 illius
973 2508 1028 2539 τιη¹
1045 2505 1151 2531 numeri
1169 2507 1257 2540 prima
1269 2504 1360 2532 littera
1369 2513 1384 2530 τ
1394 2513 1502 2532 crucetu
1518 2504 1636 2540 Domini,
1647 2506 1675 2527 ct

887 2541 990 2566 duobus
1006 2538 1066 2566 aliis
1080 2549 1090 2566 ι
1101 2545 1129 2566 et
1139 2549 1157 2574 η
1170 2538 1261 2574 ipsius
1273 2548 1380 2567 sacrum
1396 2541 1459 2568 .lesu
1475 2548 1574 2566 nomen
1589 2538 1674 2572 signi—

889 2576 977 2602 ticari.
998 2577 1031 2602 At
1046 2575 1072 2601 id
1090 2576 1123 2601 ab
1143 2576 1188 2602 itlo
1201 2583 1234 2602 ex
1249 2576 1438 2610 antiquissima
1451 2596 1459 2607 ,
1475 2583 1564 2610 quani
1575 2574 1674 2610 saepius

891 2615 968 2641 citat.
987 2611 1115 2637 Darnabae
1128 2611 1243 2645 epistola
1251 2608 1424 2645 desuiupttun
1439 2608 1546 2637 videtur
1557 2609 1590 2637 ³⁷.
1607 2608 1674 2645 [liud

892 2653 1001 2680 quoque
1016 2642 1177 2673 Ambrosius
1194 2654 1247 2672 non
1263 2642 1393 2679 seuiel‘“,
1405 2650 1432 2673 et
1446 2645 1609 2672 Paschasius
1619 2642 1676 2680 illr-

893 2678 984 2707 clesia:
995 2680 1124 2707 Romanae
1133 2683 1263 2708 diac0nus
1274 2681 1308 2713 ”,
1318 2689 1365 2708 seu
1381 2678 1470 2717 potius
1487 2680 1603 2708 Faustus
1618 2678 1673 2705 Re-

1005 2763 1027 2778 "
1043 2761 1074 2788 L.
1089 2770 1114 2788 iv
1130 2761 1282 2795 Periarch.,
1298 2765 1359 2796 c.l,
1374 2771 1401 2798 p.
1416 2763 1478 2790 467.
1518 2764 1539 2779 ¹⁰
1553 2764 1578 2789 in
1596 2763 1641 2798 lib.
1654 2769 1674 2789 ιι

1256 2798 1269 2833 §
1284 2799 1311 2831 ‘2,
1327 2807 1353 2833 p.
1370 2797 1441 2831 589;
1456 2805 1483 2826 et
1498 2799 1571 2825 llier.
1584 2800 1609 2824 in
1623 2797 1676 2824 Da-

1161 2841 1191 2867 ρ.
1208 2833 1270 2861 540.
1326 2835 1349 2849 ³³
1365 2835 1467 2861 Strom.
1482 2835 1499 2861 l.
1518 2842 1554 2863 ιι,
1568 2842 1594 2867 p.
1611 2833 1673 2859 68$.

944 2833 966 2848 ³⁵
981 2834 1082 2859 Strom.
1097 2834 1115 2859 Ι.
1131 2841 1149 2865 ι,
1161 2841 1191 2865 p.
1208 2833 1270 2861 540.
1326 2835 1349 2849 ³³
1365 2835 1467 2861 Strom.
1482 2835 1499 2861 l.
1518 2842 1554 2863 ιι,

863 2869 885 2883 ³⁸
903 2868 1043 2899 ΑιιιὶιιὈις..
1060 2868 1099 2894 Ι.ι
1116 2869 1149 2895 de
1168 2869 1283 2900 Abrah.,
1302 2878 1328 2897 c.
1346 2869 1373 2901 5,
1386 2877 1413 2903 p.
1426 2869 1499 2902 287;
1518 2869 1536 2895 Ι.
1554 2875 1582 2901 ιι,
1603 2877 1628 2895 c.
1647 2868 1674 2900 ἶ,

765 2905 786 2920 ³³
803 2904 945 2936 l'aschas.,
961 2904 979 2931 l.
999 2911 1007 2930 i
1032 2904 1070 2931 De
1085 2904 1116 2930 δ.
1132 2904 1215 2938 Spin,
1228 2912 1253 2931 c.
1272 2906 1295 2931 l.

1492 2956 1530 2986 36
