1924 3072
247 142 312 172 “Si

255 213 348 233 zii-iiSIs
363 224 369 234 ,

247 215 369 238 pii-usis.
396 215 496 240 nmque
521 215 615 232 l'alﬂ's
639 215 776 233 urxeruni.
797 215 875 232 r-iura
902 215 970 232 nanc
1003 215 1028 231 in

247 248 314 269 rem.
331 241 352 267 si
371 239 463 272 libeat,
481 241 568 274 legere
582 241 682 274 poteris
696 241 884 268 animadversa
899 249 912 267 a
926 240 1031 267 Cotele-

248 277 289 302 riu
309 276 334 302 iii
351 276 407 301 sitis
426 277 459 302 ad
476 275 604 301 Barnahm
615 275 756 310 epistolam
776 276 856 307 uotis,
874 283 936 310 pag.
958 277 989 302 l8
1004 280 1030 302 et

248 318 337 344 seqq.;
353 310 458 345 Moyiiio
483 310 544 336 Var.
562 318 644 342 aricia,
661 319 722 345 pag.
739 311 791 338 780
802 316 829 338 et
844 319 914 345 δρψ,
928 316 956 338 et
970 318 1032 345 qua:

248 353 297 372 nos
311 346 344 372 ad
360 345 494 372 Ambrosii
513 345 596 372 libros
610 347 827 373 subnotavimus.

499 401 697 430 ARTICULUS
723 402 777 429 Vll.

247 458 285 485 De
310 468 411 485 summa
438 459 537 486 Chriin
561 459 731 493 perfectione,
756 465 780 486 et
799 465 886 486 turum
912 459 1030 486 Clemens

285 496 358 521 illum
373 495 450 528 [nmis
461 515 467 525 ,
483 495 543 521 silis
556 515 568 533 ,_
579 495 694 526 doloris,
715 495 880 528 aliarumque
900 496 1030 533 humana—

280 538 339 557 rum
358 531 526 564 affet-(ianum
551 530 574 556 εἰ
593 535 709 556 motuum
729 534 859 564 expertem
878 530 1028 558 hcdideril.

281 587 411 620 Quamvis
425 587 561 616 Clemens.
581 587 619 613 υιὶ
635 592 697 613 ante
713 587 815 614 dictum
830 592 871 614 est
883 587 917 618 ⁸ο,
932 595 1031 621 corpus

244 623 347 651 Christi
364 623 476 649 minime
495 622 638 654 pulchrum
656 630 717 649 esse
736 623 869 653 docuerit,
888 623 974 656 ipsum
992 628 1032 648 ta-

244 666 305 685 men
332 658 454 684 eumdem
479 657 617 684 Christum
648 657 788 684 Dominum
814 658 923 684 eximiis
943 658 1032 691 perl'c-

244 693 431 726 ctissimisque
451 692 533 718 animi
551 693 660 719 dotibus
685 697 712 719 et
734 693 880 719 virtutibus
904 693 1031 726 pulcher-

247 729 345 755 rimum
373 728 456 754 fuisse
479 735 608 762 pcrqttam
633 733 826 754 asicverauter
849 727 967 754 atiirmat
984 728 1028 754 διε

247 773 256 789 ι
268 764 344 796 Quod
359 763 380 789 si
395 763 467 796 quis,
484 763 580 797 inquit,
598 762 713 789 allirniet
728 763 824 796 justos,
842 765 892 790 etsi
909 764 964 790 sint
984 763 1030 789 de-

244 798 346 825 formes
358 806 482 832 corpore.
494 802 629 832 quatenus
640 798 749 831 quidem
763 804 825 825 sunt
837 806 926 825 mores
936 798 1030 832 justis-

244 835 315 863 aiiui.
332 841 392 860 esse
409 833 546 867 pulchros,
556 833 749 867 propemodum
761 833 850 860 nullus
864 834 903 859 sic
917 835 1010 860 (licens
1020 853 1029 866 ,

243 869 329 896 videri
352 869 437 902 p05sit
460 868 650 905 maledicere:
668 868 700 905 Et
722 868 826 905 species
844 868 902 903 ejus
917 869 1027 905 delicie-
1044 877 1065 905 Β
1079 874 1106 896 et
1125 869 1234 897 refellit.

243 905 287 930 bat
302 908 401 938 printer
413 910 507 930 omnes
523 902 594 930 ﬁlios
609 902 759 935 hominum,
774 904 840 930 dicit
854 904 1023 938 prophetia.»

243 939 424 972 Quamobrem
441 939 485 964 ille
502 938 565 965 alibi
584 938 669 964 solum
685 938 824 965 Christum
847 939 973 966 omnibus
991 939 1028 965 si-

244 977 299 1000 mul
315 974 462 1000 virtutibus
477 974 617 1007 praeditum
633 978 660 1000 et
682 974 829 1007 perlectum
846 973 931 1000 fuisse
946 981 1027 1008 aper-

244 1010 348 1036 tissime
371 1010 450 1036 docet
466 1014 493 1035 et
518 1009 663 1040 prmdicat:
683 1018 692 1034 ‹
707 1008 860 1039 Perticitur.
879 1009 967 1044 inquit
991 1008 1025 1040 “.

242 1050 269 1070 et
283 1049 486 1070 cousiiiiiniattir
501 1044 609 1078 aliquis,
625 1049 652 1069 et
669 1049 697 1070 tit
713 1044 773 1077 pius
788 1051 819 1071 2c
834 1044 985 1078 religiosus,
999 1049 1027 1072 et

243 1085 273 1106 ut
299 1079 416 1106 tolerans
428 1099 436 1110 ,
451 1083 477 1106 et
491 1084 520 1105 ut
533 1080 684 1111 continens,
703 1083 731 1105 ct
744 1083 772 1105 ut
787 1080 940 1114 operarius,
956 1084 983 1106 et
998 1085 1026 1106 ιιι

243 1119 363 1149 martyr,
378 1118 406 1140 et
420 1119 449 1140 ut
467 1114 617 1148 gnosticus.
643 1114 671 1141 lu
688 1114 816 1141 omnibus
834 1119 924 1141 autem
946 1115 1026 1141 simul

242 1151 390 1183 perlectus.
405 1151 495 1176 nescio
508 1157 542 1176 an
555 1149 624 1176 ullus
636 1150 682 1182 sit,
698 1149 749 1176 nisi
766 1150 853 1177 solum
870 1150 892 1176 is
906 1150 950 1184 qui
963 1157 1026 1184 pro-

243 1190 302 1219 pter
321 1192 369 1211 nos
384 1185 473 1211 induit
491 1184 636 1210 hominem.
651 1194 660 1210 ν

279 1220 314 1246 Ea
332 1227 413 1253 porro
427 1220 550 1246 eumdem
566 1219 705 1247 Christum
724 1219 844 1246 omnium
869 1219 948 1253 plane
968 1227 1024 1246 ma-

242 1255 314 1282 xima
339 1254 489 1288 omnigenis
515 1255 624 1281 virtutis
650 1255 816 1289 perlectione
843 1256 879 1282 ita
898 1260 1024 1281 ornatum

241 1290 428 1320 existimavit;
447 1298 498 1324 qua
526 1290 571 1317 ille
597 1289 670 1317 solus
684 1295 845 1316 cunctarum
870 1298 922 1316 ιιοιι
939 1291 1024 1317 solum

241 1327 338 1352 animae
353 1325 597 1359 perturbationum,
613 1326 660 1351 sed
674 1332 865 1359 corporearum
880 1325 963 1352 etiam
979 1332 1025 1352 ne-

241 1360 397 1388 t‘t'ssilulttitt
408 1367 504 1394 expers
517 1365 659 1394 scmperet
669 1360 795 1387 iuintuuis
809 1360 899 1386 fuerit.
915 1369 925 1385 ι
939 1359 1024 1392 Talis,

241 1396 328 1430 inquit
344 1396 456 1429 ipsemet
467 1400 562 1423 auctor
578 1401 671 1422 noster
682 1395 716 1427 ⁸³,
733 1400 774 1422 est
788 1395 937 1429 gnosticus;
956 1399 983 1421 ιιι
998 1396 1024 1422 ἱιι

239 1438 301 1457 euut
321 1432 385 1457 snite
402 1431 498 1457 cadant
516 1430 684 1462 allectiones,
701 1437 760 1464 qua:
776 1431 903 1457 oriuntur
920 1435 949 1456 ιιι
969 1438 1025 1457 cor-

241 1473 291 1499 pns
307 1471 425 1496 maneat,
444 1473 540 1500 nempe
554 1465 649 1497 fames,
666 1466 726 1493 sitis
754 1470 783 1492 et
797 1465 905 1492 similia.
927 1465 980 1492 Sed
997 1465 1023 1492 in

240 1502 387 1528 Servatore
408 1501 518 1534 quidem
544 1509 661 1534 corpus.
684 1506 714 1527 ut
739 1508 848 1534 corpus,
870 1501 1024 1527 necessaria

240 1537 380 1570 ppstulare
389 1536 551 1566 ministeria.
561 1542 587 1562 ut
601 1541 770 1569 permaneat,
778 1536 860 1562 fuerit
870 1536 1023 1562 ridiculum.

240 1571 407 1598 Comedebat
419 1571 490 1597 cnim
511 1579 563 1597 nou
579 1576 687 1605 propter
702 1578 817 1605 corpus.
835 1572 908 1604 quod
928 1576 1023 1597 saucia

240 1608 340 1634 virtute
358 1605 570 1638 continebatur;
596 1607 642 1632 sed
659 1613 692 1632 ne
706 1606 756 1637 eis,
777 1606 821 1639 qui
844 1613 897 1631 una
912 1613 973 1632 cum
994 1612 1027 1633 eo

239 1642 423 1669 versabantur
435 1661 442 1672 ,
460 1642 485 1667 iu
502 1648 617 1667 mentem
633 1641 737 1667 veniret
748 1641 782 1667 de
802 1648 833 1666 eo
848 1641 927 1667 aliter
941 1641 1027 1668 senti-

239 1684 279 1708 re,
296 1677 448 1703 sicntcertc
462 1682 554 1710 postea
564 1676 674 1710 quidam
686 1676 890 1707 existimarunt,
901 1683 964 1702 euitt
979 1684 1028 1710 ap-

238 1713 364 1746 paruisse
378 1712 482 1738 visioue
495 1716 522 1738 et
536 1712 735 1746 phantasmate.
746 1711 805 1744 ipse
821 1715 925 1742 autent,
940 1716 970 1737 ut
983 1719 1027 1738 se-

239 1747 292 1773 iuel
306 1747 405 1778 dicam,
421 1747 558 1781 passionis
579 1750 639 1772 erat
663 1754 771 1780 expers,
789 1750 819 1771 ut
836 1752 917 1779 quem
939 1746 1028 1774 nullus

239 1781 345 1809 subiret
360 1787 460 1814 motus,
481 1789 569 1816 neque
585 1781 719 1815 voluptas,
736 1788 787 1808 nec
801 1781 904 1807 dolora

274 1818 311 1842 At
327 1817 419 1850 plures
444 1818 611 1844 Clementem
638 1822 759 1843 nostrum
774 1835 782 1847 ,
798 1816 1026 1849 quemadmodum

240 1852 266 1878 iii
282 1852 426 1879 minuenda
446 1852 567 1886 corporis
589 1851 688 1878 Christi
714 1851 930 1886 pulchritudine,
947 1852 983 1878 ita
1000 1853 1026 1879 in

239 1887 371 1921 augendis
395 1888 514 1922 ejusdem
540 1887 613 1914 illius
636 1887 760 1921 Corporis
783 1887 890 1922 dotibus
913 1886 1028 1914 nimium

239 1929 267 1948 ei
281 1927 357 1948 extra
375 1923 496 1950 veritatis
511 1923 646 1949 cancellos
659 1929 801 1957 egressum
817 1921 901 1948 fuisse
912 1922 1027 1956 opinan-

240 1947 266 1984 ιι]
272 1947 340 1984 [ibi
355 1947 428 1985 enim
436 1947 692 1992 uastissimis
697 1947 806 1984 tius...
816 1947 953 1984 Christum
960 1947 1059 1985 ideo“

239 1998 344 2020 tantum
354 1995 515 2025 comedisse,
525 2001 559 2020 ne
570 1998 725 2028 susceptum
734 1993 767 2019 ab
777 2000 810 2020 eo
824 1999 935 2027 corpus,
944 2000 1029 2027 appa-

240 2036 303 2055 rens
322 2030 511 2056 tantummodo
531 2033 560 2055 et
574 2030 785 2059 adumbratam,
805 2035 858 2055 non
875 2033 966 2055 autem
982 2036 1028 2055 ve-

241 2072 299 2090 rum
315 2069 468 2097 putaretur.
484 2064 668 2096 Quamobrem
689 2063 776 2090 nullas
788 2063 868 2097 plane
880 2063 988 2090 videtur
999 2063 1028 2090 in

239 2100 349 2125 Christo
369 2100 512 2126 admittere
531 2099 621 2129 fatuis,
636 2098 707 2130 sitis,
725 2099 837 2129 doloris,
859 2099 986 2130 tristitiae,
1001 2103 1029 2126 et

239 2134 306 2160 alias
318 2135 401 2161 etiam
426 2135 538 2161 minime
553 2135 663 2160 vitiosas
679 2133 847 2162 atlectiones.
864 2134 945 2167 Atqui
965 2141 1027 2161 eum

239 2176 334 2196 revera
349 2169 488 2201 csuriisse,
505 2169 623 2196 sitivisse
633 2173 661 2195 et
676 2169 805 2201 doluisse,
815 2169 930 2203 aliisque
943 2170 1027 2196 animi

239 2207 418 2238 corporisque
435 2205 555 2231 motibus
575 2204 700 2231 ali‘ectutu
725 2205 810 2231 tuisse
824 2204 943 2231 Matthaci
960 2205 1027 2232 alio-

239 2226 271 2265 Hi
275 2226 418 2274 ..:1;;..';3i;
419 2226 478 2273 ..ξεῖ
483 2226 566 2266 {siit}:
571 2226 609 2265 ιῙΓ
613 2226 682 2266 ἷὲὲῖι
683 2226 744 2266 [ῐιοὶἑ
748 2226 778 2267 ii}
781 2226 950 2266 ἷῖιῖῖέέἰᾞὶι
960 2226 1024 2272 Et",
1042 2226 1064 2255 D

239 2275 310 2310 utid
324 2275 384 2302 sine
398 2282 494 2302 errore
507 2275 541 2301 ab
557 2274 613 2301 ullo
633 2281 751 2308 unquam
767 2275 856 2308 negari
873 2276 967 2310 possit.

278 2309 375 2336 Verum
391 2311 412 2336 si
431 2318 507 2337 uicus
520 2316 546 2336 et
561 2311 697 2337 sententia
713 2310 861 2337 Clementis
875 2309 973 2342 nostri,
992 2318 1024 2338 ac

240 2352 272 2371 ca
284 2352 344 2378 qua:
356 2346 419 2372 alibi
437 2346 470 2372 de
484 2346 593 2372 Christo
606 2345 726 2379 scripsit,
742 2350 845 2372 attente
857 2353 891 2371 ac
906 2345 1024 2378 diligen-

241 2385 282 2405 ter
295 2382 494 2414 examinentur,
507 2381 595 2414 quivis
612 2381 690 2407 t'actte
701 2381 962 2414 perspiciettaulum
976 2383 1024 2408 ab-

241 2423 313 2447 esse,
325 2421 352 2442 ιιι
369 2416 413 2442 ille
425 2424 518 2443 omnes
531 2417 633 2443 doloris
645 2421 690 2442 aut
701 2415 933 2447 tristitiaisensus,
944 2416 1025 2442 alias-

241 2457 294 2484 que
307 2453 430 2477 humana:
444 2456 546 2478 natura:
563 2451 731 2482 all‘cctioues,
747 2459 779 2478 ac
792 2452 814 2477 si
831 2451 896 2477 velis
909 2451 1022 2478 iiiliruii~

243 2490 323 2517 tates,
338 2495 351 2511 a
365 2487 474 2513 Christo
490 2487 603 2513 Domino
619 2494 759 2513 removere
773 2487 880 2519 penitus
896 2487 1020 2518 voluerit,

241 2521 308 2554 quiti
324 2523 413 2555 potius
426 2527 518 2556 aperte
534 2523 692 2555 pronuntiet
707 2529 770 2548 vere
786 2522 924 2553 patibilem
937 2522 1022 2549 fuisse

242 2556 342 2582 Chrisu
358 2564 477 2589 carnem,
495 2562 587 2591 utpote
597 2565 672 2591 quat,
690 2558 761 2583 sicut
776 2564 838 2583 vere
854 2561 958 2582 mortua
969 2563 1021 2587 est.

242 2591 279 2616 ita
297 2597 357 2617 ante
378 2598 513 2624 mortem,
531 2595 636 2619 dolores
655 2598 682 2618 et
704 2592 840 2618 cruciatus
860 2599 924 2618 vere
943 2600 1022 2626 passa

241 2626 334 2662 inerit.
346 2627 457 2654 Prwstat
471 2633 560 2654 autem
571 2629 876 2662 ipsutituietioquenteni
886 2628 980 2653 audire
988 2629 1022 2653 ’σε

245 2669 255 2686 ι
266 2661 325 2688 Jam
340 2669 404 2689 vero
424 2663 548 2689 universa
567 2661 674 2696 quoque
691 2663 859 2694 (Bconontia,
875 2670 935 2696 qua:
952 2670 1023 2696 prie~

241 2697 314 2732 dicta
329 2703 372 2724 est
383 2706 397 2723 ιι
412 2699 550 2732 prophetis
562 2701 594 2724 de
609 2697 734 2728 Domino.
750 2697 855 2723 videtur
868 2704 930 2723 vere
943 2705 1021 2731 paru-

242 2731 302 2758 bola
330 2734 362 2760 iis
379 2731 426 2767 qui
445 2731 586 2760 veritatem
604 2740 657 2759 non
678 2737 785 2764 norunt,
801 2735 907 2766 quando
923 2733 1020 2759 Filium

276 2848 298 2864 ⁸³
315 2849 425 2876 bisscrt.
442 2856 544 2883 supciz,
562 2857 620 2883 cap.
641 2849 666 2881 ι,
683 2849 728 2874 ait.
746 2848 771 2875 5.

242 2883 264 2898 ⁵⁸
280 2884 381 2913 Sironi.
400 2886 417 2912 Ι.
434 2892 469 2918 Vi,
485 2894 511 2919 p.
528 2885 589 2911 UTI.
627 2884 650 2900 ⁴³
671 2886 736 2912 ibid.
753 2892 814 2920 pag.
831 2884 894 2912 649.

566 143 599 171 ΙΝ
620 143 832 173 CLEMENTEM
853 143 955 172 A'LEX.
977 143 1007 170 ί).
1028 143 1071 170 LE
1090 141 1235 170 NOURRY
1255 141 1484 172 DISSERTATIO
1503 143 1535 170 ll.

396 204 496 240 aliique
520 204 615 232 Patres
639 206 776 233 dixerunt.
792 205 875 232 'Plura
901 206 970 232 hanc
1003 205 1028 231 in
1044 208 1067 234 Α
1083 204 1141 238 Dei,
1156 204 1199 240 qui
1214 203 1391 235 fecitomnia,
1404 211 1514 231 carnem
1530 203 1699 240 suscepisse.
1715 203 1778 230 etin
1794 209 1861 228 utero

810 2849 832 2864 “
852 2849 953 2875 Stroni.
970 2848 987 2874 Ι.
1010 2855 1042 2879 ιι,

935 2857 953 2875 ι.
970 2848 987 2874 Ι.
1010 2855 1042 2879 ιι,
1058 2856 1083 2882 p.
1103 2847 1167 2875 568.
1225 2847 1246 2862 "
1269 2848 1285 2873 l.
1303 2854 1330 2877 v,
1349 2853 1375 2879 p.
1391 2847 1454 2871 526.
1499 2847 1522 2858 "

933 2884 956 2899 ’θ
967 2884 999 2911 ἰ“.
1015 2885 1034 2917 l,
1051 2887 1146 2911 buttiil.
1163 2886 1194 2910 dc
1207 2889 1277 2918 gruit.
1294 2882 1406 2917 ageam,
1417 2888 1444 2916 ρ.
1461 2880 1526 2908 50:4.

1802 143 1861 171 H52

1087 239 1201 274 virginis
1218 243 1376 273 conceptum
1393 247 1463 274 esse,
1480 244 1616 273 quatenus
1639 239 1691 264 l‘iiit
1707 240 1794 274 genita
1808 246 1860 264 ςιΊι-

1084 273 1142 302 silis
1154 273 1211 308 ejus
1223 274 1382 310 caruncula,
1391 273 1451 300 καθ’
1460 274 1628 310 ὖγεγένηται
1637 274 1667 300 τὸ
1680 273 1806 310 αξᾳθητδν
1820 274 1861 299 αὖ·

1082 309 1130 336 τοῦ
1145 310 1268 345 σαρκίον.
1288 309 1328 345 Et?
1338 315 1535 343 consequenter
1549 315 1691 344 quatenus
1706 309 1756 345 fuit
1772 310 1859 342 genita.

1083 343 1188 380 passam
1205 353 1274 376 esse,
1288 344 1367 371 τοῦτο
1383 345 1546 377 πεπονθότα,
1560 343 1592 372 ει
1604 343 1792 380 resurrexis‘se
1804 351 1862 369 uiuis

1082 382 1192 414 quidem
1217 381 1300 411 dicit,
1320 380 1367 406 alii
1392 387 1456 406 vero
1472 381 1590 406 audiunt
1604 401 1612 411 ,
1630 379 1736 406 Iudaeis
1762 379 1860 413 quidem

1083 413 1252 446 Sminthium,
1270 415 1372 443 Graecis
1387 419 1477 441 autem
1493 415 1651 445 stultitiam,
1676 419 1705 440 ut
1720 414 1788 440 (“(il
1801 413 1860 446 Apo-

1083 451 1177 476 stolus.
1200 451 1301 483 Aperte
1325 454 1416 476 autent
1442 449 1591 484 Scriptune
1606 454 1635 476 et
1662 449 1707 481 iis,
1727 449 1774 482 qui
1794 455 1862 475 aures

1084 485 1195 516 habent,
1209 493 1302 511 verum
1317 486 1503 517 ostendentes,
1518 486 1583 512 illud
1598 486 1688 519 ipsum
1703 485 1780 518 quod
1794 491 1860 519 passa

1082 525 1121 546 est
1139 528 1203 546 caro
1216 539 1224 550 ,
1249 528 1330 553 quatit
1351 521 1469 552 suscepit
1487 518 1617 547 Dominus
1629 540 1636 551 ,
1660 519 1676 545 ὃ
1698 518 1861 553 πέπονθενή

1083 555 1160 595 stirps,
1170 555 1203 590 ἢν
1216 554 1359 595 ἀνειξληφεν
1372 555 1386 580 ὁ
1398 555 1510 591 Κύριος,
1521 555 1567 582 Dei
1583 556 1712 582 virtutem
1728 559 1758 581 et
1768 555 1862 588 sapien-

1084 591 1146 616 tiam
1164 591 1336 617 annuutiant.
1350 599 1359 616 ι
1447 606 1449 608 -

1117 626 1161 657 At,
1171 625 1288 659 inquies,
1307 632 1395 651 nonne
1406 625 1532 652 Clemens
1544 633 1603 652 eam
1620 625 1709 652 solam
1727 632 1782 652 cur
1793 623 1863 651 Chri-

1082 665 1140 686 stus
1156 660 1305 687 comederit
1325 660 1457 687 rationein
1483 659 1580 690 all‘ert,
1601 668 1636 687 tte
1652 661 1714 686 licta
1735 664 1766 686 et
1781 661 1865 686 adum-

1081 695 1157 721 brata
1175 702 1239 721 caro
1260 695 1294 721 ab
1311 702 1343 721 eo
1361 698 1487 729 suscepta
1509 695 1691 722 crederetur?
1708 694 1810 721 Verum
1824 698 1862 728 qui

1081 729 1140 756 hinc
1152 729 1230 756 nobis
1240 729 1389 762 obiectant,
1404 731 1523 756 animum
1539 738 1592 756 non
1610 731 1677 757 satis
1692 730 1864 756 adverterunt

1081 764 1151 791 hanc
1176 766 1308 792 rationem
1336 765 1373 791 ibi
1402 772 1416 791 a
1442 765 1581 792 Clemente
1605 764 1711 797 atferri,
1742 766 1806 798 quia
1829 767 1863 792 siti

1082 801 1210 833 temporis
1227 800 1381 832 haereticos,
1398 800 1443 834 qui
1462 807 1553 826 veram
1571 799 1673 827 Christi
1690 807 1807 827 carnem
1823 808 1864 827 ne—

1080 835 1193 867 gabant.
1213 835 1332 862 strictim
1348 840 1376 861 et
1391 842 1441 869 pro
1456 842 1531 862 more
1545 843 1595 861 suo
1612 835 1738 861 breviter
1751 835 1865 862 conlutat

1250 870 1383 903 Quamvis
1400 870 1483 904 igitur
1500 878 1559 896 eam
1576 870 1660 896 solam
1678 870 1818 896 rationem
1835 871 1864 896 ibi

1079 905 1212 936 attulerit,
1227 913 1288 939 quia
1306 905 1339 932 ad
1354 905 1412 932 illos
1426 905 1607 932 confutandos
1621 913 1684 931 eam
1707 906 1799 931 solam
1815 907 1864 931 sul-

1080 940 1162 967 Ιῑειετε
1175 943 1296 974 putabat;
1312 941 1374 966 inde
1389 945 1476 966 tamen
1491 941 1559 967 alias
1570 941 1605 966 ab
1619 940 1666 966 illo
1678 941 1809 967 exclusus
1818 940 1866 966 nuL

1079 975 1120 1001 lus
1133 976 1194 1010 jure
1215 975 1313 1002 metito
1337 975 1438 1002 inferre
1457 981 1557 1008 potest.
1586 975 1619 1001 Et
1645 983 1712 1002 vero
1730 975 1812 1001 aliam
1828 976 1865 1001 ilio

1078 1010 1136 1044 ipse
1159 1011 1258 1037 ibidem
1284 1011 1418 1045 suggerit.
1441 1010 1487 1037 Ait
1511 1011 1583 1037 enim
1597 1010 1621 1026 ⁸⁵
1637 1011 1746 1037 Christi
1763 1018 1865 1045 corpus,

1080 1054 1090 1070 ι
1106 1046 1177 1080 quod
1192 1051 1287 1072 sancta
1306 1046 1406 1072 virtute
1431 1045 1633 1077 continebatur,
1656 1051 1688 1071 ιιι
1704 1053 1808 1079 corpus
1824 1054 1864 1072 ue-

1077 1081 1198 1107 cessaria
1216 1089 1268 1107 non
1285 1081 1422 1115 postulare
1437 1081 1601 1112 ministeria,
1621 1085 1650 1106 ιιι
1665 1085 1837 1113 permaneat.
1852 1090 1861 1106 ι

1077 1115 1148 1149 Quid
1164 1116 1248 1147 enim,
1264 1123 1367 1150 qna-so,
1384 1116 1455 1141 aliud
1472 1116 1514 1142 his
1529 1117 1620 1142 verbis
1637 1115 1690 1142 sibi
1709 1115 1778 1145 vult,
1792 1123 1863 1150 quam

1077 1152 1217 1178 Christum
1233 1152 1297 1177 fatui
1317 1155 1345 1178 et
1356 1151 1413 1182 siti,
1423 1151 1536 1184 aliisque
1549 1150 1789 1177 commotionibus
1803 1152 1864 1177 nulla

1077 1188 1240 1213 necessitate
1260 1186 1343 1212 fuisse
1369 1186 1540 1212 obnoxium?
1555 1186 1785 1220 quandoquidem
1812 1187 1864 1219 ejus

1077 1229 1176 1255 corpus
1190 1230 1199 1245 ι
1213 1227 1310 1248 sancta
1324 1222 1423 1248 virtute
1438 1222 1639 1253 continebatur,
1652 1230 1662 1246 ι
1673 1220 1795 1256 δυνάμει
1809 1228 1864 1247 σειν-

1076 1256 1205 1291 εχόμενον
1226 1256 1304 1292 ἁγίᾳ,
1326 1257 1378 1292 hoc
1391 1261 1433 1283 est
1456 1256 1610 1287 divinitate,
1629 1263 1691 1289 quae
1709 1256 1801 1290 ipsum
1815 1257 1864 1290 ejus

1077 1299 1175 1325 corpus
1194 1291 1301 1325 poterat
1317 1291 1376 1318 sine
1395 1297 1458 1324 potu
1480 1295 1507 1317 et
1528 1292 1589 1318 cibo
1602 1310 1610 1321 ,
1628 1291 1731 1324 quibus
1761 1291 1807 1317 alii
1825 1294 1864 1317 bo-

1077 1327 1164 1353 iniues
1191 1327 1312 1361 indigent
1326 1346 1334 1357 ,
1351 1331 1521 1358 sustentare,
1535 1326 1615 1359 eique
1632 1327 1762 1360 praebere
1786 1327 1864 1352 incre-

1077 1367 1180 1388 menta.
1198 1362 1239 1388 Ad
1267 1369 1358 1388 veram
1386 1362 1477 1395 itaque
1492 1380 1499 1394 ,
1521 1368 1616 1387 sanam
1634 1365 1663 1387 et
1682 1362 1864 1388 orthodonui

1075 1403 1170 1423 eorum
1194 1396 1350 1430 opinionem
1374 1395 1499 1424 Clemens
1525 1396 1655 1425 accedit.
1682 1396 1733 1430 qui
1759 1401 1864 1423 censent

1075 1431 1214 1458 Christum
1231 1432 1273 1458 his
1284 1431 1322 1457 ita
1337 1439 1426 1463 usum,
1437 1438 1466 1458 ut
1478 1435 1567 1457 tameii
1579 1438 1631 1457 nou
1647 1431 1813 1465 indiguerit,
1825 1438 1866 1464 po-

1077 1467 1214 1500 tueritque
1227 1473 1326 1501 corpus
1337 1474 1413 1492 suum
1429 1468 1487 1493 sine
1506 1466 1615 1492 illorum
1628 1466 1802 1493 adminiculo
1815 1472 1869 1491 sus-

1078 1505 1200 1531 teutare,
1226 1500 1308 1536 atque
1323 1509 1418 1528 omnes
1437 1502 1527 1533 l'amis,
1546 1500 1618 1532 sitis,
1634 1501 1741 1536 doloris
1759 1502 1865 1534 alitque

1077 1536 1236 1563 alTectiones
1251 1537 1277 1562 in
1292 1543 1354 1562 etim
1371 1545 1424 1563 non
1440 1536 1597 1563 necessario
1611 1535 1693 1570 175
1707 1537 1866 1564 ceciderim.

1077 1573 1123 1598 sed
1138 1573 1163 1598 iii
1178 1571 1263 1598 libero
1278 1572 1424 1598 voluntatis
1438 1573 1496 1605 ejus
1510 1571 1627 1597 arbitrio
1641 1578 1759 1604 semper
1774 1571 1868 1597 fuerint

1078 1607 1183 1640 positae.
1207 1607 1239 1633 Et
1259 1607 1317 1633 hate
1341 1607 1451 1640 quidem
1475 1606 1566 1633 Basilii
1585 1605 1726 1640 Magni“,
1748 1611 1780 1632 ut
1806 1606 1868 1631 alios

1078 1647 1230 1673 taceamus,
1247 1647 1307 1668 crat
1319 1643 1466 1674 sententia,
1483 1649 1564 1676 quam
1581 1641 1639 1676 ipse
1654 1641 1699 1667 his
1715 1641 1813 1667 verbis
1825 1648 1867 1667 ex-

1078 1677 1188 1710 primit:
1207 1677 1332 1703 Christus
1354 1685 1363 1701 ι
1377 1677 1433 1703 edit
1448 1682 1476 1703 et.
1492 1677 1577 1708 bibit,
1600 1684 1654 1703 uon
1673 1676 1709 1702 iis
1727 1676 1867 1710 indigens.

1078 1713 1126 1739 sed
1141 1713 1187 1738 tibi
1203 1717 1423 1746 norinamlatque
1438 1713 1546 1739 modum
1560 1719 1668 1741 eorum,
1686 1718 1752 1744 qua:
1766 1717 1868 1745 corpori

1077 1752 1106 1773 et
1123 1748 1247 1773 humana:
1263 1747 1324 1773 νὶιω
1341 1747 1494 1774 necessaria
1512 1747 1691 1776 conveniunt,
1709 1748 1867 1772 ostendi-iis.

1079 1783 1124 1809 Sic
1138 1783 1228 1816 itaque
1240 1781 1327 1814 ﬂevit,
1343 1786 1466 1809 niotteste
1481 1783 1623 1816 querendo
1636 1787 1663 1816 et
1682 1781 1868 1809 lat-tentanda,

1079 1815 1244 1851 nimiumque
1253 1817 1372 1843 dolorem
1382 1822 1409 1843 et
1421 1815 1608 1843 vehementem
1620 1815 1805 1842 aillictioueiu
1815 1824 1870 1851 on:-

1079 1859 1143 1879 nino
1158 1850 1336 1886 corrigendo.
1350 1872 1358 1879 .
1372 1871 1380 1878 .
1392 1870 1400 1878 .
1415 1870 1423 1878 .
1441 1851 1675 1885 Quemadmodum
1693 1852 1772 1877 enim
1787 1850 1869 1879 cibus.

1079 1895 1160 1921 quem
1178 1887 1237 1921 ipse
1254 1887 1425 1921 degustarit,
1445 1895 1496 1913 itou
1512 1891 1555 1913 est
1571 1886 1743 1920 voluptatis,
1761 1888 1811 1912 sed
1826 1894 1869 1918 po-

1080 1923 1133 1950 tius
1147 1923 1319 1949 abstiueittiie
1333 1922 1455 1957 quaedam
1473 1921 1593 1953 occasio,
1609 1927 1637 1947 et
1652 1926 1682 1947 ut
1695 1922 1798 1957 paucis
1813 1928 1870 1957 con-

1080 1958 1147 1986 tenti
1164 1958 1249 1984 sinitis
1258 1976 1266 1989 ,
1283 1955 1447 1991 frugalitatis
1459 1957 1614 1990 exemplum
1627 1965 1636 1989 ;
1648 1957 1696 1993 rsic
1709 1960 1740 1982 et
1760 1956 1822 1993 ejtis
1835 1955 1870 1993 la:

1079 2000 1179 2028 cryina:
1196 2000 1250 2019 non
1275 1990 1354 2020 ﬂendi
1375 1993 1455 2020 nobis
1482 1993 1548 2024 lex,
1575 1992 1624 2018 sed
1647 1992 1769 2028 honeste
1795 1990 1869 2017 ﬂendi

1079 2026 1174 2063 regula
1190 2028 1326 2063 quaedam,
1341 2030 1488 2054 secundum
1501 2034 1583 2061 quant
1598 2026 1735 2063 convenit
1761 2026 1870 2053 honeste

1079 2061 1323 2095 et'cuiii'decoro.
1339 2064 1456 2090 servatis
1473 2068 1578 2089 natura:
1601 2061 1709 2095 legibus
1721 2080 1730 2091 .
1748 2069 1812 2094 quae
1827 2066 1869 2086 tri-

1079 2099 1130 2126 stia
1157 2103 1220 2125 sunt
1244 2099 1376 2134 perterre.
1397 2107 1407 2124 ι
1422 2098 1573 2129 Contende,
1584 2098 1715 2126 obsecro,
1727 2098 1813 2134 tiujus

1080 2135 1133 2161 silii
1149 2131 1456 2168 Magni—Ciciiteittisqne
1472 2133 1558 2159 nostri
1578 2133 1660 2158 verba
1679 2136 1710 2157 et
1725 2132 1816 2158 dicta.
1829 2131 1871 2168 ille

1079 2169 1146 2196 dicit
1158 2167 1298 2196 Chi-istum
1310 2170 1461 2195 comedisse
1477 2169 1586 2201 quidem
1602 2172 1629 2193 et
1645 2167 1765 2198 bibisse,
1780 2168 1827 2193 scd
1842 2167 1870 2191 ll:

1081 2213 1133 2231 nou
1147 2205 1330 2239 iudigentmu;
1350 2204 1393 2230 hic
1410 2211 1472 2230 vero
1486 2210 1587 2236 corpus
1599 2202 1702 2239 Christi
1716 2202 1871 2239 necessaria

1081 2241 1125 2266 illa
1145 2247 1197 2266 non
1207 2237 1381 2273 postulasse,
1402 2243 1430 2265 ut
1448 2243 1632 2272 permaneret.
1655 2237 1782 2273 Basilius
1798 2240 1871 2262 dinei.

1079 2271 1221 2302 Christum
1231 2278 1380 2301 comedisse
1395 2279 1423 2301 et
1439 2271 1551 2305 bibisse,
1564 2278 1593 2299 ut
1613 2273 1639 2299 iii
1656 2279 1690 2298 eo
1708 2271 1871 2308 frugalitati:

1078 2311 1242 2336 liabet-citius
1256 2309 1419 2343 exemplum;
1438 2309 1564 2335 Clemens
1576 2314 1682 2338 autem,
1698 2307 1871 2343 Illibllrrislus

1078 2345 1233 2371 ainudatuni
1245 2339 1345 2378 corpus
1357 2339 1537 2378 assumpsisse
1555 2343 1708 2379 diceretiuj-
1722 2339 1798 2379 Qui}!
1812 2346 1871 2371 «τιδι’

1077 2381 1104 2406 iii
1123 2381 1166 2406 his
1184 2376 1332 2406 Clementis
1348 2379 1433 2413 magis
1449 2376 1532 2413 quam
1557 2381 1583 2405 in
1602 2376 1698 2413 Busillt
1719 2376 1816 2401 \crbis
1833 2382 1872 2399 ηε

1078 2415 1259 2449 prehensioue
1267 2416 1396 2449 dignum?
1407 2414 1457 2446 Qui
1468 2414 1589 2449 pltira_de
1601 2412 1732 2449 IIISHSClI'e
1745 2412 1870 2438 voluerit.

1078 2446 1100 2476 is
1113 2451 1252 2484 theologos
1270 2446 1428 2477 scolasticos
1443 2446 1532 2478 adeat,
1549 2447 1575 2472 iii
1593 2453 1622 2472 iii
1640 2446 1732 2484 S¢u_t_.,
1750 2448 1868 2484 distinct.

1078 2485 1121 2516 15,
1135 2490 1163 2511 et
1180 2480 1254 2511 ιιιύ.
1268 2485 1412 2516 Thomam,
1426 2491 1456 2510 ιιι
1469 2488 1553 2517 part3,
1568 2486 1670 2515 quatst.
1688 2480 1734 2511 to,
1749 2485 1806 2507 art.
1820 2480 1836 2504 5
1848 2485 1871 2504 et

1077 2528 1166 2554 scqq.;
1183 2520 1392 2556 Tliuiiiassiiitint
1406 2521 1453 2556 lib.
1470 2516 1499 2545 iv
1517 2516 1645 2550 Theulog.
1660 2517 1796 2556 uaginae,
1813 2522 1868 2546 ωιλ-

1077 2551 1186 2587 ιι;“ι;›,
1207 2556 1250 2588 l3;
1268 2560 1297 2582 et
1315 2554 1489 2581 Coutautiunt
1507 2558 1642 2584 nostrum,
1661 2552 1690 2577 iit
1713 2551 1820 2585 pratat.
1839 2555 1870 2573 aa

1076 2590 1173 2616 Hilarii
1189 2591 1288 2625 Oper...
1304 2590 1317 2624 ᾗ
1338 2590 1383 2615 151
1402 2596 1429 2615 ct
1442 2596 1502 2621 seq.

1225 2847 1246 2862 δ’
1269 2848 1285 2873 l.
1303 2854 1330 2877 v,
1349 2853 1375 2879 p.
1391 2845 1454 2871 52b.
1499 2843 1522 2858 ⁵³
1542 2843 1650 2871 Suom.
1671 2844 1690 2870 ι.
1709 2851 1747 2877 ιιι,
1760 2851 1789 2878 p.
1810 2842 1865 2869 viii.
