1924 3072
80 127 140 156 1135

305 183 501 212 ARTICULUS
524 184 589 212 VIII.

77 243 125 271 Cur
145 242 258 270 Christus
284 241 398 268 ert-libent
428 243 506 268 vitum
534 243 663 269 duxerit!
678 241 769 275 Ipsum
791 251 845 269 esse

108 276 276 310 inexplicabile
299 278 459 310 sacri/icium
484 283 508 304 et
534 279 593 304 t'ittr
609 284 713 304 (eterna:
736 278 846 308 ostium,

109 321 177 346 atque
198 311 278 347 solum
310 314 426 338 omnium
456 313 589 339 hominum
612 315 791 347 magistrum;
821 320 844 339 et

104 349 161 382 quid
178 345 289 373 deillius
309 347 380 380 apud
397 347 497 381 inferos
518 345 706 382 pi‘wdicuiione
723 348 843 375 Clemens

105 383 213 409 senserit.

105 429 155 456 Ctir
164 428 284 455 Christus
297 428 420 455 crelibem
437 429 465 455 in
484 430 534 456 lioe
549 429 649 456 mundo
663 429 745 455 vitam
761 429 847 455 duxe-

74 466 120 494 rit.
145 468 196 490 tres
219 463 295 494 plane
311 482 318 495 ,
345 471 406 498 qua?
432 464 624 492 observatione
649 465 736 497 dignae
760 470 843 494 sunt,

26 512 29 515 -
75 501 180 527 rationes
190 498 313 525 Clemens
325 499 429 526 reddit:
447 509 456 525 ‹
476 500 594 526 Primum
614 500 734 533 quidem,
749 500 783 525 ita
802 500 845 526 ille

72 535 180 568 loquitur
195 533 228 563 ‘7,
248 535 383 568 propriam
405 542 531 568 sponsam
557 535 652 561 habuit
678 535 843 567 Ecclesium;

74 570 158 597 di-in-le
175 576 236 595 vero
253 576 301 596 nec
315 569 395 596 homo
414 574 472 596 eral
488 570 652 601 communis,
672 576 701 596 ut
715 577 783 603 opus
797 570 846 596 lia-

26 618 29 622 ι
74 606 143 632 bcret
156 604 234 631 etiam
249 604 374 638 ailjutore
388 605 480 638 aliquo
489 605 636 632 secundum
650 612 760 631 carnem
774 613 781 636 ;
799 613 847 632 uc-

72 648 119 674 qiie
130 643 186 666 erat
201 640 227 668 ei
243 646 358 667 necesse
382 648 526 673 procreare
543 640 624 668 filios.
642 641 688 673 qui
710 645 801 666 manet
818 640 844 667 in

72 680 191 702 internum
204 694 212 704 ,
236 679 263 701 et
281 680 360 702 natus
379 680 420 702 est
437 675 512 702 solus
535 675 580 701 Dei
602 675 697 701 Filius.
713 684 722 700 ι
740 676 845 708 Quibus

72 718 129 738 sane
143 710 230 736 verbis
242 717 293 736 non
309 709 388 737 modo
402 717 528 744 suprema
540 710 643 738 Christi
658 710 797 743 divinitas,
811 712 844 738 tle

71 753 116 777 qua
135 745 254 779 superius
270 745 438 779 disputatum
454 751 497 772 est
510 766 517 776 ,
539 745 719 772 disertissime
742 746 845 773 asseri-

71 785 127 811 tur;
143 781 188 806 sed
206 780 256 806 tria
271 781 354 815 etiam
373 788 426 807 non
452 780 554 807 minimi
571 788 637 807 sane
653 781 780 815 ponderis
794 789 844 807 an—

70 820 218 842 ciornoster
226 814 330 850 profert
342 821 513 850 argumenta,
523 815 621 850 quibus
634 814 743 850 pulchre
755 821 845 843 osten-

70 851 104 877 dit
121 858 166 877 cur
185 851 298 883 ipsemet
313 851 440 878 Christus
462 858 510 884 per
534 856 618 877 totum
645 851 766 879 mortalis
782 852 843 878 vita:

71 893 121 912 sua:
136 890 242 919 tempus
260 886 358 913 caelebs
375 893 535 920 permanere
552 886 677 912 voluerit.

99 921 177 947 Docet
191 925 321 954 pralterea
346 921 472 948 Clemens
494 921 568 948 illum
592 928 653 948 esse
672 928 724 948 non
739 924 843 948 tantum

69 964 82 981 4
90 956 285 989 inexplicabile,
295 960 323 981 ut
335 956 394 990 ipse
406 957 530 991 loquitur
541 956 574 987 ".
586 956 763 988 sacrificium,
772 958 844 990 quod

69 999 112 1025 pro
125 991 201 1017 nobis
214 991 414 1024 sanctiﬁcatnr,
428 1002 437 1016 ι
456 996 485 1018 et
498 992 598 1018 ostium
612 999 659 1023 per
672 992 743 1024 quod
757 992 843 1018 solum

68 1034 154 1052 omnes
164 1025 385 1057 liomiiics.eti:ini
398 1027 560 1061 ρΙιίὶοεορΙιῘ,
571 1027 593 1054 si
601 1026 665 1053 salvi
679 1034 738 1054 esse
747 1027 844 1060 velint,

68 1061 92 1088 in
104 1061 235 1097 caelestem
248 1062 362 1095 patriam
376 1062 481 1096 ingredi
495 1067 606 1097 possunt
619 1070 626 1094 ;
642 1063 689 1089 sed
701 1070 762 1088 eum
777 1071 845 1097 quo-

68 1103 115 1129 que
134 1096 221 1123 solum
239 1103 303 1131 esse
319 1097 448 1132 omnium
477 1098 615 1124 hominum
641 1096 801 1132 magistrum
817 1103 845 1125 et

66 1136 270 1165 pneceptorem:
293 1141 303 1157 ι
314 1131 555 1167 Solustinquit",
568 1137 610 1159 est
629 1131 776 1166 magister,
797 1134 843 1167 qui

67 1171 103 1202 est
110 1167 180 1193 solus
188 1167 318 1194 altissimi
327 1168 394 1194 casti
405 1166 508 1198 Patris.
518 1168 564 1202 qui
578 1168 666 1194 erudit
677 1166 823 1194 hominem.
832 1178 842 1194 ι

65 1201 184 1234 Quiuimo
193 1202 261 1229 alibi
277 1203 425 1230 addidit“:
443 1211 453 1227 ι
468 1202 493 1229 ls
505 1201 548 1230 est
562 1203 694 1236 magister
720 1203 843 1230 omnium

65 1244 120 1270 quae
134 1243 192 1264 orta
207 1242 289 1269 sunt,
305 1237 351 1264 Dei
366 1238 551 1268 consiliarius,
568 1240 613 1272 qui
629 1238 766 1270 prtBSciVil
783 1246 844 1264 oni-

66 1272 116 1297 nia.
135 1272 158 1299 Is
170 1278 263 1299 autem
278 1273 313 1299 ab
329 1273 394 1304 alto,
409 1281 423 1300 a
437 1273 524 1307 prima
540 1273 630 1298 mundi
647 1273 846 1300 constitutione

63 1306 231 1334 multifariam
245 1308 394 1342 multisque
409 1306 496 1335 modis
510 1314 537 1334 et
552 1307 644 1334 docuit
659 1312 688 1333 et
699 1308 816 1341 perlicit.
831 1318 843 1335 ι

98 1341 147 1378 Sed
166 1344 192 1369 in
206 1343 259 1370 hoc
279 1341 404 1370 Clemens
418 1343 521 1370 erroris
535 1343 747 1375 condemnatur,
772 1345 844 1378 quod

66 1377 200 1405 tradiderit
210 1379 361 1411 Christum,
371 1379 492 1405 divinum
503 1384 698 1412 priet-opturent
711 1382 842 1408 nostrum.

63 1411 102 1438 his
117 1413 161 1445 qui
178 1413 204 1440 iu
228 1413 338 1440 inferno
358 1411 571 1444 detinebantur,
591 1413 647 1440 sive
659 1411 770 1444 Judaeis,
787 1414 846 1441 sive

63 1448 213 1479 gentilibus.
229 1449 409 1476 annuntiasse
429 1448 616 1483 Evaiigelium,
632 1448 667 1474 ita
687 1452 716 1473 ut
733 1449 751 1475 ii
775 1457 782 1473 ι
797 1450 843 1482 qui

63 1489 113 1516 pra:
123 1485 226 1510 carioris
234 1485 344 1518 egregie
358 1485 492 1515 vixerant,
507 1489 535 1510 et
551 1490 646 1510 eorum
673 1490 732 1517 qua:
747 1491 844 1517 pecea-

63 1521 120 1543 ruut
137 1518 209 1545 ducti
230 1524 298 1545 sunt
317 1520 486 1553 poenitentia.
500 1537 508 1545 .
521 1538 528 1545 .
540 1537 549 1545 .
561 1537 569 1545 .
589 1518 655 1546 salvi
671 1520 769 1545 tierent
796 1526 845 1553 per

62 1553 191 1590 propriam
200 1553 417 1589 uniuscujusque
424 1553 662 1590 cognitionemﬂ'i
675 1553 844 1590 Dixitauteni

63 1586 175 1624 ﬂebrteis
190 1594 238 1616 aut
251 1586 418 1624 gentilibus;
434 1586 531 1616 dubius
545 1590 616 1615 enim
630 1589 717 1621 haesit,
731 1597 764 1615 an
779 1589 845 1615 solis

62 1621 177 1659 llebrmis
191 1621 368 1659 Evangelinm
385 1634 399 1651 a
412 1621 524 1652 Christo
548 1624 628 1650 fuerit
643 1625 842 1652 aunuutiatum.

60 1658 239 1695 Quamobrem
251 1658 314 1686 cum
335 1668 454 1695 paganos
469 1660 593 1686 homines
607 1679 615 1690 ,
632 1658 678 1693 qui
700 1659 743 1693 pie
757 1660 840 1695 vitam

60 1699 176 1730 i-geraut,
194 1694 318 1728 ejusdem
335 1694 429 1730 gratiae
443 1700 470 1722 et
486 1695 680 1721 misericordia:
700 1694 845 1728 participes

61 1727 139 1754 laetos
149 1727 272 1762 putaret,
283 1727 452 1757 hice'idcirco
464 1730 561 1764 adjecit
572 1729 593 1744 "
603 1739 610 1757 :
620 1739 629 1754 ε
641 1730 687 1756 Sin
698 1734 787 1756 autem
798 1727 845 1755 Jti-

61 1763 121 1789 daeis
135 1765 222 1791 solum
239 1766 415 1792 annuntiavit
439 1763 631 1800 Evaiigelium,
647 1764 746 1798 quibus
758 1765 844 1791 defuit

58 1805 85 1823 ea
101 1806 159 1835 qum
176 1805 221 1826 est
241 1808 291 1835 per
309 1801 446 1828 Christum
466 1802 568 1835 agnitio
590 1805 618 1827 et
633 1800 718 1832 fides,
739 1800 842 1826 clarum

59 1837 98 1858 est
118 1834 212 1868 utique
228 1834 303 1870 quod
317 1843 379 1863 cum
394 1837 466 1870 apud
481 1834 563 1862 Deum
586 1835 677 1862 nullus
692 1835 729 1861 sit
747 1842 843 1869 perso-

57 1875 146 1906 narum
163 1876 325 1905 respectus,
341 1871 455 1905 apostoli
472 1878 589 1905 quoque,
607 1871 677 1897 sicut
692 1870 747 1901 hic,
764 1871 800 1896 ita
816 1876 843 1897 et

57 1904 106 1930 illic
125 1904 328 1933 aiiiiiiiitiaruut
354 1904 583 1942 Evangell’utnriis
599 1906 646 1940 qui
667 1912 701 1931 ex
716 1906 843 1939 gentibus

56 1944 129 1975 erant
141 1942 198 1975 apti
214 1943 249 1968 ad
265 1942 481 1969 conversionem.
498 1950 507 1967 ι

89 1973 179 2010 Neque
194 1983 280 2010 porro
295 1977 364 2004 hanc
379 1977 541 2004 sententiam
556 1976 644 2003 obiter
657 1976 839 2010 strictimque,

57 2013 82 2035 ut
94 2012 194 2044 saepius
209 2011 290 2044 alibi,
302 2013 431 2047 proponit
445 2017 472 2039 et
487 2012 667 2047 perstringit;
686 2012 732 2038 sed
745 2019 842 2038 omnes

56 2047 288 2074 coiitenilitaiiimi
305 2055 402 2078 nervos
413 2052 443 2074 ut
455 2055 515 2074 eam
528 2047 634 2082 probet,
649 2048 840 2080 omnibusque,

55 2082 75 2106 si
87 2082 143 2106 licri
157 2084 258 2114 possit,
272 2082 351 2115 plane
364 2083 539 2116 persuadeat.
558 2083 635 2110 Varia
649 2083 783 2117 siquidem
797 2090 842 2108 ar-

53 2122 179 2148 gumento
197 2124 257 2143 lum
272 2125 305 2144 ex
318 2125 404 2144 sacrae
418 2118 567 2152 Scriptura:
583 2123 609 2144 et
621 2117 728 2144 Henna:
745 2117 842 2143 Plisto-

52 2157 86 2176 ris
100 2152 282 2183 auctoritate.
300 2157 357 2179 tum
372 2160 405 2180 ex
425 2158 540 2187 ips-amet
556 2154 662 2180 ratione
676 2152 758 2187 petita
776 2160 842 2179 cou-

53 2191 126 2217 gerit.
144 2188 251 2222 quibus
264 2194 337 2219 eam,
354 2194 486 2222 quantum
503 2189 570 2215 inse
585 2193 638 2219 est,
655 2190 841 2215 demonstrare

662 123 705 150 DE
726 123 837 151 LIBRlS
859 123 1084 152 STROMATUM.

859 189 882 215 Λ
897 186 984 219 primo
999 185 1107 220 quidem
1123 183 1203 211 Isaia:
1216 204 1223 214 .
1240 181 1284 218 qui
1308 183 1384 211 bovis
1400 188 1431 220 et
1442 191 1513 210 ursa:
1535 183 1618 220 figura
1635 183 1684 210 Ju-

1613 121 1684 150 ΗΜ

896 218 968 248 duces
983 218 1015 247 ac
1030 221 1143 254 gentiles
1154 220 1233 246 simul
1251 222 1365 250 futuros.
1378 225 1405 245 et
1420 219 1504 246 Deum
1517 218 1551 245 ab
1566 219 1622 254 agri
1638 220 1684 245 lie-

895 256 955 283 stiis
966 256 1177 282 benedicendum
1187 256 1309 288 prindixit
1322 254 1356 282 “.
1368 254 1508 281 Postremo
1522 253 1683 288 snﬂraginm

895 291 1005 318 adhibet
1020 290 1181 323 Psalmistte,
1198 291 1242 324 qui
1266 290 1383 316 futuram
1406 289 1548 323 gentilium
1567 289 1682 316 salutem

896 327 922 352 in
942 326 1046 352 duobus
1065 326 1174 360 psalmis
1200 327 1271 352 haud
1288 325 1431 352 obscurius
1453 325 1611 359 designasse
1627 324 1680 359 ipsi

895 361 1002 388 videtur
1014 362 1047 387 °'.

930 397 1050 422 Alioriiin
1065 403 1155 430 porro,
1172 403 1232 430 qum
1246 396 1302 430 ipse
1326 403 1358 421 ev
1377 394 1482 421 ratione
1497 394 1626 423 desumit.
1638 402 1685 421 ar-

895 437 1081 466 gumentorum
1098 432 1150 458 hoc
1164 431 1190 457 in
1211 431 1304 465 primis
1322 431 1530 466 llllltlﬂlllelllllm
1542 435 1597 466 rest.
1614 430 1682 457 Cum

896 465 928 494 de
947 466 1010 493 solis
1022 466 1067 500 qui
1086 467 1129 500 pie
1144 471 1172 493 et
1186 466 1274 500 justo.
1291 465 1398 493 etiamsi
1418 473 1470 491 non
1487 465 1606 499 perfecte
1619 485 1626 496 ,
1643 466 1684 491 vi-

896 505 950 528 tam
964 507 1078 536 egerunt
1088 521 1096 532 ,
1110 501 1223 536 paganis
1240 501 1376 535 loqitatur,
1392 507 1479 534 neque
1493 507 1617 536 atquum,
1633 509 1684 526 nc.-

896 544 949 571 qnc
963 536 1094 563 credibile
1107 535 1306 564 ceiisetcodeiii
1321 541 1401 569 atque
1415 536 1513 571 impios
1525 540 1553 561 et
1568 535 1683 569 injusms

895 570 1028 606 supplicio
1040 571 1118 598 allici.
1144 580 1154 596 ι
1168 571 1234 597 Nam
1251 572 1321 604 quis,
1343 570 1428 604 inquit
1440 570 1474 602 ⁸⁵,
1490 578 1564 597 sanie
1583 573 1684 597 tuentis

895 613 922 634 et
933 608 1067 642 justoriim
1083 611 1110 633 et
1125 612 1298 640 peccatorum
1315 606 1419 642 animas
1431 613 1492 642 esse
1505 606 1684 642 existimave-

895 643 931 668 rit
948 642 973 668 iu
991 640 1043 668 iuta
1060 642 1303 671 condemnatione.
1323 640 1462 674 injiistitite
1484 640 1615 666 maculant
1641 641 1684 667 iii-

895 684 977 704 urens
986 676 1203 703 Providentim?»
1221 677 1265 703 Dei
1281 677 1381 710 itaque.
1398 675 1483 709 pergit
1495 675 1603 709 ille,qui
1621 683 1684 708 per-

895 720 1024 739 sonarum
1036 719 1090 738 non
1099 717 1140 739 est
1154 716 1291 745 acceptor,
1302 711 1455 740 consilium.
1469 711 1682 744 providentiam,

896 747 1067 778 bonitatem,
1097 747 1324 780 omnipotentiain
1349 745 1461 780 decebat
1493 750 1520 772 ut
1547 745 1682 778 gentiles,

896 782 1116 812 sicutidixiniiis.
1127 779 1201 815 iusti,
1215 790 1268 808 non
1278 789 1355 808 secus
1366 788 1398 807 ac
1408 779 1506 811 Juiltei.
1520 787 1683 815 quocunque

895 819 1004 845 tandem
1019 818 1045 843 in
1062 817 1121 844 loco
1135 821 1241 848 essent,
1257 824 1270 841 τι
1289 816 1399 843 Christo
1413 816 1453 841 vcl
1473 816 1603 849 apostolis
1618 818 1684 843 edo-

897 853 932 879 cti
945 858 973 879 et
987 859 1050 879 vera
1061 852 1216 886 cognitione
1229 851 1383 883 informati,
1399 855 1460 884 post
1472 854 1560 877 actam
1587 857 1682 878 eorum

896 895 956 922 qua:
970 887 1140 915 admiserant
1168 893 1341 921 peccatorum
1356 886 1544 920 paenitentiam
1555 905 1564 918 ,
1580 892 1682 913 aeterna

896 923 983 949 salute
998 923 1177 949 donarentur.
1642 944 1645 946 ν

932 958 994 984 Iliec
1007 965 1073 984 sane
1088 956 1141 984 fuit
1156 957 1303 984 Clementis
1316 956 1407 991 opinio
1425 964 1458 983 ex
1474 955 1582 983 llcrma:
1597 957 1684 990 potis-

895 992 996 1019 simum
1013 992 1130 1019 delibata
1149 992 1261 1019 Pastore
1276 1012 1284 1022 .
1310 992 1388 1026 cujus
1408 999 1460 1018 non
1477 992 1564 1018 solum
1592 993 1642 1018 hoc
1657 993 1683 1018 iii

897 1028 966 1058 loco,
983 1028 1028 1053 sed
1044 1028 1097 1054 alio
1111 1028 1194 1054 etiam
1215 1029 1241 1053 in
1259 1028 1329 1054 libro
1351 1027 1485 1061 ipsissima
1503 1027 1586 1054 verba
1611 1031 1685 1054 tran-

895 1062 1100 1098 scrijrs'rt".'An
1113 1068 1203 1090 autent
1217 1063 1290 1089 illius
1300 1066 1416 1088 tuentem
1428 1065 1456 1098 et.
1467 1069 1576 1089 sensum
1592 1062 1627 1088 sit
1640 1070 1685 1089 as-

895 1097 1014 1130 secutus,
1031 1099 1102 1125 haud
1115 1098 1211 1132 exgiua
1227 1097 1446 1125 sanciliibitandi
1465 1097 1535 1124 ratio
1551 1102 1603 1124 est.
1619 1098 1685 1130 Quae

894 1135 965 1160 enim
977 1133 1093 1160 Hermas
1105 1135 1139 1160 de
1154 1134 1198 1160 illa
1214 1134 1399 1167 apostolomn
1411 1132 1482 1166 apud
1498 1131 1600 1159 inferos
1613 1140 1685 1167 prae-

896 1168 1030 1196 dicatione
1041 1169 1166 1203 scripsit.
1179 1176 1209 1196 ea
1225 1169 1370 1203 allegorice
1384 1175 1466 1194 sensu
1479 1168 1594 1202 intelligi
1605 1176 1685 1201 posse

896 1204 960 1230 alibi
974 1204 1143 1231 ostendimus
1155 1204 1188 1231 ⁸ο.
1200 1204 1300 1231 Contra
1313 1211 1377 1230 vero
1390 1203 1517 1230 Clemens
1530 1211 1583 1229 non
1597 1204 1683 1230 solum

898 1239 944 1266 illa
960 1239 1073 1266 Iitterali
1098 1246 1179 1266 sensu
1199 1239 1315 1273 accepit,
1330 1245 1424 1264 verum
1439 1238 1522 1264 etiam
1540 1238 1603 1264 nulli
1620 1246 1684 1272 par-

898 1275 938 1302 cit
950 1281 1041 1308 operae
1053 1279 1080 1301 ct
1093 1273 1190 1306 labori,
1204 1275 1332 1308 omnique
1345 1279 1569 1306 argumentorum
1585 1281 1685 1308 genere

896 1309 1014 1344 probare
1031 1309 1126 1336 nititur
1140 1310 1240 1336 Christi
1256 1308 1497 1344 apostolorunique
1513 1310 1684 1342 priedicatio-

895 1343 929 1372 ire
945 1351 1077 1379 paganos,
1089 1351 1142 1371 non
1158 1351 1238 1371 secus
1251 1349 1332 1377 atque
1342 1343 1461 1373 Judaios,
1471 1345 1517 1377 qui
1532 1343 1616 1379 pierin
1633 1347 1684 1370 hac

896 1378 963 1408 vita.
979 1378 1030 1406 etsi
1045 1387 1098 1406 non
1113 1380 1242 1413 perfecte.
1255 1379 1392 1409 vixerant,
1404 1379 1536 1405 adductos
1549 1378 1635 1405 fuisse
1649 1380 1684 1405 ad

897 1414 978 1450 176
992 1415 1194 1449 paenitentiam,
1219 1422 1271 1449 qua
1289 1415 1386 1441 deinde
1410 1418 1540 1440 aeternam
1567 1414 1684 1441 salutem

896 1451 985 1484 adepti
1005 1454 1080 1478 sunt.

932 1483 1026 1512 Eidem
1034 1485 1155 1519 opinioni
1165 1483 1440 1518 subscripsitlobius,
1450 1483 1527 1517 cujus
1538 1484 1607 1518 apud
1617 1483 1686 1510 Plio-

899 1520 964 1557 tium
981 1520 1038 1557 btet:
1052 1524 1114 1547 sunt
1130 1522 1209 1547 verba
1222 1520 1259 1546 '3:
1274 1528 1283 1545 ι
1303 1520 1432 1557 Princeps
1446 1520 1627 1557 apostolorum
1636 1528 1685 1557 cur

901 1556 934 1582 iis
960 1556 1008 1590 qui
1025 1555 1050 1582 in
1067 1562 1179 1583 carcere
1193 1559 1271 1582 erant
1287 1555 1427 1590 spiritibus
1445 1555 1558 1582 veniens
1583 1556 1684 1588 praedi-

898 1589 982 1617 cavit.
998 1610 1006 1617 .
1021 1611 1029 1619 .
1042 1609 1050 1617 .
1064 1610 1070 1617 .
1085 1609 1093 1617 .
1110 1591 1161 1618 hoc
1176 1596 1218 1618 est
1231 1590 1364 1621 infideles,
1381 1589 1427 1622 qui
1444 1595 1555 1623 propter
1567 1590 1685 1616 iiiiidcli-

899 1630 981 1652 tatem
998 1633 1075 1652 suam
1091 1631 1249 1660 peccatores
1273 1629 1464 1660 reniauSet‘uut
1476 1643 1484 1655 ,
1504 1625 1684 1657 damnantur,

899 1661 978 1694 quasi
998 1661 1077 1695 plane
1092 1659 1159 1688 caro
1180 1662 1242 1688 facii
1262 1666 1289 1687 ct
1310 1659 1408 1695 divulsi
1436 1667 1450 1685 a
1473 1660 1586 1693 spiritu;
1605 1667 1686 1695 quot-

897 1702 964 1730 quot
990 1694 1079 1723 aiiteiu
1110 1696 1193 1723 etiam
1217 1696 1287 1730 apud
1321 1694 1425 1722 inferos
1442 1713 1450 1726 ,
1478 1694 1618 1727 Christo,
1637 1697 1684 1729 qni

897 1736 956 1758 erat
973 1731 1029 1765 ipsa
1052 1732 1178 1765 justitia,
1203 1730 1398 1762 crediderunt,
1426 1730 1562 1764 spirituali
1588 1731 1683 1758 laetitia

896 1766 1083 1801 perfruuntur.
1099 1776 1108 1792 ι

932 1802 984 1828 Alii
1007 1802 1095 1828 adhuc
1113 1801 1217 1835 longius
1237 1800 1374 1836 progressi
1389 1805 1472 1832 sunt,
1491 1801 1587 1836 quales
1609 1801 1685 1829 fuero

898 1842 1024 1863 auctores
1040 1837 1122 1863 libelli
1138 1845 1196 1864 stve
1211 1835 1345 1863 sermonis
1357 1835 1397 1862 De
1413 1835 1555 1868 Paschizte,
1570 1842 1597 1863 et
1611 1845 1686 1864 cem-

896 1872 1092 1898 meiitarioriiin
1105 1872 1131 1898 in
1145 1871 1219 1898 Pauli
1235 1872 1369 1906 Epistolas
1381 1871 1452 1905 apud
1463 1872 1636 1905 Ambrosium
1650 1872 1684 1905 ⁵⁸,

897 1914 946 1933 nec
963 1914 1016 1933 non
1044 1908 1113 1942 apud
1129 1907 1292 1941 Gregorium
1318 1914 1414 1942 papam
1427 1906 1448 1921 ⁶¹
1469 1907 1602 1942 Georgius
1623 1914 1685 1941 pre-

896 1943 944 1977 sby
950 1947 991 1968 ter
1001 1961 1008 1974 ,
1024 1948 1052 1969 et
1067 1941 1224 1968 Theodorus
1235 1941 1364 1968 Ecclesiae
1375 1941 1684 1976 Constantinopolitanie

896 1977 1029 2004 diaconus
1040 1997 1049 2010 ,
1063 1982 1160 2004 contra
1179 1984 1249 2010 quos
1270 1977 1315 2004 ille
1331 1978 1371 2003 sic
1388 1977 1509 2009 disputat
1523 1985 1530 2003 :
1552 1986 1562 2002 ι
1578 1977 1632 2005 Sed
1651 1986 1685 2004 ne

896 2012 1069 2038 dilectionem
1087 2017 1205 2038 vestram
1223 2012 1248 2038 in
1266 2019 1324 2038 inea
1340 2012 1528 2045 disputatione
1543 2013 1683 2045 immorer,

895 2048 958 2080 quid
975 2048 1007 2074 de
1020 2048 1071 2074 hac
1085 2048 1179 2074 liatresi
1194 2046 1331 2073 Pliilaster
1357 2048 1383 2073 in
1400 2047 1468 2073 libro
1484 2055 1565 2081 quem
1579 2047 1617 2074 De
1631 2049 1685 2073 lia--

895 2082 995 2108 resilms
1009 2083 1129 2116 scripsit,
1147 2082 1259 2113 dixerit,
1278 2087 1435 2116 cognoscat.
1452 2083 1530 2116 cuius
1546 2083 1602 2109 haec
1619 2087 1685 2109 sunt

895 2118 994 2144 verba:
1015 2126 1025 2142 ἰ
1045 2118 1115 2144 Sunt
1128 2117 1258 2149 haeretici,
1276 2125 1319 2150 qui
1333 2118 1427 2143 dicunt
1444 2118 1585 2143 Dominum
1601 2117 1627 2144 in
1643 2118 1685 2144 iii-

897 2161 907 2177 ‹
920 2154 1024 2179 I‘ernuui
1035 2153 1255 2183 desceiiilisse,et
1264 2152 1389 2179 omnibus
1404 2157 1464 2186 post
1473 2157 1586 2179 mortem
1598 2153 1683 2180 etiam

897 2195 907 2212 ι
921 2188 1018 2214 ibidem
1041 2195 1071 2215 se
1086 2187 1237 2219 nuntiasse,
1254 2193 1283 2214 ut
1296 2188 1457 2214 conliteiites
1470 2188 1653 2214 salvarentur.
1671 2198 1681 2214 ι

51 2225 176 2257 conatur.
195 2221 321 2249 Primum
347 2221 438 2250 autem
465 2224 612 2257 Scriptura:
633 2223 817 2250 testiinonium
832 2242 841 2253 ,
858 2224 880 2252 D
893 2223 965 2249 Inter
986 2225 1104 2250 limreses
1120 2230 1229 2256 quoque
1251 2223 1375 2249 eamdem
1393 2223 1548 2256 opinionem
1574 2224 1609 2249 ita
1638 2232 1684 2250 re-

50 2255 222 2293 paulopliter
230 2265 314 2292 quam
326 2266 358 2285 ex
372 2255 547 2293 Septuaginta
562 2258 794 2292 interpretatione,
807 2265 841 2284 ex

49 2288 109 2316 Jobi
122 2288 383 2328 libl'()_t1c—slllllpllllll
397 2288 488 2326 est":
500 2301 555 2328 quo
572 2288 705 2325 infernus,
722 2295 773 2328 Iioe
788 2299 840 2323 est.

50 2328 77 2350 ut
89 2330 168 2359 putat
183 2326 316 2355 Clemens
327 2349 335 2361 ,
351 2337 403 2355 non
420 2326 569 2359 locus,‘sed
586 2330 604 2355 ii
622 2329 667 2363 qui
690 2330 717 2355 in
733 2327 841 2355 inferno

48 2365 134 2398 crant,
151 2368 255 2398 vocem
277 2363 460 2398 virtutemque
473 2365 576 2391 Christi
597 2364 733 2391 audivisse
748 2364 844 2398 perbi-

47 2395 155 2433 bentur.
165 2397 237 2433 ﬁlia
254 2404 318 2423 vero
333 2395 486 2426 testimonia
504 2400 548 2426 ille
567 2400 702 2433 depromit
725 2395 841 2433 praescr—

47 2431 93 2456 tim
113 2438 147 2457 ει
163 2431 339 2465 Evangelia.
363 2433 408 2459 ubi
425 2440 485 2467 post
500 2431 734 2461 Christi—mortem
757 2437 842 2460 multa

46 2471 222 2503 mortuorum
248 2470 386 2494 hominum
403 2476 517 2502 corpora
529 2489 536 2501 ,
562 2478 571 2495 I
587 2473 618 2496 ut
632 2470 666 2496 ad
687 2469 838 2499 meliorem,

45 2501 148 2533 inquit,
172 2501 268 2528 locum
284 2512 294 2528 ι
314 2501 530 2532 transferrentur
543 2523 554 2538 ,
568 2505 755 2532 resurrexisse
773 2504 839 2538 legi-

45 2543 114 2562 lllllS.

77 2571 146 2611 Tum
169 2573 275 2600 deinde
296 2574 365 2601 hanc
392 2573 547 2608 opinionem
563 2582 642 2602 suam
667 2574 723 2611 alio
739 2574 838 2609 duplici

44 2609 205 2635 lenimento
230 2610 382 2636 conuititur
397 2610 520 2636 stabilire
536 2616 563 2637 et
585 2610 763 2637 corroborare
779 2618 787 2644 ;
806 2618 838 2636 ac

76 2743 98 2761 ’⁸⁷
112 2744 222 2770 Strom.
243 2744 262 2770 1.
279 2751 324 2774 ιιι,
345 2751 371 2778 p.
386 2743 448 2771 “6.

40 2785 66 2811 p.
82 2779 131 2804 65.
151 2785 181 2805 et
199 2787 264 2811 seq.
299 2779 322 2795 ⁵²
339 2787 364 2812 p.
377 2780 440 2806 658.
478 2780 501 2796 ⁵³
521 2780 571 2806 Job
595 2788 690 2811 xxvtii,
704 2781 748 2806 22.

40 2814 62 2828 ἐ
76 2814 156 2844 ίΙιιιΙ..
175 2824 202 2848 μ.
227 2813 291 2840 657.
324 2815 349 2829 ⁵τ
359 2816 461 2841 Stroin.
480 2816 497 2842 Ι.
517 2823 545 2844 ιι,
565 2824 591 2849 p.
617 2816 682 2843 δῖε).

40 2855 143 2880 (cuii.
161 2859 228 2884 νίιδ.
248 2849 310 2876 628.

41 2883 58 2908 ι.
76 2891 113 2917 νι,
125 2882 214 2920 cpisé
235 2889 279 2910 lo.
317 2882 338 2900 “
351 2886 430 2919 Aug.,
446 2889 463 2914 l.
480 2882 639 2918 [icit—uires,
654 2886 667 2921 ᾗ
684 2886 728 2913 ῖ9.

488 2745 510 2760 ’⁸⁸
525 2745 571 2772 lib.
584 2753 599 2769 v
613 2745 713 2772 Strom.
730 2753 790 2780 pag.
809 2743 861 2771 580
875 2751 903 2771 ct
922 2745 987 2772 590.

732 2783 748 2806 t.
788 2780 810 2796 "'
826 2781 875 2806 lsai
910 2788 947 2811 χι,
964 2782 995 2812 7;
1021 2783 1160 2815 κιιιι,20.
1198 2782 1221 2797 ⁵⁵
1237 2782 1304 2814 psal.

732 2816 756 2831 ⁵⁸
771 2823 830 2844 sup.
851 2816 868 2841 Ι.
891 2824 896 2842 I
916 2816 1016 2844 Aptior.
1033 2817 1140 2842 dissert.
1158 2816 1185 2844 4.
1203 2824 1254 2843 :it't.
1276 2817 1308 2844 18

360 2823 461 2841 διτοιιι.
480 2823 497 2842 ι.
517 2823 545 2844 ιι,
565 2824 591 2849 p.
617 2823 682 2843 om.
732 2823 756 2831 "°
771 2823 830 2849 sup.
851 2823 868 2841 ι.
891 2824 896 2842 I
916 2823 1016 2849 appar.
1033 2823 1140 2842 dissert.
1158 2823 1185 2847 ι,
1203 2824 1254 2843 :ii't.
1276 2823 1320 2844 ιδ.
1369 2823 1374 2832 ¹

347 2849 369 2865 αθ
386 2852 490 2879 Anthr"
501 2859 609 2884 ;|l|p\:1I.‘
623 2859 706 2878 SCI‘JI.
722 2851 768 2882 33,
786 2860 811 2885 ι).
823 2850 887 2880 457.
909 2852 933 2877 iii
949 2858 976 2876 (ξ.
992 2859 1007 2877 v
1025 2851 1110 2885 Epist.
1128 2853 1160 2879 :itl
1174 2854 1269 2885 Itium,
1285 2860 1310 2878 ν.
1332 2852 1374 2879 15.

351 2886 430 2914 Alite.
446 2889 463 2914 l.
480 2886 516 2913 De
531 2890 639 2914 haeres"
654 2886 667 2914 δ
684 2886 728 2913 ῖ9.
785 2886 808 2901 ⁵⁸
822 2893 903 2914 eiust.
924 2886 985 2914 tot.
1004 2888 1036 2913 ad
1057 2887 1141 2914 Fvod.

785 2890 808 2901 "
822 2893 903 2921 epist.
924 2890 985 2918 tot,
1004 2890 1036 2913 ait
1057 2890 1141 2914 Fvod.

892 2263 987 2286 censet
998 2259 1171 2292 Augustinus
1179 2259 1201 2273 δ’
1214 2267 1221 2285 :
1234 2267 1243 2282 I
1259 2258 1330 2289 Alia,
1342 2258 1441 2290 inquit,
1453 2259 1632 2285 descendente
1649 2260 1684 2286 ad

893 2292 996 2320 inferos
1017 2293 1148 2324 Christo,
1175 2294 1324 2320 credidisse
1349 2293 1520 2325 incredulos,
1543 2298 1571 2319 et
1585 2302 1682 2321 omnes

893 2329 992 2355 exinde
1004 2329 1146 2356 existimat
1165 2328 1305 2355 liberatos.
1321 2337 1330 2353 ι
1352 2328 1522 2362 Quapropter
1539 2335 1682 2362 postquam

895 2364 940 2390 ille
955 2365 1042 2395 hanc,
1061 2364 1131 2390 sicut
1145 2368 1171 2390 et
1189 2365 1359 2398 superiorem
1377 2365 1533 2395 Clementis,
1551 2363 1684 2390 aliorum—

894 2406 946 2432 que
960 2403 1122 2426 scntentiam
1137 2399 1164 2425 iii
1180 2407 1229 2426 sua
1246 2399 1278 2425 ad
1295 2399 1423 2425 Evoditiin
1437 2398 1459 2418 ⁸³
1475 2399 1590 2432 cpistola
1605 2407 1684 2434 egre-

895 2435 938 2466 gie
965 2434 1133 2464 confutavit,
1163 2443 1172 2459 ε
1198 2441 1398 2467 erroiieainque
1426 2442 1435 2458 i
1458 2441 1517 2460 esse
1540 2435 1682 2466 convicit,

893 2469 956 2502 quid
970 2470 1104 2495 catholica
1119 2469 1186 2495 Iidcs
1202 2469 1412 2502 priescripserit,
1431 2469 1473 2495 his
1486 2469 1605 2503 explicat
1620 2478 1683 2495 ver-

895 2504 936 2531 bis
952 2513 959 2531 :
981 2513 990 2529 ι
1008 2504 1190 2536 Quamobrem
1206 2511 1347 2530 teneamus
1365 2505 1520 2530 lirinissime
1533 2507 1604 2538 quod
1617 2506 1684 2531 lines

894 2540 977 2566 habet
992 2540 1183 2566 laudatissima
1200 2539 1365 2565 auctoritate
1379 2540 1495 2565 liritiata.
1511 2558 1518 2565 .
1535 2559 1542 2566 .
1556 2559 1563 2567 .
1581 2540 1608 2566 In
1623 2548 1684 2574 qui-

895 2575 945 2601 biis
959 2575 1041 2601 etiam
1056 2575 1106 2601 hoc
1122 2579 1172 2605 est,
1186 2574 1259 2610 quod
1272 2575 1341 2607 apud
1360 2574 1461 2600 inferos
1470 2574 1520 2601 fuit
1533 2574 1682 2610 (Christus)

895 2610 1044 2644 solutisque
1062 2617 1156 2636 eorum
1175 2609 1331 2641 doloribus,
1351 2611 1452 2643 quibus
1476 2617 1537 2637 eum
1555 2615 1614 2637 erat
1630 2609 1682 2637 1...;

1027 2745 1260 2779 "l.iv.p.559.
1300 2745 1538 2780 'oi.vi,p.eit.
1578 2745 1598 2761 ιι
1613 2738 1681 2771 ibid.

1198 2782 1221 2797 ⁵⁵
1237 2782 1304 2814 psal.
1328 2788 1368 2813 ix.
1397 2779 1441 2811 l2,
1460 2782 1508 2811 Iti;
1527 2785 1554 2805 i-t
1572 2787 1615 2810 xv,
1635 2779 1679 2805 Il.

1369 2817 1392 2832 ”
1409 2817 1498 2846 I’liut.,
1517 2815 1599 2846 iilbl.,
1617 2820 1677 2840 ωλι.

1414 2852 1434 2866 ⁶¹
1446 2852 1559 2885 Gri-ger.
1575 2849 1678 2882 Magn”
