1924 3072
245 165 255 192 i
266 158 314 193 ista

563 163 597 191 IN
616 163 829 192 CLEMENTI-3M
851 163 953 191 ALEX.
973 163 1003 191 D.
1024 163 1066 190 LE
1086 162 1230 191 NOL‘RRY
1253 161 1478 192 DlSSERTATlO
1499 163 1530 192 ΙΙ.

1804 163 1865 190 1140

245 231 341 259 aperta
360 230 434 259 sunt,
446 229 473 252 ut
489 226 508 252 ii
523 225 607 253 etiam
632 227 678 260 qui
706 233 769 259 erga
789 226 961 260 Clementem
983 232 1034 251 ιιο-
1050 227 1072 256 Α
1089 229 1213 260 nostrum
1226 224 1278 260 sibi
1295 231 1404 260 semper
1418 231 1473 251 non
1487 224 1664 255 constitisse,
1676 228 1711 260 et
1722 222 1808 260 libero
1820 223 1864 249 lio-

245 267 332 287 strum
349 261 462 288 minime
480 268 616 295 propenso
630 260 719 288 allecti
733 265 797 288 sunt
823 263 926 292 animo,
952 259 1030 287 fateri

245 301 381 331 cogantur
405 296 442 323 ibi
462 296 495 323 ab
512 297 570 330 ipso
585 303 650 323 vere
667 296 796 331 agnitamr
814 296 912 322 divina:
937 296 1033 330 gratia:

246 330 372 358 ad’hene
394 333 528 365 agendum
556 331 758 357 necessitatem.
781 330 815 357 Et
841 336 915 357 certe
943 331 1033 358 nullus

247 367 373 400 profecto
387 371 429 393 est
445 371 499 393 tam
518 366 601 393 hebes
615 371 641 392 et
661 367 755 392 tardus
767 385 775 396 ,
797 365 843 400 qui
871 373 924 392 non
941 366 1032 392 videat

248 409 330 434 quam
347 401 422 428 clare
437 406 463 428 ct
479 401 622 435 perspicue
644 401 741 427 divina:
764 401 860 435 gratize
881 401 1033 427 necessitas

247 444 280 472 ac
294 437 377 463 libera
394 436 512 463 hominis
525 444 587 472 cum
600 444 630 463 ea
647 436 752 471 agentis
765 436 887 472 operatio
900 435 999 465 ibidem
1016 444 1031 462 a

247 471 385 498 Clemente
401 476 493 498 nostro
506 471 666 504 explicetur.

282 506 352 542 Quid
386 512 514 542 pra-terea
542 507 613 540 qtiod
649 508 724 533 πᾶσα
749 505 868 542 ὠφέλεια
895 506 1030 542 βιωτική,

247 550 259 567 ι
277 541 385 572 omnis,
407 541 536 575 inquit",
560 541 676 573 utilitas,
702 550 764 575 qua:
780 542 813 568 ad
839 541 922 568 vitam
947 542 1032 575 perti-

246 581 302 606 net.
320 585 329 601 ι
348 576 398 602 hoc
421 581 465 602 est
480 576 605 609 quzrlibet
622 577 738 603 hominis
753 577 834 608 actio.
855 584 916 609 quae
935 577 969 603 ad
988 577 1030 603 vi-

247 617 301 637 tant
324 616 453 638 teternam
482 612 690 645 promerendam
717 611 792 638 utilis
805 616 858 643 est,
877 621 886 636 ς
903 619 1030 645 suprema

245 646 355 678 quidem
372 646 477 681 ratione
504 655 518 672 a
544 646 600 673 Deo
625 647 827 681 omnipotente,
853 646 899 680 qui
932 652 1031 680 prtecst

245 681 391 713 omnibus,
405 680 502 711 Patre.
521 681 662 715 perﬁcitur
678 680 726 714 per
749 681 846 708 Filium
860 702 868 714 ,
885 681 930 715 qui
948 682 1030 708 etiam

246 720 390 750 propterea
410 721 452 743 est
466 722 590 743 servator
604 717 736 747 omnium,
759 717 846 749 inquit
864 716 1029 750 Apostolus,

247 754 363 778 maxime
382 755 472 779 autem
489 752 619 778 lideliuni.
644 761 653 777 ι
673 751 815 785 Quomodo
833 757 923 778 autent
940 752 1030 779 omnis

247 786 292 812 illa
310 786 425 818 utilitas,
440 794 488 812 seu
503 787 571 813 bona
585 787 657 813 actio
669 796 683 812 ει
699 788 752 814 Deo
773 787 853 814 Patre
867 793 915 820 per
931 786 1029 814 Filium

247 820 398 855 perficitur,
424 821 476 848 nisi
505 821 635 848 interiore
662 825 689 848 et
716 822 806 848 divitia
836 821 909 848 illius
929 822 1028 856 gratia,

245 856 305 882 sine
325 863 376 890 qua
391 856 470 883 homo
483 856 548 882 nihil
565 857 626 883 boni
652 861 679 883 et
704 857 737 883 ad
761 862 892 884 aeternam
913 858 1029 885 salutent

246 890 424 918 conducentis
437 891 524 918 facere
541 899 659 925 utiquam
673 891 779 925 potest?

280 925 362 962 Plura
377 926 399 952 si
415 926 504 962 adhuc
516 927 656 954 desideres
666 948 673 959 ,
691 935 722 954 ea
733 947 740 958 ,
757 934 866 961 qurcso,
880 926 1026 962 diligenter

245 961 364 996 attende,
382 969 442 995 qua:
454 961 486 987 ab
500 969 532 988 eo
546 961 610 988 alibi
637 962 748 996 scriptis
772 963 872 989 tradita
899 961 964 989 sunt
977 963 1000 978 ’°
1016 971 1024 990 :

247 1004 258 1020 ε
272 995 382 1022 Clarum
399 1001 453 1028 est,
469 996 575 1028 aiebat,
596 998 668 1030 quod
694 995 791 1024 bonam
811 997 930 1031 ipsorum
947 1002 1026 1024 natu-

247 1038 304 1066 rain
316 1037 344 1057 et
361 1035 484 1058 sanetum
500 1032 651 1058 institutum
667 1033 803 1059 honoratis
814 1052 822 1064 ,
840 1032 873 1059 iis
896 1032 940 1066 qui
957 1033 1025 1060 bene

247 1065 340 1101 vivere
363 1067 581 1098 constituerunt,
601 1067 672 1093 vires
701 1067 815 1100 inspirat
841 1070 873 1094 ad
890 1065 1024 1101 reliquam

245 1100 371 1136 salutem,
389 1102 458 1128 alios
472 1101 579 1135 quidem
593 1102 680 1129 solum
693 1103 852 1135 adhortans,
871 1103 932 1130 aliis
948 1110 1023 1136 vero,

244 1135 291 1171 qui
305 1143 336 1162 ex
358 1144 387 1163 se
401 1136 472 1170 digni
489 1142 650 1170 evaserunt,
664 1145 742 1171 opem
761 1138 908 1164 ferens"...
922 1138 1023 1171 Quem-

245 1170 388 1207 aditioduin
401 1176 492 1198 autem
507 1172 627 1198 medicus
641 1170 741 1205 pra-bet
765 1173 907 1199 sanitatem
928 1173 961 1199 iis
978 1173 1023 1207 qui

244 1213 323 1239 opem
336 1206 360 1233 ei
379 1206 468 1232 l'erunt
483 1207 516 1233 ad
534 1207 697 1240 sanitatem,
712 1207 748 1234 ita
764 1208 843 1234 etiam
862 1207 932 1235 Deus
944 1206 1025 1235 mter»

245 1249 307 1267 naui
334 1241 449 1268 salutem
471 1242 511 1268 eis
529 1242 574 1276 qui
598 1250 675 1276 opem
697 1242 733 1269 illi
755 1243 858 1273 ferunt.
873 1248 975 1270 etcum
992 1251 1024 1270 eo

243 1282 427 1310 cooperantur
438 1279 469 1302 ad
481 1278 663 1310 cognitionem
677 1282 705 1304 et
715 1279 748 1304 ad
762 1279 846 1305 bonas
857 1279 990 1305 actiones.
1011 1288 1021 1304 ι

242 1311 278 1337 ΔΙ.
301 1311 429 1339 observes
451 1311 531 1338 velini
558 1314 654 1340 horum
679 1312 825 1340 Clementis
849 1314 994 1340 verborum
1013 1322 1021 1342 :

245 1354 256 1371 ε
278 1346 329 1379 Qui
344 1353 376 1373 ex
395 1354 435 1381 se,
447 1347 520 1381 digni
543 1353 699 1378 evaserunt,
718 1357 728 1374 ›
745 1356 805 1375 eum
818 1355 871 1375 non
886 1355 946 1375 esse
961 1356 1024 1375 seu-

243 1388 302 1407 sum
314 1401 321 1412 ,
337 1381 372 1408 iis
386 1390 401 1408 a
428 1380 485 1408 Deo
496 1390 575 1416 opem
600 1382 679 1415 ferri,
697 1383 742 1417 qui
759 1393 769 1409 ι
789 1391 822 1410 ex
839 1391 879 1415 se,
897 1392 907 1409 ι
927 1391 974 1410 seu
990 1391 1024 1411 ex

243 1416 309 1452 solis
325 1420 429 1444 natura:
446 1424 502 1443 sua:
516 1417 628 1451 viribus,
649 1418 696 1444 sed
706 1416 758 1452 ’qui
778 1427 787 1444 ι
805 1426 839 1445 ex
860 1426 889 1445 se
901 1437 908 1450 ,
927 1428 937 1445 ι
961 1426 1023 1445 cum

242 1451 334 1488 divina
348 1452 444 1486 gratia,
459 1452 496 1488 uti
507 1451 607 1488 dictum
622 1451 804 1488 est,agentes,
817 1459 845 1480 ct
857 1454 924 1480 bona
939 1460 1023 1488 opera

242 1485 391 1513 eﬂicienies
410 1496 420 1512 ι
443 1487 515 1521 digni
539 1485 725 1514 evaseruntft
744 1488 781 1515 lbi
801 1489 873 1515 enim
897 1485 1024 1515 Clemens

242 1524 304 1557 derc
321 1523 457 1556 giiostico,
475 1531 485 1547 ›
504 1529 551 1549 seu
571 1523 689 1556 perfecto
718 1524 871 1550 Christiano
893 1524 1023 1557 loquitur,

242 1556 290 1590 qui
307 1564 359 1583 non
375 1558 461 1583 solum
473 1557 560 1591 iustus
573 1563 616 1584 est
632 1559 764 1585 habituali
777 1578 784 1590 ,
799 1564 828 1584 ιιι
847 1556 1025 1591 aiunt,justi—

243 1592 292 1624 tia,
307 1594 353 1618 sed
371 1593 416 1625 qui
436 1593 518 1619 etiam
543 1593 676 1620 maximos
693 1594 720 1620 in
743 1594 897 1620 Christiana
923 1595 1024 1621 virtute

242 1626 307 1664 fecit
334 1634 507 1664 progressus:
531 1627 701 1662 Quapmpter
737 1630 835 1656 ibidem
861 1628 994 1664 adjecit“
1015 1637 1024 1658 :

244 1670 254 1686 ‹
273 1661 350 1688 Hunc
363 1670 473 1696 quoque
493 1662 566 1690 Deus
587 1661 696 1696 adjuvat
721 1661 912 1699 propinquiore
934 1665 1025 1693 hono-

242 1703 308 1722 ratis
320 1699 472 1725 curatione.
500 1707 511 1724 ι
536 1699 637 1732 Aperte
661 1699 743 1730 igitur
764 1702 844 1726 docet
867 1699 1024 1726 Cleon-ns"

243 1731 412 1768 hominesut
432 1733 499 1759 bene
511 1737 620 1765 aganta
645 1732 700 1760 Deo
718 1734 838 1768 adjuvari
861 1742 915 1760 non
935 1740 1022 1762 solum

242 1767 493 1802 adhortationibus,
504 1776 552 1794 seu
569 1773 682 1795 externa
699 1767 787 1802 aliqua
800 1789 807 1801 ,
824 1776 919 1796 verum
937 1770 1024 1796 etiam

242 1801 373 1837 interiore
385 1803 473 1836 gratia
487 1823 494 1835 ,
518 1810 596 1837 opem
619 1803 671 1830 illis
695 1801 818 1835 texendo,
833 1804 868 1830 ita
883 1810 972 1832 tamen
994 1810 1024 1832 ut

241 1843 303 1875 eum
318 1836 377 1875 illo,
389 1836 623 1875 tanquainra‘groti
649 1847 710 1865 cum
731 1839 846 1871 medico,
861 1839 1022 1875 συνεργοῦσι

241 1870 427 1910 πρὸς-γνῶσίν
439 1870 469 1898 ξε
486 1874 536 1910 aut
555 1870 720 1908 ἓὺπραγιαν,
746 1883 756 1900 ‹
784 1870 964 1910 coopercnt'ur
987 1877 1021 1903 ad

240 1908 426 1936 cognitionem
442 1913 469 1934 et
485 1909 569 1935 bonas
584 1911 715 1936 actiones.
737 1919 746 1935 ι

302 1942 400 1980 cuique
423 1943 589 1980 paulo_aiite
605 1943 713 1971 dixerat
737 1944 862 1971 eumdem
881 1953 890 1970 ι
915 1945 1019 1980 gnosti-

239 1984 314 2014 cum,
335 1987 345 2003 ›
360 1978 466 2004 etiatnsi
476 1978 516 2014 ad
531 1987 665 2005 sumntum
682 1980 871 2006 conscendet-it
886 1978 1019 2014 cognitio-

240 2013 284 2039 nis
298 2013 401 2048 apicem
414 2033 423 2044 ,
443 2022 458 2042 ει
474 2013 527 2040 Deo
551 2019 641 2040 tanien
664 2015 802 2048 pustulare
815 2034 824 2046 ,
844 2020 874 2041 ut
899 2013 1020 2042 contem-

240 2047 323 2082 platio
340 2053 483 2082 augeatur,
499 2048 565 2075 etin
582 2047 682 2076 virtute
692 2050 833 2084 ctjustitia
845 2058 954 2084 semper
963 2058 1020 2076 ma-

240 2087 305 2109 iieat
317 2087 344 2109 et
355 2088 508 2116 perseveret
524 2092 531 2110 ;
548 2093 557 2109 ι
572 2084 623 2116 Qui
644 2088 734 2111 autem
755 2085 787 2111 ad
806 2093 941 2112 summum
962 2085 1019 2118 jam

239 2118 365 2151 pervenit
379 2118 544 2152 cognitionis
557 2119 688 2153 gradum,
702 2124 827 2154 precatur
844 2125 872 2146 ut
896 2126 1019 2147 contem-

239 2153 326 2189 platio
337 2158 469 2189 augeatur
483 2158 511 2180 et
526 2160 685 2188 permaneat
696 2153 708 2186 ;⁷
726 2155 796 2182 sicut
813 2156 858 2189 qui
875 2160 917 2182 est
937 2156 1020 2183 liotno

240 2187 374 2224 vulgaris,
390 2187 476 2224 utrsit
496 2195 626 2223 perpetuo
651 2197 743 2216 sanus.
773 2187 832 2217 lani
857 2197 922 2217 vero
945 2196 1020 2224 petet

239 2223 322 2249 etiam
337 2227 395 2259 utra
414 2223 512 2250 virtute
526 2232 662 2259 nunquam
674 2225 792 2257 excidat,
811 2225 929 2252 maxime
943 2223 1020 2259 adju-

1087 259 1170 286 mittis
1183 259 1296 285 arbitrio
1311 259 1371 292 plus
1389 267 1470 293 quant
1498 267 1548 293 par
1571 264 1632 286 erat
1665 258 1806 290 tribuisse,
1827 264 1864 283 at-

1083 302 1137 327 que
1160 295 1227 320 adeo
1248 294 1322 320 illum
1353 294 1451 321 divinae
1479 295 1575 328 gratiae
1601 294 1796 321 necessitatem
1821 295 1864 318 ali~

1082 330 1193 362 quando
1208 329 1349 360 minuisse,
1362 337 1393 356 ac
1407 338 1423 355 e
1434 330 1523 356 medio
1534 335 1641 356 tantum
1657 337 1711 355 non
1729 328 1864 355 sustulisse

1082 365 1215 391 audacter
1233 369 1373 391 accusant.
1394 364 1489 392 Utrum
1510 369 1601 391 autem
1615 364 1692 397 justa
1710 363 1754 390 vel
1771 363 1862 397 injust:

1082 399 1116 426 sit
1133 399 1189 426 haec
1207 399 1356 430 accusatio.
1371 407 1445 426 nunc
1460 399 1681 434 investigandum
1697 404 1751 425 est.

1117 434 1145 461 lii
1161 442 1215 469 quo
1239 434 1333 468 itaque
1358 435 1440 461 situm
1461 435 1496 462 sit
1518 432 1633 461 liberum
1654 433 1777 469 hominis
1794 432 1861 469 arbi-

1083 467 1177 502 trium,
1192 476 1239 497 seu
1252 467 1370 496 hominis
1386 469 1509 502 libertas,
1526 471 1565 496 sic
1579 469 1709 496 Clenieus
1720 467 1862 495 deﬁnit":

1085 513 1095 530 ι
1115 505 1142 531 Id
1155 509 1198 531 est
1213 505 1239 532 in
1250 509 1342 531 nostra
1359 509 1495 538 potestate
1506 527 1513 536 ,
1528 505 1606 538 cujus
1627 511 1661 531 ex
1681 511 1762 537 teque
1776 511 1863 530 sumus

1082 539 1196 570 domini.
1220 547 1281 566 cum
1302 547 1334 566 eo
1361 541 1433 573 quod
1454 540 1476 566 ei
1493 543 1668 571 adversatur,
1690 544 1722 566 ut
1745 539 1863 572 philoso-

1068 573 1070 575 ’
1083 575 1172 609 phari,
1187 574 1230 602 vel
1245 582 1297 601 non
1310 582 1318 606 ;
1334 579 1361 601 et
1376 575 1497 605 credere,
1507 579 1534 601 et
1547 582 1600 600 non
1614 575 1739 601 credere.
1753 573 1807 600 Per
1818 574 1864 601 hoc

1082 617 1165 645 ergo,
1184 609 1255 645 quod
1272 617 1368 636 sumus
1386 617 1467 645 aeque
1489 610 1638 644 participes
1661 610 1808 643 utr-iusque
1820 617 1863 635 eo—

1083 652 1153 676 rum,
1167 652 1226 678 qtite
1238 644 1308 671 inter
1317 652 1346 671 se
1361 644 1551 677 adversantur,
1564 645 1701 671 invenitur
1714 645 1772 671 lieri
1791 651 1863 677 posse

1082 679 1108 706 id
1124 681 1195 713 qttod
1208 684 1250 706 est
1269 679 1295 706 in
1309 685 1401 706 nostra
1424 684 1569 714 potestate.
1589 679 1746 712 Quinetiam
1763 687 1864 713 prxce-

1081 719 1126 748 pta
1137 714 1268 748 ejusmodi
1281 723 1294 740 a
1308 715 1386 741 nobis
1399 719 1512 750 possunt
1524 715 1594 746 ﬁeri,
1610 719 1637 742 et
1651 722 1704 741 non
1723 714 1794 744 ﬁeri,
1809 722 1864 747 qua

1082 755 1292 776 consentaneum
1307 755 1348 776 est
1367 754 1396 776 ut
1421 755 1607 784 consequatur
1627 750 1685 777 laus
1708 755 1735 776 et
1758 750 1863 782 vitupe-

1082 785 1169 817 ratio;
1185 790 1212 812 et
1228 785 1275 819 qui
1292 792 1386 812 rursus
1402 786 1549 819 puniuntur
1567 791 1679 820 propter
1691 792 1740 816 ca,
1755 793 1817 818 qua:
1831 785 1863 811 ab

1082 819 1149 853 ipsis
1164 820 1281 846 admissa
1302 826 1366 847 stitit
1389 826 1511 855 peccata,
1528 826 1641 855 propter
1656 820 1715 854 ipsa
1740 820 1798 846 sola
1819 828 1864 853 pn-

1081 855 1202 881 niuniur.
1221 864 1229 880 ι
1249 855 1285 881 lbi
1306 859 1382 882 certe
1399 855 1515 882 hominis
1531 855 1683 882 libertatem
1705 855 1732 881 in
1749 862 1783 881 eo
1796 855 1865 889 posi-

1043 909 1064 937 Β
1083 894 1137 916 tam
1155 890 1300 937 essedicit,
1319 896 1353 937 titl
1363 892 1449 924 possit
1463 891 1566 937 pliquid
1580 891 1682 937 Facerel
1692 890 1734 916 vel
1754 897 1809 937 non
1826 890 1863 915 l’a-

1079 932 1153 956 cere,
1168 929 1196 952 et
1209 931 1238 952 ut
1250 925 1307 959 ipse
1324 925 1448 952 Clemens
1463 926 1582 960 loquitur
1595 945 1603 958 ,
1619 926 1733 952 Credere
1748 930 1795 952 aut
1811 933 1862 951 non

1077 961 1199 992 credere,
1230 967 1261 987 ac
1291 961 1477 994 philosophari
1503 967 1550 988 aut
1576 969 1630 988 non
1664 960 1863 994 philosophari.

1076 994 1153 1028 Quod
1169 995 1277 1029 quidem
1290 995 1355 1022 illud
1367 996 1454 1030 ipsum
1469 1003 1510 1023 est
1522 1017 1529 1026 .
1543 997 1615 1030 quod
1638 996 1800 1022 scholastici
1817 1003 1862 1022 no-

1076 1031 1126 1066 stri
1141 1031 1297 1057 libertatem
1316 1032 1541 1058 contradictionis
1554 1031 1702 1066 appellant.

1111 1065 1180 1097 Quid
1189 1066 1224 1092 sit
1235 1066 1316 1092 etiam
1328 1066 1521 1098 voluntarium,
1533 1065 1721 1100 ipse'qiioque'
1734 1066 1774 1092 sic
1786 1073 1862 1092 enar-

1077 1106 1119 1136 rat
1129 1100 1152 1116 “
1168 1109 1175 1126 :
1197 1111 1206 1125 ι
1229 1101 1415 1136 Voluntariqu
1431 1108 1483 1133 est,
1499 1102 1540 1128 vel
1551 1103 1622 1136 quod
1641 1107 1683 1128 est
1708 1110 1742 1128 ex
1759 1101 1859 1135 appeti-

1075 1135 1160 1167 tione,
1173 1135 1254 1171 179
1269 1137 1309 1163 vel
1323 1137 1395 1168 quod
1407 1144 1440 1164 ex
1459 1135 1585 1163 ilislilttlo
1600 1145 1632 1163 ac
1650 1137 1788 1163 electione
1799 1156 1807 1165 .
1823 1137 1860 1162 vel

1075 1171 1146 1206 quod
1157 1179 1189 1197 ex
1204 1172 1369 1205 cogitatione
1384 1180 1391 1198 :
1413 1181 1422 1198 ι
1439 1171 1469 1198 τὸ
1486 1172 1514 1198 δὲ
1524 1171 1646 1198 ἑκούσιον
1661 1171 1678 1206 ἢ
1691 1172 1722 1198 τὸ
1735 1171 1797 1197 κατ’
1810 1171 1863 1206 δρε-

1075 1204 1117 1237 ξῑν
1127 1206 1220 1243 ἐστιν,
1231 1207 1248 1242 ἢ
1262 1206 1294 1243 τὸ
1305 1206 1375 1232 κατὰ
1390 1207 1549 1243 προαίρεσιν
1560 1227 1567 1240 ,
1581 1208 1598 1242 ἢ
1610 1207 1641 1233 τὸ
1653 1204 1726 1233 xtra:
1736 1204 1860 1233 Eidwtiv.

1075 1243 1110 1277 At
1122 1240 1248 1268 Clemens
1270 1242 1313 1269 his
1329 1240 1420 1269 verbis
1443 1240 1533 1277 potius
1558 1240 1631 1270 unde
1647 1247 1675 1269 et
1689 1250 1741 1268 cur
1758 1243 1861 1275 aliquid

1075 1276 1110 1302 sit
1122 1277 1306 1313 voluntarium
1324 1276 1460 1311 explicati,
1474 1285 1555 1313 quam
1581 1283 1742 1305 accuratam
1766 1278 1860 1304 volun-

1076 1311 1138 1337 tarii
1151 1312 1339 1339 delinitionem
1352 1312 1471 1340 exhibet.

1112 1346 1138 1372 In
1154 1346 1205 1373 hac
1217 1351 1307 1374 autem
1323 1348 1448 1374 humana:
1462 1349 1609 1379 libertatis.
1626 1355 1674 1375 seu
1692 1347 1772 1374 liberi
1789 1347 1860 1373 ει·ὺί-

1076 1381 1121 1408 trii
1137 1390 1168 1408 ac
1186 1382 1333 1409 Voluntarii
1351 1382 1551 1417 expliCatione,
1581 1384 1649 1410 nihil
1666 1383 1750 1417 plane
1765 1387 1808 1408 est
1820 1386 1862 1407 aut

1075 1424 1128 1443 non
1149 1424 1245 1443 sanum
1259 1423 1304 1443 aut
1315 1424 1369 1443 non
1387 1419 1579 1446 orthodoxam.
1591 1419 1661 1451 Quid
1678 1418 1764 1452 igitur
1780 1418 1807 1442 iu
1822 1418 1862 1443 his

1075 1453 1242 1486 exponendis
1256 1452 1382 1479 Clemens
1399 1454 1541 1487 peccavit?
1567 1454 1638 1480 Nihil
1655 1458 1742 1480 certe.
1764 1452 1863 1484 Quatu-

1075 1488 1170 1514 ohreui
1192 1487 1337 1521 diligenter
1360 1489 1498 1521 expendas
1510 1489 1609 1522 velim,
1633 1489 1679 1515 tibi
1699 1488 1803 1514 morosi
1828 1487 1862 1513 illi

1076 1522 1200 1548 homines
1215 1530 1276 1548 eum
1289 1527 1376 1549 statos
1388 1531 1458 1549 vera:
1473 1525 1605 1551 doctrina:
1629 1523 1734 1550 limites
1753 1528 1864 1556 praster-

1076 1564 1196 1590 gressum
1211 1565 1270 1584 esse
1285 1557 1477 1585 criminantur.
1502 1559 1587 1586 Nobis
1615 1564 1707 1585 autem
1730 1558 1862 1591 objiciunt

1078 1593 1165 1619 tribus
1181 1593 1206 1619 in
1223 1592 1291 1619 locis
1307 1592 1408 1626 aliquid
1422 1594 1531 1620 humani
1544 1595 1621 1621 liberi
1633 1593 1744 1620 arbitrii
1761 1593 1862 1619 viribus

1077 1627 1136 1661 plus
1149 1635 1227 1660 aequo
1241 1629 1276 1654 ab
1293 1627 1352 1661 ipso
1370 1630 1483 1655 concedi
1501 1634 1529 1655 et
1545 1630 1671 1656 attribui.
1693 1629 1804 1655 Primus
1820 1636 1863 1660 pe-

1079 1662 1145 1697 titur
1157 1670 1191 1690 ex
1206 1663 1280 1690 illius
1295 1662 1328 1688 ad
1343 1669 1437 1697 gentes
1452 1664 1648 1694 Admonitioiie.
1664 1665 1710 1690 ubi
1729 1669 1791 1697 post
1808 1664 1863 1689 hac

1079 1671 1145 1689 titur
1157 1671 1191 1690 ex
1206 1671 1280 1690 titius
1295 1671 1328 1688 au
1361 1671 1437 1690 entes
1452 1671 1648 1694 Ααιηοηιιιοιιε,
1664 1671 1710 1690 uni
1729 1671 1791 1697 post
1808 1671 1858 1689 ιιι(

1075 1696 1176 1724 Christi
1190 1698 1289 1734 verba:
1310 1707 1319 1722 ‹
1338 1671 1462 1725 vestrum
1482 1704 1525 1725 est
1549 1707 1662 1734 regnum
1683 1699 1836 1729 mulorum,
1850 1707 1858 1723 I

1076 1733 1204 1759 continuo
1222 1732 1347 1760 Clemens
1369 1734 1533 1760 subnectit'l
1550 1743 1557 1760 :
1575 1732 1592 1760 ι’
1602 1734 1729 1761 Vestrum
1750 1739 1794 1760 est
1807 1753 1815 1762 .
1840 1733 1862 1758 si

1075 1768 1176 1800 velitis,
1198 1767 1310 1795 liberam
1332 1769 1416 1795 animi
1437 1769 1604 1796 voluntatem
1633 1771 1667 1795 ad
1693 1769 1780 1795 Deum
1796 1769 1861 1794 diri-

1075 1804 1181 1836 guntlo;
1197 1803 1219 1829 si
1233 1807 1338 1830 tantum
1353 1804 1451 1836 velitis,
1470 1805 1589 1838 inquam.
1608 1804 1736 1835 credere,
1749 1809 1776 1830 et
1789 1812 1863 1830 com-

1076 1839 1202 1871 pendium
1220 1839 1298 1872 sequi
1314 1839 1522 1872 praedicationis.
1543 1850 1552 1865 ι
1577 1839 1724 1866 Secundus
1749 1839 1775 1865 iu
1795 1839 1862 1864 libro

1075 1874 1192 1899 secundo
1220 1871 1385 1909 Strumatitm
1416 1874 1452 1900 ita
1478 1875 1578 1909 legitur
1594 1875 1617 1890 “
1643 1882 1651 1901 :
1671 1883 1682 1899 ι
1701 1874 1758 1900 Nos
1775 1880 1862 1899 autem

1073 1909 1119 1942 qui
1134 1909 1218 1935 libera
1230 1913 1257 1935 et
1269 1908 1392 1934 absoluta
1411 1915 1546 1942 potestate
1569 1910 1674 1943 eligere
1692 1915 1723 1936 ei.
1747 1910 1834 1935 vitare
1848 1917 1862 1934 ει

1075 1943 1300 1979 υοιιιὶιιοέίιιιιιιη
1313 1951 1373 1971 esse
1386 1945 1542 1971 hominibus
1557 1953 1570 1971 a
1587 1945 1740 1979 scripturis
1757 1944 1863 1978 πεφί-

1075 1986 1144 2004 nius.
1168 1987 1178 2004 ι
1197 1977 1307 2014 Tertius
1318 1979 1436 2014 denique
1449 1988 1481 2006 ex
1499 1981 1542 2006 his
1559 1977 1683 2014 ejusdem
1694 1980 1758 2006 libri
1774 1979 1863 2005 verbis

1074 2013 1217 2047 decerptus
1236 2013 1270 2039 ab
1282 2013 1322 2040 eis
1333 2012 1415 2040 fuit"
1433 2023 1440 2040 :
1456 2024 1465 2040 α
1482 2012 1604 2042 Deiectio
1617 2036 1624 2048 ,
1637 2021 1665 2041 ei
1681 2022 1820 2044 recessus,
1835 2019 1861 2039 et

1074 2048 1256 2074 inohedicutia
1268 2053 1333 2075 sunt
1353 2049 1380 2074 iii
1399 2055 1492 2076 nostra
1511 2055 1659 2084 potestate,
1682 2050 1757 2076 sicut
1781 2055 1861 2075 etiam

1071 2087 1114 2109 est
1125 2083 1151 2109 in
1163 2088 1256 2110 nostra
1270 2087 1402 2117 potestate
1413 2083 1576 2112 oliedieiitia.
1589 2085 1724 2118 Quocirca
1737 2085 1863 2119 judican-

1073 2122 1117 2143 tur
1133 2119 1216 2144 etiam
1236 2125 1296 2152 quae
1310 2124 1373 2145 sunt
1385 2120 1545 2146 voluntaria.
1565 2130 1574 2145 ι

1108 2153 1249 2190 seuquid,
1263 2154 1361 2180 amabo
1372 2159 1409 2190 te,
1424 2154 1466 2180 his
1482 2155 1569 2182 tribus
1586 2155 1613 2182 in
1633 2155 1703 2182 locis
1722 2153 1861 2190 occurrit.

1072 2189 1145 2222 quod
1161 2195 1233 2214 vera:
1246 2193 1274 2215 et
1287 2189 1429 2216 catholica:
1451 2191 1483 2216 de
1501 2190 1588 2218 libero
1606 2190 1730 2217 hominis
1749 2190 1862 2216 arbitrio

1073 2223 1204 2250 doctrina:
1217 2224 1381 2258 statutisque
1395 2225 1429 2251 de
1442 2225 1488 2251 illo
1497 2225 1616 2252 decretis
1634 2231 1661 2252 et
1674 2225 1862 2252 sanctionibus

239 2264 309 2295 vatis
319 2262 347 2284 et
361 2258 430 2284 dans
447 2266 570 2292 operam,
597 2264 627 2285 ut
652 2265 784 2295 perpetuo
814 2266 919 2287 maneat
945 2258 1018 2292 ejus-
1035 2258 1058 2285 D
1073 2266 1124 2284 non
1138 2258 1267 2295 sitplaue
1279 2260 1511 2286 consentaneum?
1526 2260 1655 2295 Nunquid
1671 2261 1859 2295 Cleiueusno-

238 2293 324 2323 modi,
338 2298 372 2328 uti
392 2300 445 2319 nou
470 2295 556 2327 possit
569 2293 709 2321 excidere.
729 2305 739 2321 ι
766 2295 817 2328 Qui
837 2301 927 2322 autem
952 2296 1019 2322 dicit

238 2327 477 2361 contetnplationis
491 2328 660 2356 incrementa
675 2338 707 2357 ac
727 2327 851 2357 ultimam
866 2331 892 2357 in
908 2331 978 2357 bono
992 2336 1020 2358 et

239 2362 341 2388 virtute
361 2364 592 2400 perseverantiam
615 2373 629 2390 a
647 2366 699 2392 Deo
716 2366 770 2399 peti
788 2370 815 2391 et.
837 2366 971 2400 ﬂagitari,
997 2367 1019 2394 is

238 2402 314 2424 certe
336 2399 386 2424 hoc
400 2406 452 2424 non
471 2399 497 2425 iii
517 2407 565 2426 sua
586 2397 722 2433 potestate
736 2401 829 2433 situm,
846 2397 1019 2428 sed’uiet‘uui

238 2433 285 2460 Dei
301 2432 401 2459 donum
417 2438 445 2460 et
459 2435 576 2469 gratiam
586 2432 651 2462 esse
665 2437 814 2463 existimat.

501 2480 699 2509 AltTlCULUS
719 2482 750 2509 ll.

236 2524 369 2553 Delibero
381 2526 494 2554 lionti'iit's
512 2527 637 2558 arbitrio,
651 2533 676 2554 et
690 2533 778 2554 turum
792 2527 912 2555 Clemens
928 2528 1022 2563 eiplus

518 2571 594 2598 wquo
606 2563 735 2590 tribuerit.

271 2606 396 2635 Vidimus
425 2608 556 2636 hactenus
585 2617 665 2642 quam
694 2609 771 2644 plcnc
807 2615 1021 2644 constanterque

236 2642 376 2674 Clemens.
407 2644 440 2670 iis
467 2645 550 2671 etiam
569 2645 615 2678 qui
631 2645 680 2678 ipsi
694 2642 809 2671 inininie
830 2645 922 2671 favent
948 2642 1020 2672 uliro

236 2677 404 2711 latentibus,
431 2687 563 2705 summam
579 2677 678 2714 igratia:
697 2680 799 2706 Christi
828 2681 1019 2707 necessitatem

236 2714 372 2746 docuerit,
387 2714 530 2748 palamque
541 2715 679 2749 professus
691 2714 783 2742 fuerit.
800 2714 898 2742 Verum
915 2715 951 2742 illi
969 2716 1019 2748 ipsi

233 2756 330 2810 parum
346 2750 416 2782 :equi
431 2749 593 2776 orthodoxa:
611 2750 786 2783 antiquorum
810 2751 974 2784 scriptorum
991 2755 1020 2777 et

249 2785 347 2810 'atruui
363 2784 496 2810 doctrina:
509 2785 692 2810 aestimatores
704 2787 829 2810 eumdem
851 2786 1018 2810 Clementem

249 2785 347 2810 'atriiui
363 2784 496 2812 doctrina:
509 2785 692 2812 mstiuiatores
704 2787 829 2812 eumdem
851 2786 1018 2813 Clementem

270 2865 294 2880 ⁸⁹
307 2865 406 2892 Stroni.
422 2865 440 2894 Ι.
455 2873 491 2898 VI,
508 2875 532 2901 p.
550 2865 613 2894 695.
651 2866 674 2882 ⁹⁰
686 2866 703 2893 Ι.
721 2874 769 2898 vii,
783 2874 807 2900 p.
827 2865 890 2893 727.

926 2866 949 2882 “
966 2865 1031 2893 ibid.

1073 2299 1130 2320 stcr
1145 2293 1182 2319 ibi
1200 2294 1255 2320 ullo
1272 2301 1385 2328 prorsus
1402 2296 1482 2321 modo
1497 2303 1546 2322 nos
1561 2293 1666 2329 uosque
1684 2296 1779 2322 divina
1796 2293 1860 2319 Ser-

1072 2328 1175 2355 vatoris
1187 2329 1274 2363 gratia
1290 2330 1331 2356 vel
1344 2330 1484 2356 minimum
1502 2332 1567 2365 quid
1581 2328 1655 2358 recte
1668 2337 1696 2356 et
1706 2330 1862 2365 Christiane

1073 2364 1198 2396 credere,
1210 2369 1256 2390 aut
1272 2365 1316 2398 pie
1330 2370 1357 2391 et
1376 2371 1469 2392 sancte
1483 2366 1550 2392 velle
1563 2367 1606 2392 vel
1618 2372 1713 2399 agere,
1730 2364 1801 2390 dixit
1817 2368 1861 2388 aut

1073 2398 1211 2425 asseruit?
1226 2399 1336 2429 Minime
1351 2401 1472 2434 quidem.
1490 2401 1521 2427 Et
1534 2408 1598 2428 vero
1616 2398 1724 2426 tantum
1740 2399 1818 2425 abest
1834 2403 1861 2423 ut

1076 2433 1102 2460 id
1116 2434 1227 2466 dixerit,
1241 2436 1379 2461 autetiam
1388 2436 1559 2468 cogitaVerit,
1573 2436 1640 2469 quin
1653 2436 1746 2468 potius
1759 2440 1859 2467 aperte,

1078 2469 1116 2496 uti
1133 2469 1260 2500 vidimus,
1283 2470 1469 2497 Christianam
1495 2471 1574 2498 tidem
1599 2477 1661 2497 esse
1686 2470 1735 2496 Dei
1761 2470 1859 2495 donum

1075 2504 1214 2538 pricdicet.
1233 2504 1303 2537 Quid
1321 2513 1396 2538 vero,
1410 2506 1483 2540 quod
1504 2506 1547 2532 ille
1560 2526 1567 2538 ,
1586 2506 1626 2531 uti
1648 2506 1735 2532 etiam
1753 2512 1768 2530 a
1786 2504 1861 2540 nobis

1077 2540 1250 2566 observatum
1266 2544 1317 2572 est,
1332 2538 1519 2568 disertissiitiis
1535 2541 1628 2567 verbis
1643 2544 1787 2567 asseverat
1797 2538 1860 2564 libe-

1079 2581 1150 2607 rum,
1172 2576 1243 2609 quod
1272 2575 1299 2601 in
1325 2576 1402 2602 nobis
1425 2581 1484 2608 est,
1500 2576 1653 2606 arbitrium,
1681 2583 1738 2602 non
1761 2575 1860 2609 absque

1074 2609 1174 2636 eximia
1189 2610 1236 2636 Dei
1252 2611 1338 2644 gratia
1350 2611 1384 2637 ad
1398 2611 1462 2638 boui
1479 2612 1573 2637 venire
1583 2611 1771 2645 agnitionem,
1786 2615 1812 2635 ei
1829 2608 1858 2633 ad

1073 2652 1105 2671 ea
1118 2653 1178 2680 quae
1196 2646 1398 2680 superciliiuent
1410 2646 1526 2674 extolli?
1543 2646 1613 2679 Quid
1639 2646 1771 2679 denique,
1789 2645 1857 2678 quod

1070 2687 1126 2706 non
1143 2680 1232 2707 minus
1245 2681 1386 2714 perspicue
1399 2682 1488 2714 docet,
1501 2681 1735 2715 quemadmodqu
1751 2681 1860 2706 adnota-

1073 2715 1170 2746 vimus,
1188 2724 1198 2740 I
1217 2716 1373 2743 universum
1391 2726 1401 2742 ι
1417 2724 1469 2743 non
1483 2724 1545 2743 esse
1558 2717 1585 2743 in
1598 2721 1694 2743 nostra
1711 2719 1859 2750 potestate.

1072 2752 1293 2784 quandoquidem
1310 2751 1358 2778 Dei
1372 2752 1462 2784 gratia
1479 2751 1642 2779 servantur?

1109 2785 1204 2813 Plures
1217 2793 1283 2813 sane
1297 2787 1342 2813 alii
1364 2787 1393 2814 in
1412 2787 1562 2814 Clementis
1582 2787 1767 2814 Stronmtibiu
1789 2784 1858 2811 aliis-

1070 2867 1093 2882 "
1110 2866 1187 2899 iliid.,
1208 2875 1232 2900 p.
1250 2867 1312 2894 726.

1358 2867 1381 2883 ⁹³
1396 2868 1496 2896 Suom.
1513 2868 1588 2902 Liv,
1609 2876 1638 2903 ρ.
1654 2868 1717 2896 536.
1756 2869 1778 2885 "
1795 2868 1811 2897 Ι-
1828 2875 1856 2902 Hi

235 2908 263 2936 p.
278 2900 340 2929 ῐιὸῑ,
379 2902 402 2917 ⁸⁵
414 2902 528 2931 Admoti.
546 2906 577 2930 ad
595 2907 682 2937 gent,
697 2911 726 2937 p.
740 2904 783 2930 δέ.
823 2902 956 2930 “Situm.
973 2903 993 2930 ι.
1011 2910 1024 2930 ι

1079 2923 1082 2930 .
1100 2903 1162 2930 sua.
1199 2903 1220 2918 σν
1239 2903 1318 2937 “ML,
1334 2911 1358 2935 ο.
1372 2904 1434 2931 ssc.
