1924 3072
245 169 312 199 ΙΊ65

578 167 611 195 ΙΝ
628 167 838 195 CLEMENTEM
854 165 956 194 ALEX.
975 166 1006 194 D.
1025 166 1068 194 LE
1086 165 1230 194 NOURRY
1248 166 1475 196 DISSERTATIO
1491 168 1525 197 ll.

1793 171 1854 200 ηθι

243 227 330 258 semel
344 229 386 254 est
403 229 579 256 consecutus,
599 232 609 249 ν
627 223 736 258 genitali
751 223 854 259 scilicet
871 222 988 255 lavacro,
1005 225 1032 250 et
1047 224 1070 252 Α
1086 227 1130 249 tur
1148 222 1313 251 Clementem
1330 227 1486 250 autumasse
1499 223 1671 252 Christianos
1695 225 1856 259 impositione

243 263 374 300 gravibus
390 260 493 300 absque
516 257 978 300 poenitentiapub_lica3"laboribns
1002 263 1029 298 et

243 292 341 335 Breuis.
361 305 372 323 ‹
391 292 604 335 Hic—antemna
632 292 771 335 subiungit
799 292 934 324 Clemens,
953 301 962 317 ι
977 293 1028 335 qui

243 329 328 362 'etiam
352 335 446 366 postea
467 329 683 366 peccavitLetsi
707 329 815 366 veniam
836 334 1028 362 consequatur,

244 370 326 396 debet
343 363 520 396 erubescere;
537 373 546 390 i
565 363 700 398 publicam
717 363 843 390 nimirum
866 370 951 397 agens
973 370 1030 398 pae-

243 402 401 432 nitentiam,
422 410 432 427 ‹
449 405 480 427 ut
494 400 539 434 qui
555 406 610 426 non
628 398 743 432 amplius
765 398 872 424 lavetur
889 398 915 424 in
935 399 1030 424 remis-

242 439 350 466 sionem
366 433 552 471 peccatorum,
570 443 580 459 ›
595 440 691 467 nempe
701 433 1028 471 baptisinisacraniento;

238 475 345 508 quippe
362 467 434 508 quod
448 467 810 508 iterari_utinquaiii_possit.
830 467 951 508 Denique
968 475 1030 508 cu_m

243 501 277 536 de
294 501 348 535 bbe
362 501 470 533 homine
483 501 671 540 pmnitentiam
688 501 762 540 illam
773 507 872 540 agente
885 501 962 533 dicit.
978 501 1029 529 κᾶν

242 542 409 577 συγγνώμης
433 538 573 575 τυγχάνῃ,
600 548 610 565 ι
642 538 824 577 etsi_veniam
848 543 1030 577 consequatur

242 584 270 606 et
284 573 429 612 'i'mpétret,
458 573 630 602 iwliis'certe
655 573 745 601 verbis
769 574 841 612 sicut.
864 573 1028 612 catholicum

243 609 340 649 dogma
355 612 456 639 diserte
472 615 633 649 propugnat,
649 615 678 649 et
694 614 800 649 tuetur;
819 609 1028 649 ita_h:ereticam

243 644 458 676 Novvatianorum
473 644 628 680 opinionem
646 644 766 680 funditus
780 644 887 671 evertit.

281 683 337 711 Nec
358 682 447 709 minus
461 679 597 708 catholico
610 687 689 707 sensu
705 679 739 706 ab
759 679 817 713 ipso
832 679 962 707 scribitur
978 679 1001 694 ὀ
1019 688 1025 705 :

242 728 255 745 ί
283 720 402 754 Apparet
424 723 499 754 ergo,
513 717 561 742 sed
576 723 628 743 non
645 719 687 741 est
707 715 877 749 poenitentia,
895 721 967 754 saepe
981 721 1028 748 pe-

242 750 421 781 teres—eniam
437 750 469 779 de
481 751 514 777 iis
527 758 586 784 quae
603 757 673 784 saepe
697 757 851 783 peccamus,
872 759 882 776 i
906 750 957 776 hoc
973 754 1027 781 est,

242 797 293 816 nec
306 795 370 815 vera
387 794 438 814 nec
460 787 565 813 sincera
579 786 694 813 habetur
707 785 779 812 illius
794 785 963 818 poenitentia.
982 785 1027 818 qni

242 825 270 850 in
296 823 392 851 eadem
413 826 537 856 peccata,
562 827 676 856 quorum
702 827 777 856 saepe
788 820 898 856 veniam
922 820 1026 856 petivit,

238 859 353 886 labitur.
371 855 473 884 At’hoc
493 856 593 884 celebri
616 855 696 882 eﬂ'ato
712 855 780 882 nihil
796 855 822 882 in
839 860 960 882 veterum
980 855 1028 883 Ec-

242 894 333 922 clesia!
349 892 459 920 Patrum
474 891 584 926 scriptis
597 891 683 926 magis
699 890 794 917 tritum
808 895 836 917 et
850 891 971 925 vulgare.

501 935 699 964 AliTlCULUS
723 935 767 963 ΙΙΙ.

241 985 280 1013 De
297 984 380 1012 sacris
397 983 534 1011 ordinibus
552 983 676 1016 episcopi,
696 982 839 1017 presbyteri
859 987 882 1009 et
903 982 1024 1015 diaconi,

348 1024 371 1046 et
380 1027 459 1054 quam
472 1022 538 1045 recte
549 1027 564 1044 a
573 1017 702 1044 Clemente
711 1018 919 1052 distinguantur.

276 1064 345 1092 Tres
360 1065 386 1091 in
404 1063 526 1092 Ecclesia
542 1070 601 1091 esse
619 1070 714 1091 sacros
727 1063 916 1097 episcoporum
930 1083 938 1095 .
963 1070 1026 1098 pre-

242 1100 418 1135 sbyterorum
433 1104 461 1126 et
475 1099 650 1135 diaconoruni
667 1098 776 1135 ordines
791 1106 844 1135 non
859 1098 944 1126 solum
958 1106 973 1125 a
995 1105 1025 1125 se

241 1133 370 1168 invicem,
385 1135 430 1162 sed
456 1142 471 1161 a
486 1139 585 1161 ca‘tero
606 1134 686 1160 etiam
701 1133 919 1161 Christianorum
943 1141 1026 1168 grege

240 1170 385 1197 distinctos
402 1170 438 1196 ita
454 1173 546 1204 aperte
561 1168 686 1196 Clemens
704 1168 836 1200 declarat,
860 1173 891 1195 ut
913 1169 940 1196 id
954 1170 1025 1196 Cen-

241 1205 389 1232 turiatores
403 1205 436 1237 ἰ,
454 1205 563 1232 tametsi
586 1205 672 1237 magis
686 1204 779 1237 iniquo
792 1211 873 1238 quam
889 1211 1024 1238 propenso

241 1241 268 1266 in
285 1240 360 1267 illum
374 1239 465 1267 animo
483 1239 567 1267 fuisse
581 1243 698 1270 constet,
710 1239 798 1273 palam
817 1239 942 1273 ultroque
956 1247 1024 1266 con-

238 1275 312 1302 litcri
333 1280 477 1310 cogantur.
502 1274 535 1301 Et
552 1282 580 1302 re
594 1274 788 1310 quidemrvera
803 1273 849 1301 ille
866 1275 1023 1302 eorumdem

239 1309 586 1344 orilinum’eoniparatione
600 1309 697 1344 probat
712 1309 852 1336 beatorum
872 1314 899 1336 et
922 1313 1022 1337 aeterna

238 1345 372 1373 felicitate
388 1343 534 1371 rrueiitinm
557 1345 646 1372 varios
661 1351 722 1371 esse
737 1344 838 1379 gradus
855 1344 878 1359 “
893 1353 900 1371 :
920 1353 929 1370 i
955 1343 1022 1372 Nam

238 1381 285 1407 hic
302 1387 409 1415 quoque
425 1380 451 1407 iii
468 1379 591 1407 Ecclesia
604 1379 1022 1415 progressiones‘episcoporuin,

237 1415 471 1451 presbyterorum,
486 1415 662 1451 diaconorum
678 1420 753 1451 sunt,
770 1419 800 1441 ut
814 1414 945 1448 arbitror,
962 1415 1024 1441 inii-

238 1449 355 1478 iationes
379 1450 473 1485 glorits
496 1450 635 1485 angelicae,
663 1454 691 1477 et
713 1449 785 1477 illius
808 1451 969 1477 mconomite
992 1458 1024 1478 ac

242 1486 464 1523 dispensationis,
481 1484 562 1520 quain
576 1486 671 1523 dicunt
681 1484 830 1523 Scriptura:
845 1485 905 1513 illos
916 1520 921 1523 Δ
932 1493 1024 1520 exspe-

240 1523 377 1556 ctare,qui
396 1520 552 1556 insistentes
567 1520 688 1555 vestigiis
700 1520 883 1556 apostolorum
899 1520 1024 1548 vixerunt

238 1555 266 1582 in
297 1555 463 1591 perfectione
489 1555 617 1590 justitite,
646 1555 848 1591 convenienter
864 1555 1020 1590 Evangelia.

233 1590 430 1618 .Hos’sublatos
447 1592 475 1618 in
493 1591 609 1618 nubibus
628 1591 723 1618 scribit
738 1590 884 1624 Apostolus
903 1598 1021 1625 primum

236 1627 346 1661 quidem
370 1627 500 1653 diaconos
523 1626 640 1658 futuros,
659 1625 756 1653 deinde
773 1628 941 1660 cooptandus
961 1634 1022 1654 esse

238 1661 265 1688 in
291 1662 507 1696 presbyteratiiin
533 1661 681 1695 perfectum
703 1660 814 1693 gloriae;
840 1661 925 1694 gloria
948 1662 1020 1689 enini

237 1696 328 1723 diﬂ'ert
349 1704 364 1722 a
387 1697 485 1730 gloria,
503 1696 589 1722 donec
611 1697 748 1723 creverint
776 1697 803 1722 in
823 1696 908 1722 viruin
932 1698 1022 1730 perfe-

237 1737 324 1758 ctum.
344 1740 353 1756 i
373 1731 440 1758 'l‘rcs
461 1732 551 1764 itaque
571 1731 630 1758 illos
646 1731 840 1758 ecclesiasticae
862 1730 1022 1758 hierai-cbia:

236 1766 338 1800 gradus
357 1775 370 1792 a
389 1774 418 1793 se
434 1766 548 1793 invicem
562 1767 715 1801 distingutt,
729 1767 863 1801 docetque
877 1767 944 1794 alios
960 1767 1021 1795 aliis

237 1809 297 1828 esse
312 1809 474 1835 superiores.

273 1835 406 1862 l’razterea
424 1844 476 1862 non
493 1836 582 1863 minus
597 1835 739 1871 perspicue
760 1836 889 1863 diaconos
907 1840 935 1863 et
959 1844 1020 1871 pre-

230 1871 363 1906 sbyteros
377 1871 410 1897 ab
424 1871 484 1898 aliis
513 1873 676 1899 Christianis
700 1872 824 1899 lidelibus
839 1872 1020 1900 discriminat.

238 1906 320 1932 Paulo
346 1907 420 1933 enim
446 1908 570 1941 superius
594 1907 690 1934 scribit
709 1916 718 1932 i
744 1907 896 1942 gnoslicuni
925 1917 934 1932 i
961 1915 1021 1935 esse

236 1942 346 1976 quidem
374 1942 562 1976 presbyterum
579 1946 607 1969 et
629 1942 784 1974 diaconum,
808 1943 855 1969 sed
874 1942 1021 1977 improprie

237 1981 342 2002 tantum
367 1982 394 2003 et
416 1978 613 2011 nietapliorice,
629 1978 729 2012 pietate
752 1978 890 2009 nimirum,
910 1985 943 2004 ac
960 1980 1020 2005 vitae

236 2011 393 2046 integritate
410 2017 436 2039 et
450 2011 644 2044 sanctimonia,
661 2021 713 2039 non
731 2017 820 2039 autem
837 2012 1018 2046 oi-ditiatiOiie,

237 2053 329 2080 utpote
341 2048 385 2081 qui
410 2056 418 2072 ι
437 2048 471 2074 ab
489 2048 642 2075 hominibus
663 2056 715 2074 non
727 2048 870 2074 ordinetur
885 2047 919 2074 ".
939 2058 948 2074 i
966 2049 1019 2076 Sed

236 2086 347 2118 priestat
361 2082 527 2110 Clementem
543 2084 599 2110 suis
614 2083 702 2110 verbis
727 2083 881 2118 loquentem
904 2084 997 2111 audire
1012 2094 1018 2111 ι

238 2125 248 2141 ι
281 2116 330 2144 Hic
355 2123 408 2150 est,
434 2118 531 2152 inqtiil,
551 2126 646 2145 revera
669 2116 813 2153 presbyter
835 2119 974 2151 Ecclesiae,
993 2125 1021 2146 et

234 2158 317 2187 vei-us
335 2152 475 2185 diaconus,
493 2153 519 2179 id
537 2158 590 2184 est,
604 2154 729 2180 minister
742 2152 788 2180 Dei
807 2155 962 2187 voluntatis,
972 2156 1019 2181 καὶ

234 2186 356 2217 διάκονος
375 2187 477 2223 ἀληθὴς
500 2188 546 2215 τοῦ
565 2188 631 2215 Θεοῦ
648 2188 811 2224 βουλήσεως,
838 2189 860 2216 si
879 2189 970 2222 faciat,
993 2196 1020 2217 et

236 2223 409 2269 duceatwqtite
424 2229 486 2250 sunt
512 2225 628 2269 Domitii,
644 2223 698 2269 non
714 2223 743 2251 tit
758 2226 969 2269 qttrordiiietun
982 2227 1016 2253 ab
1033 2241 1054 2269 Β

237 2257 398 2295 hominibus,
413 2266 501 2292 neque
514 2260 584 2293 quod
598 2260 686 2294 justus
703 2257 849 2287 censeatur
862 2261 1013 2295 presbyter,

235 2294 282 2330 sed
295 2294 367 2330 quod
378 2293 469 2327 justus
485 2293 603 2321 refertur
614 2295 640 2321 in
657 2293 886 2330 presbyteratuni.
907 2293 1016 2323 Et'licet

236 2328 280 2365 ilic
291 2328 321 2365 iii
332 2329 419 2365 _terris
443 2336 496 2356 non
513 2329 595 2356 fuerit
612 2328 698 2365 priina
719 2328 782 2357 sedc
798 2332 959 2363 honoratus,
974 2338 1016 2357 se-

235 2363 310 2389 debit
331 2363 359 2389 in
377 2369 493 2400 quatuor
515 2369 544 2391 et
565 2363 659 2398 viginti
685 2366 790 2393 tlironis
803 2365 930 2399 populum
942 2367 1016 2400 judi-

234 2405 312 2430 cans,
330 2403 361 2424 ut
375 2399 440 2425 dicit
454 2398 572 2427 Joannes
586 2402 612 2426 in
634 2398 810 2435 Apocalypsi.
828 2398 843 2426 »⁷
853 2400 912 2427 Non
930 2398 1019 2436 potest

234 2440 301 2459 sane
322 2441 400 2471 sacer
413 2435 564 2471 presbyteri
577 2440 604 2462 et
624 2436 731 2464 diaconi
754 2437 821 2463 ordo
839 2444 853 2462 a
872 2435 976 2471 plebeio
991 2442 1018 2464 et

234 2473 339 2505 caetero?
357 2469 572 2505 Christianorum
599 2475 672 2498 statu
699 2472 797 2498 clarius
819 2469 1019 2505 dilucidiusque

234 2504 352 2541 secerni.
379 2504 580 2541 Quantumlibet
599 2506 685 2538 enim,
701 2511 770 2533 teste
793 2506 942 2539 Clemente,
959 2504 1020 2541 per-

233 2540 321 2565 lectus
339 2540 421 2566 l'uerit
436 2540 520 2567 laicus
531 2545 559 2568 et
574 2542 722 2573 saecularis,
741 2546 770 2568 ut
784 2542 829 2568 ille
849 2542 898 2572 ait,
920 2551 929 2567 ί
954 2549 1020 2577 gno-

233 2579 338 2606 sticus;
359 2584 369 2600 ι
386 2582 401 2600 a
419 2576 579 2612 presbytero
592 2582 683 2604 tamen
705 2583 732 2603 et
746 2579 859 2604 diacono
875 2576 1020 2612 distingui-

234 2615 287 2640 tur,
315 2619 323 2635 ι
355 2617 404 2647 nec
421 2611 507 2644 prima
532 2613 596 2638 sede
621 2613 784 2644 honoratur;
813 2622 822 2636 i
844 2615 946 2647 quippe
964 2611 1019 2646 θιιυί

234 2653 243 2668 t
267 2652 320 2670 non
335 2646 477 2683 ordinetur
490 2647 523 2672 ab
538 2647 700 2679 hominibus,
721 2657 730 2673 ι
747 2647 796 2682 οὐχ
813 2648 858 2674 ὑπ’
870 2646 1021 2683 ἀνθρώπων

231 2679 478 2715 χειροτονούμενος,
502 2682 553 2708 hoc
577 2686 629 2715 est,
653 2679 1018 2716 tuanuuni'iinpositionein,

231 2724 283 2753 qua
293 2716 444 2753 presbyter
460 2716 501 2743 vel
517 2718 647 2744 diaconus
670 2719 888 2753 inauguraretur,
914 2720 948 2745 ab
972 2720 1020 2744 lio-

231 2749 354 2777 minibus
382 2749 435 2778 non
456 2753 602 2780 acceoei'it.
621 2753 661 2779 Ex
686 2749 786 2787 quibus
811 2754 899 2780 adhuc
917 2754 1020 2788 colligi-

1084 265 1212 294 nianuum
1228 266 1305 286 sacro
1319 259 1425 286 diaconi
1442 264 1468 286 et
1481 259 1631 294 presbyteri
1647 260 1745 287 ordine
1758 260 1855 289 initiari.

1117 293 1293 319 Diaconatum
1315 300 1396 328 porro
1421 301 1436 320 a
1462 293 1666 329 presbyteratu,
1695 297 1857 329 quemadmo-

1079 328 1142 354 dum
1169 333 1314 362 ntrumque
1339 329 1374 356 ab
1391 328 1551 364 episcopatu
1575 334 1630 356 tam
1651 328 1794 364 perépicue
1808 332 1857 358 Cle-

1080 370 1157 399 niens
1169 367 1259 389 noster
1272 363 1413 396 discernit,
1429 368 1457 390 ut
1469 363 1496 390 id
1511 363 1773 399 presbyteranorum
1789 373 1857 394 secta:

1085 398 1210 424 homines
1225 405 1286 425 cum
1300 406 1400 433 negare
1413 406 1464 425 non
1481 398 1766 433 possent’Blondellus
1777 401 1799 416 "‘
1811 402 1857 429 ilio-

1081 441 1141 459 rum
1167 433 1330 468 coryphaeus
1352 434 1384 460 ad
1399 433 1556 460 elevandam
1581 435 1763 462 eruditissimi
1785 438 1856 464 nostri

1079 468 1430 506 scriptoris_auc_toritatem
1453 469 1552 506 i_nirtI_m
1575 470 1800 506 plaiiereﬂ'uginm
1821 480 1858 499 ex-

1080 503 1253 537 cogitaverit.
1279 503 1390 530 Fatetur
1423 504 1495 530 eniin
1526 503 1597 532 hanc
1630 505 1714 532 trium
1729 503 1857 534 'orditiin

1079 538 1281 566 distinctionem
1307 546 1340 566 es
1356 538 1538 566 Ecclesiarum
1563 547 1613 566 usu
1641 545 1738 567 natam
1763 541 1796 568 ab
1820 542 1857 568 illo

1079 573 1204 606 admitti;
1231 580 1312 607 quam
1331 577 1422 601 tamen
1446 574 1490 600 ille
1514 575 1571 608 ipse
1592 575 1722 603 Clemens
1739 576 1857 604 divinitus

1079 609 1280 644 periapostolosr
1292 609 1444 636 institutam
1457 609 1538 644 pleno
1555 617 1603 637 ore
1619 610 1761 638 inliciatus
1778 617 1827 639 est.

1114 643 1213 670 Verum
1237 643 1293 674 ubi,
1319 644 1416 670 amabo
1440 643 1476 675 te,
1506 645 1589 671 ullum
1613 650 1706 672 exstat
1720 645 1858 674 Clementis

1079 677 1149 717 hanc
1161 678 1380 717 distributionem
1396 679 1431 705 ab
1443 680 1576 717 apostolis
1595 679 1753 717 institutam
1769 689 1858 717 negan-

1079 713 1124 745 tis,
1143 714 1184 740 vel
1205 714 1239 740 de
1262 721 1293 740 ea
1317 713 1475 746 dubitantis,
1491 715 1628 742 verbum?
1649 715 1699 743 Ubi
1727 716 1783 743 ulla
1803 713 1858 749 vox,

1079 748 1134 776 imo
1149 749 1195 786 ubi
1208 748 1370 786 illum_vocis
1394 749 1563 786 sermonisve
1577 750 1746 786 vestigium?
1762 751 1857 779 Nullum

1078 788 1153 821 certe
1166 783 1328 821 B_IOiidellus_
1337 783 1460 821 protulit,
1478 792 1528 821 nec
1542 783 1793 821 poterit'unquam
1806 795 1858 821 pro-

1079 818 1163 846 ferre.
1180 819 1214 846 Et
1233 826 1298 846 vero
1312 819 1348 846 ibi
1365 819 1459 853 procul
1481 818 1564 847 dubio
1578 819 1699 854 ejusdem
1717 818 1856 854 ’Blond'elli,

1079 854 1134 890 viri
1148 854 1230 890 inter
1247 861 1311 890 suos
1339 854 1505 890 acutissimi,
1531 855 1664 890 judicium
1681 856 1748 890 jure
1770 857 1857 884 merito

1042 899 1063 927 Β
1079 889 1257 927 desiderabis.
1273 888 1346 927 Quas
1359 889 1444 927 enim,
1461 888 1553 927 putas,
1571 891 1605 917 ad
1620 888 1780 925 opinionem
1790 899 1855 918 suam

1077 924 1244 961 probandam
1261 924 1341 961 arlfert
1357 924 1496 961 rationes?
1519 925 1572 953 Eas
1595 930 1672 953 certe
1687 934 1752 961 quas
1769 927 1856 954 nullius

1077 959 1157 993 plane
1169 963 1233 986 sunt
1244 960 1360 999 roborisJ
1371 959 1414 987 vel
1425 959 1523 999 quibus
1535 967 1588 987 non
1600 965 1657 999 tam
1671 959 1796 999 probata
1808 961 1856 989 Cle-

1078 999 1168 1022 mente
1181 995 1274 1030 negari
1291 995 1441 1022 institutam
1455 995 1489 1022 ab
1502 995 1632 1030 apostolis
1655 997 1738 1023 trium
1758 997 1854 1024 illorum

1077 1030 1202 1057 ordinum
1225 1030 1438 1061 distinctionem,
1459 1037 1539 1064 quain
1553 1031 1588 1057 ab
1607 1031 1652 1058 illo
1670 1039 1725 1059 non
1749 1033 1854 1059 admitti.

1079 1064 1171 1092 Primo
1185 1064 1257 1092 enim
1272 1065 1351 1093 nobis
1364 1065 1410 1091 ille
1424 1064 1516 1099 objicit
1527 1065 1694 1093 Clementem
1708 1067 1790 1094 binos
1803 1072 1854 1093 tan-

1078 1104 1133 1126 tum
1164 1100 1243 1135 192
1268 1099 1467 1136 ecclesiasticos
1490 1099 1611 1136 ordines,
1639 1109 1690 1128 nec
1714 1101 1806 1136 plures
1819 1110 1856 1128 sa-

1077 1142 1139 1162 cras
1162 1136 1317 1162 l'unctiones
1338 1135 1490 1171 agnovisse.
1506 1135 1585 1171 Ergo
1602 1136 1625 1162 si
1646 1137 1685 1162 ita
1705 1135 1762 1169 est,
1777 1137 1854 1171 inqui-

1077 1177 1149 1201 mus,
1164 1175 1240 1198 certe
1259 1171 1283 1197 is
1299 1169 1413 1206 ipsemet
1429 1169 1584 1206 Blondellus
1607 1171 1677 1198 falso
1689 1172 1762 1199 dixit
1778 1169 1853 1206 tripli-

1077 1205 1117 1232 cis
1144 1207 1216 1233 sacri
1243 1206 1348 1233 ordinis
1377 1205 1524 1233 admissam
1557 1214 1573 1233 a
1598 1205 1744 1235 Clemente
1774 1205 1855 1235 nostro

1076 1240 1308 1268 distributionem.

1113 1275 1197 1310 Urget
1218 1280 1309 1302 tamen
1336 1274 1402 1308 ille,
1422 1274 1527 1310 aliaque
1555 1276 1581 1304 in
1610 1276 1732 1304 medium
1759 1278 1856 1305 adducit

1076 1310 1223 1348 Clementis
1241 1311 1336 1348 verba,
1348 1311 1448 1348 quibus
1460 1314 1492 1338 de
1502 1312 1854 1348 pi‘esbyterisrdiaconisque

1076 1347 1112 1373 ita
1130 1345 1281 1380 disputat"
1297 1354 1304 1372 :
1323 1355 1333 1371 ι
1345 1345 1478 1373 Similiter
1499 1345 1594 1374 autem
1611 1348 1639 1374 in
1663 1347 1790 1376 Ecclesia
1804 1345 1855 1376 eam

1075 1381 1196 1415 quidem,
1225 1388 1286 1416 quae
1315 1381 1380 1408 facit
1407 1380 1543 1412 meliores.
1573 1383 1729 1417 presbyteri
1757 1388 1856 1410 serunt

1074 1416 1236 1450 imaginem;
1253 1423 1312 1443 eam
1327 1421 1427 1448 autem,
1440 1423 1500 1450 qua:
1513 1418 1611 1448 servit,
1626 1417 1749 1445 diaconi.
1766 1419 1856 1445 Ambo-

1075 1453 1126 1488 bus
1143 1452 1185 1478 his
1200 1451 1361 1478 ministeriis
1372 1451 1459 1485 angeli
1471 1451 1668 1488 Deorserviunt
1683 1454 1709 1479 in
1724 1454 1857 1488 dispensa-

1077 1487 1150 1513 tione
1167 1493 1257 1522 rerum
1274 1491 1458 1522 terrenarum,
1485 1491 1512 1513 et
1532 1487 1589 1521 ipse
1607 1487 1785 1522 gnosticusJ
1802 1488 1857 1515 Inde

1075 1527 1165 1548 autem
1179 1520 1335 1549 Blondellus
1348 1520 1482 1548 coniicere
1496 1529 1526 1548 se
1541 1520 1622 1556 posse
1637 1528 1713 1556 putat
1738 1524 1857 1551 Cleinen~

1076 1563 1128 1584 teni
1146 1564 1198 1583 non
1214 1557 1306 1591 plures
1322 1563 1402 1591 quam
1410 1557 1484 1591 duas
1498 1564 1640 1583 sacrorum
1659 1559 1790 1585 ordinum
1803 1558 1857 1585 iun-

1073 1592 1178 1619 ctiones
1201 1589 1353 1627 agnovisse.
1379 1589 1555 1627 βελτιωτιχήν
1584 1594 1820 1627 presbyterorum,
1835 1598 1858 1620 et

1073 1627 1247 1654 diaconorum
1261 1626 1441 1664 ὑπηρετικὴν.
1459 1628 1512 1654 Sed
1535 1626 1586 1664 hac
1607 1626 1678 1656 illius
1690 1634 1857 1664 argumenta-

1073 1664 1147 1689 tione
1161 1669 1254 1688 rursus
1269 1667 1366 1688 contra
1388 1662 1475 1696 ipsum
1495 1663 1669 1690 concluditur
1692 1662 1857 1691 distributio-

1075 1705 1135 1724 nem
1163 1697 1275 1731 triplicis
1297 1696 1401 1723 ordinis
1426 1704 1458 1723 ex
1485 1705 1535 1724 usu
1561 1697 1702 1728 Ecclesize,
1730 1700 1771 1726 uti
1795 1699 1857 1726 idcin

1072 1732 1240 1763 Blondellus,
1255 1737 1357 1763 natant,
1371 1735 1399 1758 ct
1411 1739 1426 1757 a
1439 1732 1577 1759 Clemente
1590 1740 1686 1761 nostro
1700 1734 1855 1765 admissam,

1072 1768 1159 1794 eidem
1171 1766 1303 1803 Clementi
1321 1773 1413 1793 revera
1423 1766 1576 1803 llOlllrflliSSC
1591 1773 1777 1803 compertam.
1791 1769 1857 1796 Nun-

1074 1803 1139 1836 quid
1163 1810 1228 1836 ergo
1244 1802 1369 1829 Clemens
1390 1806 1443 1828 tam
1464 1802 1583 1829 absurde
1609 1802 1691 1837 quani
1710 1803 1858 1831 Blondellus

1072 1838 1122 1864 sibi
1144 1837 1193 1871 ipsi
1213 1837 1400 1863 contradixit?
1415 1837 1491 1864 Absit
1517 1845 1593 1864 sane.
1617 1839 1651 1866 Et
1673 1844 1751 1866 certe
1776 1841 1798 1866 si
1820 1839 1857 1866 ille

1072 1875 1139 1900 duas
1163 1876 1266 1898 tantum
1284 1872 1320 1899 ibi
1339 1878 1473 1907 memorat
1487 1873 1602 1907 duplicis
1615 1874 1721 1901 ordinls
1747 1874 1857 1901 iunctio-

1073 1917 1131 1940 iies,
1156 1915 1209 1934 non
1229 1908 1280 1933 alia
1298 1906 1594 1944 proiecto‘causa'l‘uit,
1615 1917 1698 1943 quam
1719 1911 1784 1943 quia
1800 1918 1856 1944 pro-

1072 1943 1188 1970 bandum
1223 1946 1380 1975 susceperat
1410 1941 1544 1976 duplicent
1575 1941 1772 1972 tantummodo
1800 1941 1857 1972 ~esse

1071 1979 1184 2010 cultum,
1203 1979 1248 2012 qui
1264 1977 1337 2004 circa
1353 1984 1398 2003 res
1418 1977 1550 2004 humanas
1564 1985 1702 2005 versatur.

1107 2014 1160 2041 Sed
1179 2021 1238 2047 age,
1259 2018 1287 2039 et
1302 2017 1397 2039 contra
1417 2012 1596 2045 Blondellum,
1617 2015 1641 2040 si
1664 2015 1755 2047 lubet,
1774 2014 1855 2042 acrius

1072 2050 1212 2076 instemus.
1240 2048 1365 2084 Clemens
1384 2048 1482 2074 ibidem
1497 2048 1619 2082 duplices
1632 2049 1694 2076 illas
1710 2050 1856 2084 presbyteri

1071 2090 1098 2111 et
1112 2084 1222 2111 diacotti
1237 2083 1399 2119 functiones
1422 2090 1483 2119 cuni
1501 2084 1636 2119 medicina
1649 2090 1677 2110 et
1692 2083 1857 2119 philosophia

1071 2119 1219 2154 componit.
1236 2117 1362 2151 Nunquid
1386 2124 1452 2154 ergo
1478 2117 1540 2144 inde
1555 2117 1724 2153 Blondellus,
1740 2125 1789 2146 aut
1802 2117 1856 2154 qui-

1071 2153 1141 2182 libet,
1153 2154 1221 2180 alitis
1241 2161 1313 2189 sanae
1333 2154 1430 2179 tuentis
1445 2153 1535 2185 homo,
1559 2155 1662 2181 inferre
1678 2156 1782 2189 poterit
1796 2156 1856 2180 alias

1071 2190 1242 2223 disciplinas.
1259 2188 1397 2222 aliamque
1414 2193 1510 2222 praeter
1527 2188 1585 2215 illas
1605 2190 1751 2217 scientiam
1771 2199 1786 2216 a
1804 2190 1856 2217 Cic-

1072 2222 1163 2252 niente
1179 2229 1271 2251 nostro
1295 2231 1348 2249 non
1372 2222 1502 2256 agnosci?
1518 2223 1584 2256 Quis
1611 2232 1665 2251 non
1690 2226 1783 2252 videat
1799 2225 1856 2251 nihl

1071 2267 1183 2294 prorsus
1207 2260 1260 2294 hac
1282 2257 1676 2294 Blondelli_arguinentatimie
1693 2267 1756 2287 esse
1778 2261 1856 2294 magis

1071 2292 1150 2322 l'utile
1170 2298 1197 2321 et
1216 2292 1455 2330 iiiibecilluiii?_De
1477 2293 1622 2329 episcopali
1649 2296 1743 2330 itaque
1766 2292 1856 2322 ordine

1072 2333 1122 2358 lioc
1138 2332 1164 2356 iii
1180 2330 1240 2356 loco
1263 2329 1388 2355 Clemens
1408 2328 1468 2355 ideo
1490 2330 1586 2362 tacuit,
1613 2331 1678 2364 quia
1695 2328 1729 2357 id
1746 2332 1780 2358 ad
1805 2337 1854 2356 rem

1071 2373 1151 2393 suam
1180 2363 1246 2391 nihil
1271 2364 1398 2390 iaciebat.
1419 2363 1467 2390 Ubi
1489 2369 1579 2392 autent
1600 2363 1771 2393 mentionem
1793 2365 1856 2392 illius

1072 2402 1164 2428 facere
1180 2407 1289 2426 necesse
1304 2399 1430 2430 credidit,
1449 2403 1512 2425 tunc
1535 2405 1620 2431 certe,
1639 2401 1677 2427 uti
1692 2401 1797 2428 dictum
1811 2405 1855 2430 est,

1072 2436 1197 2463 eumdem
1211 2435 1343 2465 ordinem,
1360 2433 1461 2472 fatente
1477 2433 1625 2472 biondello,
1640 2443 1656 2462 ει
1670 2438 1854 2472 presbyteratu

1072 2477 1100 2499 et
1114 2472 1258 2498 iliaconalu
1275 2474 1368 2503 aperte
1384 2468 1519 2496 distinxit.

1106 2507 1160 2537 At,
1191 2504 1280 2538 inquit
1306 2503 1470 2540 Blondcllus,
1499 2505 1715 2540 (presbyterioi
1747 2506 1850 2540 dignus.

1075 2551 1083 2567 ι
1098 2540 1248 2576 apostolico
1259 2548 1268 2564 i
1283 2538 1378 2576 gradui
1395 2546 1410 2564 a
1427 2538 1568 2576 Clemente
1580 2538 1742 2568 ascribitur.
1756 2538 1853 2575 Uptiuie

1072 2573 1192 2611 qni-dein.
1209 2574 1276 2601 Nam
1294 2574 1336 2613 Ibi.
1349 2573 1476 2613 Clemens
1489 2575 1524 2600 de
1536 2574 1648 2613 biatthia
1666 2573 1801 2610 loquitur,
1814 2576 1851 2609 qui

1073 2618 1134 2638 Vita:
1151 2616 1310 2643 morumque
1331 2611 1489 2645 integritate
1504 2614 1531 2636 et
1548 2611 1707 2638 innocentia
1725 2621 1735 2637 ι
1748 2619 1777 2639 se
1794 2619 1853 2645 pra-

1073 2649 1132 2674 butt
1154 2647 1266 2681 dignum
1280 2648 1319 2681 _ut
1343 2644 1423 2681 lieret
1445 2646 1629 2679 apostolus".
1645 2655 1654 2672 ι
1674 2648 1747 2679 Quid
1769 2644 1853 2673 autem

1074 2683 1135 2709 inde
1155 2679 1249 2708 contra
1277 2679 1375 2717 iactatu
1401 2679 1434 2717 ab
1460 2682 1554 2717 eodem
1573 2682 1717 2709 Clemente
1741 2681 1853 2717 episcopi

1074 2716 1282 2752 pi'esbylerique
1294 2714 1514 2752 distinctionem?

1109 2749 1209 2780 Contra
1223 2756 1314 2778 tamen
1326 2749 1415 2776 adhoc
1424 2751 1523 2777 clauiat
1533 2751 1690 2779 Blondellus
1701 2752 1853 2787 presbyteio

266 2859 288 2897 _'_'
307 2858 373 2886 ibid.
386 2895 392 2897 ν
412 2859 435 2875 ¹¹
452 2859 607 2897 εθηιᾷρνε.
623 2860 667 2897 i0,
681 2868 708 2895 p.
726 2860 791 2897 Mt).
826 2860 959 2897 "Strom.
974 2862 992 2889 l.
1009 2870 1046 2895 vt,
1060 2870 1086 2897 p.
1101 2861 1162 2889 667.
1202 2860 1299 2897 "ibid.
1336 2858 1360 2875 “
1373 2860 1411 2888 De
1423 2859 1508 2893 episc.
1524 2864 1551 2886 et
1566 2859 1761 2895 presbyt.,§'2,
1776 2866 1801 2894 ν.
1814 2855 1852 2883 36-

229 2894 252 2910 ²ο⁵
266 2894 369 2922 Strom.
385 2895 403 2924 Ι,
420 2902 468 2929 vn,
486 2904 512 2930 p.
529 2895 591 2923 700.
628 2896 651 2911 “
667 2894 770 2924 Strom.
787 2896 805 2923 l.
820 2903 857 2930 vt,
874 2904 899 2931 p.
917 2896 979 2925 667.
