1924 3072
82 161 146 189 1169

669 160 714 188 DE
730 160 843 188 LlBRlS
861 160 1087 188 STBOMATUM.

1622 163 1693 191 1170

80 219 150 256 illud,
165 219 236 256 quod
249 219 282 247 de
294 219 415 256 apostolo
427 219 531 248 Thoma
549 221 706 253 memoravi,
720 225 747 248 et
766 221 850 255 ipsius
864 223 889 252 Α
902 228 917 248 a
935 221 1102 249 Tertulliano
1112 204 1226 256 aliisque
1245 220 1267 237 ”
1284 220 1415 256 tributum
1437 223 1488 249 est.
1511 219 1564 249 Sed
1579 220 1692 249 Ruﬁnus

80 254 431 291 Petriglilianjgparalyticam
447 256 545 282 factam
559 256 686 291 precibus
704 254 799 291 patris,
825 261 852 283 et

79 289 206 325 bortulalii
224 289 305 316 ﬁliani
330 289 364 317 ad
379 297 486 324 precem
506 289 591 325 ipsius
612 290 684 318 Petri
704 289 768 318 esse
783 299 854 319 mor-

79 330 156 351 tuam.
173 324 206 360 Et
225 325 369 358 respondet
390 326 461 359 quod
485 324 523 353 id’
538 327 603 358 ipsis
629 327 799 360 expediebat,
827 331 856 353 ut

78 359 119 387 illa
141 359 291 387 solveretur
319 360 448 395 paralysi,
479 366 506 387 et
538 361 584 388 illa
618 359 788 394 moreretur;
817 366 856 388 ta-

77 402 133 433 me_n
150 394 182 433 ad
196 402 299 433 preces
315 394 430 433 apostoli
459 396 563 433 factum
578 404 637 424 esse
650 400 827 433 nonnegant.
843 407 853 422 ι

109 429 223 463 Denique
235 430 267 456 de
282 429 355 458 Petri
374 438 458 458 uxore
473 431 530 459 haec
545 432 668 458 Clemens
683 429 770 458 adhuc
784 431 856 458 litte-

76 465 111 492 ris
126 464 323 492 commendavit
336 465 358 481 ⁸⁷
375 475 382 492 :
400 474 410 490 ι
421 466 507 493 Aiunt
520 473 594 494 certe
611 467 718 494 beatum
734 466 854 498 Petrum,

76 507 132 527 cum
148 499 261 527 vidisset
273 508 386 528 uxorem
411 508 487 528 suam
505 502 564 528 duci
583 502 615 528 ad
638 506 762 534 tnortem,
779 502 855 529 latta-

77 540 127 562 tum
150 534 256 568 quidem
282 543 342 563 esse
358 537 428 570 quod
445 542 588 563 vocaretur
608 540 634 563 et
651 537 723 571 quod
745 537 855 564 donnim

74 573 264 607 reverteretur;
279 578 394 606 eumque
407 578 467 598 eam
488 572 647 607 adhortatus
664 577 691 599 ct
701 572 855 599 consolatus

74 610 151 637 esset,
165 605 274 633 nomine
289 605 396 640 quoque
409 605 587 641 compellasse
601 615 631 634 ac
645 608 746 634 dixisse
761 617 767 633 :
783 607 855 634 llcus

74 644 99 666 ιιι
123 646 256 667 memento
279 641 396 669 Domini.
417 651 426 666 ι
449 641 576 668 Eatndem
600 642 739 669 historiam
763 647 856 669 narrat

73 674 284 712 Nicephorusf',
300 676 346 704 sed
364 681 425 712 post
441 677 586 704 Eusebium
605 677 638 710 ⁸⁸,
655 678 700 711 qui
717 685 777 703 cum
794 685 853 704 eam

74 715 218 752 memoratu
236 711 345 752 dignam
365 711 528 744 censuisset,
541 720 556 739 a
571 712 690 741 Baronio
702 713 732 748 ,³³
747 712 853 740 veritati

74 745 138 773 haud
154 745 255 774 absona
268 745 417 781 iudicatur.

332 792 532 822 ABTICULUS
545 793 589 821 Vl.

73 836 108 865 De
119 836 360 872 Philippiﬁliabus,
376 844 399 866 et
408 844 496 866 utrum
507 840 609 867 Paulus
621 848 729 867 uxorem
737 840 852 868 dilatet-it.

102 884 141 932 έὶέ
153 883 779 932 Ehl'fkll“l‘13l_’9.sl9‘_“'l‘.9295'_§E?E,'E‘EL‘EE"P_
793 887 854 932 9'?-
869 903 890 932 Β

71 926 142 956 mens
152 925 178 956 et
192 920 263 948 ﬁlias
278 929 447 954 procreasse,
458 926 486 948 et
502 922 560 949 illas
569 920 737 956 postmodum
755 923 781 948 in
797 930 853 949 ma-

71 954 220 982 tritnonium
235 955 385 983 collocasse
394 964 447 984 non
459 954 617 985 haesitanter
631 956 748 984 aﬁirmat
760 957 794 986 ⁸¹.
818 958 854 985 At

72 994 209 1024 utrumque
226 999 281 1017 non
309 992 449 1018 minimam
477 992 590 1019 eruditis
609 992 675 1019 viris
696 997 772 1019 creat
785 992 853 1019 diﬁi-

71 1024 202 1061 cultatem.
233 1025 344 1053 Certum
373 1027 505 1061 siquidem
536 1032 589 1059 est,
618 1031 646 1054 et
676 1035 709 1054 ex
737 1027 851 1054 Actutum

71 1060 247 1096 apostolorum
265 1062 334 1088 libro
348 1060 454 1089 constat
463 1063 486 1078 "
502 1067 617 1096 quatuor
632 1062 755 1096 Philippo
769 1062 852 1090 fuisse

71 1094 146 1135 ﬁlias,
171 1096 203 1135 de
220 1097 329 1135 quibus__
346 1097 381 1124 ibi
404 1094 536 1135 legimus:
563 1106 573 1123 ι
593 1094 727 1135 lntrantés
743 1097 851 1125 dontutn

70 1128 181 1164 Philippi
206 1128 391 1166 evangelista),
418 1128 463 1166 q‘ui
495 1137 555 1159 erat
584 1140 652 1159 unus
676 1134 708 1159 de
735 1137 850 1166 septem,

70 1166 213 1201 mansimus
235 1167 308 1201 apud
337 1175 410 1194 eutn.
428 1167 496 1195 Huic
519 1172 609 1194 autem
638 1171 716 1195 erant
738 1173 853 1201 quatuor

71 1199 125 1227 ﬁlia:
137 1199 262 1235 virgines
273 1203 475 1236 prophetantes.
497 1211 506 1228 ›
529 1202 582 1230 Sed
596 1203 639 1230 ltic
656 1199 796 1237 Philippus
815 1203 851 1230 ibi

73 1237 254 1272 «evangelista
274 1247 283 1263 ι
302 1238 412 1270 dicitur,
427 1246 436 1263 ι
453 1243 479 1265 et
494 1245 563 1265 unus
576 1238 609 1264 de
623 1242 734 1272 septem,
756 1247 764 1263 ι
779 1237 850 1265 haud

71 1269 144 1308 dubie
153 1269 252 1308 primis
263 1272 394 1308 Ecclesiae
411 1272 544 1305 diaconis,
568 1280 600 1300 ac
614 1269 725 1308 proinde
737 1272 771 1299 ab
784 1281 852 1308 apo-

71 1305 135 1343 sto_lo
150 1305 277 1342 Philippo
287 1307 367 1343 plane
381 1308 515 1343 diversus.

102 1341 414 1378 Quamobrem‘quidam
442 1342 608 1370 Clementem
631 1348 752 1370 nostrum
771 1343 796 1369 itt
819 1352 852 1372 eo

70 1377 165 1413 erroris
180 1382 226 1404 aut
246 1377 386 1406 memoriae
404 1378 496 1413 lapsus
517 1383 659 1410 accusant,
675 1378 747 1412 quod
780 1378 852 1406 hunc

70 1410 215 1450 Philippum
231 1413 376 1441 diaconum
392 1410 454 1450 cum
477 1413 599 1450 apostolo
617 1410 780 1450 contuderit.
797 1413 851 1450 γΑο

70 1447 196 1480 opinionis
212 1453 304 1475 autem
317 1456 373 1475 sua:
387 1449 620 1476 conﬁrmationem
638 1449 656 1475 ii
669 1447 850 1476 testiinonium

69 1481 203 1519 proferunt
216 1483 386 1519 Hieronymi,
400 1484 445 1518 qui
466 1484 575 1519 probari
595 1491 673 1517 posse
687 1492 739 1510 non
763 1488 850 1519 putat,

88 1522 162 1544 mter
177 1517 301 1552 Petrum,
321 1517 533 1553 'apostolos'non
551 1518 637 1545 fuisse
651 1518 780 1553 virgines.
798 1518 851 1547 Sed

80 1552 110 1578 llS
122 1552 164 1579 alii
193 1553 276 1581 facile
299 1552 464 1588 respondent
486 1554 644 1588 Hieronymi
674 1552 792 1581 mentem
817 1562 850 1581 ex

69 1588 247 1623 superioribus
263 1589 345 1623 ipsius
359 1589 450 1616 verbis
461 1596 522 1616 esse
530 1588 654 1616 omnibus
668 1589 848 1617 manifestam.

68 1622 110 1649 Ait
123 1624 219 1658 quippe
231 1624 258 1640 ⁸⁸
272 1622 282 1650 Ξ
297 1634 306 1650 ‹
318 1623 395 1651 Nunc
412 1624 490 1651 nobis
504 1624 538 1652 do
547 1631 651 1652 canone
665 1624 761 1654 t'sacrze
774 1625 848 1652 solli-

70 1658 282 1698 cet-Scriptura?)
299 1667 380 1698 omne
396 1665 532 1698 certamen
547 1663 599 1686 est.
620 1659 684 1698 t_Ex
702 1659 757 1687 sola
769 1660 851 1693 igitur

70 1692 212 1729 Scriptura,
229 1692 320 1729 inquit
336 1699 448 1721 sanctus
463 1694 568 1726 doctor,
580 1694 697 1728 probare
713 1692 792 1722 nemo
803 1703 851 1729 po-

69 1728 126 1786 }erit
138 1729 219 1756 ullum
229 1728 403 1764 ex’apostolis
419 1734 517 1764 praeter
529 1729 640 1756 Petrum
652 1729 784 1765 virginem
797 1728 850 1758 non

80 1770 154 1786 lth‘SE,

80 1770 155 1791 UlSSC.

100 1798 194 1835 Verum
207 1800 317 1828 etiamsi
330 1808 362 1828 ex
378 1801 430 1828 ltoc
441 1799 598 1835 Hieronymi
608 1799 668 1827 loco
681 1800 787 1834 probari
802 1809 849 1828 ne-

67 1838 143 1868 queat
158 1834 317 1871 Philippum
333 1836 485 1871 apostolum
501 1834 630 1871 quasdam
652 1843 686 1862 ex
702 1843 785 1862 uxore
801 1843 848 1862 sua

67 1870 214 1905 suscepisse
231 1872 314 1904 tilias,
331 1870 364 1898 ex
391 1870 589 1905 antiquissimis
604 1875 693 1897 tamen
721 1871 849 1897 Ecclesiae

67 1903 186 1933 Pntribus
198 1910 226 1932 et
249 1906 439 1941 scriptoribus,
456 1903 511 1933 imo
528 1912 640 1941 veroex
653 1905 768 1939 ipsemet
786 1907 849 1933 llic-

67 1946 173 1977 ronymo
187 1941 211 1956 "
224 1941 251 1968 id
269 1939 447 1977 demonstrari
464 1939 621 1977 potestallle
636 1941 707 1977 enim
723 1941 781 1977 ipse
796 1942 848 1969 alio

67 1974 89 2011 in
105 1974 172 2011 libro
186 1977 268 2004 nobis
279 1981 339 2010 post
348 1974 522 2003 Eusebium"
530 1976 638 2003 exhibet
652 1975 710 2002 haec
724 1975 848 2011 Polycra-

67 2009 240 2045 tisﬁEphesini
256 2009 288 2038 ad
308 2012 443 2039 Victorem
461 2019 556 2045 papam
579 2011 722 2038 scribentis
747 2009 847 2038 verba:

70 2052 78 2068 i
95 2044 231 2080 Philippus
250 2055 322 2074 unus
337 2046 387 2074 fuit
403 2053 436 2073 ex
453 2044 595 2073 duodecim
619 2045 759 2079 apostolis,
775 2054 850 2073 mor-

67 2084 123 2106 tuus
145 2086 187 2108 est
214 2081 352 2116 Hierapoli
368 2089 429 2109 cum
448 2081 519 2108 binis
540 2081 657 2114 ﬁliabus,
677 2088 737 2116 qua:
753 2088 849 2108 conse-

66 2121 179 2143 nuerunt
207 2117 234 2144 in
262 2115 427 2152 virginitate.
446 2117 539 2144 Altera
562 2123 671 2152 quoque
686 2115 753 2152 iejus
778 2116 847 2152 lilia,

66 2156 121 2186 qua:
138 2151 468 2186 spiritualem’quamdatn
483 2153 565 2178 vitam
581 2151 668 2183 duxit,
685 2151 783 2185 Ephesi
806 2160 848 2178 se-

65 2185 133 2222 pulta
145 2192 196 2214 est.
218 2196 228 2213 ι
243 2187 277 2214 Ει
295 2185 352 2214 haec
370 2187 480 2222 quidem
500 2186 632 2222 Eusebius
653 2191 745 2220 postea
762 2187 849 2214 adhuc

67 2220 172 2256 totidem
194 2223 294 2256 repetit
304 2220 393 2251 verbis
405 2223 438 2249 ⁸⁸.
451 2223 486 2249 At
500 2222 585 2256 priori
600 2221 659 2248 loco
674 2222 732 2248 haec
744 2229 776 2248 ex
790 2222 848 2248 Caii

65 2254 166 2291 dialogo
179 2254 314 2285 :tddidit"'l
331 2267 338 2285 :
359 2267 368 2283 ι
385 2254 508 2291 Quatuor
519 2261 579 2291 post
593 2256 650 2283 haec
665 2256 778 2290 Philippi
788 2257 850 2284 ﬁliae

64 2292 233 2324 prophetides
240 2292 348 2320 luerunt
359 2293 572 2327 llierapoliAsiaa
584 2292 704 2323 civitate,
715 2292 760 2318 ubi
769 2294 850 2319 etiam

64 2332 152 2364 carum
169 2333 197 2354 et
210 2329 298 2363 patris
309 2328 427 2362 Philippi
443 2328 596 2364 sepulcrum
606 2327 722 2364 visitur.
740 2337 749 2353 ι
762 2330 784 2354 Α
797 2327 850 2354 Pa-

64 2362 104 2392 pia
116 2362 225 2390 demum
241 2364 281 2390 ait
301 2364 456 2391 earumdem
472 2362 587 2398 Philippi
601 2362 717 2389 ﬁliarum
733 2363 849 2390 mentio-

64 2402 121 2422 nem
137 2397 195 2423 ﬁcri
213 2398 248 2423 ⁵⁸-

64 2402 121 2422 Item
137 2399 195 2425 ﬁcri
213 2399 248 2427 ⁵⁸.

97 2431 231 2464 Quoniam
256 2437 347 2461 tamen
373 2433 480 2461 duobus
499 2433 631 2461 duntaxat
654 2432 791 2467 prioribus
821 2433 847 2459 in

63 2466 126 2494 locis
139 2468 283 2504 Philippus
301 2470 346 2496 ille
366 2469 505 2504 apostolus
521 2470 554 2496 ab
572 2466 694 2504 Eusebio
709 2474 846 2504 nuncupa-

64 2507 115 2538 lqr,
131 2502 353 2538 urgen’t'alterius
371 2502 512 2532 sententiae
525 2504 630 2538 patroni
642 2505 668 2530 in
684 2502 778 2530 Latina
794 2503 848 2530 Eu-

63 2535 178 2566 sébiana?
197 2540 318 2567 historia:
334 2535 567 2574 interpretatione,
584 2547 599 2565 a
617 2539 716 2566 Ruﬁno
728 2541 846 2565 adorna-

63 2577 97 2608 ta,
116 2574 198 2608 priori
227 2575 288 2602 loco
308 2575 402 2602 Latine
422 2575 556 2602 redditum
574 2583 584 2599 ι
610 2582 680 2601 unus
691 2581 725 2600 ex
742 2579 850 2607 aposto-

63 2607 139 2638 lis.)
164 2609 252 2637 altero
278 2616 369 2638 autem
392 2619 402 2636 ‹
428 2609 604 2644 evangelista.
631 2618 641 2634 ι
670 2609 752 2643 Atqui
787 2609 849 2635 huic

62 2644 246 2679 evangelista),
261 2645 332 2672 sicut
350 2650 378 2672 et
395 2645 517 2680 pluribus
533 2645 604 2676 aliis,
620 2652 717 2672 nomen
732 2644 846 2678 apostoli

96 2726 117 2742 "
127 2726 231 2754 Strom.
249 2726 267 2754 l.
284 2735 332 2759 vti,
347 2735 375 2762 p.
387 2727 450 2754 756.

64 2769 120 2790 ιοιι.
135 2764 168 2789 ad
179 2771 225 2789 an.
238 2771 313 2794 uix,
329 2761 404 2789 nunt.
424 2763 468 2790 5‘2.
505 2763 527 2778 ‘"
543 2762 645 2789 Strom.
658 2761 676 2790 Ι.
687 2770 710 2793 v,
723 2769 750 2796 p.
765 2761 829 2788 448.
866 2762 889 2778 δ’
900 2763 1062 2793 Act.xxt.8.

491 2798 514 2814 ⁵⁵
531 2798 642 2829 Euseb,
661 2798 679 2824 l.
692 2805 723 2824 ιιι
737 2796 818 2829 llist.,
836 2805 861 2824 c.
876 2798 922 2829 5|,
935 2805 962 2832 p.
978 2799 1041 2825 l02.

469 2833 491 2848 ³⁸
512 2833 557 2860 lib.
577 2841 606 2860 ιιι
630 2833 712 2864 Hist.,
731 2841 755 2861 c.
775 2832 820 2864 '59,
837 2833 927 2867 p.ll2.

557 2877 582 2902 p.
600 2866 662 2895 290.
687 2868 802 2896 Coteler.
819 2866 844 2893 in
866 2869 937 2895 hunc
957 2869 1056 2897 iocum.

883 2903 904 2919 “
923 2903 1071 2940 Origen.in
1090 2904 1174 2939 Epist.
1191 2905 1225 2932 ad
1245 2904 1322 2931 Rom.
1340 2911 1364 2931 c.
1381 2910 1401 2936 ι,
1424 2903 1448 2930 1.

64 2796 98 2824 De
112 2799 207 2832 script.
221 2798 335 2830 cccles.,
351 2805 376 2825 c.
394 2797 439 2825 55.

64 2839 91 2859 ιιι
110 2832 192 2864 llist.,
209 2842 234 2860 c.
250 2833 292 2863 51.
308 2842 335 2868 p.
354 2833 415 2860 105.

64 2868 207 2895 Constitut.
233 2874 335 2901 apost.,
361 2868 380 2894 l.
401 2876 440 2898 vt.
462 2877 488 2896 c.
509 2869 535 2900 7,

64 2902 81 2930 l.
95 2910 124 2930 ιιι
144 2903 227 2937 llist.,
247 2911 271 2930 c.
286 2904 329 2937 El,
348 2911 374 2938 p.
391 2903 453 2931 l02.
493 2904 513 2920 ⁶²
531 2905 632 2932 Strom.
649 2903 667 2931 l.
683 2911 724 2938 Ill,
739 2911 765 2939 p.
780 2902 844 2930 M8.

498 2727 520 2743 ⁵⁸
535 2726 690 2761 Nicephor.,
704 2727 722 2753 l.
741 2734 759 2753 ιι
772 2726 851 2758 llist..

914 2727 959 2754 Μ.
998 2728 1021 2745 ⁸ο
1038 2728 1149 2757 Euseb..
1170 2727 1187 2753 Ι.
1200 2734 1231 2754 ιιι
1249 2727 1330 2760 llist.,
1343 2734 1368 2753 c.
1383 2726 1428 2759 50,
1442 2734 1468 2761 p.
1483 2726 1544 2753 102.

907 256 942 283 ibi
957 256 1043 284 Graeci
1067 255 1188 284 auctoris
1203 255 1243 282 siti
1260 259 1363 283 textum
1381 255 1477 283 Latina
1498 263 1548 284 sua
1568 257 1692 284 versione

906 299 958 318 non
981 291 1131 319 reddidisse
1146 291 1181 318 ab
1204 290 1283 326 195
1295 290 1354 317 aliis
1365 292 1497 326 arguitur.
1517 290 1608 326 Neque
1620 292 1691 318 enim

906 325 1029 353 Valesius
1044 334 1092 353 nos
1104 325 1245 354 admonuit
1260 325 1312 352 ullo
1328 326 1354 351 in
1367 325 1462 353 Grzeco
1479 326 1638 353 Eusebianaa
1651 326 1692 353 hi-

905 362 997 388 storim
1016 361 1111 388 codice
1123 361 1203 388 aliter
1217 368 1297 395 quam
1313 361 1346 387 ab
1360 361 1418 395 ipso
1433 362 1625 395 transcriptum
1651 365 1693 389 est

906 396 1012 424 haberi.
1029 397 1156 429 Quinimo
1178 397 1275 424 bonam
1292 395 1329 422 ibi
1346 395 1483 423 desiderat
1496 396 1691 429 Christopbor-

907 431 965 458 soni
990 431 1079 463 ﬁdem,
1100 432 1145 466 qui
1171 439 1219 466 pro
1245 438 1297 458 uno
1325 438 1358 457 ex
1386 430 1527 459 duodecim
1550 430 1691 465 apostolis,

907 474 989 493 unum
1002 474 1035 494 ex
1049 471 1149 500 septem
1170 466 1291 494 diaconis
1310 466 1459 493 substituit.

941 501 1041 528 Contra
1064 508 1140 533 vero,
1156 501 1330 536 depravatum
1359 501 1457 528 ibidem
1476 501 1560 529 fuisse
1583 500 1691 529 Eusebii

906 541 1010 563 textum
1030 537 1092 564 inde
1112 537 1234 564 convinci
1255 536 1363 571 quidam
1382 536 1548 568 existimant,
1566 537 1636 569 quod
1657 543 1690 563 eo

905 571 958 598 loci
974 571 1092 604 subjecta
1113 572 1169 598 Caii
1185 572 1305 599 narratio
1326 572 1359 598 de
1376 571 1497 606 Philippo
1511 575 1614 598 tantum
1627 571 1690 606 rdia-

905 615 974 634 cono
987 607 1072 640 possit
1092 607 1215 642 intelligi.
1238 607 1277 633 Ad
1294 607 1349 634 haec
1364 605 1595 642 ivero,'Eusebius
1616 605 1689 642 illam

905 649 966 668 cum
980 642 1080 674 verbis,
1096 649 1127 668 ex
1139 641 1254 669 Actutum
1267 641 1475 676 apostolicorum
1488 641 1557 669 libro
1566 641 1691 676 superius

905 677 1008 710 citatis,
1028 677 1107 710 plane
1125 681 1412 704 consentaneam-essc
1435 676 1581 711 signiﬁcat.
1599 675 1691 711 ’Atqui

905 719 983 751 sacro
1013 711 1058 740 illo
1083 713 1111 739 itt
1137 712 1205 739 libro
1233 711 1371 746 Philippus
1396 711 1560 746 evangelista
1589 718 1690 739 renun-

906 752 998 775 llallll‘.

942 781 1025 816 Hujus
1044 790 1099 810 tton
1120 781 1240 809 minimae
1262 781 1427 809 diﬁicultatis
1442 782 1544 809 nodum
1565 781 1689 809 nonnulli

905 824 998 844 secare
1015 818 1103 851 potius
1116 824 1195 852 quain
1215 817 1320 844 solvere
1336 821 1558 852 conanturtcum
1574 824 1689 851 respon-

906 853 969 879 dent
982 851 1134 887 Philippum
1150 852 1301 886 apostolum
1327 860 1341 878 a
1356 852 1469 879 diacono
1483 851 1606 886 Pltilippo
1624 852 1691 878 l‘uis-

905 894 934 914 se
970 886 1245 918 revera’diversum,
1274 892 1356 922 atque
1386 887 1453 914 adeo
1483 886 1691 922 distinguendas

905 924 1046 957 utriusque
1071 922 1152 952 ﬁlias;
1184 923 1219 949 ita
1245 926 1275 949 ut
1301 921 1418 956 quatuor
1442 921 1557 956 Philippi
1583 921 1690 948 diaconi

904 958 966 985 ﬁliae
991 958 1123 985 Caesareae
1147 958 1173 984 in
1194 957 1336 992 Palestina
1364 957 1534 992 quieverint;
1549 964 1582 983 ex
1597 957 1691 992 tribus

902 1000 968 1020 vero
983 993 1053 1024 aliis,
1072 1001 1132 1027 quae
1147 991 1263 1027 Philippi
1281 991 1396 1026 apostoli
1417 996 1506 1023 erant,
1522 992 1581 1019 dum
1596 991 1690 1027 lliera-

903 1028 958 1062 poli
975 1029 1002 1054 in
1020 1026 1148 1063 Phrygia,
1162 1032 1189 1055 et
1210 1027 1287 1054 tet-"tia
1304 1027 1402 1062 Ephesi
1416 1027 1442 1054 iit
1456 1027 1519 1063 Asia
1532 1027 1585 1054 sint
1599 1026 1691 1060 sepul-

904 1068 947 1090 tae.
965 1063 1019 1090 Sed
1035 1064 1057 1090 si
1071 1062 1132 1090 vera
1148 1064 1183 1090 sit
1198 1063 1254 1090 haec
1270 1063 1376 1090 illorum
1389 1062 1531 1097 responsio
1540 1067 1565 1089 el
1580 1066 1690 1088 senten-

903 1098 949 1128 tia.
965 1099 1016 1132 ipsi
1036 1102 1111 1125 certe
1126 1098 1293 1125 Clementem
1308 1102 1429 1124 nostrum
1446 1097 1479 1125 ab
1493 1098 1608 1131 impacto
1622 1104 1691 1130 prte-

903 1139 1018 1168 posterre
1041 1133 1210 1160 confusionis
1229 1140 1322 1160 errore
1344 1132 1463 1160 volentes
1482 1132 1606 1168 nolentes
1627 1132 1690 1168 libe-

904 1167 973 1195 rant.
992 1167 1048 1196 Non
1069 1169 1141 1195 enini
1161 1168 1276 1202 amplius
1287 1167 1376 1195 dicere
1400 1173 1526 1202 poterunt
1543 1167 1611 1194 tilias
1624 1167 1690 1194 Phi-

903 1203 966 1238 lippi
984 1203 1111 1264 apostloli,
1128 1211 1189 1230 cum
1207 1201 1314 1231 diaconi
1336 1201 1505 1237 cognominis
1523 1202 1630 1230 ﬁliabus
1655 1201 1689 1229 ab

903 1245 934 1264 80
950 1246 1000 1264 COII
1015 1247 1048 1264 llll
1073 1247 1089 1264 Ι.

902 1245 934 1265 eo
950 1239 1089 1265 confundi.

937 1274 972 1299 At
993 1278 1066 1300 certe
1089 1272 1177 1307 plures
1199 1273 1332 1307 gravioris
1345 1273 1467 1300 eumdem
1480 1277 1619 1300 auctorem
1639 1280 1689 1300 no—

902 1312 988 1335 strum
1013 1309 1115 1335 erroris
1139 1316 1214 1336 reum
1240 1313 1333 1342 agunt,
1354 1308 1416 1342 quia
1436 1308 1551 1342 Philippi
1574 1307 1690 1342 apostoli

903 1343 984 1376 ﬁlias,
1002 1351 1084 1379 quas”
1097 1343 1253 1379 Polycrates
1273 1343 1393 1378 virgines
1408 1343 1588 1379 permansisse
1607 1347 1690 1370 testa-

905 1384 958 1410 tur,
986 1379 1036 1405 has
1058 1378 1102 1406 ille
1125 1386 1140 1405 a
1161 1386 1210 1406 suo
1239 1382 1315 1412 patre
1335 1378 1508 1404 matrimonio
1529 1378 1631 1405 locatas
1646 1385 1689 1404 as-

903 1418 1020 1440 severat.
1040 1412 1137 1440 Verum
1154 1413 1179 1440 id
1195 1422 1228 1441 ex
1261 1414 1410 1448 Polycratis
1424 1412 1513 1440 verbis
1536 1420 1588 1440 non
1609 1412 1691 1448 plane

902 1449 1015 1476 omnino
1038 1449 1155 1476 elicitur.
1185 1449 1224 1476 De
1250 1447 1328 1475 tertia
1359 1448 1492 1482 siquidem
1520 1448 1635 1482 Philippi
1652 1447 1690 1482 iﬁ-

901 1484 937 1511 lia
964 1485 1004 1510 sic
1029 1484 1086 1518 ipse
1104 1483 1226 1518 loquitur
1241 1484 1281 1510 ⁶⁰;
1315 1484 1359 1510 Ἐν
1381 1481 1450 1518 ἁγίῳ
1464 1483 1601 1518 Πνεύματι
1616 1481 1691 1509 πολι-

901 1519 1066 1555 ςτβυσαμένη.
1086 1528 1095 1545 ι
1112 1519 1287 1555 Spiritualem
1304 1519 1453 1555 quamdam
1468 1520 1549 1545 vitam
1569 1518 1658 1555 duxit.
1675 1527 1685 1543 I

902 1554 965 1582 Haec
977 1553 1067 1582 autem
1084 1553 1140 1582 non
1155 1554 1310 1588 signiﬁcant
1329 1554 1399 1580 illam
1416 1553 1500 1581 fuisse
1514 1561 1620 1588 semper
1635 1553 1691 1579 vir-

902 1590 1002 1624 ginem.
1015 1589 1071 1617 lmo
1083 1597 1149 1616 vero
1161 1590 1224 1624 quia
1234 1589 1364 1616 Eusebius
1374 1589 1472 1616 ibidem
1484 1595 1613 1623 expresse
1621 1588 1691 1624 dixit

903 1623 969 1651 duas
991 1625 1050 1660 ejus
1064 1623 1176 1651 sorores
1189 1633 1203 1660 «ν
1220 1624 1247 1651 itt
1262 1624 1418 1659 virginitate
1431 1623 1660 1660 consenuisser‘f,
1676 1633 1686 1649 ι

902 1660 966 1687 inde
980 1658 1034 1687 non
1052 1661 1141 1694 inepte
1155 1659 1291 1695 colligitur
1306 1658 1462 1692 persuasum
1474 1658 1590 1687 Eusebio
1606 1658 1692 1695 luisse

902 1695 973 1722 hanc
998 1694 1071 1722 aliud
1085 1694 1264 1730 amplexatam
1281 1695 1389 1722 vivendi
1404 1701 1500 1729 genus,
1518 1699 1546 1721 et
1565 1694 1690 1729 conjugio

901 1730 986 1757 fuisse
1003 1730 1149 1765 aliquando
1171 1730 1334 1765 copulatam.

937 1765 1070 1793 Caeterum
1097 1765 1130 1793 de
1150 1766 1201 1792 hac
1219 1773 1294 1797 sane,
1313 1765 1352 1792 uti
1367 1772 1461 1801 omnes
1481 1765 1609 1796 fatentur,
1627 1774 1691 1801 per.

900 1801 1023 1837 obscura
1043 1801 1194 1836 quaestione
1220 1801 1292 1832 aliis,
1313 1800 1384 1834 quod
1414 1801 1513 1837 verius
1531 1802 1690 1837 tequiusqne

901 1835 1069 1868 censuerint,
1091 1836 1291 1863 decernendunt
1309 1837 1380 1863 ultro
1400 1835 1588 1870 relinquimus.
1605 1835 1689 1866 Nobis

901 1876 976 1897 certe
991 1871 1136 1898 adnotasse
1145 1871 1260 1897 suﬁiciat
1271 1870 1418 1897 Cletueutis
1433 1871 1517 1897 nostri
1534 1872 1689 1905 opinionem

902 1906 1063 1933 auctoritate
1075 1906 1225 1940 Polycratis
1236 1906 1275 1932 sic
1290 1906 1392 1932 ﬁrmari
1402 1913 1434 1933 ac
1449 1905 1575 1938 stabiliri,
1591 1912 1620 1934 ut
1634 1908 1690 1941 plu-

901 1948 944 1967 res
959 1948 1020 1967 cum
1035 1940 1122 1967 Graeci
1140 1945 1195 1976 tum
1211 1941 1299 1967 Latini
1324 1942 1472 1974 scriptores
1486 1941 1519 1967 de
1533 1949 1564 1967 ea
1581 1940 1688 1976 penitus

901 1975 1027 2007 convicti,
1042 1975 1111 2002 ﬁlias
1125 1984 1139 2002 a
1156 1975 1278 2009 Philippo
1300 1976 1423 2009 apostolo
1438 1975 1688 2010 susceptas’crcdi-

901 2011 1000 2037 derint.
1013 2012 1048 2037 At
1063 2011 1085 2037 si
1101 2011 1162 2044 quis
1170 2010 1344 2037 validioribus
1356 2012 1524 2045 argumentis
1538 2012 1646 2039 easdem
1660 2013 1689 2040 in

899 2045 1065 2080 virginitatis
1093 2050 1166 2072 statu
1195 2053 1290 2073 omnes
1314 2052 1504 2079 perseverasse
1524 2047 1687 2080 ostenderit,

901 2081 963 2142 {iuge
977 2081 1124 2115 quominus
1133 2081 1179 2107 alii
1193 2088 1334 2108 assensum
1350 2082 1479 2116 praebeat,
1493 2082 1603 2109 minime
1621 2090 1687 2117 pro—

910 2123 927 2142 ιι
949 2123 1036 2142 emus.

910 2123 1036 2143 libemus.

936 2150 993 2178 Non
1017 2158 1111 2188 parum
1134 2151 1216 2188 etiam
1239 2150 1403 2188 diﬁicultatis
1425 2153 1489 2180 illud
1505 2153 1598 2185 habet,
1614 2154 1686 2188 quod

901 2185 1025 2223 Clemens
1049 2186 1143 2213 ultimo
1165 2187 1224 2214 loco
1244 2187 1281 2223 de
1306 2187 1390 2215 Paulo
1413 2189 1534 2223 apostolo
1560 2185 1686 2216 dixit”:

904 2230 914 2246 ι
936 2220 994 2258 Non
1009 2227 1117 2258 veretur
1134 2223 1159 2248 in
1178 2222 1296 2258 quadam
1316 2220 1524 2256 epistola'suam
1551 2224 1688 2258 appellare

865 2247 887 2274 D
901 2247 1079 2293 coniugem.)
1093 2247 1222 2289 Qtiainiiis
1237 2247 1309 2293 enim
1320 2247 1429 2286 ‘Jiidiii;
1444 2247 1524 2293 supra

904 2292 988 2318 fuerit
1003 2291 1114 2318 Paulum
1127 2300 1174 2326 per
1188 2292 1356 2326 apostolatus
1371 2294 1413 2321 sui
1430 2291 1552 2328 tempora
1565 2293 1687 2321 caelibem

906 2327 1070 2361 transegisse
1089 2328 1183 2359 vitam,
1208 2328 1396 2361 inquirendum
1413 2327 1503 2356 tamen
1527 2329 1614 2356 adhuc
1638 2337 1686 2356 su—

904 2367 1004 2399 perest,
1022 2367 1111 2399 uti-uin
1123 2398 1126 2399 ν
1138 2370 1231 2390 revera
1250 2363 1304 2399 ille
1320 2364 1394 2398 prius
1416 2364 1561 2399 aliquando
1575 2371 1686 2391 uxorem

904 2397 1020 2424 duxerit.
1033 2399 1068 2424 At
1082 2397 1191 2433 Origeni
1208 2399 1229 2425 si
1243 2397 1328 2425 ﬁdem
1341 2397 1500 2432 habeamus,
1512 2399 1573 2426 duae
1588 2399 1639 2426 hac
1653 2399 1686 2426 de

903 2439 940 2468 rei
955 2433 1065 2468 fuerunt
1080 2433 1332 2467 antiquissimorum
1356 2439 1495 2462 auctorum
1524 2434 1684 2468 opiniones:

902 2476 911 2492 ι
932 2467 1030 2495 Paulus
1046 2476 1119 2502 ergo,
1137 2469 1224 2502 inquit
1238 2468 1327 2504 ille“,
1347 2471 1417 2497 sicut
1437 2467 1548 2504 quidam
1563 2469 1684 2501 tradunt,

900 2510 962 2529 cum
978 2511 1062 2531 uxore
1083 2509 1195 2540 vocatus
1209 2509 1261 2540 est,
1277 2503 1311 2531 de
1329 2513 1382 2540 qua
1399 2503 1464 2533 dicit
1476 2505 1510 2532 ad
1526 2504 1686 2538 Philippen-

900 2545 943 2575 ses
960 2539 1102 2565 scribens:
1123 2539 1199 2573 Hogo
1216 2539 1298 2575 etiam
1312 2539 1343 2567 et
1357 2545 1392 2573 te,
1412 2547 1541 2575 germana
1563 2547 1685 2575 compar,

900 2573 997 2608 adjuva
1017 2574 1077 2601 illas
1087 2581 1147 2609 qua:
1162 2582 1223 2601 cuin
1239 2574 1297 2608 ipsa
1312 2580 1385 2602 sunt.
1399 2573 1439 2603 Ex
1454 2582 1589 2602 consensu
1604 2573 1686 2609 igitur

902 2609 969 2635 liber
984 2608 1106 2641 allectus,
1118 2616 1148 2636 se
1163 2616 1270 2636 servum
1292 2611 1413 2637 nominat
1425 2611 1535 2638 Christi.
1555 2610 1583 2637 Si
1608 2608 1684 2641 vero,

901 2649 930 2670 ut
942 2644 1002 2671 aliis
1026 2646 1142 2676 Videtur,
1159 2645 1218 2672 sine
1232 2653 1333 2678 uxore;
1355 2646 1531 2673 nihilominus
1546 2646 1592 2680 qui
1616 2645 1686 2672 liber

1102 2728 1149 2757 ιιι..
1170 2727 1187 2753 Ι.
1200 2734 1231 2754 ιιι
1249 2727 1330 2760 llist.,
1343 2734 1368 2753 c.
1383 2726 1428 2759 50,
1442 2734 1468 2761 p.
1483 2726 1544 2753 102.
1597 2725 1621 2742 ³⁸
1633 2726 1685 2752 Ba-

1102 2762 1257 2801 'f'_l_lier.,__l_.
1269 2772 1277 2790 ι
1288 2764 1349 2790 adv.
1360 2761 1462 2801 Jovin.,
1476 2761 1562 2801 p.35.
1596 2760 1625 2801 _'_‘

1089 2798 1112 2815 ει
1127 2798 1174 2826 nn.
1189 2806 1205 2825 v
1220 2798 1301 2830 llist..
1326 2807 1350 2824 ε.
1372 2798 1419 2830 et,
1441 2797 1547 2831 p.191.
1595 2795 1682 2822 "nu.

983 2834 1006 2852 "
1028 2833 1155 2866 Tertull.,
1173 2833 1221 2860 lib.
1243 2833 1281 2860 De
1301 2830 1480 2867 baptisch.
1496 2830 1539 2862 18,
1568 2831 1681 2858 Auctor.

984 2877 1056 2897 cum.
1109 2869 1131 2884 ⁶⁰
1149 2869 1251 2896 Strom.
1275 2869 1294 2895 l.
1309 2875 1355 2900 ιιι,
1375 2875 1403 2902 p.
1420 2867 1483 2895 355.
1530 2865 1552 2882 ⁶¹
1567 2865 1682 2898 Eussb..
