1924 3072
249 138 317 166 H75

566 139 599 166 IN
620 139 830 167 CLEMENTEM
845 139 951 168 ALEX.
970 140 1002 168 D.
1025 140 1069 167 LE
1088 140 1232 169 NOURRY
1253 142 1478 172 DISSERTATIO
1496 145 1530 172 II.
1575 138 1578 141 ’

1807 147 1868 176 “76

244 198 374 239 L_itcas_”_
396 197 568 239 publicanum
598 198 683 227 fuisse
707 199 861 239 perhibent.
881 199 931 239 _At_
943 199 970 239 si
987 200 1032 228 ille
1046 204 1071 232 Α
1084 201 1239 239 cum__nobis
1257 203 1328 230 haud
1346 203 1459 230 multum
1481 204 1688 239 refragantibus
1703 203 1867 236 probaretur.

245 233 316 261 idem
338 233 389 260 fuit
406 241 438 260 ac
453 233 603 264 Mattbmus.
620 235 846 268 quemadmodum
864 234 970 268 plurimi
987 243 1032 261 ar-

243 269 391 299 bitrantur.
409 268 443 296 de
457 276 489 296 eo
501 268 636 300 Clemens,
651 276 731 302 quem
748 277 763 295 a
782 269 908 296 Mattme
925 270 1032 303 penitus

244 303 427 335 discriminat,
453 303 566 338 intelligi
593 311 644 330 non
668 303 760 331 debet.
787 304 924 337 Quosdam
950 312 1031 339 porro

243 339 346 374 scimus
367 339 527 374 nonrdeesse
541 339 660 370 criticos,
682 339 727 372 qui
748 340 872 365 eumdem
893 339 954 367 Levi
981 347 1031 374 pu-

243 373 380 400 blicanum
396 373 477 400 alium
494 374 528 400 ab
549 373 673 407 apostolo
688 374 813 401 Mattbaeo
830 374 913 401 fuisse
936 375 1032 401 existi-

243 413 328 439 ment,
341 410 420 443 idque
434 408 475 435 his
489 408 730 442 Origenis‘verbis
747 409 863 443 probare
878 415 1028 437 conentur:

246 451 256 468 ι
277 443 319 470 Sit
334 449 361 469 et
378 443 441 470 Levi
459 444 628 477 publicanus,
651 443 697 477 qui
722 443 814 471 .lesum
840 448 949 472 Secutus
978 450 1030 472 est.

243 477 302 505 NOII
316 483 376 504 erat
388 484 474 505 tamen
495 485 529 506 ex
546 478 730 513 apostolorum
748 486 874 510 numero.
891 480 941 506 nisi
954 479 1031 512 juxta

243 513 364 549 quaedam
376 513 540 547 exemplaria
557 513 837 549 secundumMarcum
854 514 1003 549 Evangelii.
1019 524 1029 539 ι

243 547 347 580 Quibus
359 549 525 582 respondent
542 548 588 575 alii
607 548 671 575 illud
693 548 864 584 abOrigene
881 547 1031 584 ιιοιιξδειίο,

242 584 289 610 sed
308 590 356 616 per
366 584 568 611 concessionem
580 584 712 610 duntaxat
724 583 804 611 Celso
814 585 916 610 datum.
930 583 1030 610 Verum

243 618 349 645 inﬁrma
362 626 473 653 prorsus
485 618 589 645 videtur
604 619 661 646 haec
676 620 826 653 resporrsio,
845 627 894 647 nec
905 618 1029 654 Origenis

244 654 327 679 textui
345 659 536 680 consentanea.

278 689 447 722 Quapropter
462 689 483 714 si
495 696 555 722 quae
567 688 598 714 ad
610 688 735 724 Origenis
745 688 956 724 conﬁrmandam
966 690 1026 723 opi-

241 723 349 751 nionem
368 728 542 758 suppeterent
557 729 728 758 argumenta,
744 724 777 751 de
792 724 843 751 hoc
859 723 921 750 Levi
938 725 1025 758 exp|i<

241 759 357 786 candum
372 766 432 786 esse
443 759 598 790 Clementis,
617 766 664 786 seu
680 759 771 793 potius
790 758 963 786 HeracleOuis
984 758 1024 786 lo-

1119 236 1196 263 Alius
1225 242 1312 264 tamen
1340 245 1469 272 pranerea
1493 236 1568 271 fuit:
1587 240 1632 266 cui
1655 239 1803 272 Λεὸὃαίος,
1829 248 1868 268 aut

1084 271 1207 309 ῥευαῖφς,
1236 273 1288 309 vel,
1315 271 1345 298 ut
1366 274 1476 307 quidam
1497 275 1582 309 aiunt,
1609 274 1704 309 Λέὂης
1725 271 1867 308 cognomen

1084 306 1238 340 impositum
1264 306 1411 335 diciturils
1432 308 1615 336 atrtethuilas
1632 306 1687 340 est,
1703 315 1734 336 et
1752 306 1807 337 a'lio
1827 320 1868 337 uo-

1084 341 1308 380 iiiine_Tliatl:r;tts.
1324 343 1359 380 de
1369 351 1422 380 quo
1433 344 1553 371 nonnulli
1570 345 1580 359 ¹
1592 348 1736 371 auctorem
1752 351 1868 372 nostrum

1083 376 1196 416 intelligi
1223 377 1327 417 volunt.
1343 376 1396 406 Sed
1423 387 1482 417 cum
1501 380 1558 406 haec
1581 380 1675 417 munia
1692 381 1778 417 tueris
1798 381 1866 414 plane

1084 414 1261 448 conjecturis,
1290 420 1339 439 nec
1363 414 1447 441 certis
1473 419 1554 446 atque
1586 415 1764 441 evidentibus
1796 423 1867 448 argu-

1083 446 1358 483 mentisinnitantur,
1374 449 1436 482 quid
1454 450 1486 475 de
1502 448 1551 476 hac
1561 449 1716 483 quaestione
1727 450 1812 476 statui
1826 446 1866 477 ile-

1082 479 1206 540 ﬁ‘e'allusab
1216 482 1276 510 aliis
1294 479 1389 511 audire
1401 491 1481 518 quam
1501 479 1605 518 aliquid
1620 488 1807 519 pronuntiare
1818 493 1867 511 rna-

1093 523 1182 543 utnus.

1117 550 1146 577 lu
1171 551 1290 588 Mattbzei
1323 560 1404 586 porro
1423 553 1588 581 mentionem
1616 554 1753 588 quoniam
1778 554 1868 581 incidi-

1083 593 1152 622 mus,
1180 587 1301 614 animum
1319 588 1352 614 ad
1375 589 1400 614 id
1421 589 1547 615 advertas
1563 587 1658 621 velim,
1671 589 1745 622 quod
1759 590 1793 616 de
1818 590 1868 621 ejus

1083 621 1244 658 abstinentia
1262 622 1387 650 Clemens
1409 624 1536 652 narrat’.
1559 634 1568 649 ι
1585 621 1746 656 Matutinus,
1776 625 1866 658 inquit,

1082 656 1218 693 apostolus
1244 657 1400 690 seminibus,
1426 659 1530 688 buccis.
1562 665 1590 686 et
1612 659 1752 690 oleribus,
1774 656 1868 692 alique

1080 691 1367 728 Carniltusrutebalur.
1394 703 1403 719 ι
1434 693 1482 720 Vix
1509 695 1580 720 enim
1611 695 1662 728 qui
1689 700 1791 726 praeter
1814 693 1866 721 Cle-

1080 731 1196 765 mentem
1217 727 1282 754 illud
1305 728 1415 762 scriptis
1439 727 1654 764 consignaverit,
1684 729 1806 764 aliquem
1823 729 1865 761 [tn-

1077 767 1182 790 venias.

911 873 1103 918 CAPUT
1122 873 1186 916 X.

875 939 924 969 De
953 937 1230 969 matrimonio.

511 1045 709 1074 ARTICULUS
727 1046 747 1073 Ι.

239 1091 378 1128 Quomodo
399 1092 594 1128 matrimonium
606 1101 622 1118 (ι
639 1092 769 1119 Clemente
784 1093 938 1127 deﬁniatur,
949 1102 1028 1128 quant

277 1126 373 1153 bonum
387 1127 432 1158 sit,
449 1132 474 1154 et
495 1127 623 1159 quomodo
635 1129 759 1162 conjuge:
779 1136 807 1155 eo
820 1129 857 1154 uti
869 1126 989 1156 debeant.

276 1183 357 1210 Hisce
377 1183 405 1210 in
428 1183 590 1210 Stromalum
607 1183 685 1211 libris
700 1191 732 1210 eo
749 1183 859 1211 uberius
872 1188 899 1211 et
913 1191 1027 1211 accura-

241 1219 294 1246 tius
306 1219 339 1246 de
353 1218 525 1245 tnatrimonio
535 1218 661 1246 Clemens
676 1218 805 1253 disputat,
815 1227 868 1253 quo
881 1219 944 1245 illud
958 1220 1026 1246 varii

239 1254 328 1281 artatis
342 1261 398 1281 sua:
412 1253 531 1281 bzeretici
544 1253 844 1288 impugnarentacrius,
856 1262 888 1281 ac
898 1258 1025 1288 tanquam

240 1289 385 1316 scelestum
406 1293 434 1315 et
452 1288 586 1315 nefarium
610 1288 762 1315 incredibili
786 1296 898 1322 prorsus
915 1289 1026 1315 temeri-

239 1329 296 1350 tate
309 1329 336 1351 et
352 1323 517 1358 impudentia
535 1323 736 1357 proscriberent
754 1328 781 1350 et
798 1323 1023 1351 condemnarent.

239 1358 293 1386 Sed
307 1366 339 1385 ex
358 1358 410 1385 bac
423 1358 582 1392 gravissima
605 1359 820 1390 concertatione,
837 1363 964 1393 tanquam
991 1367 1025 1386 ex

239 1394 358 1427 lapidum
369 1393 495 1420 conﬂictu
516 1397 596 1426 atque
614 1393 689 1425 tritu,
708 1393 794 1427 major
809 1401 881 1420 sana:
902 1401 1027 1428 veraeque

238 1429 370 1456 doctrina).
384 1428 454 1462 ignis
467 1436 481 1454 a
501 1428 579 1456 nobis
591 1428 723 1454 elicietur.

277 1463 366 1490 Primo
390 1464 482 1497 itaque
509 1463 711 1490 matrimoriium
733 1471 748 1490 a
763 1462 902 1490 Clemente
922 1463 963 1490 sic
981 1464 1026 1491 de-

239 1498 374 1526 ﬁnitur‘:
400 1498 489 1533 Γάμος
518 1497 566 1533 μὲν
587 1497 645 1524 ἐστι
666 1498 774 1529 σύνοδος
796 1498 893 1533 ἀνδρὸς
916 1498 962 1525 καὶ
978 1506 1026 1532 γυ-

240 1534 330 1564 ναικὸς
347 1535 364 1569 ἡ
388 1532 483 1567 πρώτη
508 1532 576 1559 κατὰ
602 1534 693 1568 νόμον,
716 1534 762 1559 ἐπὶ
779 1533 897 1568 γνησίων
922 1534 1026 1561 τέκνων

241 1570 339 1604 σπορᾷν
361 1578 370 1594 ι
399 1569 600 1604 Matrimonium
615 1573 656 1595 cst
670 1569 765 1604 prima
778 1574 804 1594 et
823 1568 972 1604 secundum
988 1569 1026 1595 le-

239 1603 301 1639 gem
316 1605 366 1630 viri
376 1608 403 1631 et
412 1603 532 1630 mulieris
542 1603 698 1639 conjunctio
709 1605 742 1630 ad
759 1603 938 1638 legitimorum
957 1604 1025 1630 ﬁlio-

240 1638 299 1665 rum
312 1638 563 1673 procreationem.)
575 1638 614 1664 Ex
629 1639 775 1666 [meantem
788 1638 950 1665 matrimonii
962 1639 1026 1666 deli-

240 1672 344 1701 nitione
359 1673 528 1708 liquetjuxta
537 1672 683 1700 Clementis
693 1679 810 1700 mentem
822 1673 884 1699 illud
895 1681 955 1701 esse
971 1681 1023 1700 non

238 1709 390 1743 quamlibet
403 1709 453 1735 viri
470 1713 498 1735 et
514 1708 634 1735 mulieris
648 1709 877 1743 conjunctionem,
892 1709 939 1735 sed
953 1708 1026 1735 κατὰ

240 1742 332 1779 ὑόμον,
348 1753 358 1769 t
377 1743 524 1770 secundutn
538 1743 635 1779 legem,
649 1752 657 1768 ι
673 1743 707 1779 At
723 1751 783 1770 cum
802 1751 816 1779 (ν
827 1742 910 1776 legem
921 1753 936 1779 γι
952 1743 1027 1770 indc-

242 1777 320 1805 ﬁnile
337 1778 447 1809 dixerit,
470 1785 502 1804 eo
522 1779 604 1805 \crbo
624 1777 738 1804 forsitan
759 1778 792 1804 de
812 1778 943 1804 industria
963 1786 1027 1806 usus

241 1819 298 1845 est;
324 1818 352 1841 ut
367 1820 400 1840 eo
414 1812 579 1847 signiﬁcaret
595 1821 647 1839 nou
667 1813 752 1839 solum
771 1812 902 1843 divinam,
914 1821 973 1847 qua:
1001 1814 1026 1840 in

241 1848 329 1875 sacris
356 1846 456 1874 litteris
473 1853 501 1874 et
518 1848 551 1874 ab
577 1847 706 1881 apostolis
729 1848 832 1875 sancita
855 1846 954 1878 luerat,
979 1849 1027 1875 sed

241 1884 388 1911 humanam
413 1890 519 1917 quoque
546 1882 715 1910 saecularium
742 1882 847 1909 scilicet
874 1883 1024 1917 priuciputn

242 1918 338 1953 legem,
349 1918 428 1952 juxta
447 1925 527 1952 quam
542 1917 706 1952 conjugium,
722 1923 751 1944 ut
768 1917 906 1953 legitimus
918 1919 1026 1953 rsolem-

242 1952 339 1988 niSque
348 1957 504 1981 cantractus
519 1953 606 1988 civilis
618 1954 663 1984 sit,
679 1953 712 1979 ab
724 1954 848 1988 omnibus
862 1952 1026 1988 inirirdebet.

241 1987 423 2021 Quamobrem
443 1987 494 2022 alio
520 1987 601 2022 198
625 1988 651 2014 in
671 1988 740 2015 libro
755 1988 765 2003 ⁵
784 1987 834 2014 hoc
851 1987 884 2013 tle
905 1987 950 2014 illo
976 1995 1027 2015 nec

241 2025 319 2059 plura
333 2023 434 2051 edixit:
451 2031 460 2048 ι
473 2021 664 2059 Unusquisque
677 2028 797 2059 nostrum
808 2022 935 2059 liabet,_si
953 2023 1027 2059 velit,

242 2057 402 2093 potestatem
419 2065 530 2085 uxorem
543 2057 661 2091 legitime
674 2058 798 2088 ducendi,
811 2057 877 2093 κατὰ
887 2057 933 2093 sfw
945 2058 1027 2093 νόμον

243 2091 350 2131 ἧταμεῖγ,
366 2094 392 2120 in
409 2093 513 2128 primis,
533 2093 652 2127 inquam,
672 2093 783 2127 nuptiis,
799 2091 844 2118 τὸν
860 2091 1026 2131 πρῶτονλέ-

242 2137 283 2163 γω
300 2129 397 2164 γάμον.
419 2137 429 2154 ι

279 2162 408 2196 Quamvis
423 2167 513 2189 autem
528 2167 642 2196 utroque
658 2162 684 2188 in
702 2162 761 2190 loco
772 2162 897 2191 Clemens
910 2163 1022 2193 dixerit,

246 2209 256 2225 ι
277 2201 392 2232 primam
409 2197 647 2230 conjunctionem,
668 2207 678 2223 ι
697 2205 777 2224 nemo
798 2204 887 2225 tamen
910 2199 972 2225 inde
988 2198 1028 2224 in-

244 2235 315 2261 ferat
338 2234 473 2261 secundas
491 2233 600 2266 nuptias
620 2233 654 2258 ab
678 2232 723 2258 illo
748 2233 905 2267 improbari.
922 2233 959 2259 De
976 2233 1028 2260 illis

244 2270 386 2296 enimvero
400 2276 461 2295 eum
479 2268 583 2301 aequius
601 2267 738 2302 judieassc
754 2267 823 2294 inl‘ra
841 2268 1027 2295 ostendemus.

244 2304 309 2332 Η.εο
346 2304 437 2338 itaque
478 2303 558 2329 verba
597 2304 623 2329 in
661 2302 826 2330 matrimonii
870 2303 1027 2330 deﬁnitione

244 2339 306 2366 ideo
336 2338 448 2370 addidit,
483 2338 545 2371 quia
575 2338 700 2364 secunda:
731 2339 829 2371 impria:
857 2338 900 2370 iis,
924 2338 969 2372 qui
997 2345 1026 2364 se

244 2374 390 2436 ploptinere
405 2373 563 2407 nequibant,
581 2372 731 2407 apostolica
749 2373 914 2408 indulgentia
927 2380 1026 2400 conce-

266 2418 279 2436 e
290 2414 392 2436 )antur.

266 2410 392 2436 ebantur.

283 2444 404 2478 Denique
421 2443 546 2470 Clemens
567 2443 647 2470 docet
672 2442 752 2469 ﬁnem
778 2442 943 2478 matrimonii
970 2449 1031 2469 esse

246 2477 397 2512 legitimam
420 2479 536 2505 ﬁliorum
559 2478 786 2512 procreationem.
802 2477 861 2505 Non
876 2477 972 2504 unicus
988 2482 1030 2503 ta-

247 2521 328 2547 nien,
347 2514 460 2548 ipsumet
482 2517 608 2544 auctore,
634 2517 675 2539 est
698 2512 743 2539 ille
764 2512 934 2539 matrimonii
957 2512 1031 2539 linis.

245 2549 324 2575 Aliud
351 2549 483 2582 siquidem
509 2550 564 2582 ipse
592 2548 712 2575 declarat
734 2555 793 2575 csse
808 2548 867 2581 ejus
889 2555 986 2574 munus
1004 2552 1031 2573 et

246 2584 439 2613 ministerium,
460 2588 541 2616 atque
565 2583 644 2609 alium
663 2584 776 2616 proinde
792 2588 820 2609 et
838 2582 934 2614 ﬁnem,
951 2582 1031 2608 nimi—

246 2627 307 2645 rum
326 2618 471 2652 gerendam
486 2618 640 2644 eorumdein
659 2617 787 2649 ﬁliorurn,
804 2617 1029 2652 quemadmodum

245 2651 350 2687 uxorii,
370 2658 450 2687 atque
465 2654 547 2680 etiam
562 2652 659 2679 domus
672 2660 777 2684 curam,
798 2661 807 2678 ι
829 2653 861 2679 ad
878 2660 968 2686 quam,
986 2651 1030 2678 itt—

280 2770 304 2787 η
319 2770 418 2803 an.v,
435 2769 481 2796 27.

247 2849 273 2875 p.
288 2837 351 2867 421⁵.
388 2841 398 2856 ⁵
413 2840 429 2867 Ι.
445 2848 486 2870 ιιι,
506 2849 534 2875 p.
552 2838 614 2865 457.
653 2837 663 2853 ⁸
679 2838 758 2875 ibid,
773 2846 798 2871 p.
880 2843 905 2866 et
921 2837 981 2865 Mil.

247 2873 308 2911 cap.
335 2876 380 2910 l0,
392 2880 419 2902 et
438 2873 520 2910 super
535 2875 656 2907 ὤθει-1.,
668 2881 692 2900 c.
710 2873 736 2905 5,
751 2878 801 2900 art.
820 2874 845 2900 5.

520 2768 527 2783 ¹
543 2768 665 2802 0rigen..
678 2767 696 2794 Ι.
712 2776 720 2795 ι
735 2772 821 2795 contr.
842 2767 959 2799 Celsum,
976 2771 995 2793 t.
1010 2765 1045 2802 ll,
1060 2773 1088 2800 p.
1108 2765 1170 2802 427V.

247 2805 321 2833 lller.
336 2807 362 2861 pr
381 2801 492 2836 Matth.,
516 2811 543 2837 p.
567 2801 612 2830 ‘29.
631 2802 779 2835 Theodon,
795 2810 891 2837 quiest.
913 2803 946 2829 16
964 2802 991 2828 in
1008 2801 1118 2829 Numer.
1157 2801 1167 2816 ³
1192 2801 1262 2828 Ptcd.

247 2849 273 2871 p.
288 2840 351 2867 421.
388 2841 398 2856 ⁵
413 2840 429 2867 Ι.
445 2848 486 2870 ιιι,
506 2849 534 2871 p.
552 2838 614 2865 457.
653 2837 663 2853 ⁸
679 2838 758 2868 ibid.,
773 2846 798 2871 p.
814 2837 866 2865 459
880 2843 905 2866 et
921 2837 981 2865 Mil.
1037 2839 1048 2856 ⁷
1063 2835 1081 2863 l.
1101 2844 1148 2869 ιιι,
1171 2844 1196 2871 p.
1213 2837 1262 2863 ιω

1075 2855 1081 2863 ι
1101 2855 1148 2869 ιιι,
1172 2855 1196 2869 ιι.
1213 2855 1274 2863 1---

1043 1052 1064 1080 Β
1079 1049 1168 1081 quit“,
1184 1048 1247 1075 data
1263 1051 1304 1075 est
1323 1047 1420 1075 mulier
1440 1047 1570 1082 adjutrix.
1592 1057 1603 1074 ι
1620 1047 1678 1076 Sed
1705 1047 1742 1075 de
1756 1048 1796 1075 bis
1813 1047 1861 1081 jam

1078 1084 1157 1115 alias,
1174 1088 1201 1110 et
1217 1083 1306 1110 adhuc
1323 1083 1404 1110 infra.

1113 1129 1178 1162 Quae
1189 1129 1299 1164 quidem
1316 1129 1387 1156 sicut
1406 1133 1497 1163 aperta
1514 1133 1540 1155 et
1558 1129 1646 1160 clara,
1664 1129 1704 1155 ita
1720 1133 1749 1164 et
1766 1135 1823 1155 vera
1834 1136 1862 1156 ac

1078 1166 1187 1198 propria
1205 1164 1369 1190 matrimonii
1387 1165 1462 1191 notio
1483 1164 1547 1190 illud
1569 1164 1696 1195 bonum,
1716 1163 1817 1196 justum
1838 1168 1863 1190 et

1079 1199 1200 1234 aequitati
1215 1199 1328 1226 omnino
1340 1205 1553 1226 consentaneum
1562 1206 1625 1226 esse
1638 1203 1696 1234 tam
1710 1199 1812 1225 invicte
1823 1199 1863 1225 de-

1078 1233 1234 1266 monstrat,
1252 1238 1280 1260 ut.
1295 1234 1391 1260 mirum
1413 1234 1449 1261 sit
1465 1239 1563 1267 praeter
1581 1233 1723 1268 quosdam
1740 1241 1860 1268 paganos,

1077 1276 1178 1302 eosque
1192 1269 1308 1295 maxime
1329 1269 1504 1303 voluptarius,
1527 1269 1574 1302 qui
1597 1270 1624 1295 id
1654 1275 1806 1303 negarent,
1825 1269 1861 1294 in-

1078 1309 1175 1330 ventos
1189 1303 1273 1330 fuisse
1286 1303 1419 1330 homines.
1433 1303 1616 1330 Plurimorum
1629 1309 1722 1330 tamen
1733 1303 1862 1334 Clemens,

1079 1339 1117 1365 uti
1134 1338 1374 1369 Basilidianorum,
1386 1337 1492 1370 lsidori,
1504 1339 1696 1373 Carpocratis,
1710 1339 1862 1372 Epiphan'ts,

1077 1373 1310 1405 Marcionilarnm,
1335 1373 1514 1407 aliorumque,
1534 1374 1566 1400 de
1583 1375 1684 1407 quibus
1702 1374 1775 1400 infra
1795 1374 1863 1399 dice-

1078 1413 1134 1441 tur,
1150 1409 1279 1440 ncfarios,
1296 1409 1393 1442 impios
1418 1416 1449 1435 ac
1468 1416 1537 1443 pene
1552 1410 1706 1443 stupendos
1721 1409 1755 1434 de
1771 1409 1864 1435 eodem

1076 1442 1123 1470 illo
1142 1444 1315 1470 matrimonio
1329 1451 1438 1470 errores
1452 1448 1587 1476 recenset,
1600 1442 1705 1478 eosque
1722 1444 1823 1470 evertit
1835 1450 1864 1469 ac

1076 1479 1209 1506 radicitus
1222 1483 1353 1513 amputat.

1111 1524 1211 1551 Omnes
1223 1532 1303 1558 porro
1321 1524 1380 1550 illas
1397 1524 1587 1550 liazreticorum
1605 1524 1693 1551 falsas
1709 1524 1864 1558 Opinioues.

1076 1566 1124 1586 seu
1139 1560 1229 1593 potius
1252 1560 1409 1593 opinionum
1431 1563 1551 1586 monstra
1565 1564 1591 1585 et
1608 1565 1748 1594 portenta,
1766 1560 1801 1586 ad
1815 1559 1865 1586 duo

1076 1598 1181 1621 tantum
1196 1594 1285 1627 capita
1299 1594 1396 1628 redigit
1408 1594 1435 1621 ":
1454 1603 1463 1620 α
1481 1594 1628 1627 Autenim,
1646 1595 1736 1628 inquit
1754 1595 1811 1626 ille,
1824 1595 1866 1620 do-

1075 1634 1138 1656 cent
1156 1628 1340 1655 indiﬂ'erenter
1356 1629 1464 1661 vivere,
1482 1638 1492 1653 I
1511 1629 1561 1655 hoc
1584 1634 1627 1656 est
1641 1649 1649 1662 ,
1671 1629 1739 1656 nihil
1764 1630 1791 1655 in
1817 1630 1864 1655 boc

1076 1664 1176 1691 mundo
1188 1671 1247 1691 esse
1267 1663 1328 1690 boni
1346 1663 1386 1690 vel
1403 1664 1484 1695 mali,
1501 1663 1602 1690 nullum
1617 1665 1725 1695 vitium,
1745 1664 1863 1690 nullam-

1077 1706 1130 1733 que
1143 1699 1281 1731 virtutem,
1299 1699 1345 1725 sed
1360 1699 1450 1725 omnia
1471 1706 1530 1725 esse
1552 1698 1737 1726 iudiﬂ'erentia
1755 1708 1763 1726 :
1786 1708 1796 1725 ‹
1815 1699 1865 1725 Aut

1081 1734 1188 1760 modum
1214 1738 1360 1767 tonutnque
1383 1734 1548 1760 excedentes
1571 1741 1620 1768 per
1639 1734 1811 1769 impietatem
1841 1739 1864 1760 et

1080 1769 1170 1796 odium
1187 1769 1347 1802 prolitentur
1360 1769 1566 1800 continentiam,
1591 1777 1600 1794 ι
1621 1776 1671 1802 per
1681 1769 1775 1795 odium
1791 1769 1863 1795 scili—

1080 1809 1124 1830 cet
1140 1804 1278 1830 Creatoris
1290 1823 1298 1835 ,
1315 1810 1393 1836 quem
1414 1804 1513 1830 malum
1531 1811 1592 1830 esse
1616 1804 1739 1838 opinati,
1756 1804 1864 1838 nuptias

1079 1846 1187 1873 quoque
1207 1838 1291 1865 malas
1310 1843 1337 1865 et
1360 1838 1496 1865 diabolum
1522 1846 1615 1865 earum
1641 1843 1784 1865 auctorem
1807 1846 1864 1864 esse

1078 1873 1162 1907 impie
1174 1874 1340 1908 garriebant.
1357 1873 1458 1900 Horum
1475 1878 1565 1899 autem
1579 1875 1701 1900 omnium
1718 1873 1812 1899 futiles
1826 1881 1863 1899 ra-

1081 1908 1168 1935 ti0nes
1195 1909 1337 1941 variasque
1371 1909 1559 1934 cavillationes
1595 1914 1670 1934 tanta
1707 1909 1864 1942 perspicui-

1080 1947 1135 1969 tate
1148 1943 1226 1970 diluit
1239 1951 1271 1969 ac
1283 1944 1409 1975 destruit,
1428 1948 1529 1977 quanta
1543 1943 1683 1970 soliditate
1694 1948 1726 1969 et
1744 1944 1863 1970 invictis-

1078 1978 1157 2040 flimis
1180 1979 1315 2004 rationum
1340 1978 1483 2005 momentis
1502 1979 1605 2006 bonum
1628 1985 1690 2005 esse
1706 1977 1863 2013 conjugium

1097 2017 1253 2040 emouslrat.

1097 2017 1253 2040 emouslrat.

1111 2058 1147 2084 At
1157 2058 1263 2085 tametsi
1279 2057 1344 2085 illud
1355 2057 1456 2085 bonum
1470 2065 1531 2085 esse
1547 2057 1730 2085 invictissime
1741 2057 1862 2085 Clemens

1078 2092 1242 2127 probaverit,
1256 2094 1312 2126 ipsc
1322 2093 1495 2120 nihilominus
1504 2094 1542 2119 ait
1553 2093 1563 2107 ⁸
1577 2102 1584 2120 :
1605 2103 1615 2118 ι
1634 2093 1730 2127 Neque
1744 2098 1787 2120 est
1800 2099 1862 2119 uxor

1078 2129 1199 2154 ducenda
1215 2128 1339 2160 cuilibet,
1358 2136 1444 2162 neque
1458 2135 1575 2162 semper,
1599 2128 1646 2154 sed
1669 2132 1780 2162 templis
1800 2134 1862 2161 quo-

1079 2169 1132 2197 que
1148 2167 1198 2194 est,
1214 2163 1240 2189 in
1259 2170 1312 2196 quo
1327 2164 1474 2197 convenit,
1489 2168 1515 2190 ct
1530 2171 1644 2197 persona
1663 2165 1710 2190 cui
1727 2163 1861 2193 comenit,

1079 2202 1106 2224 et
1117 2203 1182 2223 artas
1195 2198 1228 2224 ad
1243 2203 1346 2224 certum
1362 2206 1447 2232 usque
1461 2200 1616 2225 terminum.
1633 2198 1730 2232 Neque
1749 2205 1814 2231 ergo
1824 2202 1862 2232 est

1079 2233 1191 2262 etulibct
1207 2240 1275 2270 uxor
1290 2231 1414 2270 qua-libet
1428 2234 1561 2270 ducenda,
1572 2241 1661 2267 neque
1677 2231 1805 2270 semper;
1821 2231 1862 2270 sed

1079 2274 1168 2300 neque
1185 2269 1295 2294 omnino
1309 2272 1336 2294 et
1352 2269 1522 2301 impudenter
1540 2276 1571 2294 ac
1583 2273 1699 2299 temere,
1714 2268 1765 2294 sed
1783 2268 1805 2294 ei
1821 2268 1861 2300 qui

1079 2301 1170 2335 aliquo
1185 2303 1263 2329 modo
1280 2310 1309 2328 se
1321 2303 1413 2334 liabet,
1429 2308 1456 2330 et
1470 2302 1569 2337 qualis,
1582 2307 1610 2329 et
1623 2303 1736 2337 quando
1750 2306 1860 2337 oportet.

1078 2341 1105 2372 et
1119 2337 1266 2364 liberorqu
1283 2338 1381 2371 gratia,
1395 2342 1422 2364 et
1433 2345 1463 2364 ea
1480 2336 1541 2372 qua:
1553 2343 1594 2364 est
1607 2336 1640 2364 in,
1648 2336 1780 2364 omnibus
1793 2336 1862 2363 simi-

1081 2371 1123 2401 lis,
1158 2376 1185 2398 et
1215 2380 1267 2398 non
1297 2373 1323 2399 vi
1351 2378 1399 2399 aut
1429 2371 1590 2399 necessitate
1611 2373 1703 2399 virum
1729 2377 1861 2398 amantem

1082 2406 1181 2441 diligit.
1204 2415 1213 2432 ι
1227 2406 1283 2434 Nec
1295 2408 1420 2434 omnibus
1433 2408 1579 2441 itaque,-ut
1590 2412 1668 2435 recte
1679 2408 1807 2434 Clemens
1820 2406 1860 2432 do-

1082 2446 1140 2472 cet,
1165 2449 1216 2468 nec
1241 2443 1313 2469 omni
1341 2447 1438 2476 :etate,
1460 2449 1511 2469 nec
1533 2443 1656 2476 quolibet
1684 2447 1806 2475 tempore
1826 2441 1860 2466 las

1082 2482 1125 2502 est
1138 2476 1207 2512 inire
1229 2478 1386 2512 conjugiqu
1406 2485 1414 2509 ;
1441 2478 1488 2504 sed
1505 2485 1645 2511 personae,
1662 2479 1706 2504 cui
1723 2478 1789 2504 illud
1805 2483 1860 2512 conj

1083 2511 1167 2541 venit.
1189 2511 1265 2545 cujus
1282 2510 1348 2539 {etas
1372 2513 1408 2539 sit
1432 2510 1559 2546 conjugio
1575 2519 1685 2539 matura
1708 2517 1735 2539 et
1755 2518 1816 2546 apta
1831 2510 1861 2535 ad

1084 2546 1194 2578 liberos,
1213 2552 1244 2573 ut
1259 2549 1285 2574 in
1303 2549 1355 2574 alio
1371 2554 1452 2581 opere
1467 2548 1575 2574 dixerat
1585 2547 1606 2580 ',
1622 2548 1822 2581 suseipiendos,
1833 2553 1860 2570 ac

1085 2583 1201 2619 denique
1215 2582 1333 2616 conjugii
1345 2587 1453 2616 tempus
1464 2582 1640 2617 seligendum.
1654 2583 1793 2619 Praeterea
1802 2588 1859 2619 uxur

1084 2617 1205 2642 ducenda
1229 2618 1308 2643 debet
1329 2619 1352 2643 ei
1364 2637 1371 2649 ,
1387 2618 1429 2644 cui
1443 2623 1557 2651 nuptura
1571 2623 1630 2649 est,
1651 2618 1782 2649 omnino,
1799 2617 1859 2642 x111

1086 2651 1175 2682 πάντι,
1190 2660 1199 2676 ι
1213 2652 1239 2678 in
1252 2652 1377 2679 omnibus
1392 2661 1401 2678 ι
1421 2659 1481 2680 esse
1498 2652 1604 2685 similis,
1614 2654 1739 2679 moribus
1753 2653 1856 2680 scilioel.

1209 2767 1219 2781 ¹
1233 2766 1355 2800 ()rigcn.,
1371 2766 1446 2800 prazl'.
1467 2766 1493 2792 iu
1508 2764 1592 2799 Epist.
1611 2765 1643 2791 ad
1655 2765 1748 2797 Rom.,
1763 2772 1791 2799 p.
1803 2762 1855 2790 296.

1346 2799 1377 2832 it,
1406 2810 1430 2828 c.
1451 2801 1476 2832 Ι,
1496 2808 1522 2833 p.
1545 2800 1606 2827 MS.
1643 2800 1654 2812 ⁵
1676 2801 1780 2828 Strom.
1799 2799 1814 2827 Ι,
1828 2807 1854 2829 u,

1330 2836 1339 2851 ⁸
1357 2837 1375 2864 Ι.
1393 2844 1428 2869 ιι,
1450 2844 1476 2871 p.
1491 2835 1552 2862 421.

1157 2801 1217 2816 an.

1192 2800 1274 2833 P:cd.,
1304 2801 1321 2827 l.
1346 2809 1376 2832 it,
1406 2810 1430 2828 c.
1451 2801 1476 2832 Ι,
1496 2808 1522 2833 p.
1545 2800 1606 2827 MS.
1643 2800 1654 2812 ⁵
1676 2801 1780 2828 Strom.
1799 2800 1853 2829 Ι,ιι.

1192 2856 1196 2863 .
1213 2837 1274 2863 ιω.
1330 2836 1339 2851 ⁸
1357 2837 1375 2864 Ι.
1393 2844 1428 2868 ιι,
1450 2844 1476 2868 p.
1491 2835 1552 2862 421.
1610 2836 1620 2852 ⁹
1635 2835 1683 2863 tib.
1704 2844 1721 2863 ιι
1746 2836 1853 2868 l‘aidag.,
