  <div class='ocr_page' id='page_1' title='image "/cluster/home/n/w/nwhite01/storage/ocr_20150623/9/njp.32101077772398/706.png"; bbox 0 0 1924 3072; ppageno 0'>
   <div class='ocr_carea' id='block_1_1' title="bbox 66 160 134 188">
    <p class='ocr_par' dir='ltr' id='par_1_1' title="bbox 66 160 134 188">
     <span class='ocr_line' id='line_1_1' title="bbox 66 160 134 188; baseline 0 0"><span class='ocrx_word' id='word_1_1' title='bbox 66 160 134 188; x_wconf 85' lang='lat' dir='ltr'><strong>tt&#39;t&#39;t</strong></span> 
     </span>
    </p>
   </div>
   <div class='ocr_carea' id='block_1_2' title="bbox 675 155 1093 186">
    <p class='ocr_par' dir='ltr' id='par_1_2' title="bbox 675 155 1093 186">
     <span class='ocr_line' id='line_1_2' title="bbox 675 155 1093 186; baseline -0.005 0"><span class='ocrx_word' id='word_1_2' title='bbox 675 158 719 186; x_wconf 86' lang='lat' dir='ltr'><strong>DE</strong></span> <span class='ocrx_word' id='word_1_3' title='bbox 739 157 850 185; x_wconf 85' lang='lat' dir='ltr'><strong>LlBRlS</strong></span> <span class='ocrx_word' id='word_1_4' title='bbox 868 155 1093 184; x_wconf 66' lang='lat' dir='ltr'><strong>STROBIATUM.</strong></span> 
     </span>
    </p>
   </div>
   <div class='ocr_carea' id='block_1_3' title="bbox 1619 156 1688 185">
    <p class='ocr_par' dir='ltr' id='par_1_3' title="bbox 1619 156 1688 185">
     <span class='ocr_line' id='line_1_3' title="bbox 1619 156 1688 185; baseline 0.029 -2"><span class='ocrx_word' id='word_1_5' title='bbox 1619 156 1688 185; x_wconf 77' lang='lat'><strong>“78</strong></span> 
     </span>
    </p>
   </div>
   <div class='ocr_carea' id='block_1_4' title="bbox 66 212 1687 252">
    <p class='ocr_par' dir='ltr' id='par_1_4' title="bbox 66 212 1687 252">
     <span class='ocr_line' id='line_1_4' title="bbox 66 212 1687 252; baseline -0.001 -9"><span class='ocrx_word' id='word_1_6' title='bbox 66 217 173 251; x_wconf 76' lang='lat' dir='ltr'><strong>ingenio</strong></span> <span class='ocrx_word' id='word_1_7' title='bbox 181 221 210 244; x_wconf 89' lang='lat' dir='ltr'><strong>et</strong></span> <span class='ocrx_word' id='word_1_8' title='bbox 217 217 397 252; x_wconf 81' lang='lat' dir='ltr'><strong>professione,</strong></span> <span class='ocrx_word' id='word_1_9' title='bbox 409 217 446 245; x_wconf 91' lang='lat' dir='ltr'><strong>ita</strong></span> <span class='ocrx_word' id='word_1_10' title='bbox 455 221 485 245; x_wconf 88' lang='lat' dir='ltr'><strong>ut</strong></span> <span class='ocrx_word' id='word_1_11' title='bbox 496 221 631 245; x_wconf 75' lang='lat' dir='ltr'><strong>amantem</strong></span> <span class='ocrx_word' id='word_1_12' title='bbox 649 217 737 244; x_wconf 91' lang='lat' dir='ltr'><strong>virum</strong></span> <span class='ocrx_word' id='word_1_13' title='bbox 756 220 854 251; x_wconf 92' lang='lat' dir='ltr'><strong>sponte</strong></span> <span class='ocrx_word' id='word_1_14' title='bbox 869 217 893 245; x_wconf 75' lang='grc' dir='ltr'>Α</span> <span class='ocrx_word' id='word_1_15' title='bbox 942 214 1068 252; x_wconf 82' lang='lat' dir='ltr'><strong>Secundo</strong></span> <span class='ocrx_word' id='word_1_16' title='bbox 1083 222 1136 241; x_wconf 92' lang='lat' dir='ltr'><strong>non</strong></span> <span class='ocrx_word' id='word_1_17' title='bbox 1154 213 1189 241; x_wconf 90' lang='lat' dir='ltr'><strong>ibi</strong></span> <span class='ocrx_word' id='word_1_18' title='bbox 1203 213 1328 252; x_wconf 75' lang='lat' dir='ltr'><strong>Clemens</strong></span> <span class='ocrx_word' id='word_1_19' title='bbox 1340 212 1406 252; x_wconf 82' lang='lat' dir='ltr'><strong>dicit</strong></span> <span class='ocrx_word' id='word_1_20' title='bbox 1421 213 1448 240; x_wconf 91' lang='lat' dir='ltr'><strong>in</strong></span> <span class='ocrx_word' id='word_1_21' title='bbox 1462 213 1580 241; x_wconf 87' lang='lat' dir='ltr'><strong>secundo</strong></span> <span class='ocrx_word' id='word_1_22' title='bbox 1591 216 1687 241; x_wconf 83' lang='lat' dir='ltr'><strong>matri-</strong></span> 
     </span>
    </p>
   </div>
   <div class='ocr_carea' id='block_1_5' title="bbox 65 253 262 280">
    <p class='ocr_par' dir='ltr' id='par_1_5' title="bbox 65 253 262 280">
     <span class='ocr_line' id='line_1_5' title="bbox 65 253 262 280; baseline 0.005 -1"><span class='ocrx_word' id='word_1_23' title='bbox 65 260 110 279; x_wconf 87' lang='lat' dir='ltr'><strong>sua</strong></span> <span class='ocrx_word' id='word_1_24' title='bbox 129 253 262 280; x_wconf 81' lang='lat' dir='ltr'><strong>redamet.</strong></span> 
     </span>
    </p>
   </div>
   <div class='ocr_carea' id='block_1_6' title="bbox 98 287 852 323">
    <p class='ocr_par' dir='ltr' id='par_1_6' title="bbox 98 287 852 323">
     <span class='ocr_line' id='line_1_6' title="bbox 98 287 852 323; baseline -0.001 -9"><span class='ocrx_word' id='word_1_25' title='bbox 98 287 251 315; x_wconf 80' lang='lat' dir='ltr'><strong>Celebratis</strong></span> <span class='ocrx_word' id='word_1_26' title='bbox 272 295 355 323; x_wconf 85' lang='lat' dir='ltr'><strong>porro</strong></span> <span class='ocrx_word' id='word_1_27' title='bbox 380 288 500 322; x_wconf 91' lang='lat' dir='ltr'><strong>nuptiis.</strong></span> <span class='ocrx_word' id='word_1_28' title='bbox 532 297 542 314; x_wconf 77' lang='grc' dir='ltr'><strong>ι</strong></span> <span class='ocrx_word' id='word_1_29' title='bbox 570 289 786 315; x_wconf 82' lang='lat' dir='ltr'><strong>conservandum</strong></span> <span class='ocrx_word' id='word_1_30' title='bbox 810 291 852 313; x_wconf 88' lang='lat' dir='ltr'><strong>est</strong></span> 
     </span>
    </p>
   </div>
   <div class='ocr_carea' id='block_1_7' title="bbox 65 323 850 356">
    <p class='ocr_par' dir='ltr' id='par_1_7' title="bbox 65 323 850 356">
     <span class='ocr_line' id='line_1_7' title="bbox 65 323 850 356; baseline 0 -8"><span class='ocrx_word' id='word_1_31' title='bbox 65 323 278 354; x_wconf 84' lang='lat' dir='ltr'><strong>matrimonium,</strong></span> <span class='ocrx_word' id='word_1_32' title='bbox 293 333 302 349; x_wconf 77' lang='grc' dir='ltr'><strong>ι</strong></span> <span class='ocrx_word' id='word_1_33' title='bbox 314 323 461 350; x_wconf 77' lang='lat' dir='ltr'><strong>Clementis</strong></span> <span class='ocrx_word' id='word_1_34' title='bbox 474 323 555 351; x_wconf 87' lang='lat' dir='ltr'><strong>verba</strong></span> <span class='ocrx_word' id='word_1_35' title='bbox 571 328 635 350; x_wconf 90' lang='lat' dir='ltr'><strong>sunt</strong></span> <span class='ocrx_word' id='word_1_36' title='bbox 647 324 680 355; x_wconf 69' lang='grc' dir='ltr'><strong>η,</strong></span> <span class='ocrx_word' id='word_1_37' title='bbox 699 332 708 348; x_wconf 85' lang='grc' dir='ltr'><strong>ι</strong></span> <span class='ocrx_word' id='word_1_38' title='bbox 722 328 850 356; x_wconf 85' lang='lat' dir='ltr'><strong>tauquam</strong></span> 
     </span>
    </p>
   </div>
   <div class='ocr_carea' id='block_1_8' title="bbox 65 359 852 393">
    <p class='ocr_par' dir='ltr' id='par_1_8' title="bbox 65 359 852 393">
     <span class='ocr_line' id='line_1_8' title="bbox 65 359 852 393; baseline 0.001 -9"><span class='ocrx_word' id='word_1_39' title='bbox 65 364 138 384; x_wconf 85' lang='lat' dir='ltr'><strong>sacra</strong></span> <span class='ocrx_word' id='word_1_40' title='bbox 153 363 257 391; x_wconf 85' lang='lat' dir='ltr'><strong>statua,</strong></span> <span class='ocrx_word' id='word_1_41' title='bbox 274 359 402 385; x_wconf 84' lang='lat' dir='ltr'><strong>mundum</strong></span> <span class='ocrx_word' id='word_1_42' title='bbox 417 359 450 385; x_wconf 88' lang='lat' dir='ltr'><strong>ab</strong></span> <span class='ocrx_word' id='word_1_43' title='bbox 467 359 510 390; x_wconf 89' lang='lat' dir='ltr'><strong>iis,</strong></span> <span class='ocrx_word' id='word_1_44' title='bbox 528 366 588 393; x_wconf 68' lang='lat' dir='ltr'><strong>qua:</strong></span> <span class='ocrx_word' id='word_1_45' title='bbox 602 359 743 393; x_wconf 82' lang='lat' dir='ltr'><strong>pollnunt;</strong></span> <span class='ocrx_word' id='word_1_46' title='bbox 758 361 852 390; x_wconf 87' lang='lat' dir='ltr'><strong>utpote</strong></span> 
     </span>
    </p>
   </div>
   <div class='ocr_carea' id='block_1_9' title="bbox 65 393 850 428">
    <p class='ocr_par' dir='ltr' id='par_1_9' title="bbox 65 393 850 428">
     <span class='ocr_line' id='line_1_9' title="bbox 65 393 850 428; baseline 0.001 -11"><span class='ocrx_word' id='word_1_47' title='bbox 65 393 110 426; x_wconf 91' lang='lat' dir='ltr'><strong>qui</strong></span> <span class='ocrx_word' id='word_1_48' title='bbox 135 400 148 419; x_wconf 91' lang='lat' dir='ltr'><strong>a</strong></span> <span class='ocrx_word' id='word_1_49' title='bbox 165 400 262 420; x_wconf 88' lang='lat' dir='ltr'><strong>somno</strong></span> <span class='ocrx_word' id='word_1_50' title='bbox 282 394 389 427; x_wconf 79' lang='lat' dir='ltr'><strong>quidem</strong></span> <span class='ocrx_word' id='word_1_51' title='bbox 404 394 626 428; x_wconf 60' lang='lat' dir='ltr'><strong>expergiscantur</strong></span> <span class='ocrx_word' id='word_1_52' title='bbox 647 401 707 420; x_wconf 87' lang='lat' dir='ltr'><strong>cum</strong></span> <span class='ocrx_word' id='word_1_53' title='bbox 726 393 850 425; x_wconf 88' lang='lat' dir='ltr'><strong>Domino,</strong></span> 
     </span>
    </p>
   </div>
   <div class='ocr_carea' id='block_1_10' title="bbox 66 429 852 464">
    <p class='ocr_par' dir='ltr' id='par_1_10' title="bbox 66 429 852 464">
     <span class='ocr_line' id='line_1_10' title="bbox 66 429 852 464; baseline 0.003 -11"><span class='ocrx_word' id='word_1_54' title='bbox 66 435 158 454; x_wconf 82' lang='lat' dir='ltr'><strong>camus</strong></span> <span class='ocrx_word' id='word_1_55' title='bbox 176 433 267 455; x_wconf 84' lang='lat' dir='ltr'><strong>autem</strong></span> <span class='ocrx_word' id='word_1_56' title='bbox 283 429 428 455; x_wconf 77' lang='lat' dir='ltr'><strong>dormitum</strong></span> <span class='ocrx_word' id='word_1_57' title='bbox 443 436 505 456; x_wconf 91' lang='lat' dir='ltr'><strong>cum</strong></span> <span class='ocrx_word' id='word_1_58' title='bbox 521 429 673 464; x_wconf 79' lang='lat' dir='ltr'><strong>gratiarum</strong></span> <span class='ocrx_word' id='word_1_59' title='bbox 690 430 810 461; x_wconf 78' lang='lat' dir='ltr'><strong>actione,</strong></span> <span class='ocrx_word' id='word_1_60' title='bbox 824 432 852 455; x_wconf 87' lang='lat' dir='ltr'><strong>et</strong></span> 
     </span>
    </p>
   </div>
   <div class='ocr_carea' id='block_1_11' title="bbox 65 470 193 490">
    <p class='ocr_par' dir='ltr' id='par_1_11' title="bbox 65 470 193 490">
     <span class='ocr_line' id='line_1_11' title="bbox 65 470 193 490; baseline 0.008 -1"><span class='ocrx_word' id='word_1_61' title='bbox 65 470 171 490; x_wconf 89' lang='lat' dir='ltr'><strong>oremus</strong></span> <span class='ocrx_word' id='word_1_62' title='bbox 186 472 193 490; x_wconf 75' lang='grc' dir='ltr'><strong><em>Ζ</em></strong></span> 
     </span>
    </p>
   </div>
   <div class='ocr_carea' id='block_1_12' title="bbox 97 497 816 533">
    <p class='ocr_par' dir='ltr' id='par_1_12' title="bbox 97 497 816 533">
     <span class='ocr_line' id='line_1_12' title="bbox 97 497 816 533; baseline 0.003 -9"><span class='ocrx_word' id='word_1_63' title='bbox 97 497 162 524; x_wconf 87' lang='lat' dir='ltr'><strong>Cum</strong></span> <span class='ocrx_word' id='word_1_64' title='bbox 178 506 271 525; x_wconf 73' lang='lat' dir='ltr'><strong>somno</strong></span> <span class='ocrx_word' id='word_1_65' title='bbox 284 499 413 533; x_wconf 75' lang='lat' dir='ltr'><strong>indulges,</strong></span> <span class='ocrx_word' id='word_1_66' title='bbox 429 499 476 525; x_wconf 76' lang='lat' dir='ltr'><strong>tua:</strong></span> <span class='ocrx_word' id='word_1_67' title='bbox 489 503 513 525; x_wconf 80' lang='lat' dir='ltr'><strong>et</strong></span> <span class='ocrx_word' id='word_1_68' title='bbox 527 507 585 526; x_wconf 79' lang='lat' dir='ltr'><strong>cum</strong></span> <span class='ocrx_word' id='word_1_69' title='bbox 607 499 713 533; x_wconf 72' lang='lat' dir='ltr'><strong>fulserit</strong></span> <span class='ocrx_word' id='word_1_70' title='bbox 725 499 816 533; x_wconf 62' lang='lat' dir='ltr'><strong>alma;</strong></span> 
     </span>
    </p>
   </div>
   <div class='ocr_carea' id='block_1_13' title="bbox 64 532 852 569">
    <p class='ocr_par' dir='ltr' id='par_1_13' title="bbox 64 532 852 569">
     <span class='ocr_line' id='line_1_13' title="bbox 64 532 852 569; baseline 0.003 -10"><span class='ocrx_word' id='word_1_71' title='bbox 64 532 129 560; x_wconf 78' lang='lat' dir='ltr'><strong>Tuta</strong></span> <span class='ocrx_word' id='word_1_72' title='bbox 144 539 238 561; x_wconf 87' lang='lat' dir='ltr'><strong>nostra</strong></span> <span class='ocrx_word' id='word_1_73' title='bbox 255 534 309 560; x_wconf 88' lang='lat' dir='ltr'><strong>vita</strong></span> <span class='ocrx_word' id='word_1_74' title='bbox 326 532 470 561; x_wconf 82' lang='lat' dir='ltr'><strong>Dominum</strong></span> <span class='ocrx_word' id='word_1_75' title='bbox 488 532 630 565; x_wconf 82' lang='lat' dir='ltr'><strong>testantes.</strong></span> <span class='ocrx_word' id='word_1_76' title='bbox 648 535 777 569; x_wconf 77' lang='lat' dir='ltr'><strong>pietatem</strong></span> <span class='ocrx_word' id='word_1_77' title='bbox 793 532 852 569; x_wconf 85' lang='lat' dir='ltr'><strong>qui-</strong></span> 
     </span>
    </p>
   </div>
   <div class='ocr_carea' id='block_1_14' title="bbox 64 569 851 604">
    <p class='ocr_par' dir='ltr' id='par_1_14' title="bbox 64 569 851 604">
     <span class='ocr_line' id='line_1_14' title="bbox 64 569 851 604; baseline 0.003 -9"><span class='ocrx_word' id='word_1_78' title='bbox 64 569 122 595; x_wconf 85' lang='lat' dir='ltr'><strong>dem</strong></span> <span class='ocrx_word' id='word_1_79' title='bbox 138 577 170 596; x_wconf 93' lang='lat' dir='ltr'><strong>ac</strong></span> <span class='ocrx_word' id='word_1_80' title='bbox 196 569 356 604; x_wconf 73' lang='lat' dir='ltr'><strong>religionem</strong></span> <span class='ocrx_word' id='word_1_81' title='bbox 375 570 464 596; x_wconf 83' lang='lat' dir='ltr'><strong>anima</strong></span> <span class='ocrx_word' id='word_1_82' title='bbox 484 570 672 602; x_wconf 81' lang='lat' dir='ltr'><strong>possidentes,</strong></span> <span class='ocrx_word' id='word_1_83' title='bbox 696 573 851 604; x_wconf 86' lang='lat' dir='ltr'><strong>temperan-</strong></span> 
     </span>
    </p>
   </div>
   <div class='ocr_carea' id='block_1_15' title="bbox 64 604 707 639">
    <p class='ocr_par' dir='ltr' id='par_1_15' title="bbox 64 604 707 639">
     <span class='ocr_line' id='line_1_15' title="bbox 64 604 707 639; baseline 0 -9"><span class='ocrx_word' id='word_1_84' title='bbox 64 604 125 630; x_wconf 84' lang='lat' dir='ltr'><strong>tiam</strong></span> <span class='ocrx_word' id='word_1_85' title='bbox 139 609 231 632; x_wconf 87' lang='lat' dir='ltr'><strong>autent</strong></span> <span class='ocrx_word' id='word_1_86' title='bbox 249 612 336 639; x_wconf 91' lang='lat' dir='ltr'><strong>usque</strong></span> <span class='ocrx_word' id='word_1_87' title='bbox 347 605 380 632; x_wconf 89' lang='lat' dir='ltr'><strong>ad</strong></span> <span class='ocrx_word' id='word_1_88' title='bbox 396 612 494 638; x_wconf 83' lang='lat' dir='ltr'><strong>corpus</strong></span> <span class='ocrx_word' id='word_1_89' title='bbox 508 605 681 632; x_wconf 87' lang='lat' dir='ltr'><strong>deducentes.</strong></span> <span class='ocrx_word' id='word_1_90' title='bbox 698 614 707 630; x_wconf 78' lang='grc' dir='ltr'><strong>ι</strong></span> 
     </span>
    </p>
   </div>
   <div class='ocr_carea' id='block_1_16' title="bbox 98 639 851 675">
    <p class='ocr_par' dir='ltr' id='par_1_16' title="bbox 98 639 851 675">
     <span class='ocr_line' id='line_1_16' title="bbox 98 639 851 675; baseline 0.004 -10"><span class='ocrx_word' id='word_1_91' title='bbox 98 639 199 666; x_wconf 78' lang='lat' dir='ltr'><strong>Deinde</strong></span> <span class='ocrx_word' id='word_1_92' title='bbox 228 639 328 666; x_wconf 82' lang='lat' dir='ltr'><strong>ibidem</strong></span> <span class='ocrx_word' id='word_1_93' title='bbox 352 639 472 667; x_wconf 82' lang='lat' dir='ltr'><strong>ostendit</strong></span> <span class='ocrx_word' id='word_1_94' title='bbox 496 647 576 673; x_wconf 87' lang='lat' dir='ltr'><strong>qttam</strong></span> <span class='ocrx_word' id='word_1_95' title='bbox 600 640 723 667; x_wconf 88' lang='lat' dir='ltr'><strong>modeste</strong></span> <span class='ocrx_word' id='word_1_96' title='bbox 751 644 778 667; x_wconf 88' lang='lat' dir='ltr'><strong>et</strong></span> <span class='ocrx_word' id='word_1_97' title='bbox 806 640 851 675; x_wconf 92' lang='lat' dir='ltr'><strong>pie</strong></span> 
     </span>
    </p>
   </div>
   <div class='ocr_carea' id='block_1_17' title="bbox 64 675 849 709">
    <p class='ocr_par' dir='ltr' id='par_1_17' title="bbox 64 675 849 709">
     <span class='ocr_line' id='line_1_17' title="bbox 64 675 849 709; baseline 0.004 -10"><span class='ocrx_word' id='word_1_98' title='bbox 64 681 130 700; x_wconf 78' lang='lat' dir='ltr'><strong>uxor</strong></span> <span class='ocrx_word' id='word_1_99' title='bbox 140 681 170 701; x_wconf 89' lang='lat' dir='ltr'><strong>se</strong></span> <span class='ocrx_word' id='word_1_100' title='bbox 186 682 283 708; x_wconf 73' lang='lat' dir='ltr'><strong>gerere</strong></span> <span class='ocrx_word' id='word_1_101' title='bbox 297 675 406 706; x_wconf 85' lang='lat' dir='ltr'><strong>debeat,</strong></span> <span class='ocrx_word' id='word_1_102' title='bbox 421 683 435 701; x_wconf 89' lang='lat' dir='ltr'><strong>a</strong></span> <span class='ocrx_word' id='word_1_103' title='bbox 453 675 608 708; x_wconf 83' lang='lat' dir='ltr'><strong>suspicione</strong></span> <span class='ocrx_word' id='word_1_104' title='bbox 620 681 647 702; x_wconf 90' lang='lat' dir='ltr'><strong>et</strong></span> <span class='ocrx_word' id='word_1_105' title='bbox 662 675 788 709; x_wconf 88' lang='lat' dir='ltr'><strong>crimine,</strong></span> <span class='ocrx_word' id='word_1_106' title='bbox 805 681 849 702; x_wconf 86' lang='lat' dir='ltr'><strong>at-</strong></span> 
     </span>
    </p>
   </div>
   <div class='ocr_carea' id='block_1_18' title="bbox 63 709 850 745">
    <p class='ocr_par' dir='ltr' id='par_1_18' title="bbox 63 709 850 745">
     <span class='ocr_line' id='line_1_18' title="bbox 63 709 850 745; baseline 0.003 -9"><span class='ocrx_word' id='word_1_107' title='bbox 63 715 114 745; x_wconf 78' lang='lat' dir='ltr'><strong>que</strong></span> <span class='ocrx_word' id='word_1_108' title='bbox 125 711 200 736; x_wconf 92' lang='lat' dir='ltr'><strong>omni</strong></span> <span class='ocrx_word' id='word_1_109' title='bbox 213 709 298 736; x_wconf 90' lang='lat' dir='ltr'><strong>etiam</strong></span> <span class='ocrx_word' id='word_1_110' title='bbox 310 718 379 737; x_wconf 88' lang='lat' dir='ltr'><strong>vatto</strong></span> <span class='ocrx_word' id='word_1_111' title='bbox 395 709 588 745; x_wconf 84' lang='lat' dir='ltr'><strong>superfluoque</strong></span> <span class='ocrx_word' id='word_1_112' title='bbox 602 711 675 738; x_wconf 90' lang='lat' dir='ltr'><strong>cultu</strong></span> <span class='ocrx_word' id='word_1_113' title='bbox 691 712 789 742; x_wconf 87' lang='lat' dir='ltr'><strong>aliena,</strong></span> <span class='ocrx_word' id='word_1_114' title='bbox 805 719 850 738; x_wconf 86' lang='lat' dir='ltr'><strong>as-</strong></span> 
     </span>
    </p>
   </div>
   <div class='ocr_carea' id='block_1_19' title="bbox 62 743 848 780">
    <p class='ocr_par' dir='ltr' id='par_1_19' title="bbox 62 743 848 780">
     <span class='ocr_line' id='line_1_19' title="bbox 62 743 848 780; baseline 0.003 -10"><span class='ocrx_word' id='word_1_115' title='bbox 62 743 144 772; x_wconf 81' lang='lat' dir='ltr'><strong>siduis</strong></span> <span class='ocrx_word' id='word_1_116' title='bbox 155 745 284 779; x_wconf 77' lang='lat' dir='ltr'><strong>precibus</strong></span> <span class='ocrx_word' id='word_1_117' title='bbox 297 752 417 776; x_wconf 79' lang='lat' dir='ltr'><strong>vacans;</strong></span> <span class='ocrx_word' id='word_1_118' title='bbox 430 743 470 780; x_wconf 37' lang='lat' dir='ltr'><strong>fac</strong></span> <span class='ocrx_word' id='word_1_119' title='bbox 485 743 651 772; x_wconf 32' lang='lat' dir='ltr'><strong>lida’domus</strong></span> <span class='ocrx_word' id='word_1_120' title='bbox 668 754 724 772; x_wconf 69' lang='lat' dir='ltr'><strong>sua:</strong></span> <span class='ocrx_word' id='word_1_121' title='bbox 743 751 848 780; x_wconf 82' lang='lat' dir='ltr'><strong>custos,</strong></span> 
     </span>
    </p>
   </div>
   <div class='ocr_carea' id='block_1_20' title="bbox 63 779 847 816">
    <p class='ocr_par' dir='ltr' id='par_1_20' title="bbox 63 779 847 816">
     <span class='ocr_line' id='line_1_20' title="bbox 63 779 847 816; baseline 0.003 -10"><span class='ocrx_word' id='word_1_122' title='bbox 63 786 77 806; x_wconf 90' lang='lat' dir='ltr'><strong>a</strong></span> <span class='ocrx_word' id='word_1_123' title='bbox 88 780 129 816; x_wconf 79' lang='lat' dir='ltr'><strong>sui</strong></span> <span class='ocrx_word' id='word_1_124' title='bbox 146 786 259 814; x_wconf 62' lang='lat' dir='ltr'><strong>aspt-ctu</strong></span> <span class='ocrx_word' id='word_1_125' title='bbox 273 788 332 813; x_wconf 85' lang='lat' dir='ltr'><strong>eos,</strong></span> <span class='ocrx_word' id='word_1_126' title='bbox 348 779 436 814; x_wconf 87' lang='lat' dir='ltr'><strong>quoad</strong></span> <span class='ocrx_word' id='word_1_127' title='bbox 453 779 511 808; x_wconf 84' lang='lat' dir='ltr'><strong>fieri</strong></span> <span class='ocrx_word' id='word_1_128' title='bbox 526 785 627 815; x_wconf 85' lang='lat' dir='ltr'><strong>potest,</strong></span> <span class='ocrx_word' id='word_1_129' title='bbox 643 781 782 815; x_wconf 84' lang='lat' dir='ltr'><strong>excludat,</strong></span> <span class='ocrx_word' id='word_1_130' title='bbox 800 781 847 816; x_wconf 89' lang='lat' dir='ltr'><strong>qui</strong></span> 
     </span>
    </p>
   </div>
   <div class='ocr_carea' id='block_1_21' title="bbox 63 814 403 849">
    <p class='ocr_par' dir='ltr' id='par_1_21' title="bbox 63 814 403 849">
     <span class='ocr_line' id='line_1_21' title="bbox 63 814 403 849; baseline 0.006 -9"><span class='ocrx_word' id='word_1_131' title='bbox 63 814 94 840; x_wconf 88' lang='lat' dir='ltr'><strong>ad</strong></span> <span class='ocrx_word' id='word_1_132' title='bbox 103 821 162 841; x_wconf 87' lang='lat' dir='ltr'><strong>eam</strong></span> <span class='ocrx_word' id='word_1_133' title='bbox 181 823 236 841; x_wconf 87' lang='lat' dir='ltr'><strong>non</strong></span> <span class='ocrx_word' id='word_1_134' title='bbox 253 817 403 849; x_wconf 87' lang='lat' dir='ltr'><strong>pertiucul.</strong></span> 
     </span>
    </p>
   </div>
   <div class='ocr_carea' id='block_1_22' title="bbox 96 849 846 886">
    <p class='ocr_par' dir='ltr' id='par_1_22' title="bbox 96 849 846 886">
     <span class='ocr_line' id='line_1_22' title="bbox 96 849 846 886; baseline 0.003 -10"><span class='ocrx_word' id='word_1_135' title='bbox 96 849 269 886; x_wconf 64' lang='lat' dir='ltr'><strong>Manifestum</strong></span> <span class='ocrx_word' id='word_1_136' title='bbox 280 850 343 877; x_wconf 85' lang='lat' dir='ltr'><strong>alibi</strong></span> <span class='ocrx_word' id='word_1_137' title='bbox 351 851 372 865; x_wconf 87' lang='lat'>“</span> <span class='ocrx_word' id='word_1_138' title='bbox 383 857 492 884; x_wconf 87' lang='lat' dir='ltr'><strong>quoque</strong></span> <span class='ocrx_word' id='word_1_139' title='bbox 503 850 569 878; x_wconf 82' lang='lat' dir='ltr'><strong>facit</strong></span> <span class='ocrx_word' id='word_1_140' title='bbox 578 851 713 886; x_wconf 87' lang='lat' dir='ltr'><strong>quomodo</strong></span> <span class='ocrx_word' id='word_1_141' title='bbox 722 856 846 879; x_wconf 88' lang='lat' dir='ltr'><strong>sanctum</strong></span> 
     </span>
    </p>
   </div>
   <div class='ocr_carea' id='block_1_23' title="bbox 63 884 884 926">
    <p class='ocr_par' dir='ltr' id='par_1_23' title="bbox 63 884 884 926">
     <span class='ocr_line' id='line_1_23' title="bbox 63 884 884 926; baseline 0.004 -16"><span class='ocrx_word' id='word_1_142' title='bbox 63 884 278 926; x_wconf 66' lang='lat' dir='ltr'><strong>felixquepossit</strong></span> <span class='ocrx_word' id='word_1_143' title='bbox 291 893 352 913; x_wconf 88' lang='lat' dir='ltr'><strong>esse</strong></span> <span class='ocrx_word' id='word_1_144' title='bbox 367 886 538 926; x_wconf 47' lang='lat' dir='ltr'><strong>conjugiumg</strong></span> <span class='ocrx_word' id='word_1_145' title='bbox 555 884 619 926; x_wconf 75' lang='lat' dir='ltr'><strong>quid</strong></span> <span class='ocrx_word' id='word_1_146' title='bbox 632 887 757 926; x_wconf 80' lang='lat' dir='ltr'><strong>uxori,_si</strong></span> <span class='ocrx_word' id='word_1_147' title='bbox 773 887 844 918; x_wconf 85' lang='lat' dir='ltr'><strong>viro.</strong></span> <span class='ocrx_word' id='word_1_148' title='bbox 862 897 884 926; x_wconf 72' lang='grc' dir='ltr'><strong>Β</strong></span> 
     </span>
    </p>
   </div>
   <div class='ocr_carea' id='block_1_24' title="bbox 63 920 846 956">
    <p class='ocr_par' dir='ltr' id='par_1_24' title="bbox 63 920 846 956">
     <span class='ocr_line' id='line_1_24' title="bbox 63 920 846 956; baseline 0.005 -11"><span class='ocrx_word' id='word_1_149' title='bbox 63 924 90 945; x_wconf 86' lang='grc' dir='ltr'><strong>ιιι</strong></span> <span class='ocrx_word' id='word_1_150' title='bbox 104 920 147 953; x_wconf 88' lang='lat' dir='ltr'><strong>pie</strong></span> <span class='ocrx_word' id='word_1_151' title='bbox 162 921 239 947; x_wconf 81' lang='lat' dir='ltr'><strong>vivat</strong></span> <span class='ocrx_word' id='word_1_152' title='bbox 250 941 258 952; x_wconf 83' lang='lat'><strong>,</strong></span> <span class='ocrx_word' id='word_1_153' title='bbox 274 921 440 956; x_wconf 86' lang='lat' dir='ltr'><strong>persuadere</strong></span> <span class='ocrx_word' id='word_1_154' title='bbox 457 922 610 955; x_wconf 89' lang='lat' dir='ltr'><strong>nequiverit</strong></span> <span class='ocrx_word' id='word_1_155' title='bbox 621 941 630 954; x_wconf 90' lang='lat'><strong>,</strong></span> <span class='ocrx_word' id='word_1_156' title='bbox 646 922 798 956; x_wconf 80' lang='lat' dir='ltr'><strong>agendum;</strong></span> <span class='ocrx_word' id='word_1_157' title='bbox 819 927 846 949; x_wconf 90' lang='lat' dir='ltr'><strong>et</strong></span> 
     </span>
    </p>
   </div>
   <div class='ocr_carea' id='block_1_25' title="bbox 64 955 844 992">
    <p class='ocr_par' dir='ltr' id='par_1_25' title="bbox 64 955 844 992">
     <span class='ocr_line' id='line_1_25' title="bbox 64 955 844 992; baseline 0.004 -11"><span class='ocrx_word' id='word_1_158' title='bbox 64 955 160 992; x_wconf 79' lang='lat' dir='ltr'><strong>tradita</strong></span> <span class='ocrx_word' id='word_1_159' title='bbox 172 959 206 982; x_wconf 86' lang='lat' dir='ltr'><strong>ah</strong></span> <span class='ocrx_word' id='word_1_160' title='bbox 215 956 348 990; x_wconf 85' lang='lat' dir='ltr'><strong>Apostolo</strong></span> <span class='ocrx_word' id='word_1_161' title='bbox 358 956 518 992; x_wconf 73' lang='lat' dir='ltr'><strong>coniugibus</strong></span> <span class='ocrx_word' id='word_1_162' title='bbox 530 955 672 992; x_wconf 65' lang='lat' dir='ltr'><strong>praecepta</strong></span> <span class='ocrx_word' id='word_1_163' title='bbox 679 959 714 984; x_wconf 91' lang='lat' dir='ltr'><strong>ob</strong></span> <span class='ocrx_word' id='word_1_164' title='bbox 722 957 844 984; x_wconf 91' lang='lat' dir='ltr'><strong>omnium</strong></span> 
     </span>
    </p>
   </div>
   <div class='ocr_carea' id='block_1_26' title="bbox 62 990 252 1024">
    <p class='ocr_par' dir='ltr' id='par_1_26' title="bbox 62 990 252 1024">
     <span class='ocr_line' id='line_1_26' title="bbox 62 990 252 1024; baseline 0.011 -8"><span class='ocrx_word' id='word_1_165' title='bbox 62 990 133 1024; x_wconf 87' lang='lat' dir='ltr'><strong>ponit</strong></span> <span class='ocrx_word' id='word_1_166' title='bbox 145 991 252 1018; x_wconf 86' lang='lat' dir='ltr'><strong>oculos.</strong></span> 
     </span>
    </p>
   </div>
   <div class='ocr_carea' id='block_1_27' title="bbox 94 1025 848 1061">
    <p class='ocr_par' dir='ltr' id='par_1_27' title="bbox 94 1025 848 1061">
     <span class='ocr_line' id='line_1_27' title="bbox 94 1025 848 1061; baseline 0.004 -9"><span class='ocrx_word' id='word_1_167' title='bbox 94 1025 133 1052; x_wconf 81' lang='lat' dir='ltr'><strong>Ad</strong></span> <span class='ocrx_word' id='word_1_168' title='bbox 163 1026 223 1054; x_wconf 61' lang='lat' dir='ltr'><strong>hac</strong></span> <span class='ocrx_word' id='word_1_169' title='bbox 251 1033 334 1054; x_wconf 85' lang='lat' dir='ltr'><strong>vero:</strong></span> <span class='ocrx_word' id='word_1_170' title='bbox 352 1035 362 1052; x_wconf 76' lang='grc' dir='ltr'><strong>ι</strong></span> <span class='ocrx_word' id='word_1_171' title='bbox 379 1026 466 1060; x_wconf 85' lang='grc' dir='ltr'>Ειιιη,</span> <span class='ocrx_word' id='word_1_172' title='bbox 494 1027 582 1061; x_wconf 88' lang='lat' dir='ltr'><strong>inquit</strong></span> <span class='ocrx_word' id='word_1_173' title='bbox 599 1027 638 1058; x_wconf 76' lang='grc' dir='ltr'><strong>η,</strong></span> <span class='ocrx_word' id='word_1_174' title='bbox 662 1026 708 1061; x_wconf 90' lang='lat' dir='ltr'><strong>qui</strong></span> <span class='ocrx_word' id='word_1_175' title='bbox 731 1034 848 1061; x_wconf 84' lang='lat' dir='ltr'><strong>uxorem</strong></span> 
     </span>
    </p>
   </div>
   <div class='ocr_carea' id='block_1_28' title="bbox 62 1060 845 1097">
    <p class='ocr_par' dir='ltr' id='par_1_28' title="bbox 62 1060 845 1097">
     <span class='ocr_line' id='line_1_28' title="bbox 62 1060 845 1097; baseline 0.004 -10"><span class='ocrx_word' id='word_1_176' title='bbox 62 1060 134 1097; x_wconf 79' lang='lat' dir='ltr'><strong>dutit</strong></span> <span class='ocrx_word' id='word_1_177' title='bbox 148 1069 197 1095; x_wconf 86' lang='lat' dir='ltr'><strong>pro</strong></span> <span class='ocrx_word' id='word_1_178' title='bbox 214 1062 364 1089; x_wconf 86' lang='lat' dir='ltr'><strong>liberorum</strong></span> <span class='ocrx_word' id='word_1_179' title='bbox 381 1060 581 1097; x_wconf 86' lang='lat' dir='ltr'><strong>procreatione,</strong></span> <span class='ocrx_word' id='word_1_180' title='bbox 595 1060 723 1090; x_wconf 86' lang='lat' dir='ltr'><strong>exercere</strong></span> <span class='ocrx_word' id='word_1_181' title='bbox 735 1060 845 1097; x_wconf 78' lang='lat' dir='ltr'><strong>&#39;oportet</strong></span> 
     </span>
    </p>
   </div>
   <div class='ocr_carea' id='block_1_29' title="bbox 64 1095 845 1132">
    <p class='ocr_par' dir='ltr' id='par_1_29' title="bbox 64 1095 845 1132">
     <span class='ocr_line' id='line_1_29' title="bbox 64 1095 845 1132; baseline 0.004 -10"><span class='ocrx_word' id='word_1_182' title='bbox 64 1095 274 1128; x_wconf 79' lang='lat' dir='ltr'><strong>continentiam;</strong></span> <span class='ocrx_word' id='word_1_183' title='bbox 292 1101 323 1124; x_wconf 93' lang='lat' dir='ltr'><strong>ut</strong></span> <span class='ocrx_word' id='word_1_184' title='bbox 337 1104 369 1124; x_wconf 86' lang='lat' dir='ltr'><strong>ne</strong></span> <span class='ocrx_word' id='word_1_185' title='bbox 380 1095 456 1124; x_wconf 79' lang='lat' dir='ltr'><strong>suam</strong></span> <span class='ocrx_word' id='word_1_186' title='bbox 470 1098 578 1132; x_wconf 88' lang='lat' dir='ltr'><strong>quidem</strong></span> <span class='ocrx_word' id='word_1_187' title='bbox 588 1095 765 1131; x_wconf 78' lang='lat' dir='ltr'><strong>concupiscat</strong></span> <span class='ocrx_word' id='word_1_188' title='bbox 779 1105 845 1125; x_wconf 85' lang='lat' dir='ltr'><strong>uxo-</strong></span> 
     </span>
    </p>
   </div>
   <div class='ocr_carea' id='block_1_30' title="bbox 62 1132 844 1167">
    <p class='ocr_par' dir='ltr' id='par_1_30' title="bbox 62 1132 844 1167">
     <span class='ocr_line' id='line_1_30' title="bbox 62 1132 844 1167; baseline 0.005 -11"><span class='ocrx_word' id='word_1_189' title='bbox 62 1136 125 1167; x_wconf 74' lang='lat' dir='ltr'><strong>rem,</strong></span> <span class='ocrx_word' id='word_1_190' title='bbox 140 1138 221 1165; x_wconf 84' lang='lat' dir='ltr'><strong>quam</strong></span> <span class='ocrx_word' id='word_1_191' title='bbox 237 1132 320 1159; x_wconf 87' lang='lat' dir='ltr'><strong>debet</strong></span> <span class='ocrx_word' id='word_1_192' title='bbox 332 1132 455 1167; x_wconf 80' lang='lat' dir='ltr'><strong>diligere,</strong></span> <span class='ocrx_word' id='word_1_193' title='bbox 468 1133 580 1160; x_wconf 85' lang='lat' dir='ltr'><strong>honesta</strong></span> <span class='ocrx_word' id='word_1_194' title='bbox 598 1138 624 1160; x_wconf 90' lang='lat' dir='ltr'><strong>et</strong></span> <span class='ocrx_word' id='word_1_195' title='bbox 640 1133 779 1160; x_wconf 87' lang='lat' dir='ltr'><strong>moderata</strong></span> <span class='ocrx_word' id='word_1_196' title='bbox 794 1140 844 1160; x_wconf 94' lang='lat' dir='ltr'><strong>vo-</strong></span> 
     </span>
    </p>
   </div>
   <div class='ocr_carea' id='block_1_31' title="bbox 62 1164 844 1201">
    <p class='ocr_par' dir='ltr' id='par_1_31' title="bbox 62 1164 844 1201">
     <span class='ocr_line' id='line_1_31' title="bbox 62 1164 844 1201; baseline 0.004 -10"><span class='ocrx_word' id='word_1_197' title='bbox 62 1164 161 1201; x_wconf 79' lang='lat' dir='ltr'><strong>luptate</strong></span> <span class='ocrx_word' id='word_1_198' title='bbox 180 1174 295 1201; x_wconf 87' lang='lat' dir='ltr'><strong>operam</strong></span> <span class='ocrx_word' id='word_1_199' title='bbox 311 1164 505 1195; x_wconf 51' lang='lat' dir='ltr'><strong>dans‘liberis.</strong></span> <span class='ocrx_word' id='word_1_200' title='bbox 526 1177 535 1193; x_wconf 72' lang='grc' dir='ltr'><strong>ι</strong></span> <span class='ocrx_word' id='word_1_201' title='bbox 555 1167 737 1201; x_wconf 84' lang='lat' dir='ltr'><strong>Quamobrem</strong></span> <span class='ocrx_word' id='word_1_202' title='bbox 753 1169 844 1195; x_wconf 85' lang='lat' dir='ltr'><strong>divina</strong></span> 
     </span>
    </p>
   </div>
   <div class='ocr_carea' id='block_1_32' title="bbox 63 1199 845 1237">
    <p class='ocr_par' dir='ltr' id='par_1_32' title="bbox 63 1199 845 1237">
     <span class='ocr_line' id='line_1_32' title="bbox 63 1199 845 1237; baseline 0.006 -11"><span class='ocrx_word' id='word_1_203' title='bbox 63 1199 116 1234; x_wconf 77' lang='lat' dir='ltr'><strong>lege</strong></span> <span class='ocrx_word' id='word_1_204' title='bbox 128 1199 262 1229; x_wconf 76' lang='lat' dir='ltr'><strong>statutum</strong></span> <span class='ocrx_word' id='word_1_205' title='bbox 276 1210 335 1230; x_wconf 85' lang='lat' dir='ltr'><strong>esse</strong></span> <span class='ocrx_word' id='word_1_206' title='bbox 346 1203 445 1237; x_wconf 89' lang='lat' dir='ltr'><strong>probat</strong></span> <span class='ocrx_word' id='word_1_207' title='bbox 453 1203 476 1219; x_wconf 78' lang='grc'><strong>³³</strong></span> <span class='ocrx_word' id='word_1_208' title='bbox 484 1199 585 1230; x_wconf 85' lang='lat' dir='ltr'><strong>debere</strong></span> <span class='ocrx_word' id='word_1_209' title='bbox 596 1213 605 1229; x_wconf 78' lang='grc' dir='ltr'><strong>ι</strong></span> <span class='ocrx_word' id='word_1_210' title='bbox 618 1203 692 1231; x_wconf 89' lang='lat' dir='ltr'><strong>viros</strong></span> <span class='ocrx_word' id='word_1_211' title='bbox 703 1203 739 1230; x_wconf 93' lang='lat' dir='ltr'><strong>uti</strong></span> <span class='ocrx_word' id='word_1_212' title='bbox 753 1204 845 1231; x_wconf 88' lang='lat' dir='ltr'><strong>mode-</strong></span> 
     </span>
    </p>
   </div>
   <div class='ocr_carea' id='block_1_33' title="bbox 63 1238 845 1273">
    <p class='ocr_par' dir='ltr' id='par_1_33' title="bbox 63 1238 845 1273">
     <span class='ocr_line' id='line_1_33' title="bbox 63 1238 845 1273; baseline 0.005 -11"><span class='ocrx_word' id='word_1_213' title='bbox 63 1241 116 1263; x_wconf 86' lang='lat' dir='ltr'><strong>rate</strong></span> <span class='ocrx_word' id='word_1_214' title='bbox 123 1238 267 1273; x_wconf 73' lang='lat' dir='ltr'><strong>uxoribus.</strong></span> <span class='ocrx_word' id='word_1_215' title='bbox 280 1243 306 1265; x_wconf 90' lang='lat' dir='ltr'><strong>et</strong></span> <span class='ocrx_word' id='word_1_216' title='bbox 315 1242 424 1272; x_wconf 87' lang='lat' dir='ltr'><strong>propter</strong></span> <span class='ocrx_word' id='word_1_217' title='bbox 434 1239 490 1265; x_wconf 89' lang='lat' dir='ltr'><strong>sola</strong></span> <span class='ocrx_word' id='word_1_218' title='bbox 496 1247 520 1265; x_wconf 94' lang='lat' dir='ltr'><strong>m</strong></span> <span class='ocrx_word' id='word_1_219' title='bbox 538 1238 686 1266; x_wconf 89' lang='lat' dir='ltr'><strong>liberorum</strong></span> <span class='ocrx_word' id='word_1_220' title='bbox 696 1240 845 1273; x_wconf 75' lang='lat' dir='ltr'><strong>susceptio-</strong></span> 
     </span>
    </p>
   </div>
   <div class='ocr_carea' id='block_1_34' title="bbox 62 1272 843 1311">
    <p class='ocr_par' dir='ltr' id='par_1_34' title="bbox 62 1272 843 1311">
     <span class='ocr_line' id='line_1_34' title="bbox 62 1272 843 1311; baseline 0.008 -15"><span class='ocrx_word' id='word_1_221' title='bbox 62 1277 128 1311; x_wconf 71' lang='lat' dir='ltr'><strong>nent.</strong></span> <span class='ocrx_word' id='word_1_222' title='bbox 147 1272 228 1311; x_wconf 68' lang='lat' dir='ltr'><strong>i_$ed</strong></span> <span class='ocrx_word' id='word_1_223' title='bbox 247 1272 322 1300; x_wconf 91' lang='lat' dir='ltr'><strong>illum</strong></span> <span class='ocrx_word' id='word_1_224' title='bbox 341 1274 430 1311; x_wconf 78' lang='lat' dir='ltr'><strong>dehis</strong></span> <span class='ocrx_word' id='word_1_225' title='bbox 444 1274 538 1311; x_wconf 76' lang='lat' dir='ltr'><strong>eodem</strong></span> <span class='ocrx_word' id='word_1_226' title='bbox 553 1274 647 1311; x_wconf 78' lang='lat' dir='ltr'><strong>modo,</strong></span> <span class='ocrx_word' id='word_1_227' title='bbox 662 1279 744 1309; x_wconf 91' lang='lat' dir='ltr'><strong>atque</strong></span> <span class='ocrx_word' id='word_1_228' title='bbox 762 1272 843 1302; x_wconf 82' lang='lat' dir='ltr'><strong>etiam</strong></span> 
     </span>
    </p>
   </div>
   <div class='ocr_carea' id='block_1_35' title="bbox 62 1304 626 1341">
    <p class='ocr_par' dir='ltr' id='par_1_35' title="bbox 62 1304 626 1341">
     <span class='ocr_line' id='line_1_35' title="bbox 62 1304 626 1341; baseline 0.007 -9"><span class='ocrx_word' id='word_1_229' title='bbox 62 1304 144 1334; x_wconf 83' lang='lat' dir='ltr'><strong>fusius</strong></span> <span class='ocrx_word' id='word_1_230' title='bbox 159 1307 342 1336; x_wconf 80' lang='lat' dir='ltr'><strong>disserentem</strong></span> <span class='ocrx_word' id='word_1_231' title='bbox 355 1308 410 1341; x_wconf 87' lang='lat' dir='ltr'><strong>jam</strong></span> <span class='ocrx_word' id='word_1_232' title='bbox 427 1310 582 1336; x_wconf 83' lang='lat' dir='ltr'><strong>audivimus</strong></span> <span class='ocrx_word' id='word_1_233' title='bbox 594 1309 626 1336; x_wconf 67' lang='grc' dir='ltr'>ιδ.</span> 
     </span>
    </p>
   </div>
   <div class='ocr_carea' id='block_1_36' title="bbox 327 1354 574 1382">
    <p class='ocr_par' dir='ltr' id='par_1_36' title="bbox 327 1354 574 1382">
     <span class='ocr_line' id='line_1_36' title="bbox 327 1354 574 1382; baseline 0.004 -1"><span class='ocrx_word' id='word_1_234' title='bbox 327 1354 524 1382; x_wconf 70' lang='grc' dir='ltr'>ΑιιΤιοιιιυδ</span> <span class='ocrx_word' id='word_1_235' title='bbox 545 1355 574 1382; x_wconf 94' lang='grc' dir='ltr'><strong>ΙΙ.</strong></span> 
     </span>
    </p>
   </div>
   <div class='ocr_carea' id='block_1_37' title="bbox 63 1396 845 1434">
    <p class='ocr_par' dir='ltr' id='par_1_37' title="bbox 63 1396 845 1434">
     <span class='ocr_line' id='line_1_37' title="bbox 63 1396 845 1434; baseline 0.006 -8"><span class='ocrx_word' id='word_1_236' title='bbox 63 1396 99 1426; x_wconf 80' lang='lat' dir='ltr'><strong>De</strong></span> <span class='ocrx_word' id='word_1_237' title='bbox 114 1400 233 1427; x_wconf 69' lang='lat' dir='ltr'><strong>secundis</strong></span> <span class='ocrx_word' id='word_1_238' title='bbox 253 1402 367 1434; x_wconf 73' lang='lat' dir='ltr'><strong>nuptiis,</strong></span> <span class='ocrx_word' id='word_1_239' title='bbox 381 1410 417 1428; x_wconf 87' lang='lat' dir='ltr'><strong>an</strong></span> <span class='ocrx_word' id='word_1_240' title='bbox 439 1402 471 1428; x_wconf 86' lang='lat' dir='ltr'><strong>de</strong></span> <span class='ocrx_word' id='word_1_241' title='bbox 491 1401 543 1428; x_wconf 79' lang='lat' dir='ltr'><strong>illis</strong></span> <span class='ocrx_word' id='word_1_242' title='bbox 561 1407 629 1429; x_wconf 82' lang='lat' dir='ltr'><strong>recte</strong></span> <span class='ocrx_word' id='word_1_243' title='bbox 646 1401 764 1430; x_wconf 75' lang='lat' dir='ltr'><strong>Clemens</strong></span> <span class='ocrx_word' id='word_1_244' title='bbox 787 1412 845 1431; x_wconf 77' lang='lat' dir='ltr'><strong>sen-</strong></span> 
     </span>
    </p>
   </div>
   <div class='ocr_carea' id='block_1_38' title="bbox 94 1437 844 1476">
    <p class='ocr_par' dir='ltr' id='par_1_38' title="bbox 94 1437 844 1476">
     <span class='ocr_line' id='line_1_38' title="bbox 94 1437 844 1476; baseline 0.007 -15"><span class='ocrx_word' id='word_1_245' title='bbox 94 1437 163 1476; x_wconf 69' lang='lat' dir='ltr'><strong>serit,</strong></span> <span class='ocrx_word' id='word_1_246' title='bbox 180 1441 203 1462; x_wconf 83' lang='lat' dir='ltr'><strong>et</strong></span> <span class='ocrx_word' id='word_1_247' title='bbox 220 1437 255 1463; x_wconf 76' lang='lat' dir='ltr'><strong>de</strong></span> <span class='ocrx_word' id='word_1_248' title='bbox 265 1437 479 1471; x_wconf 82' lang='lat' dir='ltr'><strong>patriarcharum</strong></span> <span class='ocrx_word' id='word_1_249' title='bbox 493 1437 585 1464; x_wconf 79' lang='lat' dir='ltr'><strong>veteris</strong></span> <span class='ocrx_word' id='word_1_250' title='bbox 601 1443 748 1466; x_wconf 73' lang='lat' dir='ltr'><strong>testamenti</strong></span> <span class='ocrx_word' id='word_1_251' title='bbox 766 1441 844 1475; x_wconf 79' lang='lat' dir='ltr'><strong>poly-</strong></span> 
     </span>
    </p>
   </div>
   <div class='ocr_carea' id='block_1_39' title="bbox 94 1478 189 1504">
    <p class='ocr_par' dir='ltr' id='par_1_39' title="bbox 94 1478 189 1504">
     <span class='ocr_line' id='line_1_39' title="bbox 94 1478 189 1504; baseline 0.011 -8"><span class='ocrx_word' id='word_1_252' title='bbox 94 1478 189 1504; x_wconf 84' lang='lat' dir='ltr'><strong>gamm.</strong></span> 
     </span>
    </p>
   </div>
   <div class='ocr_carea' id='block_1_40' title="bbox 94 1517 843 1554">
    <p class='ocr_par' dir='ltr' id='par_1_40' title="bbox 94 1517 843 1554">
     <span class='ocr_line' id='line_1_40' title="bbox 94 1517 843 1554; baseline 0.007 -10"><span class='ocrx_word' id='word_1_253' title='bbox 94 1517 166 1554; x_wconf 79' lang='lat' dir='ltr'><strong>Apud</strong></span> <span class='ocrx_word' id='word_1_254' title='bbox 186 1517 392 1546; x_wconf 88' lang='lat' dir='ltr'><strong>Centuriatores</strong></span> <span class='ocrx_word' id='word_1_255' title='bbox 407 1519 479 1547; x_wconf 87' lang='lat' dir='ltr'><strong>male</strong></span> <span class='ocrx_word' id='word_1_256' title='bbox 495 1520 574 1548; x_wconf 80' lang='lat' dir='ltr'><strong>audit</strong></span> <span class='ocrx_word' id='word_1_257' title='bbox 595 1520 720 1547; x_wconf 85' lang='lat' dir='ltr'><strong>Clemens</strong></span> <span class='ocrx_word' id='word_1_258' title='bbox 740 1526 843 1554; x_wconf 89' lang='lat' dir='ltr'><strong>noster,</strong></span> 
     </span>
    </p>
   </div>
   <div class='ocr_carea' id='block_1_41' title="bbox 63 1551 840 1590">
    <p class='ocr_par' dir='ltr' id='par_1_41' title="bbox 63 1551 840 1590">
     <span class='ocr_line' id='line_1_41' title="bbox 63 1551 840 1590; baseline 0.006 -12"><span class='ocrx_word' id='word_1_259' title='bbox 63 1551 289 1590; x_wconf 18' lang='lat' dir='ltr'><strong>quodrsecundas</strong></span> <span class='ocrx_word' id='word_1_260' title='bbox 318 1555 425 1588; x_wconf 87' lang='lat' dir='ltr'><strong>nuptias</strong></span> <span class='ocrx_word' id='word_1_261' title='bbox 446 1555 587 1588; x_wconf 84' lang='lat' dir='ltr'><strong>cujusdam</strong></span> <span class='ocrx_word' id='word_1_262' title='bbox 614 1551 840 1590; x_wconf 73' lang='lat' dir='ltr'><strong>imperfectionis,</strong></span> 
     </span>
    </p>
   </div>
   <div class='ocr_carea' id='block_1_42' title="bbox 63 1589 842 1626">
    <p class='ocr_par' dir='ltr' id='par_1_42' title="bbox 63 1589 842 1626">
     <span class='ocr_line' id='line_1_42' title="bbox 63 1589 842 1626; baseline 0.006 -12"><span class='ocrx_word' id='word_1_263' title='bbox 63 1595 109 1626; x_wconf 76' lang='lat' dir='ltr'><strong>nec</strong></span> <span class='ocrx_word' id='word_1_264' title='bbox 125 1589 389 1626; x_wconf 74' lang='lat' dir='ltr'><strong>sinepeccatoesse</strong></span> <span class='ocrx_word' id='word_1_265' title='bbox 403 1591 558 1626; x_wconf 83' lang='lat' dir='ltr'><strong>tradiderit.</strong></span> <span class='ocrx_word' id='word_1_266' title='bbox 573 1590 719 1618; x_wconf 79' lang='lat' dir='ltr'><strong>Videamus</strong></span> <span class='ocrx_word' id='word_1_267' title='bbox 733 1599 798 1626; x_wconf 80' lang='lat' dir='ltr'><strong>ergo</strong></span> <span class='ocrx_word' id='word_1_268' title='bbox 809 1600 842 1619; x_wconf 88' lang='lat' dir='ltr'><strong>an</strong></span> 
     </span>
    </p>
   </div>
   <div class='ocr_carea' id='block_1_43' title="bbox 63 1622 844 1660">
    <p class='ocr_par' dir='ltr' id='par_1_43' title="bbox 63 1622 844 1660">
     <span class='ocr_line' id='line_1_43' title="bbox 63 1622 844 1660; baseline 0.008 -12"><span class='ocrx_word' id='word_1_269' title='bbox 63 1622 116 1657; x_wconf 82' lang='lat' dir='ltr'><strong>jure</strong></span> <span class='ocrx_word' id='word_1_270' title='bbox 128 1623 175 1660; x_wconf 87' lang='lat' dir='ltr'><strong>vel</strong></span> <span class='ocrx_word' id='word_1_271' title='bbox 188 1622 287 1660; x_wconf 75' lang='lat' dir='ltr'><strong>injuria</strong></span> <span class='ocrx_word' id='word_1_272' title='bbox 302 1624 337 1651; x_wconf 82' lang='lat' dir='ltr'><strong>ab</strong></span> <span class='ocrx_word' id='word_1_273' title='bbox 354 1625 542 1660; x_wconf 87' lang='lat' dir='ltr'><strong>illis,aliisque</strong></span> <span class='ocrx_word' id='word_1_274' title='bbox 560 1627 664 1653; x_wconf 86' lang='lat' dir='ltr'><strong>idcirco</strong></span> <span class='ocrx_word' id='word_1_275' title='bbox 680 1622 844 1660; x_wconf 69' lang='lat' dir='ltr'><strong>corripiatur</strong></span> 
     </span>
    </p>
   </div>
   <div class='ocr_carea' id='block_1_44' title="bbox 64 1659 845 1698">
    <p class='ocr_par' dir='ltr' id='par_1_44' title="bbox 64 1659 845 1698">
     <span class='ocr_line' id='line_1_44' title="bbox 64 1659 845 1698; baseline 0.006 -14"><span class='ocrx_word' id='word_1_276' title='bbox 64 1663 87 1698; x_wconf 77' lang='lat' dir='ltr'><strong>et</strong></span> <span class='ocrx_word' id='word_1_277' title='bbox 102 1659 355 1698; x_wconf 61' lang='lat' dir='ltr'><strong>vapttlet._Printttttt</strong></span> <span class='ocrx_word' id='word_1_278' title='bbox 373 1665 462 1698; x_wconf 81' lang='lat' dir='ltr'><strong>autem</strong></span> <span class='ocrx_word' id='word_1_279' title='bbox 476 1659 602 1698; x_wconf 80' lang='lat' dir='ltr'><strong>Clemens</strong></span> <span class='ocrx_word' id='word_1_280' title='bbox 615 1662 698 1688; x_wconf 87' lang='lat' dir='ltr'><strong>citato</strong></span> <span class='ocrx_word' id='word_1_281' title='bbox 713 1671 727 1688; x_wconf 85' lang='lat' dir='ltr'><strong>a</strong></span> <span class='ocrx_word' id='word_1_282' title='bbox 743 1659 845 1689; x_wconf 90' lang='lat' dir='ltr'><strong>Ccnlu-</strong></span> 
     </span>
    </p>
   </div>
   <div class='ocr_carea' id='block_1_45' title="bbox 64 1694 842 1731">
    <p class='ocr_par' dir='ltr' id='par_1_45' title="bbox 64 1694 842 1731">
     <span class='ocr_line' id='line_1_45' title="bbox 64 1694 842 1731; baseline 0.009 -13"><span class='ocrx_word' id='word_1_283' title='bbox 64 1694 202 1731; x_wconf 81' lang='lat' dir='ltr'><strong>riatoribus</strong></span> <span class='ocrx_word' id='word_1_284' title='bbox 220 1695 348 1731; x_wconf 74' lang='lat' dir='ltr'><strong>libro_tle</strong></span> <span class='ocrx_word' id='word_1_285' title='bbox 371 1696 467 1729; x_wconf 86' lang='lat' dir='ltr'><strong>primis</strong></span> <span class='ocrx_word' id='word_1_286' title='bbox 480 1697 663 1731; x_wconf 86' lang='lat' dir='ltr'><strong>secundisque</strong></span> <span class='ocrx_word' id='word_1_287' title='bbox 687 1698 786 1731; x_wconf 90' lang='lat' dir='ltr'><strong>nuptiis</strong></span> <span class='ocrx_word' id='word_1_288' title='bbox 805 1698 842 1725; x_wconf 90' lang='lat' dir='ltr'><strong>ita</strong></span> 
     </span>
    </p>
   </div>
   <div class='ocr_carea' id='block_1_46' title="bbox 64 1728 841 1765">
    <p class='ocr_par' dir='ltr' id='par_1_46' title="bbox 64 1728 841 1765">
     <span class='ocr_line' id='line_1_46' title="bbox 64 1728 841 1765; baseline 0.006 -11"><span class='ocrx_word' id='word_1_289' title='bbox 64 1728 177 1765; x_wconf 85' lang='lat' dir='ltr'><strong>decernit</strong></span> <span class='ocrx_word' id='word_1_290' title='bbox 191 1730 232 1757; x_wconf 64' lang='lat'><strong>‘5:</strong></span> <span class='ocrx_word' id='word_1_291' title='bbox 257 1739 265 1754; x_wconf 79' lang='grc' dir='ltr'><strong>ι</strong></span> <span class='ocrx_word' id='word_1_292' title='bbox 287 1728 483 1764; x_wconf 67' lang='lat' dir='ltr'><strong>Monogamiam</strong></span> <span class='ocrx_word' id='word_1_293' title='bbox 497 1752 504 1763; x_wconf 92' lang='lat'><strong>,</strong></span> <span class='ocrx_word' id='word_1_294' title='bbox 529 1736 556 1758; x_wconf 87' lang='lat' dir='ltr'><strong>et</strong></span> <span class='ocrx_word' id='word_1_295' title='bbox 580 1728 642 1765; x_wconf 69' lang='lat' dir='ltr'><strong>quie</strong></span> <span class='ocrx_word' id='word_1_296' title='bbox 664 1728 789 1759; x_wconf 73' lang='lat' dir='ltr'><strong>consistit</strong></span> <span class='ocrx_word' id='word_1_297' title='bbox 815 1735 841 1760; x_wconf 89' lang='lat' dir='ltr'><strong>in</strong></span> 
     </span>
    </p>
   </div>
   <div class='ocr_carea' id='block_1_47' title="bbox 65 1763 843 1802">
    <p class='ocr_par' dir='ltr' id='par_1_47' title="bbox 65 1763 843 1802">
     <span class='ocr_line' id='line_1_47' title="bbox 65 1763 843 1802; baseline 0.01 -14"><span class='ocrx_word' id='word_1_298' title='bbox 65 1769 112 1802; x_wconf 78' lang='lat' dir='ltr'><strong>uno</strong></span> <span class='ocrx_word' id='word_1_299' title='bbox 124 1763 208 1802; x_wconf 75' lang='lat' dir='ltr'><strong>solum</strong></span> <span class='ocrx_word' id='word_1_300' title='bbox 225 1763 400 1802; x_wconf 67' lang='grc' dir='ltr'>ιιιιιιιιιιιοιιιο</span> <span class='ocrx_word' id='word_1_301' title='bbox 416 1763 596 1797; x_wconf 69' lang='lat' dir='ltr'><strong>honestatem,</strong></span> <span class='ocrx_word' id='word_1_302' title='bbox 615 1768 782 1802; x_wconf 82' lang='grc' dir='ltr'><strong>μονογαμίαν</strong></span> <span class='ocrx_word' id='word_1_303' title='bbox 796 1769 843 1796; x_wconf 74' lang='grc' dir='ltr'><strong>καὶ</strong></span> 
     </span>
    </p>
   </div>
   <div class='ocr_carea' id='block_1_48' title="bbox 64 1797 840 1838">
    <p class='ocr_par' dir='ltr' id='par_1_48' title="bbox 64 1797 840 1838">
     <span class='ocr_line' id='line_1_48' title="bbox 64 1797 840 1838; baseline 0.005 -13"><span class='ocrx_word' id='word_1_304' title='bbox 64 1797 107 1838; x_wconf 38' lang='lat' dir='ltr'><strong>sitv</strong></span> <span class='ocrx_word' id='word_1_305' title='bbox 128 1799 189 1835; x_wconf 76' lang='grc' dir='ltr'>περὶ</span> <span class='ocrx_word' id='word_1_306' title='bbox 208 1800 256 1826; x_wconf 74' lang='grc' dir='ltr'>τὸν</span> <span class='ocrx_word' id='word_1_307' title='bbox 276 1800 323 1827; x_wconf 68' lang='grc' dir='ltr'><strong>ἕνα</strong></span> <span class='ocrx_word' id='word_1_308' title='bbox 347 1801 435 1836; x_wconf 84' lang='grc' dir='ltr'>γάμον</span> <span class='ocrx_word' id='word_1_309' title='bbox 464 1797 634 1838; x_wconf 56' lang='grc' dir='ltr'><strong>σεμνότητά,</strong></span> <span class='ocrx_word' id='word_1_310' title='bbox 656 1797 840 1837; x_wconf 80' lang='lat' dir='ltr'><strong>admirantur;</strong></span> 
     </span>
    </p>
   </div>
   <div class='ocr_carea' id='block_1_49' title="bbox 64 1833 843 1871">
    <p class='ocr_par' dir='ltr' id='par_1_49' title="bbox 64 1833 843 1871">
     <span class='ocr_line' id='line_1_49' title="bbox 64 1833 843 1871; baseline 0.009 -12"><span class='ocrx_word' id='word_1_311' title='bbox 64 1833 177 1871; x_wconf 70' lang='lat' dir='ltr'><strong>dicentes</strong></span> <span class='ocrx_word' id='word_1_312' title='bbox 191 1840 282 1862; x_wconf 88' lang='lat' dir='ltr'><strong>tamen</strong></span> <span class='ocrx_word' id='word_1_313' title='bbox 299 1833 426 1871; x_wconf 76' lang='lat' dir='ltr'><strong>oportere</strong></span> <span class='ocrx_word' id='word_1_314' title='bbox 439 1833 556 1864; x_wconf 78' lang='lat' dir='ltr'><strong>aliorum</strong></span> <span class='ocrx_word' id='word_1_315' title='bbox 573 1833 713 1870; x_wconf 78' lang='lat' dir='ltr'><strong>misereri,</strong></span> <span class='ocrx_word' id='word_1_316' title='bbox 737 1843 763 1866; x_wconf 89' lang='lat' dir='ltr'><strong>et</strong></span> <span class='ocrx_word' id='word_1_317' title='bbox 776 1833 843 1866; x_wconf 54' lang='lat' dir='ltr'><strong>alte-&#39;-</strong></span> 
     </span>
    </p>
   </div>
   <div class='ocr_carea' id='block_1_50' title="bbox 65 1870 842 1908">
    <p class='ocr_par' dir='ltr' id='par_1_50' title="bbox 65 1870 842 1908">
     <span class='ocr_line' id='line_1_50' title="bbox 65 1870 842 1908; baseline 0.009 -15"><span class='ocrx_word' id='word_1_318' title='bbox 65 1875 118 1894; x_wconf 90' lang='lat' dir='ltr'><strong>ruut</strong></span> <span class='ocrx_word' id='word_1_319' title='bbox 148 1870 261 1908; x_wconf 77' lang='lat' dir='ltr'><strong>alterius</strong></span> <span class='ocrx_word' id='word_1_320' title='bbox 285 1870 368 1908; x_wconf 82' lang='lat' dir='ltr'><strong>onera</strong></span> <span class='ocrx_word' id='word_1_321' title='bbox 393 1877 517 1905; x_wconf 90' lang='lat' dir='ltr'><strong>portare;</strong></span> <span class='ocrx_word' id='word_1_322' title='bbox 545 1880 579 1900; x_wconf 86' lang='lat' dir='ltr'><strong>ne</strong></span> <span class='ocrx_word' id='word_1_323' title='bbox 602 1873 663 1908; x_wconf 88' lang='lat' dir='ltr'><strong>quis</strong></span> <span class='ocrx_word' id='word_1_324' title='bbox 686 1881 747 1899; x_wconf 88' lang='lat' dir='ltr'><strong>cuttt</strong></span> <span class='ocrx_word' id='word_1_325' title='bbox 767 1879 842 1901; x_wconf 89' lang='lat' dir='ltr'><strong>recte</strong></span> 
     </span>
    </p>
   </div>
   <div class='ocr_carea' id='block_1_51' title="bbox 65 1905 842 1942">
    <p class='ocr_par' dir='ltr' id='par_1_51' title="bbox 65 1905 842 1942">
     <span class='ocr_line' id='line_1_51' title="bbox 65 1905 842 1942; baseline 0.009 -13"><span class='ocrx_word' id='word_1_326' title='bbox 65 1908 131 1931; x_wconf 83' lang='lat' dir='ltr'><strong>stare</strong></span> <span class='ocrx_word' id='word_1_327' title='bbox 147 1905 281 1938; x_wconf 83' lang='lat' dir='ltr'><strong>videatur,</strong></span> <span class='ocrx_word' id='word_1_328' title='bbox 296 1906 355 1940; x_wconf 87' lang='lat' dir='ltr'><strong>ipse</strong></span> <span class='ocrx_word' id='word_1_329' title='bbox 370 1915 478 1942; x_wconf 84' lang='lat' dir='ltr'><strong>quoque</strong></span> <span class='ocrx_word' id='word_1_330' title='bbox 493 1910 582 1935; x_wconf 80' lang='lat' dir='ltr'><strong>cadat.</strong></span> <span class='ocrx_word' id='word_1_331' title='bbox 599 1905 636 1935; x_wconf 78' lang='lat' dir='ltr'><strong>De</strong></span> <span class='ocrx_word' id='word_1_332' title='bbox 653 1909 779 1936; x_wconf 83' lang='lat' dir='ltr'><strong>secundis</strong></span> <span class='ocrx_word' id='word_1_333' title='bbox 793 1918 842 1936; x_wconf 84' lang='lat' dir='ltr'><strong>au—</strong></span> 
     </span>
    </p>
   </div>
   <div class='ocr_carea' id='block_1_52' title="bbox 65 1941 842 1978">
    <p class='ocr_par' dir='ltr' id='par_1_52' title="bbox 65 1941 842 1978">
     <span class='ocr_line' id='line_1_52' title="bbox 65 1941 842 1978; baseline 0.01 -15"><span class='ocrx_word' id='word_1_334' title='bbox 65 1942 112 1964; x_wconf 84' lang='lat' dir='ltr'><strong>tent</strong></span> <span class='ocrx_word' id='word_1_335' title='bbox 128 1941 247 1978; x_wconf 83' lang='lat' dir='ltr'><strong>nuptiis:</strong></span> <span class='ocrx_word' id='word_1_336' title='bbox 268 1950 276 1966; x_wconf 84' lang='grc' dir='ltr'><strong>ι</strong></span> <span class='ocrx_word' id='word_1_337' title='bbox 293 1942 320 1978; x_wconf 67' lang='grc' dir='ltr'>ξι</span> <span class='ocrx_word' id='word_1_338' title='bbox 335 1941 440 1978; x_wconf 64' lang='lat' dir='ltr'><strong>uraris,</strong></span> <span class='ocrx_word' id='word_1_339' title='bbox 454 1943 543 1977; x_wconf 84' lang='lat' dir='ltr'><strong>inquit</strong></span> <span class='ocrx_word' id='word_1_340' title='bbox 558 1943 713 1977; x_wconf 81' lang='lat' dir='ltr'><strong>Apostolus,</strong></span> <span class='ocrx_word' id='word_1_341' title='bbox 727 1943 842 1978; x_wconf 82' lang='lat' dir='ltr'><strong>jungere</strong></span> 
     </span>
    </p>
   </div>
   <div class='ocr_carea' id='block_1_53' title="bbox 65 1974 841 2014">
    <p class='ocr_par' dir='ltr' id='par_1_53' title="bbox 65 1974 841 2014">
     <span class='ocr_line' id='line_1_53' title="bbox 65 1974 841 2014; baseline 0.01 -15"><span class='ocrx_word' id='word_1_342' title='bbox 65 1974 242 2014; x_wconf 63' lang='lat' dir='ltr'><strong>matrimonio.</strong></span> <span class='ocrx_word' id='word_1_343' title='bbox 263 1985 272 2001; x_wconf 75' lang='grc' dir='ltr'><strong>ι</strong></span> <span class='ocrx_word' id='word_1_344' title='bbox 290 1975 359 2009; x_wconf 84' lang='lat' dir='ltr'><strong>Quid</strong></span> <span class='ocrx_word' id='word_1_345' title='bbox 377 1983 469 2014; x_wconf 79' lang='lat' dir='ltr'><strong>autem</strong></span> <span class='ocrx_word' id='word_1_346' title='bbox 483 1974 525 2014; x_wconf 76' lang='lat' dir='ltr'><strong>ibi</strong></span> <span class='ocrx_word' id='word_1_347' title='bbox 538 1998 546 2009; x_wconf 95' lang='lat'><strong>,</strong></span> <span class='ocrx_word' id='word_1_348' title='bbox 562 1974 632 2012; x_wconf 83' lang='lat' dir='ltr'><strong>quod</strong></span> <span class='ocrx_word' id='word_1_349' title='bbox 649 1974 748 2005; x_wconf 64' lang='lat' dir='ltr'><strong>divina:</strong></span> <span class='ocrx_word' id='word_1_350' title='bbox 768 1974 841 2014; x_wconf 56' lang='grc' dir='ltr'><strong>ιῖρο-</strong></span> 
     </span>
    </p>
   </div>
   <div class='ocr_carea' id='block_1_54' title="bbox 65 2009 842 2041">
    <p class='ocr_par' dir='ltr' id='par_1_54' title="bbox 65 2009 842 2041">
     <span class='ocr_line' id='line_1_54' title="bbox 65 2009 842 2041; baseline 0.009 -7"><span class='ocrx_word' id='word_1_351' title='bbox 65 2009 119 2035; x_wconf 79' lang='grc' dir='ltr'>ειυιῐ</span> <span class='ocrx_word' id='word_1_352' title='bbox 141 2010 273 2037; x_wconf 70' lang='lat' dir='ltr'><strong>doctrinae</strong></span> <span class='ocrx_word' id='word_1_353' title='bbox 288 2020 338 2038; x_wconf 88' lang='lat' dir='ltr'><strong>nou</strong></span> <span class='ocrx_word' id='word_1_354' title='bbox 364 2013 399 2039; x_wconf 87' lang='lat' dir='ltr'><strong>sit</strong></span> <span class='ocrx_word' id='word_1_355' title='bbox 415 2013 525 2039; x_wconf 91' lang='lat' dir='ltr'><strong>onntino</strong></span> <span class='ocrx_word' id='word_1_356' title='bbox 544 2009 710 2040; x_wconf 78' lang='lat' dir='ltr'><strong>conveniens</strong></span> <span class='ocrx_word' id='word_1_357' title='bbox 728 2019 755 2040; x_wconf 78' lang='lat' dir='ltr'><strong>et</strong></span> <span class='ocrx_word' id='word_1_358' title='bbox 778 2009 842 2041; x_wconf 73' lang='lat' dir='ltr'><strong>ron-</strong></span> 
     </span>
    </p>
   </div>
   <div class='ocr_carea' id='block_1_55' title="bbox 65 2045 841 2083">
    <p class='ocr_par' dir='ltr' id='par_1_55' title="bbox 65 2045 841 2083">
     <span class='ocr_line' id='line_1_55' title="bbox 65 2045 841 2083; baseline 0.008 -14"><span class='ocrx_word' id='word_1_359' title='bbox 65 2049 214 2083; x_wconf 85' lang='lat' dir='ltr'><strong>seutaneum</strong></span> <span class='ocrx_word' id='word_1_360' title='bbox 227 2046 240 2072; x_wconf 84' lang='lat'><strong>?</strong></span> <span class='ocrx_word' id='word_1_361' title='bbox 262 2045 334 2073; x_wconf 78' lang='lat' dir='ltr'><strong>Nihil</strong></span> <span class='ocrx_word' id='word_1_362' title='bbox 350 2053 432 2075; x_wconf 87' lang='lat' dir='ltr'><strong>certe.</strong></span> <span class='ocrx_word' id='word_1_363' title='bbox 456 2048 489 2074; x_wconf 88' lang='lat' dir='ltr'><strong>Et</strong></span> <span class='ocrx_word' id='word_1_364' title='bbox 508 2055 572 2075; x_wconf 85' lang='lat' dir='ltr'><strong>vero</strong></span> <span class='ocrx_word' id='word_1_365' title='bbox 588 2049 698 2083; x_wconf 83' lang='lat' dir='ltr'><strong>ipsemet</strong></span> <span class='ocrx_word' id='word_1_366' title='bbox 716 2048 841 2077; x_wconf 86' lang='lat' dir='ltr'><strong>Clemens</strong></span> 
     </span>
    </p>
   </div>
   <div class='ocr_carea' id='block_1_56' title="bbox 66 2081 841 2117">
    <p class='ocr_par' dir='ltr' id='par_1_56' title="bbox 66 2081 841 2117">
     <span class='ocr_line' id='line_1_56' title="bbox 66 2081 841 2117; baseline 0.009 -13"><span class='ocrx_word' id='word_1_367' title='bbox 66 2084 150 2117; x_wconf 83' lang='lat' dir='ltr'><strong>postea</strong></span> <span class='ocrx_word' id='word_1_368' title='bbox 164 2081 385 2117; x_wconf 17' lang='lat' dir='ltr'><strong>adltucrolstendit</strong></span> <span class='ocrx_word' id='word_1_369' title='bbox 402 2083 453 2110; x_wconf 87' lang='lat' dir='ltr'><strong>ltoe</strong></span> <span class='ocrx_word' id='word_1_370' title='bbox 465 2085 498 2110; x_wconf 85' lang='lat' dir='ltr'><strong>ab</strong></span> <span class='ocrx_word' id='word_1_371' title='bbox 509 2081 604 2110; x_wconf 79' lang='lat' dir='ltr'><strong>eodeni</strong></span> <span class='ocrx_word' id='word_1_372' title='bbox 615 2083 744 2117; x_wconf 85' lang='lat' dir='ltr'><strong>Apostolo</strong></span> <span class='ocrx_word' id='word_1_373' title='bbox 758 2085 841 2112; x_wconf 74' lang='lat' dir='ltr'><strong>fuisse</strong></span> 
     </span>
    </p>
   </div>
   <div class='ocr_carea' id='block_1_57' title="bbox 65 2115 840 2154">
    <p class='ocr_par' dir='ltr' id='par_1_57' title="bbox 65 2115 840 2154">
     <span class='ocr_line' id='line_1_57' title="bbox 65 2115 840 2154; baseline 0.009 -15"><span class='ocrx_word' id='word_1_374' title='bbox 65 2115 232 2154; x_wconf 38' lang='lat' dir='ltr'><strong>traditumf‘t</strong></span> <span class='ocrx_word' id='word_1_375' title='bbox 257 2116 471 2150; x_wconf 79' lang='lat' dir='ltr'><strong>Mouogautiam,</strong></span> <span class='ocrx_word' id='word_1_376' title='bbox 491 2119 528 2145; x_wconf 85' lang='lat' dir='ltr'><strong>ait</strong></span> <span class='ocrx_word' id='word_1_377' title='bbox 555 2121 612 2154; x_wconf 82' lang='lat' dir='ltr'><strong>ipse</strong></span> <span class='ocrx_word' id='word_1_378' title='bbox 627 2115 665 2150; x_wconf 57' lang='grc' dir='ltr'><strong>η,</strong></span> <span class='ocrx_word' id='word_1_379' title='bbox 692 2119 840 2147; x_wconf 84' lang='lat' dir='ltr'><strong>introducit</strong></span> 
     </span>
    </p>
   </div>
   <div class='ocr_carea' id='block_1_58' title="bbox 64 2151 839 2186">
    <p class='ocr_par' dir='ltr' id='par_1_58' title="bbox 64 2151 839 2186">
     <span class='ocr_line' id='line_1_58' title="bbox 64 2151 839 2186; baseline 0.01 -13"><span class='ocrx_word' id='word_1_380' title='bbox 64 2154 166 2186; x_wconf 77' lang='lat' dir='ltr'><strong>propter</strong></span> <span class='ocrx_word' id='word_1_381' title='bbox 186 2151 334 2178; x_wconf 88' lang='lat' dir='ltr'><strong>liberorum</strong></span> <span class='ocrx_word' id='word_1_382' title='bbox 353 2151 572 2186; x_wconf 81' lang='lat' dir='ltr'><strong>procreationem</strong></span> <span class='ocrx_word' id='word_1_383' title='bbox 591 2159 617 2180; x_wconf 91' lang='lat' dir='ltr'><strong>et</strong></span> <span class='ocrx_word' id='word_1_384' title='bbox 638 2155 733 2181; x_wconf 89' lang='lat' dir='ltr'><strong>dotttus</strong></span> <span class='ocrx_word' id='word_1_385' title='bbox 747 2162 839 2181; x_wconf 83' lang='lat' dir='ltr'><strong>curant</strong></span> 
     </span>
    </p>
   </div>
   <div class='ocr_carea' id='block_1_59' title="bbox 64 2184 838 2223">
    <p class='ocr_par' dir='ltr' id='par_1_59' title="bbox 64 2184 838 2223">
     <span class='ocr_line' id='line_1_59' title="bbox 64 2184 838 2223; baseline 0.009 -14"><span class='ocrx_word' id='word_1_386' title='bbox 64 2184 266 2223; x_wconf 66' lang='lat' dir='ltr'><strong>gc-rendatn,_ad</strong></span> <span class='ocrx_word' id='word_1_387' title='bbox 279 2184 359 2221; x_wconf 84' lang='lat' dir='ltr'><strong>quam</strong></span> <span class='ocrx_word' id='word_1_388' title='bbox 376 2188 438 2214; x_wconf 87' lang='lat' dir='ltr'><strong>data</strong></span> <span class='ocrx_word' id='word_1_389' title='bbox 459 2193 500 2215; x_wconf 89' lang='lat' dir='ltr'><strong>est</strong></span> <span class='ocrx_word' id='word_1_390' title='bbox 518 2189 614 2215; x_wconf 90' lang='lat' dir='ltr'><strong>mulier</strong></span> <span class='ocrx_word' id='word_1_391' title='bbox 628 2189 758 2223; x_wconf 84' lang='lat' dir='ltr'><strong>adjutrix,</strong></span> <span class='ocrx_word' id='word_1_392' title='bbox 775 2194 801 2216; x_wconf 89' lang='lat' dir='ltr'><strong>et</strong></span> <span class='ocrx_word' id='word_1_393' title='bbox 816 2191 838 2216; x_wconf 88' lang='lat' dir='ltr'><strong>si</strong></span> 
     </span>
    </p>
   </div>
   <div class='ocr_carea' id='block_1_60' title="bbox 64 2220 838 2261">
    <p class='ocr_par' dir='ltr' id='par_1_60' title="bbox 64 2220 838 2261">
     <span class='ocr_line' id='line_1_60' title="bbox 64 2220 838 2261; baseline 0.012 -19"><span class='ocrx_word' id='word_1_394' title='bbox 64 2220 101 2244; x_wconf 82' lang='lat' dir='ltr'><strong>cui</strong></span> <span class='ocrx_word' id='word_1_395' title='bbox 115 2220 256 2261; x_wconf 71' lang='lat' dir='ltr'><strong>Apostolus</strong></span> <span class='ocrx_word' id='word_1_396' title='bbox 279 2220 388 2261; x_wconf 76' lang='lat' dir='ltr'><strong>propter</strong></span> <span class='ocrx_word' id='word_1_397' title='bbox 403 2224 640 2261; x_wconf 79' lang='lat' dir='ltr'><strong>intemperantiam</strong></span> <span class='ocrx_word' id='word_1_398' title='bbox 656 2220 692 2261; x_wconf 14' lang='lat' dir='ltr'><strong>et?</strong></span> <span class='ocrx_word' id='word_1_399' title='bbox 704 2224 838 2261; x_wconf 70' lang='lat' dir='ltr'><strong>ustionem</strong></span> 
     </span>
    </p>
   </div>
   <div class='ocr_carea' id='block_1_61' title="bbox 64 2257 837 2294">
    <p class='ocr_par' dir='ltr' id='par_1_61' title="bbox 64 2257 837 2294">
     <span class='ocr_line' id='line_1_61' title="bbox 64 2257 837 2294; baseline 0.008 -14"><span class='ocrx_word' id='word_1_400' title='bbox 64 2260 92 2294; x_wconf 50' lang='lat' dir='ltr'><strong>It&#39;tt</strong></span> <span class='ocrx_word' id='word_1_401' title='bbox 114 2257 189 2282; x_wconf 87' lang='lat' dir='ltr'><strong>venia</strong></span> <span class='ocrx_word' id='word_1_402' title='bbox 211 2257 361 2284; x_wconf 87' lang='lat' dir='ltr'><strong>secundum</strong></span> <span class='ocrx_word' id='word_1_403' title='bbox 386 2260 511 2286; x_wconf 81' lang='lat' dir='ltr'><strong>concedit</strong></span> <span class='ocrx_word' id='word_1_404' title='bbox 538 2260 753 2286; x_wconf 88' lang='lat' dir='ltr'><strong>matrimonium.</strong></span> <span class='ocrx_word' id='word_1_405' title='bbox 770 2259 837 2286; x_wconf 87' lang='lat' dir='ltr'><strong>Nam</strong></span> 
     </span>
    </p>
   </div>
   <div class='ocr_carea' id='block_1_62' title="bbox 65 2287 836 2331">
    <p class='ocr_par' dir='ltr' id='par_1_62' title="bbox 65 2287 836 2331">
     <span class='ocr_line' id='line_1_62' title="bbox 65 2287 836 2331; baseline 0.009 -16"><span class='ocrx_word' id='word_1_406' title='bbox 65 2287 105 2331; x_wconf 81' lang='lat' dir='ltr'><strong>hic</strong></span> <span class='ocrx_word' id='word_1_407' title='bbox 118 2298 224 2331; x_wconf 74' lang='lat' dir='ltr'><strong>quoque</strong></span> <span class='ocrx_word' id='word_1_408' title='bbox 238 2300 290 2331; x_wconf 78' lang='lat' dir='ltr'><strong>non</strong></span> <span class='ocrx_word' id='word_1_409' title='bbox 307 2294 523 2331; x_wconf 67' lang='lat' dir='ltr'><strong>peccatquidem</strong></span> <span class='ocrx_word' id='word_1_410' title='bbox 542 2302 575 2321; x_wconf 86' lang='lat' dir='ltr'><strong>ex</strong></span> <span class='ocrx_word' id='word_1_411' title='bbox 592 2299 766 2331; x_wconf 82' lang='lat' dir='ltr'><strong>testamento,</strong></span> <span class='ocrx_word' id='word_1_412' title='bbox 784 2303 836 2322; x_wconf 88' lang='lat' dir='ltr'><strong>non</strong></span> 
     </span>
    </p>
   </div>
   <div class='ocr_carea' id='block_1_63' title="bbox 63 2327 836 2363">
    <p class='ocr_par' dir='ltr' id='par_1_63' title="bbox 63 2327 836 2363">
     <span class='ocr_line' id='line_1_63' title="bbox 63 2327 836 2363; baseline 0.009 -14"><span class='ocrx_word' id='word_1_413' title='bbox 63 2329 101 2349; x_wconf 86' lang='lat' dir='ltr'><strong>est</strong></span> <span class='ocrx_word' id='word_1_414' title='bbox 119 2327 188 2352; x_wconf 89' lang='lat' dir='ltr'><strong>enim</strong></span> <span class='ocrx_word' id='word_1_415' title='bbox 212 2334 244 2363; x_wconf 78' lang='lat' dir='ltr'><strong>ex</strong></span> <span class='ocrx_word' id='word_1_416' title='bbox 268 2327 326 2361; x_wconf 78' lang='lat' dir='ltr'><strong>lege</strong></span> <span class='ocrx_word' id='word_1_417' title='bbox 355 2329 533 2362; x_wconf 81' lang='lat' dir='ltr'><strong>prohibitus;</strong></span> <span class='ocrx_word' id='word_1_418' title='bbox 557 2337 610 2356; x_wconf 94' lang='lat' dir='ltr'><strong>non</strong></span> <span class='ocrx_word' id='word_1_419' title='bbox 636 2329 730 2363; x_wconf 85' lang='lat' dir='ltr'><strong>implet</strong></span> <span class='ocrx_word' id='word_1_420' title='bbox 748 2334 836 2357; x_wconf 92' lang='lat' dir='ltr'><strong>autem</strong></span> 
     </span>
    </p>
   </div>
   <div class='ocr_carea' id='block_1_64' title="bbox 65 2362 839 2399">
    <p class='ocr_par' dir='ltr' id='par_1_64' title="bbox 65 2362 839 2399">
     <span class='ocr_line' id='line_1_64' title="bbox 65 2362 839 2399; baseline 0.008 -13"><span class='ocrx_word' id='word_1_421' title='bbox 65 2362 282 2399; x_wconf 38' lang='lat' dir='ltr'><strong>sulnmamAillam</strong></span> <span class='ocrx_word' id='word_1_422' title='bbox 296 2362 501 2399; x_wconf 79' lang='lat' dir='ltr'><strong>perfectionem,</strong></span> <span class='ocrx_word' id='word_1_423' title='bbox 517 2372 577 2398; x_wconf 72' lang='lat' dir='ltr'><strong>qua:</strong></span> <span class='ocrx_word' id='word_1_424' title='bbox 593 2362 683 2397; x_wconf 71' lang='lat' dir='ltr'><strong>agitur</strong></span> <span class='ocrx_word' id='word_1_425' title='bbox 700 2372 731 2391; x_wconf 82' lang='lat' dir='ltr'><strong>ex</strong></span> <span class='ocrx_word' id='word_1_426' title='bbox 749 2365 839 2392; x_wconf 87' lang='lat' dir='ltr'><strong>Evan-</strong></span> 
     </span>
    </p>
   </div>
   <div class='ocr_carea' id='block_1_65' title="bbox 64 2394 838 2434">
    <p class='ocr_par' dir='ltr' id='par_1_65' title="bbox 64 2394 838 2434">
     <span class='ocr_line' id='line_1_65' title="bbox 64 2394 838 2434; baseline 0.009 -14"><span class='ocrx_word' id='word_1_427' title='bbox 64 2394 138 2434; x_wconf 78' lang='lat' dir='ltr'><strong>gelio.</strong></span> <span class='ocrx_word' id='word_1_428' title='bbox 156 2405 165 2421; x_wconf 82' lang='grc' dir='ltr'><strong>ι</strong></span> <span class='ocrx_word' id='word_1_429' title='bbox 183 2395 265 2429; x_wconf 86' lang='lat' dir='ltr'><strong>Quid,</strong></span> <span class='ocrx_word' id='word_1_430' title='bbox 283 2394 396 2434; x_wconf 56' lang='lat' dir='ltr'><strong>obsecro</strong></span> <span class='ocrx_word' id='word_1_431' title='bbox 413 2403 447 2431; x_wconf 91' lang='lat' dir='ltr'><strong>te,</strong></span> <span class='ocrx_word' id='word_1_432' title='bbox 463 2394 498 2425; x_wconf 25' lang='lat' dir='ltr'><strong>ad.</strong></span> <span class='ocrx_word' id='word_1_433' title='bbox 513 2394 743 2433; x_wconf 45' lang='lat' dir='ltr'><strong>falsaut&#39;duplicis</strong></span> <span class='ocrx_word' id='word_1_434' title='bbox 758 2408 838 2427; x_wconf 76' lang='lat' dir='ltr'><strong>erro~</strong></span> 
     </span>
    </p>
   </div>
   <div class='ocr_carea' id='block_1_66' title="bbox 64 2432 839 2465">
    <p class='ocr_par' dir='ltr' id='par_1_66' title="bbox 64 2432 839 2465">
     <span class='ocr_line' id='line_1_66' title="bbox 64 2432 839 2465; baseline 0.009 -10"><span class='ocrx_word' id='word_1_435' title='bbox 64 2432 98 2456; x_wconf 84' lang='lat' dir='ltr'><strong>ris</strong></span> <span class='ocrx_word' id='word_1_436' title='bbox 121 2433 252 2458; x_wconf 82' lang='lat' dir='ltr'><strong>maculam</strong></span> <span class='ocrx_word' id='word_1_437' title='bbox 268 2452 276 2465; x_wconf 92' lang='lat'><strong>,</strong></span> <span class='ocrx_word' id='word_1_438' title='bbox 292 2432 423 2460; x_wconf 80' lang='lat' dir='ltr'><strong>Clementi</strong></span> <span class='ocrx_word' id='word_1_439' title='bbox 450 2441 543 2461; x_wconf 88' lang='lat' dir='ltr'><strong>nostro</strong></span> <span class='ocrx_word' id='word_1_440' title='bbox 564 2442 578 2460; x_wconf 89' lang='lat' dir='ltr'><strong>a</strong></span> <span class='ocrx_word' id='word_1_441' title='bbox 601 2432 839 2463; x_wconf 79' lang='lat' dir='ltr'><strong>Centut&#39;ialoribus</strong></span> 
     </span>
    </p>
   </div>
   <div class='ocr_carea' id='block_1_67' title="bbox 65 2467 838 2504">
    <p class='ocr_par' dir='ltr' id='par_1_67' title="bbox 65 2467 838 2504">
     <span class='ocr_line' id='line_1_67' title="bbox 65 2467 838 2504; baseline 0.009 -15"><span class='ocrx_word' id='word_1_442' title='bbox 65 2469 160 2504; x_wconf 78' lang='lat' dir='ltr'><strong>temere</strong></span> <span class='ocrx_word' id='word_1_443' title='bbox 175 2467 287 2498; x_wconf 75' lang='lat' dir='ltr'><strong>illatam,</strong></span> <span class='ocrx_word' id='word_1_444' title='bbox 305 2469 410 2502; x_wconf 87' lang='lat' dir='ltr'><strong>penitus</strong></span> <span class='ocrx_word' id='word_1_445' title='bbox 426 2469 567 2496; x_wconf 82' lang='lat' dir='ltr'><strong>eluendam</strong></span> <span class='ocrx_word' id='word_1_446' title='bbox 583 2470 625 2496; x_wconf 90' lang='lat' dir='ltr'><strong>his</strong></span> <span class='ocrx_word' id='word_1_447' title='bbox 640 2471 731 2496; x_wconf 77' lang='lat' dir='ltr'><strong>verbis</strong></span> <span class='ocrx_word' id='word_1_448' title='bbox 747 2470 838 2498; x_wconf 72' lang='lat' dir='ltr'><strong>effica-</strong></span> 
     </span>
    </p>
   </div>
   <div class='ocr_carea' id='block_1_68' title="bbox 63 2504 837 2540">
    <p class='ocr_par' dir='ltr' id='par_1_68' title="bbox 63 2504 837 2540">
     <span class='ocr_line' id='line_1_68' title="bbox 63 2504 837 2540; baseline 0.009 -15"><span class='ocrx_word' id='word_1_449' title='bbox 63 2506 115 2540; x_wconf 75' lang='lat' dir='ltr'><strong>cxus</strong></span> <span class='ocrx_word' id='word_1_450' title='bbox 130 2506 209 2535; x_wconf 85' lang='lat' dir='ltr'><strong>atque</strong></span> <span class='ocrx_word' id='word_1_451' title='bbox 235 2504 391 2540; x_wconf 69' lang='lat' dir='ltr'><strong>expressius</strong></span> <span class='ocrx_word' id='word_1_452' title='bbox 408 2504 558 2540; x_wconf 86' lang='lat' dir='ltr'><strong>desiderari</strong></span> <span class='ocrx_word' id='word_1_453' title='bbox 581 2506 692 2539; x_wconf 87' lang='lat' dir='ltr'><strong>potest?</strong></span> <span class='ocrx_word' id='word_1_454' title='bbox 717 2505 837 2533; x_wconf 81' lang='lat' dir='ltr'><strong>Primum</strong></span> 
     </span>
    </p>
   </div>
   <div class='ocr_carea' id='block_1_69' title="bbox 64 2538 840 2574">
    <p class='ocr_par' dir='ltr' id='par_1_69' title="bbox 64 2538 840 2574">
     <span class='ocr_line' id='line_1_69' title="bbox 64 2538 840 2574; baseline 0.01 -14"><span class='ocrx_word' id='word_1_455' title='bbox 64 2538 128 2562; x_wconf 84' lang='lat' dir='ltr'><strong>enim</strong></span> <span class='ocrx_word' id='word_1_456' title='bbox 140 2543 255 2570; x_wconf 87' lang='lat' dir='ltr'><strong>quonam</strong></span> <span class='ocrx_word' id='word_1_457' title='bbox 267 2538 376 2565; x_wconf 85' lang='lat' dir='ltr'><strong>clariori</strong></span> <span class='ocrx_word' id='word_1_458' title='bbox 392 2540 472 2566; x_wconf 89' lang='lat' dir='ltr'><strong>modo</strong></span> <span class='ocrx_word' id='word_1_459' title='bbox 484 2539 561 2566; x_wconf 87' lang='lat' dir='ltr'><strong>nobis</strong></span> <span class='ocrx_word' id='word_1_460' title='bbox 573 2538 729 2574; x_wconf 75' lang='lat' dir='ltr'><strong>significare</strong></span> <span class='ocrx_word' id='word_1_461' title='bbox 745 2547 840 2569; x_wconf 88' lang='lat' dir='ltr'><strong>auctor</strong></span> 
     </span>
    </p>
   </div>
   <div class='ocr_carea' id='block_1_70' title="bbox 63 2574 840 2610">
    <p class='ocr_par' dir='ltr' id='par_1_70' title="bbox 63 2574 840 2610">
     <span class='ocr_line' id='line_1_70' title="bbox 63 2574 840 2610; baseline 0.01 -15"><span class='ocrx_word' id='word_1_462' title='bbox 63 2575 149 2598; x_wconf 90' lang='lat' dir='ltr'><strong>noster</strong></span> <span class='ocrx_word' id='word_1_463' title='bbox 172 2577 280 2606; x_wconf 80' lang='lat' dir='ltr'><strong>poterat</strong></span> <span class='ocrx_word' id='word_1_464' title='bbox 301 2574 434 2610; x_wconf 82' lang='lat' dir='ltr'><strong>secundas</strong></span> <span class='ocrx_word' id='word_1_465' title='bbox 461 2575 568 2608; x_wconf 91' lang='lat' dir='ltr'><strong>nuptias</strong></span> <span class='ocrx_word' id='word_1_466' title='bbox 593 2583 654 2602; x_wconf 85' lang='lat' dir='ltr'><strong>esse</strong></span> <span class='ocrx_word' id='word_1_467' title='bbox 672 2584 681 2598; x_wconf 71' lang='grc' dir='ltr'><strong>ε</strong></span> <span class='ocrx_word' id='word_1_468' title='bbox 702 2576 763 2603; x_wconf 87' lang='lat' dir='ltr'><strong>sine</strong></span> <span class='ocrx_word' id='word_1_469' title='bbox 777 2584 840 2610; x_wconf 88' lang='lat' dir='ltr'><strong>pec-</strong></span> 
     </span>
    </p>
   </div>
   <div class='ocr_carea' id='block_1_71' title="bbox 64 2607 841 2646">
    <p class='ocr_par' dir='ltr' id='par_1_71' title="bbox 64 2607 841 2646">
     <span class='ocr_line' id='line_1_71' title="bbox 64 2607 841 2646; baseline 0.01 -16"><span class='ocrx_word' id='word_1_470' title='bbox 64 2611 130 2646; x_wconf 69' lang='lat' dir='ltr'><strong>calo,</strong></span> <span class='ocrx_word' id='word_1_471' title='bbox 150 2615 160 2631; x_wconf 79' lang='grc' dir='ltr'><strong>ι</strong></span> <span class='ocrx_word' id='word_1_472' title='bbox 177 2615 258 2646; x_wconf 82' lang='lat' dir='ltr'><strong>quam</strong></span> <span class='ocrx_word' id='word_1_473' title='bbox 272 2616 331 2634; x_wconf 91' lang='lat' dir='ltr'><strong>cum</strong></span> <span class='ocrx_word' id='word_1_474' title='bbox 349 2607 528 2646; x_wconf 83' lang='lat' dir='ltr'><strong>disertissime</strong></span> <span class='ocrx_word' id='word_1_475' title='bbox 540 2611 638 2638; x_wconf 86' lang='lat' dir='ltr'><strong>scribit</strong></span> <span class='ocrx_word' id='word_1_476' title='bbox 653 2611 713 2637; x_wconf 91' lang='lat' dir='ltr'><strong>illas</strong></span> <span class='ocrx_word' id='word_1_477' title='bbox 724 2611 758 2638; x_wconf 91' lang='lat' dir='ltr'><strong>ab</strong></span> <span class='ocrx_word' id='word_1_478' title='bbox 769 2607 841 2646; x_wconf 79' lang='grc' dir='ltr'><strong>Ᾱρῡ-</strong></span> 
     </span>
    </p>
   </div>
   <div class='ocr_carea' id='block_1_72' title="bbox 63 2640 843 2680">
    <p class='ocr_par' dir='ltr' id='par_1_72' title="bbox 63 2640 843 2680">
     <span class='ocr_line' id='line_1_72' title="bbox 63 2640 843 2680; baseline 0.01 -15"><span class='ocrx_word' id='word_1_479' title='bbox 63 2640 145 2680; x_wconf 76' lang='lat' dir='ltr'><strong>stolo_,</strong></span> <span class='ocrx_word' id='word_1_480' title='bbox 170 2642 210 2680; x_wconf 80' lang='lat' dir='ltr'><strong>sic</strong></span> <span class='ocrx_word' id='word_1_481' title='bbox 240 2650 274 2680; x_wconf 52' lang='lat' dir='ltr'><strong>es</strong></span> <span class='ocrx_word' id='word_1_482' title='bbox 302 2644 382 2680; x_wconf 79' lang='lat' dir='ltr'><strong>venia</strong></span> <span class='ocrx_word' id='word_1_483' title='bbox 413 2645 525 2672; x_wconf 89' lang='lat' dir='ltr'><strong>concedi</strong></span> <span class='ocrx_word' id='word_1_484' title='bbox 553 2654 560 2671; x_wconf 87' lang='lat'><strong>:</strong></span> <span class='ocrx_word' id='word_1_485' title='bbox 591 2650 621 2672; x_wconf 91' lang='lat' dir='ltr'><strong>ut</strong></span> <span class='ocrx_word' id='word_1_486' title='bbox 651 2646 696 2680; x_wconf 87' lang='lat' dir='ltr'><strong>qui</strong></span> <span class='ocrx_word' id='word_1_487' title='bbox 721 2640 843 2680; x_wconf 74' lang='lat' dir='ltr'><strong>secundo</strong></span> 
     </span>
    </p>
   </div>
   <div class='ocr_carea' id='block_1_73' title="bbox 63 2677 844 2717">
    <p class='ocr_par' dir='ltr' id='par_1_73' title="bbox 63 2677 844 2717">
     <span class='ocr_line' id='line_1_73' title="bbox 63 2677 844 2717; baseline 0.01 -17"><span class='ocrx_word' id='word_1_488' title='bbox 63 2677 230 2717; x_wconf 67' lang='lat' dir='ltr'><strong>matrimonio</strong></span> <span class='ocrx_word' id='word_1_489' title='bbox 242 2697 250 2709; x_wconf 91' lang='lat'><strong>,</strong></span> <span class='ocrx_word' id='word_1_490' title='bbox 263 2677 390 2717; x_wconf 57' lang='lat' dir='ltr'><strong>§swépog</strong></span> <span class='ocrx_word' id='word_1_491' title='bbox 402 2679 499 2717; x_wconf 56' lang='grc' dir='ltr'>χᾲμου</span> <span class='ocrx_word' id='word_1_492' title='bbox 511 2699 519 2711; x_wconf 86' lang='grc'>,</span> <span class='ocrx_word' id='word_1_493' title='bbox 540 2677 681 2716; x_wconf 63' lang='grc' dir='ltr'>ιιιίςυιυί,</span> <span class='ocrx_word' id='word_1_494' title='bbox 705 2679 781 2713; x_wconf 75' lang='grc' dir='ltr'>οὗτος</span> <span class='ocrx_word' id='word_1_495' title='bbox 795 2682 844 2717; x_wconf 81' lang='grc' dir='ltr'><strong>οὐχ</strong></span> 
     </span>
    </p>
   </div>
   <div class='ocr_carea' id='block_1_74' title="bbox 64 2711 843 2752">
    <p class='ocr_par' dir='ltr' id='par_1_74' title="bbox 64 2711 843 2752">
     <span class='ocr_line' id='line_1_74' title="bbox 64 2711 843 2752; baseline 0.01 -16"><span class='ocrx_word' id='word_1_496' title='bbox 64 2711 245 2752; x_wconf 41' lang='grc' dir='ltr'><strong>ςιξιαρτάιίςιη(</strong></span> <span class='ocrx_word' id='word_1_497' title='bbox 264 2713 288 2741; x_wconf 91' lang='lat' dir='ltr'><strong>is</strong></span> <span class='ocrx_word' id='word_1_498' title='bbox 298 2711 354 2752; x_wconf 74' lang='lat' dir='ltr'><strong>non</strong></span> <span class='ocrx_word' id='word_1_499' title='bbox 372 2711 455 2750; x_wconf 71' lang='lat'><strong>199</strong></span> <span class='ocrx_word' id='word_1_500' title='bbox 466 2721 560 2750; x_wconf 86' lang='lat' dir='ltr'><strong>peccat.</strong></span> <span class='ocrx_word' id='word_1_501' title='bbox 571 2711 606 2749; x_wconf 63' lang='grc'><strong>;”›</strong></span> <span class='ocrx_word' id='word_1_502' title='bbox 624 2711 843 2752; x_wconf 67' lang='lat' dir='ltr'><strong>quandoquidem</strong></span> 
     </span>
    </p>
   </div>
   <div class='ocr_carea' id='block_1_75' title="bbox 65 2745 541 2783">
    <p class='ocr_par' dir='ltr' id='par_1_75' title="bbox 65 2745 541 2783">
     <span class='ocr_line' id='line_1_75' title="bbox 65 2745 541 2783; baseline 0.017 -13"><span class='ocrx_word' id='word_1_503' title='bbox 65 2745 123 2774; x_wconf 83' lang='lat' dir='ltr'><strong>illud</strong></span> <span class='ocrx_word' id='word_1_504' title='bbox 138 2747 209 2774; x_wconf 86' lang='lat' dir='ltr'><strong>nulla</strong></span> <span class='ocrx_word' id='word_1_505' title='bbox 225 2748 283 2783; x_wconf 75' lang='lat' dir='ltr'><strong>lege</strong></span> <span class='ocrx_word' id='word_1_506' title='bbox 298 2745 474 2777; x_wconf 64' lang='lat' dir='ltr'><strong>interdictum</strong></span> <span class='ocrx_word' id='word_1_507' title='bbox 489 2756 541 2779; x_wconf 85' lang='lat' dir='ltr'><strong>est.</strong></span> 
     </span>
    </p>
   </div>
   <div class='ocr_carea' id='block_1_76' title="bbox 857 1572 880 1604">
    <p class='ocr_par' dir='ltr' id='par_1_76' title="bbox 857 1572 880 1604">
     <span class='ocr_line' id='line_1_76' title="bbox 857 1572 880 1604; baseline 0 0"><span class='ocrx_word' id='word_1_508' title='bbox 857 1572 880 1604; x_wconf 91' lang='lat' dir='ltr'><strong>C</strong></span> 
     </span>
    </p>
   </div>
   <div class='ocr_carea' id='block_1_77' title="bbox 100 2819 466 2854">
    <p class='ocr_par' dir='ltr' id='par_1_77' title="bbox 100 2819 466 2854">
     <span class='ocr_line' id='line_1_77' title="bbox 100 2819 466 2854; baseline 0.003 -9"><span class='ocrx_word' id='word_1_509' title='bbox 100 2825 106 2854; x_wconf 69' lang='grc' dir='ltr'><strong><em>ξ</em></strong></span> <span class='ocrx_word' id='word_1_510' title='bbox 128 2819 146 2845; x_wconf 92' lang='grc' dir='ltr'><strong>Ι.</strong></span> <span class='ocrx_word' id='word_1_511' title='bbox 163 2827 193 2850; x_wconf 85' lang='grc' dir='ltr'>ιι.</span> <span class='ocrx_word' id='word_1_512' title='bbox 205 2828 234 2854; x_wconf 90' lang='lat' dir='ltr'><strong>p.</strong></span> <span class='ocrx_word' id='word_1_513' title='bbox 249 2820 311 2848; x_wconf 66' lang='grc'><strong>424.</strong></span> <span class='ocrx_word' id='word_1_514' title='bbox 351 2821 370 2837; x_wconf 83' lang='grc'>¹¹</span> <span class='ocrx_word' id='word_1_515' title='bbox 387 2821 466 2854; x_wconf 81' lang='lat' dir='ltr'><strong>Liv,</strong></span> 
     </span>
    </p>
   </div>
   <div class='ocr_carea' id='block_1_78' title="bbox 67 2853 474 2890">
    <p class='ocr_par' dir='ltr' id='par_1_78' title="bbox 67 2853 474 2890">
     <span class='ocr_line' id='line_1_78' title="bbox 67 2853 474 2890; baseline 0.012 -11"><span class='ocrx_word' id='word_1_516' title='bbox 67 2854 85 2890; x_wconf 60' lang='lat' dir='ltr'><strong>ff</strong></span> <span class='ocrx_word' id='word_1_517' title='bbox 97 2853 142 2880; x_wconf 86' lang='lat' dir='ltr'><strong>lih.</strong></span> <span class='ocrx_word' id='word_1_518' title='bbox 157 2862 186 2881; x_wconf 86' lang='grc' dir='ltr'><strong>ιιι</strong></span> <span class='ocrx_word' id='word_1_519' title='bbox 202 2853 319 2889; x_wconf 86' lang='lat' dir='ltr'><strong>Strom.,</strong></span> <span class='ocrx_word' id='word_1_520' title='bbox 334 2863 397 2890; x_wconf 77' lang='lat' dir='ltr'><strong>pag.</strong></span> <span class='ocrx_word' id='word_1_521' title='bbox 412 2853 474 2886; x_wconf 72' lang='grc'><strong>428.</strong></span> 
     </span>
    </p>
   </div>
   <div class='ocr_carea' id='block_1_79' title="bbox 66 2886 438 2927">
    <p class='ocr_par' dir='ltr' id='par_1_79' title="bbox 66 2886 438 2927">
     <span class='ocr_line' id='line_1_79' title="bbox 66 2886 438 2927; baseline 0.013 -13"><span class='ocrx_word' id='word_1_522' title='bbox 66 2886 107 2915; x_wconf 89' lang='lat' dir='ltr'><strong>lib.</strong></span> <span class='ocrx_word' id='word_1_523' title='bbox 121 2897 156 2922; x_wconf 89' lang='grc' dir='ltr'>ιι,</span> <span class='ocrx_word' id='word_1_524' title='bbox 176 2897 234 2925; x_wconf 87' lang='lat' dir='ltr'><strong>cap.</strong></span> <span class='ocrx_word' id='word_1_525' title='bbox 251 2886 318 2926; x_wconf 68' lang='lat' dir='ltr'><strong>ulL,</strong></span> <span class='ocrx_word' id='word_1_526' title='bbox 334 2886 438 2927; x_wconf 59' lang='grc' dir='ltr'>ἒιι.</span> 
     </span>
    </p>
   </div>
   <div class='ocr_carea' id='block_1_80' title="bbox 494 2821 878 2893">
    <p class='ocr_par' dir='ltr' id='par_1_80' title="bbox 494 2821 878 2893">
     <span class='ocr_line' id='line_1_80' title="bbox 494 2821 878 2893; baseline 0.008 -44"><span class='ocrx_word' id='word_1_527' title='bbox 494 2821 605 2887; x_wconf 49' lang='grc' dir='ltr'><strong>ρὶσὸᾕῇὺ</strong></span> <span class='ocrx_word' id='word_1_528' title='bbox 636 2822 760 2893; x_wconf 38' lang='lat'><strong>11.4131,</strong></span> <span class='ocrx_word' id='word_1_529' title='bbox 774 2823 878 2893; x_wconf 40' lang='lat' dir='ltr'><strong>p.‘</strong></span> 
     </span>
     <span class='ocr_line' id='line_1_81' title="bbox 609 2878 866 2892; baseline 0 -6"><span class='ocrx_word' id='word_1_530' title='bbox 609 2878 615 2886; x_wconf 94' lang='lat'><strong>.</strong></span> <span class='ocrx_word' id='word_1_531' title='bbox 628 2878 635 2892; x_wconf 91' lang='lat'><strong>,</strong></span> <span class='ocrx_word' id='word_1_532' title='bbox 672 2879 678 2885; x_wconf 97' lang='lat'><strong>.</strong></span> <span class='ocrx_word' id='word_1_533' title='bbox 753 2879 760 2887; x_wconf 93' lang='lat'><strong>.</strong></span> <span class='ocrx_word' id='word_1_534' title='bbox 860 2878 866 2886; x_wconf 93' lang='lat'><strong>.</strong></span> 
     </span>
    </p>
   </div>
   <div class='ocr_carea' id='block_1_81' title="bbox 580 2867 760 2892">
    <p class='ocr_par' dir='ltr' id='par_1_81' title="bbox 580 2867 760 2892">
     <span class='ocr_line' id='line_1_82' title="bbox 580 2867 760 2892; baseline 0.006 -6"><span class='ocrx_word' id='word_1_535' title='bbox 580 2867 615 2887; x_wconf 89' lang='lat' dir='ltr'><strong>tu.</strong></span> <span class='ocrx_word' id='word_1_536' title='bbox 628 2878 635 2892; x_wconf 91' lang='lat'><strong>,</strong></span> <span class='ocrx_word' id='word_1_537' title='bbox 653 2867 678 2892; x_wconf 89' lang='lat' dir='ltr'><strong>p.</strong></span> <span class='ocrx_word' id='word_1_538' title='bbox 699 2867 760 2887; x_wconf 73' lang='lat' dir='ltr'><strong>lt&quot;.</strong></span> 
     </span>
    </p>
   </div>
   <div class='ocr_carea' id='block_1_82' title="bbox 800 2859 952 2894">
    <p class='ocr_par' dir='ltr' id='par_1_82' title="bbox 800 2859 952 2894">
     <span class='ocr_line' id='line_1_83' title="bbox 800 2859 952 2894; baseline 0.007 -8"><span class='ocrx_word' id='word_1_539' title='bbox 800 2860 820 2876; x_wconf 73' lang='grc' dir='ltr'>ιτ</span> <span class='ocrx_word' id='word_1_540' title='bbox 840 2869 866 2894; x_wconf 82' lang='grc' dir='ltr'><strong>ρ.</strong></span> <span class='ocrx_word' id='word_1_541' title='bbox 887 2859 952 2887; x_wconf 72' lang='lat' dir='ltr'><strong>tat.</strong></span> 
     </span>
    </p>
   </div>
   <div class='ocr_carea' id='block_1_83' title="bbox 906 249 1685 284">
    <p class='ocr_par' dir='ltr' id='par_1_83' title="bbox 906 249 1685 284">
     <span class='ocr_line' id='line_1_84' title="bbox 906 249 1685 284; baseline -0.004 -5"><span class='ocrx_word' id='word_1_542' title='bbox 906 251 998 279; x_wconf 92' lang='lat' dir='ltr'><strong>monio</strong></span> <span class='ocrx_word' id='word_1_543' title='bbox 1022 258 1084 277; x_wconf 87' lang='lat' dir='ltr'><strong>esse</strong></span> <span class='ocrx_word' id='word_1_544' title='bbox 1104 257 1200 284; x_wconf 88' lang='lat' dir='ltr'><strong>reapse</strong></span> <span class='ocrx_word' id='word_1_545' title='bbox 1219 249 1450 282; x_wconf 82' lang='lat' dir='ltr'><strong>imperfectioncm</strong></span> <span class='ocrx_word' id='word_1_546' title='bbox 1467 253 1512 274; x_wconf 87' lang='lat' dir='ltr'><strong>aut</strong></span> <span class='ocrx_word' id='word_1_547' title='bbox 1527 254 1685 283; x_wconf 73' lang='lat' dir='ltr'><strong>peceatum;</strong></span> 
     </span>
    </p>
   </div>
   <div class='ocr_carea' id='block_1_84' title="bbox 903 284 1687 319">
    <p class='ocr_par' dir='ltr' id='par_1_84' title="bbox 903 284 1687 319">
     <span class='ocr_line' id='line_1_85' title="bbox 903 284 1687 319; baseline -0.004 -5"><span class='ocrx_word' id='word_1_548' title='bbox 903 288 950 314; x_wconf 85' lang='lat' dir='ltr'><strong>sed</strong></span> <span class='ocrx_word' id='word_1_549' title='bbox 967 286 1012 319; x_wconf 90' lang='lat' dir='ltr'><strong>qui</strong></span> <span class='ocrx_word' id='word_1_550' title='bbox 1031 285 1152 312; x_wconf 87' lang='lat' dir='ltr'><strong>secundo</strong></span> <span class='ocrx_word' id='word_1_551' title='bbox 1176 284 1350 311; x_wconf 88' lang='lat' dir='ltr'><strong>matrimonio</strong></span> <span class='ocrx_word' id='word_1_552' title='bbox 1373 284 1530 318; x_wconf 84' lang='lat' dir='ltr'><strong>copulatur,</strong></span> <span class='ocrx_word' id='word_1_553' title='bbox 1548 284 1617 311; x_wconf 85' lang='lat' dir='ltr'><strong>hunc</strong></span> <span class='ocrx_word' id='word_1_554' title='bbox 1633 293 1687 313; x_wconf 89' lang='lat' dir='ltr'><strong>non</strong></span> 
     </span>
    </p>
   </div>
   <div class='ocr_carea' id='block_1_85' title="bbox 903 319 1688 354">
    <p class='ocr_par' dir='ltr' id='par_1_85' title="bbox 903 319 1688 354">
     <span class='ocr_line' id='line_1_86' title="bbox 903 319 1688 354; baseline -0.003 -6"><span class='ocrx_word' id='word_1_555' title='bbox 903 323 1037 354; x_wconf 76' lang='lat' dir='ltr'><strong>attingere</strong></span> <span class='ocrx_word' id='word_1_556' title='bbox 1062 321 1277 348; x_wconf 86' lang='lat' dir='ltr'><strong>commendatam</strong></span> <span class='ocrx_word' id='word_1_557' title='bbox 1303 320 1328 346; x_wconf 88' lang='lat' dir='ltr'><strong>itt</strong></span> <span class='ocrx_word' id='word_1_558' title='bbox 1357 319 1503 354; x_wconf 79' lang='lat' dir='ltr'><strong>Evangelio</strong></span> <span class='ocrx_word' id='word_1_559' title='bbox 1531 327 1688 354; x_wconf 84' lang='lat' dir='ltr'><strong>snprentam</strong></span> 
     </span>
    </p>
   </div>
   <div class='ocr_carea' id='block_1_86' title="bbox 902 355 1359 389">
    <p class='ocr_par' dir='ltr' id='par_1_86' title="bbox 902 355 1359 389">
     <span class='ocr_line' id='line_1_87' title="bbox 902 355 1359 389; baseline -0.007 -6"><span class='ocrx_word' id='word_1_560' title='bbox 902 357 963 384; x_wconf 66' lang='lat' dir='ltr'><strong>vita!</strong></span> <span class='ocrx_word' id='word_1_561' title='bbox 975 356 1136 383; x_wconf 66' lang='lat' dir='ltr'><strong>Christianae</strong></span> <span class='ocrx_word' id='word_1_562' title='bbox 1153 355 1359 389; x_wconf 84' lang='lat' dir='ltr'><strong>perfectionem.</strong></span> 
     </span>
    </p>
   </div>
   <div class='ocr_carea' id='block_1_87' title="bbox 938 389 1687 426">
    <p class='ocr_par' dir='ltr' id='par_1_87' title="bbox 938 389 1687 426">
     <span class='ocr_line' id='line_1_88' title="bbox 938 389 1687 426; baseline -0.001 -8"><span class='ocrx_word' id='word_1_563' title='bbox 938 392 1107 426; x_wconf 82' lang='lat' dir='ltr'><strong>Quapropter</strong></span> <span class='ocrx_word' id='word_1_564' title='bbox 1124 391 1170 426; x_wconf 77' lang='lat' dir='ltr'><strong>ubi</strong></span> <span class='ocrx_word' id='word_1_565' title='bbox 1189 389 1438 426; x_wconf 75' lang='lat' dir='ltr'><strong>matriutouiuntab</strong></span> <span class='ocrx_word' id='word_1_566' title='bbox 1445 389 1506 426; x_wconf 88' lang='lat' dir='ltr'><strong>illo,</strong></span> <span class='ocrx_word' id='word_1_567' title='bbox 1518 393 1547 416; x_wconf 80' lang='grc' dir='ltr'><strong>ιιι</strong></span> <span class='ocrx_word' id='word_1_568' title='bbox 1559 389 1687 426; x_wconf 85' lang='lat' dir='ltr'><strong>vidimus,</strong></span> 
     </span>
    </p>
   </div>
   <div class='ocr_carea' id='block_1_88' title="bbox 901 424 1686 454">
    <p class='ocr_par' dir='ltr' id='par_1_88' title="bbox 901 424 1686 454">
     <span class='ocr_line' id='line_1_89' title="bbox 901 424 1686 454; baseline -0.001 0"><span class='ocrx_word' id='word_1_569' title='bbox 901 424 1028 454; x_wconf 79' lang='lat' dir='ltr'><strong>delinitur</strong></span> <span class='ocrx_word' id='word_1_570' title='bbox 1042 428 1061 442; x_wconf 86' lang='lat'>”</span> <span class='ocrx_word' id='word_1_571' title='bbox 1077 435 1084 453; x_wconf 85' lang='lat'><strong>:</strong></span> <span class='ocrx_word' id='word_1_572' title='bbox 1101 435 1110 450; x_wconf 80' lang='grc' dir='ltr'><strong>ι</strong></span> <span class='ocrx_word' id='word_1_573' title='bbox 1129 425 1219 452; x_wconf 86' lang='lat' dir='ltr'><strong>Prima</strong></span> <span class='ocrx_word' id='word_1_574' title='bbox 1235 426 1284 451; x_wconf 89' lang='lat' dir='ltr'><strong>viri</strong></span> <span class='ocrx_word' id='word_1_575' title='bbox 1301 430 1327 450; x_wconf 72' lang='lat' dir='ltr'><strong>vt</strong></span> <span class='ocrx_word' id='word_1_576' title='bbox 1344 424 1467 451; x_wconf 89' lang='lat' dir='ltr'><strong>mulieris</strong></span> <span class='ocrx_word' id='word_1_577' title='bbox 1483 425 1629 452; x_wconf 87' lang='lat' dir='ltr'><strong>secundum</strong></span> <span class='ocrx_word' id='word_1_578' title='bbox 1646 424 1686 453; x_wconf 56' lang='lat' dir='ltr'><strong>le;</strong></span> 
     </span>
    </p>
   </div>
   <div class='ocr_carea' id='block_1_89' title="bbox 902 461 1685 497">
    <p class='ocr_par' dir='ltr' id='par_1_89' title="bbox 902 461 1685 497">
     <span class='ocr_line' id='line_1_90' title="bbox 902 461 1685 497; baseline -0.001 -8"><span class='ocrx_word' id='word_1_579' title='bbox 902 470 962 497; x_wconf 82' lang='lat' dir='ltr'><strong>gem</strong></span> <span class='ocrx_word' id='word_1_580' title='bbox 982 462 1156 495; x_wconf 86' lang='lat' dir='ltr'><strong>conjunctio;</strong></span> <span class='ocrx_word' id='word_1_581' title='bbox 1178 461 1247 497; x_wconf 48' lang='lat' dir='ltr'><strong>)“Vel</strong></span> <span class='ocrx_word' id='word_1_582' title='bbox 1266 461 1309 497; x_wconf 83' lang='lat' dir='ltr'><strong>ubi</strong></span> <span class='ocrx_word' id='word_1_583' title='bbox 1327 461 1360 486; x_wconf 93' lang='lat' dir='ltr'><strong>ab</strong></span> <span class='ocrx_word' id='word_1_584' title='bbox 1381 461 1437 494; x_wconf 87' lang='lat' dir='ltr'><strong>ipso</strong></span> <span class='ocrx_word' id='word_1_585' title='bbox 1453 467 1560 497; x_wconf 78' lang='lat' dir='ltr'><strong>quoque</strong></span> <span class='ocrx_word' id='word_1_586' title='bbox 1574 461 1685 497; x_wconf 81' lang='lat' dir='ltr'><strong>scriptis</strong></span> 
     </span>
    </p>
   </div>
   <div class='ocr_carea' id='block_1_90' title="bbox 903 495 1686 530">
    <p class='ocr_par' dir='ltr' id='par_1_90' title="bbox 903 495 1686 530">
     <span class='ocr_line' id='line_1_91' title="bbox 903 495 1686 530; baseline -0.001 -6"><span class='ocrx_word' id='word_1_587' title='bbox 903 495 1032 524; x_wconf 74' lang='lat' dir='ltr'><strong>traditum</strong></span> <span class='ocrx_word' id='word_1_588' title='bbox 1047 501 1086 523; x_wconf 77' lang='lat' dir='ltr'><strong>est</strong></span> <span class='ocrx_word' id='word_1_589' title='bbox 1101 497 1122 512; x_wconf 77' lang='grc'><strong>’⁸</strong></span> <span class='ocrx_word' id='word_1_590' title='bbox 1136 504 1142 522; x_wconf 91' lang='lat'>:</span> <span class='ocrx_word' id='word_1_591' title='bbox 1162 505 1171 522; x_wconf 84' lang='lat'><strong>(</strong></span> <span class='ocrx_word' id='word_1_592' title='bbox 1189 495 1379 528; x_wconf 83' lang='lat' dir='ltr'><strong>Unusquisque</strong></span> <span class='ocrx_word' id='word_1_593' title='bbox 1400 500 1522 522; x_wconf 88' lang='lat' dir='ltr'><strong>uostrunt</strong></span> <span class='ocrx_word' id='word_1_594' title='bbox 1543 495 1622 522; x_wconf 89' lang='lat' dir='ltr'><strong>habet</strong></span> <span class='ocrx_word' id='word_1_595' title='bbox 1636 504 1686 530; x_wconf 91' lang='lat' dir='ltr'><strong>po-</strong></span> 
     </span>
    </p>
   </div>
   <div class='ocr_carea' id='block_1_91' title="bbox 902 530 1685 565">
    <p class='ocr_par' dir='ltr' id='par_1_91' title="bbox 902 530 1685 565">
     <span class='ocr_line' id='line_1_92' title="bbox 902 530 1685 565; baseline -0.006 -6"><span class='ocrx_word' id='word_1_596' title='bbox 902 537 1027 559; x_wconf 75' lang='lat' dir='ltr'><strong>testatem</strong></span> <span class='ocrx_word' id='word_1_597' title='bbox 1043 532 1156 558; x_wconf 82' lang='lat' dir='ltr'><strong>ducendi</strong></span> <span class='ocrx_word' id='word_1_598' title='bbox 1174 539 1297 562; x_wconf 78' lang='lat' dir='ltr'><strong>uxorem,</strong></span> <span class='ocrx_word' id='word_1_599' title='bbox 1315 530 1462 557; x_wconf 87' lang='lat' dir='ltr'><strong>secundum</strong></span> <span class='ocrx_word' id='word_1_600' title='bbox 1479 530 1575 564; x_wconf 78' lang='lat' dir='ltr'><strong>legem,</strong></span> <span class='ocrx_word' id='word_1_601' title='bbox 1586 530 1611 556; x_wconf 92' lang='lat' dir='ltr'><strong>in</strong></span> <span class='ocrx_word' id='word_1_602' title='bbox 1627 531 1685 565; x_wconf 81' lang='lat' dir='ltr'><strong>pri—</strong></span> 
     </span>
    </p>
   </div>
   <div class='ocr_carea' id='block_1_92' title="bbox 901 565 1684 601">
    <p class='ocr_par' dir='ltr' id='par_1_92' title="bbox 901 565 1684 601">
     <span class='ocr_line' id='line_1_93' title="bbox 901 565 1684 601; baseline -0.003 -6"><span class='ocrx_word' id='word_1_603' title='bbox 901 568 971 600; x_wconf 83' lang='lat' dir='ltr'><strong>mis,</strong></span> <span class='ocrx_word' id='word_1_604' title='bbox 990 568 1100 600; x_wconf 88' lang='lat' dir='ltr'><strong>inqttattt</strong></span> <span class='ocrx_word' id='word_1_605' title='bbox 1112 587 1119 600; x_wconf 92' lang='lat'><strong>,</strong></span> <span class='ocrx_word' id='word_1_606' title='bbox 1135 567 1251 601; x_wconf 86' lang='lat' dir='ltr'><strong>nuptiis;</strong></span> <span class='ocrx_word' id='word_1_607' title='bbox 1275 575 1283 591; x_wconf 81' lang='grc' dir='ltr'><strong>ι</strong></span> <span class='ocrx_word' id='word_1_608' title='bbox 1302 565 1342 592; x_wconf 86' lang='lat' dir='ltr'><strong>vel</strong></span> <span class='ocrx_word' id='word_1_609' title='bbox 1363 566 1406 591; x_wconf 82' lang='lat' dir='ltr'><strong>tibi</strong></span> <span class='ocrx_word' id='word_1_610' title='bbox 1424 566 1531 591; x_wconf 85' lang='lat' dir='ltr'><strong>tandem</strong></span> <span class='ocrx_word' id='word_1_611' title='bbox 1543 572 1684 601; x_wconf 24' lang='lat' dir='ltr'><strong>Nmonoga-</strong></span> 
     </span>
    </p>
   </div>
   <div class='ocr_carea' id='block_1_93' title="bbox 901 600 1684 635">
    <p class='ocr_par' dir='ltr' id='par_1_93' title="bbox 901 600 1684 635">
     <span class='ocr_line' id='line_1_94' title="bbox 901 600 1684 635; baseline -0.003 -6"><span class='ocrx_word' id='word_1_612' title='bbox 901 603 983 630; x_wconf 91' lang='lat' dir='ltr'><strong>miam</strong></span> <span class='ocrx_word' id='word_1_613' title='bbox 1005 603 1038 629; x_wconf 86' lang='lat' dir='ltr'><strong>ab</strong></span> <span class='ocrx_word' id='word_1_614' title='bbox 1057 609 1090 628; x_wconf 89' lang='lat' dir='ltr'><strong>eo</strong></span> <span class='ocrx_word' id='word_1_615' title='bbox 1117 600 1217 628; x_wconf 82' lang='lat' dir='ltr'><strong>dicitur</strong></span> <span class='ocrx_word' id='word_1_616' title='bbox 1237 602 1258 617; x_wconf 83' lang='lat'>&quot;</span> <span class='ocrx_word' id='word_1_617' title='bbox 1285 600 1413 627; x_wconf 90' lang='lat' dir='ltr'><strong>constitui</strong></span> <span class='ocrx_word' id='word_1_618' title='bbox 1436 600 1559 635; x_wconf 81' lang='lat' dir='ltr'><strong>Apostoli</strong></span> <span class='ocrx_word' id='word_1_619' title='bbox 1574 602 1684 635; x_wconf 20' lang='lat' dir='ltr'><strong>iverbis,</strong></span> 
     </span>
    </p>
   </div>
   <div class='ocr_carea' id='block_1_94' title="bbox 901 634 1685 672">
    <p class='ocr_par' dir='ltr' id='par_1_94' title="bbox 901 634 1685 672">
     <span class='ocr_line' id='line_1_95' title="bbox 901 634 1685 672; baseline -0.005 -7"><span class='ocrx_word' id='word_1_620' title='bbox 901 639 1000 672; x_wconf 82' lang='lat' dir='ltr'><strong>quibus</strong></span> <span class='ocrx_word' id='word_1_621' title='bbox 1015 637 1134 667; x_wconf 88' lang='lat' dir='ltr'><strong>mulieri,</strong></span> <span class='ocrx_word' id='word_1_622' title='bbox 1151 637 1210 664; x_wconf 71' lang='lat' dir='ltr'><strong>viro</strong></span> <span class='ocrx_word' id='word_1_623' title='bbox 1224 641 1404 672; x_wconf 17' lang='lat' dir='ltr'><strong>suortttorturo,</strong></span> <span class='ocrx_word' id='word_1_624' title='bbox 1418 634 1513 672; x_wconf 81' lang='lat' dir='ltr'><strong>rursus</strong></span> <span class='ocrx_word' id='word_1_625' title='bbox 1530 636 1555 661; x_wconf 92' lang='lat' dir='ltr'><strong>in</strong></span> <span class='ocrx_word' id='word_1_626' title='bbox 1573 634 1685 665; x_wconf 88' lang='lat' dir='ltr'><strong>Domino</strong></span> 
     </span>
    </p>
   </div>
   <div class='ocr_carea' id='block_1_95' title="bbox 900 671 1683 707">
    <p class='ocr_par' dir='ltr' id='par_1_95' title="bbox 900 671 1683 707">
     <span class='ocr_line' id='line_1_96' title="bbox 900 671 1683 707; baseline -0.003 -7"><span class='ocrx_word' id='word_1_627' title='bbox 900 671 1019 700; x_wconf 81' lang='lat' dir='ltr'><strong>nubendi</strong></span> <span class='ocrx_word' id='word_1_628' title='bbox 1045 677 1205 707; x_wconf 87' lang='lat' dir='ltr'><strong>potestatent</strong></span> <span class='ocrx_word' id='word_1_629' title='bbox 1230 671 1315 701; x_wconf 87' lang='lat' dir='ltr'><strong>facit,</strong></span> <span class='ocrx_word' id='word_1_630' title='bbox 1336 671 1385 707; x_wconf 78' lang='lat' dir='ltr'><strong>sed</strong></span> <span class='ocrx_word' id='word_1_631' title='bbox 1412 671 1434 697; x_wconf 89' lang='lat' dir='ltr'><strong>si</strong></span> <span class='ocrx_word' id='word_1_632' title='bbox 1456 671 1535 707; x_wconf 75' lang='lat' dir='ltr'><strong>vidua</strong></span> <span class='ocrx_word' id='word_1_633' title='bbox 1556 677 1683 707; x_wconf 86' lang='lat' dir='ltr'><strong>perman-</strong></span> 
     </span>
    </p>
   </div>
   <div class='ocr_carea' id='block_1_96' title="bbox 900 705 1683 740">
    <p class='ocr_par' dir='ltr' id='par_1_96' title="bbox 900 705 1683 740">
     <span class='ocr_line' id='line_1_97' title="bbox 900 705 1683 740; baseline -0.001 -5"><span class='ocrx_word' id='word_1_634' title='bbox 900 709 985 739; x_wconf 85' lang='lat' dir='ltr'><strong>serit,</strong></span> <span class='ocrx_word' id='word_1_635' title='bbox 1013 705 1120 734; x_wconf 78' lang='lat' dir='ltr'><strong>bealam</strong></span> <span class='ocrx_word' id='word_1_636' title='bbox 1151 707 1280 740; x_wconf 74' lang='lat' dir='ltr'><strong>praedicat</strong></span> <span class='ocrx_word' id='word_1_637' title='bbox 1302 714 1308 736; x_wconf 93' lang='lat'><strong>;</strong></span> <span class='ocrx_word' id='word_1_638' title='bbox 1336 705 1378 732; x_wconf 87' lang='lat' dir='ltr'><strong>his</strong></span> <span class='ocrx_word' id='word_1_639' title='bbox 1403 706 1530 732; x_wconf 89' lang='lat' dir='ltr'><strong>omnibus</strong></span> <span class='ocrx_word' id='word_1_640' title='bbox 1557 705 1683 739; x_wconf 87' lang='lat' dir='ltr'><strong>loquendi</strong></span> 
     </span>
    </p>
   </div>
   <div class='ocr_carea' id='block_1_97' title="bbox 900 740 1683 775">
    <p class='ocr_par' dir='ltr' id='par_1_97' title="bbox 900 740 1683 775">
     <span class='ocr_line' id='line_1_98' title="bbox 900 740 1683 775; baseline 0 -6"><span class='ocrx_word' id='word_1_641' title='bbox 900 744 987 770; x_wconf 87' lang='lat' dir='ltr'><strong>modis</strong></span> <span class='ocrx_word' id='word_1_642' title='bbox 1009 743 1077 770; x_wconf 91' lang='lat' dir='ltr'><strong>nihil</strong></span> <span class='ocrx_word' id='word_1_643' title='bbox 1106 743 1182 769; x_wconf 83' lang='lat' dir='ltr'><strong>aliud</strong></span> <span class='ocrx_word' id='word_1_644' title='bbox 1216 742 1328 775; x_wconf 88' lang='lat' dir='ltr'><strong>ipsemet</strong></span> <span class='ocrx_word' id='word_1_645' title='bbox 1360 740 1430 767; x_wconf 84' lang='lat' dir='ltr'><strong>idem</strong></span> <span class='ocrx_word' id='word_1_646' title='bbox 1462 746 1558 767; x_wconf 86' lang='lat' dir='ltr'><strong>auctor</strong></span> <span class='ocrx_word' id='word_1_647' title='bbox 1590 745 1683 770; x_wconf 82' lang='lat' dir='ltr'><strong>noster</strong></span> 
     </span>
    </p>
   </div>
   <div class='ocr_carea' id='block_1_98' title="bbox 899 776 1684 810">
    <p class='ocr_par' dir='ltr' id='par_1_98' title="bbox 899 776 1684 810">
     <span class='ocr_line' id='line_1_99' title="bbox 899 776 1684 810; baseline -0.004 -5"><span class='ocrx_word' id='word_1_648' title='bbox 899 779 950 806; x_wconf 89' lang='lat' dir='ltr'><strong>sibi</strong></span> <span class='ocrx_word' id='word_1_649' title='bbox 973 778 1068 809; x_wconf 90' lang='lat' dir='ltr'><strong>voluit,</strong></span> <span class='ocrx_word' id='word_1_650' title='bbox 1089 778 1143 807; x_wconf 81' lang='lat' dir='ltr'><strong>nisi</strong></span> <span class='ocrx_word' id='word_1_651' title='bbox 1168 777 1301 804; x_wconf 82' lang='lat' dir='ltr'><strong>secundas</strong></span> <span class='ocrx_word' id='word_1_652' title='bbox 1316 777 1445 810; x_wconf 81' lang='lat' dir='ltr'><strong>nuptias,</strong></span> <span class='ocrx_word' id='word_1_653' title='bbox 1462 781 1572 809; x_wconf 90' lang='lat' dir='ltr'><strong>propter</strong></span> <span class='ocrx_word' id='word_1_654' title='bbox 1594 776 1684 803; x_wconf 82' lang='lat' dir='ltr'><strong>homi-</strong></span> 
     </span>
    </p>
   </div>
   <div class='ocr_carea' id='block_1_99' title="bbox 900 811 1683 845">
    <p class='ocr_par' dir='ltr' id='par_1_99' title="bbox 900 811 1683 845">
     <span class='ocr_line' id='line_1_100' title="bbox 900 811 1683 845; baseline -0.001 -5"><span class='ocrx_word' id='word_1_655' title='bbox 900 814 942 840; x_wconf 85' lang='lat' dir='ltr'><strong>nis</strong></span> <span class='ocrx_word' id='word_1_656' title='bbox 958 813 1193 844; x_wconf 87' lang='lat' dir='ltr'><strong>incontinentiam,</strong></span> <span class='ocrx_word' id='word_1_657' title='bbox 1213 811 1362 845; x_wconf 87' lang='lat' dir='ltr'><strong>apostolica</strong></span> <span class='ocrx_word' id='word_1_658' title='bbox 1381 811 1545 845; x_wconf 75' lang='lat' dir='ltr'><strong>indulgentia</strong></span> <span class='ocrx_word' id='word_1_659' title='bbox 1559 815 1588 838; x_wconf 87' lang='lat' dir='ltr'><strong>et</strong></span> <span class='ocrx_word' id='word_1_660' title='bbox 1603 813 1683 840; x_wconf 85' lang='lat' dir='ltr'><strong>venia</strong></span> 
     </span>
    </p>
   </div>
   <div class='ocr_carea' id='block_1_100' title="bbox 901 846 1683 882">
    <p class='ocr_par' dir='ltr' id='par_1_100' title="bbox 901 846 1683 882">
     <span class='ocr_line' id='line_1_101' title="bbox 901 846 1683 882; baseline -0.001 -7"><span class='ocrx_word' id='word_1_661' title='bbox 901 849 984 876; x_wconf 82' lang='lat' dir='ltr'><strong>fuisse</strong></span> <span class='ocrx_word' id='word_1_662' title='bbox 1007 848 1163 882; x_wconf 87' lang='lat' dir='ltr'><strong>permissas,</strong></span> <span class='ocrx_word' id='word_1_663' title='bbox 1188 855 1290 881; x_wconf 88' lang='lat' dir='ltr'><strong>easque</strong></span> <span class='ocrx_word' id='word_1_664' title='bbox 1312 846 1494 882; x_wconf 80' lang='lat' dir='ltr'><strong>etiamsinon</strong></span> <span class='ocrx_word' id='word_1_665' title='bbox 1515 848 1571 874; x_wconf 93' lang='lat' dir='ltr'><strong>sint</strong></span> <span class='ocrx_word' id='word_1_666' title='bbox 1586 854 1683 881; x_wconf 86' lang='lat' dir='ltr'><strong>pecca-</strong></span> 
     </span>
    </p>
   </div>
   <div class='ocr_carea' id='block_1_101' title="bbox 899 881 1683 918">
    <p class='ocr_par' dir='ltr' id='par_1_101' title="bbox 899 881 1683 918">
     <span class='ocr_line' id='line_1_102' title="bbox 899 881 1683 918; baseline 0 -8"><span class='ocrx_word' id='word_1_667' title='bbox 899 888 955 910; x_wconf 87' lang='lat' dir='ltr'><strong>tum</strong></span> <span class='ocrx_word' id='word_1_668' title='bbox 972 905 980 917; x_wconf 90' lang='lat'><strong>,</strong></span> <span class='ocrx_word' id='word_1_669' title='bbox 1007 881 1082 918; x_wconf 82' lang='lat' dir='ltr'><strong>quod</strong></span> <span class='ocrx_word' id='word_1_670' title='bbox 1111 882 1220 917; x_wconf 90' lang='lat' dir='ltr'><strong>quidem</strong></span> <span class='ocrx_word' id='word_1_671' title='bbox 1255 883 1289 908; x_wconf 90' lang='lat' dir='ltr'><strong>ah</strong></span> <span class='ocrx_word' id='word_1_672' title='bbox 1316 881 1445 918; x_wconf 78' lang='lat' dir='ltr'><strong>Apostolo</strong></span> <span class='ocrx_word' id='word_1_673' title='bbox 1470 882 1598 918; x_wconf 78' lang='lat' dir='ltr'><strong>permitti</strong></span> <span class='ocrx_word' id='word_1_674' title='bbox 1628 890 1683 910; x_wconf 90' lang='lat' dir='ltr'><strong>non</strong></span> 
     </span>
    </p>
   </div>
   <div class='ocr_carea' id='block_1_102' title="bbox 899 916 1683 954">
    <p class='ocr_par' dir='ltr' id='par_1_102' title="bbox 899 916 1683 954">
     <span class='ocr_line' id='line_1_103' title="bbox 899 916 1683 954; baseline 0 -9"><span class='ocrx_word' id='word_1_675' title='bbox 899 920 999 954; x_wconf 84' lang='lat' dir='ltr'><strong>potuit.</strong></span> <span class='ocrx_word' id='word_1_676' title='bbox 1018 916 1100 946; x_wconf 79' lang='lat' dir='ltr'><strong>iantae</strong></span> <span class='ocrx_word' id='word_1_677' title='bbox 1115 916 1206 954; x_wconf 82' lang='lat' dir='ltr'><strong>tamen</strong></span> <span class='ocrx_word' id='word_1_678' title='bbox 1221 925 1274 945; x_wconf 91' lang='lat' dir='ltr'><strong>non</strong></span> <span class='ocrx_word' id='word_1_679' title='bbox 1290 924 1349 944; x_wconf 87' lang='lat' dir='ltr'><strong>esse</strong></span> <span class='ocrx_word' id='word_1_680' title='bbox 1365 916 1538 950; x_wconf 84' lang='lat' dir='ltr'><strong>perfectionis</strong></span> <span class='ocrx_word' id='word_1_681' title='bbox 1549 937 1557 950; x_wconf 91' lang='lat'><strong>,</strong></span> <span class='ocrx_word' id='word_1_682' title='bbox 1573 922 1683 954; x_wconf 61' lang='lat' dir='ltr'><strong>quantm</strong></span> 
     </span>
    </p>
   </div>
   <div class='ocr_carea' id='block_1_103' title="bbox 897 953 1683 990">
    <p class='ocr_par' dir='ltr' id='par_1_103' title="bbox 897 953 1683 990">
     <span class='ocr_line' id='line_1_104' title="bbox 897 953 1683 990; baseline 0 -9"><span class='ocrx_word' id='word_1_683' title='bbox 897 953 940 981; x_wconf 84' lang='lat' dir='ltr'><strong>est</strong></span> <span class='ocrx_word' id='word_1_684' title='bbox 953 954 1102 986; x_wconf 90' lang='lat' dir='ltr'><strong>viduitatis,</strong></span> <span class='ocrx_word' id='word_1_685' title='bbox 1112 953 1338 990; x_wconf 76' lang='lat' dir='ltr'><strong>virginitatisque,</strong></span> <span class='ocrx_word' id='word_1_686' title='bbox 1347 955 1375 980; x_wconf 86' lang='lat' dir='ltr'><strong>et</strong></span> <span class='ocrx_word' id='word_1_687' title='bbox 1392 956 1494 979; x_wconf 78' lang='lat' dir='ltr'><strong>sancta:</strong></span> <span class='ocrx_word' id='word_1_688' title='bbox 1508 953 1683 981; x_wconf 76' lang='lat' dir='ltr'><strong>continentiae</strong></span> 
     </span>
    </p>
   </div>
   <div class='ocr_carea' id='block_1_104' title="bbox 896 993 993 1017">
    <p class='ocr_par' dir='ltr' id='par_1_104' title="bbox 896 993 993 1017">
     <span class='ocr_line' id='line_1_105' title="bbox 896 993 993 1017; baseline -0.021 0"><span class='ocrx_word' id='word_1_689' title='bbox 896 993 993 1017; x_wconf 81' lang='lat' dir='ltr'><strong>status.</strong></span> 
     </span>
    </p>
   </div>
   <div class='ocr_carea' id='block_1_105' title="bbox 933 1022 1683 1058">
    <p class='ocr_par' dir='ltr' id='par_1_105' title="bbox 933 1022 1683 1058">
     <span class='ocr_line' id='line_1_106' title="bbox 933 1022 1683 1058; baseline 0 -7"><span class='ocrx_word' id='word_1_690' title='bbox 933 1025 967 1051; x_wconf 81' lang='lat' dir='ltr'><strong>At</strong></span> <span class='ocrx_word' id='word_1_691' title='bbox 978 1029 1072 1052; x_wconf 87' lang='lat' dir='ltr'><strong>contra</strong></span> <span class='ocrx_word' id='word_1_692' title='bbox 1089 1029 1178 1051; x_wconf 87' lang='lat' dir='ltr'><strong>tamen</strong></span> <span class='ocrx_word' id='word_1_693' title='bbox 1195 1023 1318 1058; x_wconf 80' lang='lat' dir='ltr'><strong>insurget</strong></span> <span class='ocrx_word' id='word_1_694' title='bbox 1329 1022 1437 1057; x_wconf 84' lang='lat' dir='ltr'><strong>aliquis.</strong></span> <span class='ocrx_word' id='word_1_695' title='bbox 1454 1029 1504 1049; x_wconf 88' lang='lat' dir='ltr'><strong>nec</strong></span> <span class='ocrx_word' id='word_1_696' title='bbox 1518 1022 1609 1057; x_wconf 89' lang='lat' dir='ltr'><strong>aliqua</strong></span> <span class='ocrx_word' id='word_1_697' title='bbox 1622 1023 1683 1051; x_wconf 90' lang='lat' dir='ltr'><strong>sine</strong></span> 
     </span>
    </p>
   </div>
   <div class='ocr_carea' id='block_1_106' title="bbox 897 1058 1683 1092">
    <p class='ocr_par' dir='ltr' id='par_1_106' title="bbox 897 1058 1683 1092">
     <span class='ocr_line' id='line_1_107' title="bbox 897 1058 1683 1092; baseline 0 -6"><span class='ocrx_word' id='word_1_698' title='bbox 897 1059 961 1087; x_wconf 88' lang='lat' dir='ltr'><strong>elati</strong></span> <span class='ocrx_word' id='word_1_699' title='bbox 984 1060 1066 1086; x_wconf 89' lang='lat' dir='ltr'><strong>animi</strong></span> <span class='ocrx_word' id='word_1_700' title='bbox 1093 1059 1295 1090; x_wconf 86' lang='lat' dir='ltr'><strong>concitatione,</strong></span> <span class='ocrx_word' id='word_1_701' title='bbox 1318 1059 1397 1086; x_wconf 88' lang='lat' dir='ltr'><strong>nobis</strong></span> <span class='ocrx_word' id='word_1_702' title='bbox 1413 1058 1527 1092; x_wconf 86' lang='lat' dir='ltr'><strong>objiciet</strong></span> <span class='ocrx_word' id='word_1_703' title='bbox 1546 1058 1683 1092; x_wconf 88' lang='lat' dir='ltr'><strong>ipsissima</strong></span> 
     </span>
    </p>
   </div>
   <div class='ocr_carea' id='block_1_107' title="bbox 896 1093 1684 1127">
    <p class='ocr_par' dir='ltr' id='par_1_107' title="bbox 896 1093 1684 1127">
     <span class='ocr_line' id='line_1_108' title="bbox 896 1093 1684 1127; baseline -0.001 -4"><span class='ocrx_word' id='word_1_704' title='bbox 896 1095 1048 1124; x_wconf 83' lang='lat' dir='ltr'><strong>Clementis</strong></span> <span class='ocrx_word' id='word_1_705' title='bbox 1064 1096 1149 1122; x_wconf 82' lang='lat' dir='ltr'><strong>nostri</strong></span> <span class='ocrx_word' id='word_1_706' title='bbox 1165 1095 1266 1126; x_wconf 88' lang='lat' dir='ltr'><strong>verba,</strong></span> <span class='ocrx_word' id='word_1_707' title='bbox 1285 1094 1384 1127; x_wconf 90' lang='lat' dir='ltr'><strong>quibus</strong></span> <span class='ocrx_word' id='word_1_708' title='bbox 1406 1093 1586 1120; x_wconf 84' lang='lat' dir='ltr'><strong>disertissime</strong></span> <span class='ocrx_word' id='word_1_709' title='bbox 1609 1101 1684 1122; x_wconf 77' lang='lat' dir='ltr'><strong>asse-</strong></span> 
     </span>
    </p>
   </div>
   <div class='ocr_carea' id='block_1_108' title="bbox 896 1128 1682 1162">
    <p class='ocr_par' dir='ltr' id='par_1_108' title="bbox 896 1128 1682 1162">
     <span class='ocr_line' id='line_1_109' title="bbox 896 1128 1682 1162; baseline -0.001 -5"><span class='ocrx_word' id='word_1_710' title='bbox 896 1131 951 1159; x_wconf 87' lang='lat' dir='ltr'><strong>ruit</strong></span> <span class='ocrx_word' id='word_1_711' title='bbox 964 1138 1024 1157; x_wconf 92' lang='lat' dir='ltr'><strong>eum</strong></span> <span class='ocrx_word' id='word_1_712' title='bbox 1040 1134 1093 1157; x_wconf 88' lang='lat' dir='ltr'><strong>tattt</strong></span> <span class='ocrx_word' id='word_1_713' title='bbox 1110 1129 1242 1157; x_wconf 76' lang='lat' dir='ltr'><strong>catholica</strong></span> <span class='ocrx_word' id='word_1_714' title='bbox 1257 1129 1370 1160; x_wconf 87' lang='lat' dir='ltr'><strong>sentire,</strong></span> <span class='ocrx_word' id='word_1_715' title='bbox 1382 1129 1427 1162; x_wconf 93' lang='lat' dir='ltr'><strong>qui</strong></span> <span class='ocrx_word' id='word_1_716' title='bbox 1444 1128 1478 1155; x_wconf 87' lang='lat' dir='ltr'><strong>ab</strong></span> <span class='ocrx_word' id='word_1_717' title='bbox 1493 1135 1547 1154; x_wconf 91' lang='lat' dir='ltr'><strong>uno</strong></span> <span class='ocrx_word' id='word_1_718' title='bbox 1560 1129 1592 1155; x_wconf 88' lang='lat' dir='ltr'><strong>ad</strong></span> <span class='ocrx_word' id='word_1_719' title='bbox 1606 1129 1682 1162; x_wconf 90' lang='lat' dir='ltr'><strong>plura</strong></span> 
     </span>
    </p>
   </div>
   <div class='ocr_carea' id='block_1_109' title="bbox 896 1162 1682 1200">
    <p class='ocr_par' dir='ltr' id='par_1_109' title="bbox 896 1162 1682 1200">
     <span class='ocr_line' id='line_1_110' title="bbox 896 1162 1682 1200; baseline -0.004 -7"><span class='ocrx_word' id='word_1_720' title='bbox 896 1166 1071 1193; x_wconf 85' lang='lat' dir='ltr'><strong>matrimonia</strong></span> <span class='ocrx_word' id='word_1_721' title='bbox 1093 1165 1293 1200; x_wconf 87' lang='lat' dir='ltr'><strong>prolapsiouem</strong></span> <span class='ocrx_word' id='word_1_722' title='bbox 1317 1163 1429 1200; x_wconf 62' lang='lat' dir='ltr'><strong>dixerit</strong></span> <span class='ocrx_word' id='word_1_723' title='bbox 1446 1170 1506 1200; x_wconf 82' lang='lat' dir='ltr'><strong>esse</strong></span> <span class='ocrx_word' id='word_1_724' title='bbox 1521 1162 1682 1200; x_wconf 85' lang='lat' dir='ltr'><strong>fornicatio-</strong></span> 
     </span>
    </p>
   </div>
   <div class='ocr_carea' id='block_1_110' title="bbox 897 1198 1683 1235">
    <p class='ocr_par' dir='ltr' id='par_1_110' title="bbox 897 1198 1683 1235">
     <span class='ocr_line' id='line_1_111' title="bbox 897 1198 1683 1235; baseline -0.003 -7"><span class='ocrx_word' id='word_1_725' title='bbox 897 1208 968 1229; x_wconf 89' lang='lat' dir='ltr'><strong>nem.</strong></span> <span class='ocrx_word' id='word_1_726' title='bbox 985 1208 1065 1235; x_wconf 83' lang='lat' dir='ltr'><strong>quam</strong></span> <span class='ocrx_word' id='word_1_727' title='bbox 1081 1198 1125 1228; x_wconf 90' lang='lat' dir='ltr'><strong>ille</strong></span> <span class='ocrx_word' id='word_1_728' title='bbox 1145 1200 1288 1227; x_wconf 71' lang='lat' dir='ltr'><strong>hmreticus</strong></span> <span class='ocrx_word' id='word_1_729' title='bbox 1305 1204 1366 1231; x_wconf 88' lang='lat' dir='ltr'><strong>est,</strong></span> <span class='ocrx_word' id='word_1_730' title='bbox 1384 1199 1430 1232; x_wconf 91' lang='lat' dir='ltr'><strong>qui</strong></span> <span class='ocrx_word' id='word_1_731' title='bbox 1450 1198 1683 1235; x_wconf 19' lang='lat' dir='ltr'><strong>primumrmatri-</strong></span> 
     </span>
    </p>
   </div>
   <div class='ocr_carea' id='block_1_111' title="bbox 897 1233 1683 1268">
    <p class='ocr_par' dir='ltr' id='par_1_111' title="bbox 897 1233 1683 1268">
     <span class='ocr_line' id='line_1_112' title="bbox 897 1233 1683 1268; baseline -0.003 -6"><span class='ocrx_word' id='word_1_732' title='bbox 897 1233 1016 1263; x_wconf 83' lang='lat' dir='ltr'><strong>monium</strong></span> <span class='ocrx_word' id='word_1_733' title='bbox 1034 1236 1240 1263; x_wconf 77' lang='lat' dir='ltr'><strong>fornicationem</strong></span> <span class='ocrx_word' id='word_1_734' title='bbox 1257 1235 1349 1261; x_wconf 86' lang='lat' dir='ltr'><strong>dicere</strong></span> <span class='ocrx_word' id='word_1_735' title='bbox 1371 1235 1479 1260; x_wconf 84' lang='lat' dir='ltr'><strong>audeat.</strong></span> <span class='ocrx_word' id='word_1_736' title='bbox 1501 1234 1582 1268; x_wconf 81' lang='lat' dir='ltr'><strong>Atqui</strong></span> <span class='ocrx_word' id='word_1_737' title='bbox 1596 1233 1683 1262; x_wconf 84' lang='lat' dir='ltr'><strong>forni-</strong></span> 
     </span>
    </p>
   </div>
   <div class='ocr_carea' id='block_1_112' title="bbox 897 1269 1682 1306">
    <p class='ocr_par' dir='ltr' id='par_1_112' title="bbox 897 1269 1682 1306">
     <span class='ocr_line' id='line_1_113' title="bbox 897 1269 1682 1306; baseline -0.004 -7"><span class='ocrx_word' id='word_1_738' title='bbox 897 1271 968 1299; x_wconf 83' lang='lat' dir='ltr'><strong>catio</strong></span> <span class='ocrx_word' id='word_1_739' title='bbox 985 1271 1077 1306; x_wconf 91' lang='lat' dir='ltr'><strong>procul</strong></span> <span class='ocrx_word' id='word_1_740' title='bbox 1094 1271 1177 1298; x_wconf 88' lang='lat' dir='ltr'><strong>dubio</strong></span> <span class='ocrx_word' id='word_1_741' title='bbox 1193 1274 1240 1306; x_wconf 85' lang='lat' dir='ltr'><strong>est</strong></span> <span class='ocrx_word' id='word_1_742' title='bbox 1251 1273 1403 1306; x_wconf 83' lang='lat' dir='ltr'><strong>peccatum.</strong></span> <span class='ocrx_word' id='word_1_743' title='bbox 1418 1269 1488 1306; x_wconf 82' lang='lat' dir='ltr'><strong>Ergo</strong></span> <span class='ocrx_word' id='word_1_744' title='bbox 1502 1272 1530 1306; x_wconf 83' lang='lat' dir='ltr'><strong>et</strong></span> <span class='ocrx_word' id='word_1_745' title='bbox 1544 1269 1682 1306; x_wconf 71' lang='lat' dir='ltr'><strong>secundae,</strong></span> 
     </span>
    </p>
   </div>
   <div class='ocr_carea' id='block_1_113' title="bbox 898 1304 1682 1340">
    <p class='ocr_par' dir='ltr' id='par_1_113' title="bbox 898 1304 1682 1340">
     <span class='ocr_line' id='line_1_114' title="bbox 898 1304 1682 1340; baseline -0.001 -7"><span class='ocrx_word' id='word_1_746' title='bbox 898 1304 1010 1340; x_wconf 50' lang='lat' dir='ltr'><strong>alque&#39;a</strong></span> <span class='ocrx_word' id='word_1_747' title='bbox 1026 1306 1131 1333; x_wconf 87' lang='lat' dir='ltr'><strong>fortiori</strong></span> <span class='ocrx_word' id='word_1_748' title='bbox 1152 1306 1211 1333; x_wconf 54' lang='lat' dir='ltr'><strong>alia;</strong></span> <span class='ocrx_word' id='word_1_749' title='bbox 1226 1305 1353 1339; x_wconf 86' lang='lat' dir='ltr'><strong>deinceps</strong></span> <span class='ocrx_word' id='word_1_750' title='bbox 1370 1304 1469 1338; x_wconf 79' lang='lat' dir='ltr'><strong>nuptiae</strong></span> <span class='ocrx_word' id='word_1_751' title='bbox 1490 1304 1524 1331; x_wconf 89' lang='lat' dir='ltr'><strong>ab</strong></span> <span class='ocrx_word' id='word_1_752' title='bbox 1541 1310 1576 1330; x_wconf 89' lang='lat' dir='ltr'><strong>eo</strong></span> <span class='ocrx_word' id='word_1_753' title='bbox 1591 1305 1682 1339; x_wconf 81' lang='lat' dir='ltr'><strong>reipsa</strong></span> 
     </span>
    </p>
   </div>
   <div class='ocr_carea' id='block_1_114' title="bbox 897 1341 1265 1375">
    <p class='ocr_par' dir='ltr' id='par_1_114' title="bbox 897 1341 1265 1375">
     <span class='ocr_line' id='line_1_115' title="bbox 897 1341 1265 1375; baseline -0.008 -7"><span class='ocrx_word' id='word_1_754' title='bbox 897 1341 1024 1368; x_wconf 88' lang='lat' dir='ltr'><strong>dicuntur</strong></span> <span class='ocrx_word' id='word_1_755' title='bbox 1036 1349 1096 1368; x_wconf 85' lang='lat' dir='ltr'><strong>esse</strong></span> <span class='ocrx_word' id='word_1_756' title='bbox 1113 1345 1265 1375; x_wconf 88' lang='lat' dir='ltr'><strong>peccatum.</strong></span> 
     </span>
    </p>
   </div>
   <div class='ocr_carea' id='block_1_115' title="bbox 933 1373 1682 1404">
    <p class='ocr_par' dir='ltr' id='par_1_115' title="bbox 933 1373 1682 1404">
     <span class='ocr_line' id='line_1_116' title="bbox 933 1373 1682 1404; baseline -0.003 -1"><span class='ocrx_word' id='word_1_757' title='bbox 933 1377 985 1404; x_wconf 89' lang='lat' dir='ltr'><strong>Sed</strong></span> <span class='ocrx_word' id='word_1_758' title='bbox 1003 1382 1093 1403; x_wconf 90' lang='lat' dir='ltr'><strong>utrum</strong></span> <span class='ocrx_word' id='word_1_759' title='bbox 1109 1373 1165 1403; x_wconf 80' lang='lat' dir='ltr'><strong>haec</strong></span> <span class='ocrx_word' id='word_1_760' title='bbox 1178 1383 1243 1403; x_wconf 88' lang='lat' dir='ltr'><strong>vera</strong></span> <span class='ocrx_word' id='word_1_761' title='bbox 1259 1375 1294 1401; x_wconf 88' lang='lat' dir='ltr'><strong>sit</strong></span> <span class='ocrx_word' id='word_1_762' title='bbox 1313 1373 1461 1400; x_wconf 81' lang='lat' dir='ltr'><strong>Clementis</strong></span> <span class='ocrx_word' id='word_1_763' title='bbox 1478 1381 1554 1401; x_wconf 86' lang='lat' dir='ltr'><strong>mens</strong></span> <span class='ocrx_word' id='word_1_764' title='bbox 1569 1378 1595 1401; x_wconf 89' lang='lat' dir='ltr'><strong>et</strong></span> <span class='ocrx_word' id='word_1_765' title='bbox 1620 1381 1682 1401; x_wconf 93' lang='lat' dir='ltr'><strong>sen-</strong></span> 
     </span>
    </p>
   </div>
   <div class='ocr_carea' id='block_1_116' title="bbox 898 1408 1683 1446">
    <p class='ocr_par' dir='ltr' id='par_1_116' title="bbox 898 1408 1683 1446">
     <span class='ocr_line' id='line_1_117' title="bbox 898 1408 1683 1446; baseline -0.004 -7"><span class='ocrx_word' id='word_1_766' title='bbox 898 1413 995 1443; x_wconf 88' lang='lat' dir='ltr'><strong>tentia,</strong></span> <span class='ocrx_word' id='word_1_767' title='bbox 1012 1417 1041 1438; x_wconf 91' lang='lat' dir='ltr'><strong>ut</strong></span> <span class='ocrx_word' id='word_1_768' title='bbox 1057 1413 1240 1446; x_wconf 84' lang='lat' dir='ltr'><strong>dignoscatur,</strong></span> <span class='ocrx_word' id='word_1_769' title='bbox 1257 1409 1347 1436; x_wconf 89' lang='lat' dir='ltr'><strong>omnia</strong></span> <span class='ocrx_word' id='word_1_770' title='bbox 1369 1408 1441 1446; x_wconf 82' lang='lat' dir='ltr'><strong>illius</strong></span> <span class='ocrx_word' id='word_1_771' title='bbox 1461 1409 1546 1446; x_wconf 69' lang='lat' dir='ltr'><strong>verba</strong></span> <span class='ocrx_word' id='word_1_772' title='bbox 1568 1409 1612 1436; x_wconf 91' lang='lat' dir='ltr'><strong>hic</strong></span> <span class='ocrx_word' id='word_1_773' title='bbox 1623 1410 1683 1446; x_wconf 25' lang='lat' dir='ltr'><strong>Ade.</strong></span> 
     </span>
    </p>
   </div>
   <div class='ocr_carea' id='block_1_117' title="bbox 897 1444 1682 1478">
    <p class='ocr_par' dir='ltr' id='par_1_117' title="bbox 897 1444 1682 1478">
     <span class='ocr_line' id='line_1_118' title="bbox 897 1444 1682 1478; baseline -0.004 -4"><span class='ocrx_word' id='word_1_774' title='bbox 897 1449 1040 1474; x_wconf 90' lang='lat' dir='ltr'><strong>scribenda</strong></span> <span class='ocrx_word' id='word_1_775' title='bbox 1058 1444 1139 1474; x_wconf 71' lang='lat' dir='ltr'><strong>sunt:</strong></span> <span class='ocrx_word' id='word_1_776' title='bbox 1159 1456 1168 1472; x_wconf 77' lang='grc' dir='ltr'><strong>ι</strong></span> <span class='ocrx_word' id='word_1_777' title='bbox 1185 1447 1225 1473; x_wconf 80' lang='lat' dir='ltr'><strong>Ad</strong></span> <span class='ocrx_word' id='word_1_778' title='bbox 1242 1453 1289 1472; x_wconf 90' lang='lat' dir='ltr'><strong>eos</strong></span> <span class='ocrx_word' id='word_1_779' title='bbox 1304 1449 1407 1475; x_wconf 89' lang='lat' dir='ltr'><strong>autem,</strong></span> <span class='ocrx_word' id='word_1_780' title='bbox 1425 1444 1560 1478; x_wconf 79' lang='lat' dir='ltr'><strong>inquit&quot;,</strong></span> <span class='ocrx_word' id='word_1_781' title='bbox 1577 1444 1682 1478; x_wconf 87' lang='lat' dir='ltr'><strong>pudore</strong></span> 
     </span>
    </p>
   </div>
   <div class='ocr_carea' id='block_1_118' title="bbox 897 1479 1682 1515">
    <p class='ocr_par' dir='ltr' id='par_1_118' title="bbox 897 1479 1682 1515">
     <span class='ocr_line' id='line_1_119' title="bbox 897 1479 1682 1515; baseline -0.005 -6"><span class='ocrx_word' id='word_1_782' title='bbox 897 1482 1053 1510; x_wconf 85' lang='lat' dir='ltr'><strong>alliciendos</strong></span> <span class='ocrx_word' id='word_1_783' title='bbox 1072 1487 1099 1509; x_wconf 88' lang='lat' dir='ltr'><strong>et</strong></span> <span class='ocrx_word' id='word_1_784' title='bbox 1115 1481 1318 1515; x_wconf 80' lang='lat' dir='ltr'><strong>reprimendus.</strong></span> <span class='ocrx_word' id='word_1_785' title='bbox 1338 1479 1383 1513; x_wconf 92' lang='lat' dir='ltr'><strong>qui</strong></span> <span class='ocrx_word' id='word_1_786' title='bbox 1410 1485 1474 1506; x_wconf 87' lang='lat' dir='ltr'><strong>sunt</strong></span> <span class='ocrx_word' id='word_1_787' title='bbox 1493 1479 1627 1513; x_wconf 84' lang='lat' dir='ltr'><strong>proclives</strong></span> <span class='ocrx_word' id='word_1_788' title='bbox 1647 1480 1682 1506; x_wconf 89' lang='lat' dir='ltr'><strong>ad</strong></span> 
     </span>
    </p>
   </div>
   <div class='ocr_carea' id='block_1_119' title="bbox 897 1514 1683 1552">
    <p class='ocr_par' dir='ltr' id='par_1_119' title="bbox 897 1514 1683 1552">
     <span class='ocr_line' id='line_1_120' title="bbox 897 1514 1683 1552; baseline -0.003 -8"><span class='ocrx_word' id='word_1_789' title='bbox 897 1519 1031 1544; x_wconf 88' lang='lat' dir='ltr'><strong>secumlas</strong></span> <span class='ocrx_word' id='word_1_790' title='bbox 1046 1514 1166 1552; x_wconf 82' lang='lat' dir='ltr'><strong>nuptias,</strong></span> <span class='ocrx_word' id='word_1_791' title='bbox 1179 1523 1241 1551; x_wconf 87' lang='lat' dir='ltr'><strong>apte</strong></span> <span class='ocrx_word' id='word_1_792' title='bbox 1253 1514 1400 1552; x_wconf 68' lang='lat' dir='ltr'><strong>Apostolus</strong></span> <span class='ocrx_word' id='word_1_793' title='bbox 1414 1515 1469 1541; x_wconf 86' lang='lat' dir='ltr'><strong>alto</strong></span> <span class='ocrx_word' id='word_1_794' title='bbox 1484 1515 1600 1548; x_wconf 88' lang='lat' dir='ltr'><strong>quodam</strong></span> <span class='ocrx_word' id='word_1_795' title='bbox 1619 1519 1683 1542; x_wconf 87' lang='lat' dir='ltr'><strong>tono</strong></span> 
     </span>
    </p>
   </div>
   <div class='ocr_carea' id='block_1_120' title="bbox 896 1550 1682 1587">
    <p class='ocr_par' dir='ltr' id='par_1_120' title="bbox 896 1550 1682 1587">
     <span class='ocr_line' id='line_1_121' title="bbox 896 1550 1682 1587; baseline -0.004 -8"><span class='ocrx_word' id='word_1_796' title='bbox 896 1553 1043 1587; x_wconf 88' lang='lat' dir='ltr'><strong>eloquitur.</strong></span> <span class='ocrx_word' id='word_1_797' title='bbox 1068 1550 1157 1586; x_wconf 87' lang='lat' dir='ltr'><strong>lnquit</strong></span> <span class='ocrx_word' id='word_1_798' title='bbox 1177 1554 1270 1578; x_wconf 85' lang='lat' dir='ltr'><strong>enim:</strong></span> <span class='ocrx_word' id='word_1_799' title='bbox 1295 1550 1470 1587; x_wconf 74' lang='lat' dir='ltr'><strong>E_cce_omue</strong></span> <span class='ocrx_word' id='word_1_800' title='bbox 1482 1555 1682 1587; x_wconf 68' lang='lat' dir='ltr'><strong>peccatunrest</strong></span> 
     </span>
    </p>
   </div>
   <div class='ocr_carea' id='block_1_121' title="bbox 896 1584 1682 1621">
    <p class='ocr_par' dir='ltr' id='par_1_121' title="bbox 896 1584 1682 1621">
     <span class='ocr_line' id='line_1_122' title="bbox 896 1584 1682 1621; baseline -0.006 -5"><span class='ocrx_word' id='word_1_801' title='bbox 896 1584 972 1616; x_wconf 77' lang='lat' dir='ltr'><strong>extra</strong></span> <span class='ocrx_word' id='word_1_802' title='bbox 988 1596 1089 1621; x_wconf 81' lang='lat' dir='ltr'><strong>corpus</strong></span> <span class='ocrx_word' id='word_1_803' title='bbox 1107 1584 1117 1619; x_wconf 69' lang='grc' dir='ltr'>ξ</span> <span class='ocrx_word' id='word_1_804' title='bbox 1137 1588 1181 1621; x_wconf 93' lang='lat' dir='ltr'><strong>qni</strong></span> <span class='ocrx_word' id='word_1_805' title='bbox 1202 1592 1291 1613; x_wconf 84' lang='lat' dir='ltr'><strong>autem</strong></span> <span class='ocrx_word' id='word_1_806' title='bbox 1308 1585 1470 1621; x_wconf 87' lang='lat' dir='ltr'><strong>fornicatur,</strong></span> <span class='ocrx_word' id='word_1_807' title='bbox 1494 1585 1526 1621; x_wconf 85' lang='lat' dir='ltr'><strong>in</strong></span> <span class='ocrx_word' id='word_1_808' title='bbox 1541 1584 1682 1619; x_wconf 88' lang='lat' dir='ltr'><strong>proprittnt</strong></span> 
     </span>
    </p>
   </div>
   <div class='ocr_carea' id='block_1_122' title="bbox 893 1620 1683 1658">
    <p class='ocr_par' dir='ltr' id='par_1_122' title="bbox 893 1620 1683 1658">
     <span class='ocr_line' id='line_1_123' title="bbox 893 1620 1683 1658; baseline -0.006 -7"><span class='ocrx_word' id='word_1_809' title='bbox 893 1632 994 1658; x_wconf 88' lang='lat' dir='ltr'><strong>corpus</strong></span> <span class='ocrx_word' id='word_1_810' title='bbox 1009 1620 1114 1658; x_wconf 82' lang='lat' dir='ltr'><strong>peccat.</strong></span> <span class='ocrx_word' id='word_1_811' title='bbox 1131 1620 1158 1649; x_wconf 86' lang='lat' dir='ltr'><strong>Si</strong></span> <span class='ocrx_word' id='word_1_812' title='bbox 1177 1622 1238 1657; x_wconf 83' lang='lat' dir='ltr'><strong>quis</strong></span> <span class='ocrx_word' id='word_1_813' title='bbox 1258 1625 1348 1647; x_wconf 89' lang='lat' dir='ltr'><strong>autent</strong></span> <span class='ocrx_word' id='word_1_814' title='bbox 1373 1620 1576 1658; x_wconf 75' lang='lat' dir='ltr'><strong>matrimonium</strong></span> <span class='ocrx_word' id='word_1_815' title='bbox 1600 1621 1683 1658; x_wconf 80' lang='lat' dir='ltr'><strong>audet</strong></span> 
     </span>
    </p>
   </div>
   <div class='ocr_carea' id='block_1_123' title="bbox 894 1655 1682 1689">
    <p class='ocr_par' dir='ltr' id='par_1_123' title="bbox 894 1655 1682 1689">
     <span class='ocr_line' id='line_1_124' title="bbox 894 1655 1682 1689; baseline -0.006 -3"><span class='ocrx_word' id='word_1_816' title='bbox 894 1655 985 1686; x_wconf 79' lang='lat' dir='ltr'><strong>dicere</strong></span> <span class='ocrx_word' id='word_1_817' title='bbox 1009 1655 1238 1689; x_wconf 74' lang='lat' dir='ltr'><strong>fornicationem,</strong></span> <span class='ocrx_word' id='word_1_818' title='bbox 1265 1663 1359 1683; x_wconf 89' lang='lat' dir='ltr'><strong>rursus</strong></span> <span class='ocrx_word' id='word_1_819' title='bbox 1385 1655 1470 1688; x_wconf 76' lang='lat' dir='ltr'><strong>legem</strong></span> <span class='ocrx_word' id='word_1_820' title='bbox 1493 1660 1521 1681; x_wconf 88' lang='lat' dir='ltr'><strong>et</strong></span> <span class='ocrx_word' id='word_1_821' title='bbox 1538 1655 1682 1682; x_wconf 85' lang='lat' dir='ltr'><strong>Dominum</strong></span> 
     </span>
    </p>
   </div>
   <div class='ocr_carea' id='block_1_124' title="bbox 894 1691 1681 1725">
    <p class='ocr_par' dir='ltr' id='par_1_124' title="bbox 894 1691 1681 1725">
     <span class='ocr_line' id='line_1_125' title="bbox 894 1691 1681 1725; baseline -0.008 -4"><span class='ocrx_word' id='word_1_822' title='bbox 894 1694 1042 1725; x_wconf 86' lang='lat' dir='ltr'><strong>insectans,</strong></span> <span class='ocrx_word' id='word_1_823' title='bbox 1057 1694 1209 1720; x_wconf 86' lang='lat' dir='ltr'><strong>maledictis</strong></span> <span class='ocrx_word' id='word_1_824' title='bbox 1227 1692 1341 1725; x_wconf 89' lang='lat' dir='ltr'><strong>impetit.</strong></span> <span class='ocrx_word' id='word_1_825' title='bbox 1360 1691 1591 1723; x_wconf 82' lang='lat' dir='ltr'><strong>Quemadmodum</strong></span> <span class='ocrx_word' id='word_1_826' title='bbox 1608 1691 1681 1716; x_wconf 88' lang='lat' dir='ltr'><strong>enim</strong></span> 
     </span>
    </p>
   </div>
   <div class='ocr_carea' id='block_1_125' title="bbox 893 1725 1682 1763">
    <p class='ocr_par' dir='ltr' id='par_1_125' title="bbox 893 1725 1682 1763">
     <span class='ocr_line' id='line_1_126' title="bbox 893 1725 1682 1763; baseline -0.006 -7"><span class='ocrx_word' id='word_1_827' title='bbox 893 1730 1020 1761; x_wconf 76' lang='lat' dir='ltr'><strong>avaritia,</strong></span> <span class='ocrx_word' id='word_1_828' title='bbox 1038 1734 1064 1756; x_wconf 92' lang='lat' dir='ltr'><strong>et</strong></span> <span class='ocrx_word' id='word_1_829' title='bbox 1089 1729 1164 1763; x_wconf 88' lang='lat' dir='ltr'><strong>plura</strong></span> <span class='ocrx_word' id='word_1_830' title='bbox 1185 1727 1301 1758; x_wconf 82' lang='lat' dir='ltr'><strong>habendi</strong></span> <span class='ocrx_word' id='word_1_831' title='bbox 1318 1725 1569 1763; x_wconf 74' lang='lat' dir='ltr'><strong>cupiditasdicitur</strong></span> <span class='ocrx_word' id='word_1_832' title='bbox 1593 1725 1682 1763; x_wconf 81' lang='lat' dir='ltr'><strong>torni-</strong></span> 
     </span>
    </p>
   </div>
   <div class='ocr_carea' id='block_1_126' title="bbox 892 1760 1682 1798">
    <p class='ocr_par' dir='ltr' id='par_1_126' title="bbox 892 1760 1682 1798">
     <span class='ocr_line' id='line_1_127' title="bbox 892 1760 1682 1798; baseline -0.008 -7"><span class='ocrx_word' id='word_1_833' title='bbox 892 1765 976 1797; x_wconf 89' lang='lat' dir='ltr'><strong>catio,</strong></span> <span class='ocrx_word' id='word_1_834' title='bbox 1001 1760 1029 1791; x_wconf 81' lang='lat' dir='ltr'><strong>ut</strong></span> <span class='ocrx_word' id='word_1_835' title='bbox 1052 1760 1112 1798; x_wconf 66' lang='lat' dir='ltr'><strong>quit:</strong></span> <span class='ocrx_word' id='word_1_836' title='bbox 1137 1764 1300 1790; x_wconf 81' lang='lat' dir='ltr'><strong>adversetur</strong></span> <span class='ocrx_word' id='word_1_837' title='bbox 1316 1761 1564 1798; x_wconf 61' lang='lat' dir='ltr'><strong>atillicientitc;_et</strong></span> <span class='ocrx_word' id='word_1_838' title='bbox 1578 1765 1608 1798; x_wconf 85' lang='lat' dir='ltr'><strong>ut</strong></span> <span class='ocrx_word' id='word_1_839' title='bbox 1621 1760 1682 1798; x_wconf 80' lang='lat' dir='ltr'><strong>ido-</strong></span> 
     </span>
    </p>
   </div>
   <div class='ocr_carea' id='block_1_127' title="bbox 892 1795 1682 1827">
    <p class='ocr_par' dir='ltr' id='par_1_127' title="bbox 892 1795 1682 1827">
     <span class='ocr_line' id='line_1_128' title="bbox 892 1795 1682 1827; baseline -0.008 0"><span class='ocrx_word' id='word_1_840' title='bbox 892 1795 1002 1827; x_wconf 81' lang='lat' dir='ltr'><strong>lolatria</strong></span> <span class='ocrx_word' id='word_1_841' title='bbox 1019 1795 1068 1826; x_wconf 61' lang='lat' dir='ltr'><strong>est&#39;</strong></span> <span class='ocrx_word' id='word_1_842' title='bbox 1086 1807 1117 1826; x_wconf 73' lang='lat' dir='ltr'><strong>ex</strong></span> <span class='ocrx_word' id='word_1_843' title='bbox 1144 1805 1197 1825; x_wconf 94' lang='lat' dir='ltr'><strong>uno</strong></span> <span class='ocrx_word' id='word_1_844' title='bbox 1221 1798 1247 1824; x_wconf 87' lang='lat' dir='ltr'><strong>itt</strong></span> <span class='ocrx_word' id='word_1_845' title='bbox 1270 1796 1371 1823; x_wconf 89' lang='lat' dir='ltr'><strong>mullos</strong></span> <span class='ocrx_word' id='word_1_846' title='bbox 1396 1795 1443 1822; x_wconf 84' lang='lat' dir='ltr'><strong>Dei</strong></span> <span class='ocrx_word' id='word_1_847' title='bbox 1465 1795 1606 1823; x_wconf 90' lang='lat' dir='ltr'><strong>attributio</strong></span> <span class='ocrx_word' id='word_1_848' title='bbox 1622 1803 1629 1827; x_wconf 89' lang='lat'><strong>;</strong></span> <span class='ocrx_word' id='word_1_849' title='bbox 1644 1795 1682 1821; x_wconf 84' lang='lat' dir='ltr'><strong>ita</strong></span> 
     </span>
    </p>
   </div>
   <div class='ocr_carea' id='block_1_128' title="bbox 892 1831 1683 1866">
    <p class='ocr_par' dir='ltr' id='par_1_128' title="bbox 892 1831 1683 1866">
     <span class='ocr_line' id='line_1_129' title="bbox 892 1831 1683 1866; baseline -0.006 -4"><span class='ocrx_word' id='word_1_850' title='bbox 892 1834 1038 1862; x_wconf 77' lang='lat' dir='ltr'><strong>fornicatio</strong></span> <span class='ocrx_word' id='word_1_851' title='bbox 1061 1839 1102 1861; x_wconf 89' lang='lat' dir='ltr'><strong>est</strong></span> <span class='ocrx_word' id='word_1_852' title='bbox 1128 1834 1162 1860; x_wconf 85' lang='lat' dir='ltr'><strong>ab</strong></span> <span class='ocrx_word' id='word_1_853' title='bbox 1181 1841 1235 1860; x_wconf 90' lang='lat' dir='ltr'><strong>nuo</strong></span> <span class='ocrx_word' id='word_1_854' title='bbox 1261 1831 1436 1858; x_wconf 82' lang='lat' dir='ltr'><strong>matrimonio</strong></span> <span class='ocrx_word' id='word_1_855' title='bbox 1460 1831 1493 1858; x_wconf 77' lang='lat' dir='ltr'><strong>ad</strong></span> <span class='ocrx_word' id='word_1_856' title='bbox 1516 1832 1594 1866; x_wconf 91' lang='lat' dir='ltr'><strong>plura</strong></span> <span class='ocrx_word' id='word_1_857' title='bbox 1618 1837 1683 1864; x_wconf 84' lang='lat' dir='ltr'><strong>pro-</strong></span> 
     </span>
    </p>
   </div>
   <div class='ocr_carea' id='block_1_129' title="bbox 892 1865 1683 1904">
    <p class='ocr_par' dir='ltr' id='par_1_129' title="bbox 892 1865 1683 1904">
     <span class='ocr_line' id='line_1_130' title="bbox 892 1865 1683 1904; baseline -0.005 -8"><span class='ocrx_word' id='word_1_858' title='bbox 892 1870 988 1904; x_wconf 80' lang='lat' dir='ltr'><strong>lapsio.</strong></span> <span class='ocrx_word' id='word_1_859' title='bbox 1017 1879 1027 1896; x_wconf 74' lang='grc' dir='ltr'><strong>ι</strong></span> <span class='ocrx_word' id='word_1_860' title='bbox 1060 1871 1095 1896; x_wconf 86' lang='lat' dir='ltr'><strong>At</strong></span> <span class='ocrx_word' id='word_1_861' title='bbox 1123 1867 1351 1904; x_wconf 87' lang='lat' dir='ltr'><strong>quontodo,_uti</strong></span> <span class='ocrx_word' id='word_1_862' title='bbox 1390 1865 1446 1904; x_wconf 80' lang='lat' dir='ltr'><strong>jam</strong></span> <span class='ocrx_word' id='word_1_863' title='bbox 1475 1865 1611 1898; x_wconf 80' lang='lat' dir='ltr'><strong>diximus,</strong></span> <span class='ocrx_word' id='word_1_864' title='bbox 1639 1873 1683 1892; x_wconf 85' lang='lat' dir='ltr'><strong>se-</strong></span> 
     </span>
    </p>
   </div>
   <div class='ocr_carea' id='block_1_130' title="bbox 892 1901 1683 1939">
    <p class='ocr_par' dir='ltr' id='par_1_130' title="bbox 892 1901 1683 1939">
     <span class='ocr_line' id='line_1_131' title="bbox 892 1901 1683 1939; baseline -0.005 -7"><span class='ocrx_word' id='word_1_865' title='bbox 892 1901 987 1932; x_wconf 75' lang='lat' dir='ltr'><strong>cunda:</strong></span> <span class='ocrx_word' id='word_1_866' title='bbox 1006 1906 1108 1939; x_wconf 65' lang='lat' dir='ltr'><strong>nuptiae</strong></span> <span class='ocrx_word' id='word_1_867' title='bbox 1129 1901 1162 1931; x_wconf 72' lang='lat' dir='ltr'><strong>ab</strong></span> <span class='ocrx_word' id='word_1_868' title='bbox 1188 1902 1326 1937; x_wconf 85' lang='lat' dir='ltr'><strong>Apostolo,</strong></span> <span class='ocrx_word' id='word_1_869' title='bbox 1352 1909 1387 1939; x_wconf 76' lang='lat' dir='ltr'><strong>ac</strong></span> <span class='ocrx_word' id='word_1_870' title='bbox 1405 1901 1534 1939; x_wconf 80' lang='lat' dir='ltr'><strong>deinceps</strong></span> <span class='ocrx_word' id='word_1_871' title='bbox 1559 1910 1573 1939; x_wconf 83' lang='lat' dir='ltr'><strong>a</strong></span> <span class='ocrx_word' id='word_1_872' title='bbox 1589 1905 1683 1928; x_wconf 88' lang='lat' dir='ltr'><strong>nostro</strong></span> 
     </span>
    </p>
   </div>
   <div class='ocr_carea' id='block_1_131' title="bbox 892 1937 1683 1974">
    <p class='ocr_par' dir='ltr' id='par_1_131' title="bbox 892 1937 1683 1974">
     <span class='ocr_line' id='line_1_132' title="bbox 892 1937 1683 1974; baseline -0.008 -7"><span class='ocrx_word' id='word_1_873' title='bbox 892 1941 1032 1968; x_wconf 82' lang='lat' dir='ltr'><strong>Clemente</strong></span> <span class='ocrx_word' id='word_1_874' title='bbox 1045 1937 1077 1967; x_wconf 74' lang='lat' dir='ltr'><strong>ex</strong></span> <span class='ocrx_word' id='word_1_875' title='bbox 1095 1937 1389 1974; x_wconf 77' lang='lat' dir='ltr'><strong>indulgentiacmtcedi</strong></span> <span class='ocrx_word' id='word_1_876' title='bbox 1405 1941 1433 1963; x_wconf 90' lang='lat' dir='ltr'><strong>et</strong></span> <span class='ocrx_word' id='word_1_877' title='bbox 1445 1937 1568 1974; x_wconf 67' lang='lat' dir='ltr'><strong>permitti</strong></span> <span class='ocrx_word' id='word_1_878' title='bbox 1587 1940 1683 1974; x_wconf 80' lang='lat' dir='ltr'><strong>potue-</strong></span> 
     </span>
    </p>
   </div>
   <div class='ocr_carea' id='block_1_132' title="bbox 893 1971 1683 2008">
    <p class='ocr_par' dir='ltr' id='par_1_132' title="bbox 893 1971 1683 2008">
     <span class='ocr_line' id='line_1_133' title="bbox 893 1971 1683 2008; baseline -0.006 -6"><span class='ocrx_word' id='word_1_879' title='bbox 893 1981 974 2008; x_wconf 84' lang='lat' dir='ltr'><strong>l&#39;ttnt,</strong></span> <span class='ocrx_word' id='word_1_880' title='bbox 993 1977 1017 2002; x_wconf 86' lang='lat' dir='ltr'><strong>si</strong></span> <span class='ocrx_word' id='word_1_881' title='bbox 1040 1982 1104 2002; x_wconf 88' lang='lat' dir='ltr'><strong>vcre</strong></span> <span class='ocrx_word' id='word_1_882' title='bbox 1127 1971 1184 2001; x_wconf 72' lang='lat' dir='ltr'><strong>sini</strong></span> <span class='ocrx_word' id='word_1_883' title='bbox 1204 1973 1360 2004; x_wconf 84' lang='lat' dir='ltr'><strong>fornicatio,</strong></span> <span class='ocrx_word' id='word_1_884' title='bbox 1385 1976 1412 1998; x_wconf 86' lang='lat' dir='ltr'><strong>et</strong></span> <span class='ocrx_word' id='word_1_885' title='bbox 1435 1980 1467 1998; x_wconf 85' lang='lat' dir='ltr'><strong>ea</strong></span> <span class='ocrx_word' id='word_1_886' title='bbox 1483 1971 1629 1998; x_wconf 87' lang='lat' dir='ltr'><strong>fornicatio</strong></span> <span class='ocrx_word' id='word_1_887' title='bbox 1647 1971 1683 1998; x_wconf 89' lang='lat' dir='ltr'><strong>sit</strong></span> 
     </span>
    </p>
   </div>
   <div class='ocr_carea' id='block_1_133' title="bbox 892 2011 1665 2047">
    <p class='ocr_par' dir='ltr' id='par_1_133' title="bbox 892 2011 1665 2047">
     <span class='ocr_line' id='line_1_134' title="bbox 892 2011 1665 2047; baseline 0.014 -10"><span class='ocrx_word' id='word_1_888' title='bbox 892 2011 1082 2047; x_wconf 23' lang='lat' dir='ltr'><strong>peccatum?“</strong></span> <span class='ocrx_word' id='word_1_889' title='bbox 1243 2044 1248 2047; x_wconf 88' lang='lat'>_</span> <span class='ocrx_word' id='word_1_890' title='bbox 1295 2044 1301 2047; x_wconf 91' lang='lat'>_</span> <span class='ocrx_word' id='word_1_891' title='bbox 1452 2042 1503 2047; x_wconf 61' lang='grc' dir='ltr'><strong>..η</strong></span> <span class='ocrx_word' id='word_1_892' title='bbox 1557 2041 1563 2047; x_wconf 90' lang='grc'><strong>.</strong></span> <span class='ocrx_word' id='word_1_893' title='bbox 1600 2040 1618 2047; x_wconf 85' lang='grc'><strong>..</strong></span> <span class='ocrx_word' id='word_1_894' title='bbox 1659 2040 1665 2046; x_wconf 70' lang='grc' dir='ltr'><strong>ι</strong></span> 
     </span>
    </p>
   </div>
   <div class='ocr_carea' id='block_1_134' title="bbox 927 2042 1682 2081">
    <p class='ocr_par' dir='ltr' id='par_1_134' title="bbox 927 2042 1682 2081">
     <span class='ocr_line' id='line_1_135' title="bbox 927 2042 1682 2081; baseline -0.009 -8"><span class='ocrx_word' id='word_1_895' title='bbox 927 2048 1037 2074; x_wconf 86' lang='lat' dir='ltr'><strong>Attente</strong></span> <span class='ocrx_word' id='word_1_896' title='bbox 1049 2045 1132 2080; x_wconf 80' lang='lat' dir='ltr'><strong>igitur</strong></span> <span class='ocrx_word' id='word_1_897' title='bbox 1143 2044 1402 2081; x_wconf 84' lang='lat' dir='ltr'><strong>expendendnm_est</strong></span> <span class='ocrx_word' id='word_1_898' title='bbox 1413 2043 1476 2077; x_wconf 91' lang='lat' dir='ltr'><strong>quid</strong></span> <span class='ocrx_word' id='word_1_899' title='bbox 1491 2042 1682 2081; x_wconf 75' lang='lat' dir='ltr'><strong>fornicationis</strong></span> 
     </span>
    </p>
   </div>
   <div class='ocr_carea' id='block_1_135' title="bbox 891 2079 1685 2111">
    <p class='ocr_par' dir='ltr' id='par_1_135' title="bbox 891 2079 1685 2111">
     <span class='ocr_line' id='line_1_136' title="bbox 891 2079 1685 2111; baseline -0.01 -1"><span class='ocrx_word' id='word_1_900' title='bbox 891 2083 1002 2111; x_wconf 88' lang='lat' dir='ltr'><strong>nomine</strong></span> <span class='ocrx_word' id='word_1_901' title='bbox 1015 2079 1141 2108; x_wconf 79' lang='lat' dir='ltr'><strong>Clemens</strong></span> <span class='ocrx_word' id='word_1_902' title='bbox 1162 2080 1335 2107; x_wconf 84' lang='lat' dir='ltr'><strong>intellexerit.</strong></span> <span class='ocrx_word' id='word_1_903' title='bbox 1348 2079 1447 2105; x_wconf 85' lang='lat' dir='ltr'><strong>Tribus</strong></span> <span class='ocrx_word' id='word_1_904' title='bbox 1457 2083 1560 2107; x_wconf 85' lang='lat' dir='ltr'><strong>autem,</strong></span> <span class='ocrx_word' id='word_1_905' title='bbox 1571 2079 1609 2102; x_wconf 90' lang='lat' dir='ltr'><strong>uti</strong></span> <span class='ocrx_word' id='word_1_906' title='bbox 1624 2079 1685 2109; x_wconf 82' lang='lat' dir='ltr'><strong>ipse</strong></span> 
     </span>
    </p>
   </div>
   <div class='ocr_carea' id='block_1_136' title="bbox 891 2111 1682 2149">
    <p class='ocr_par' dir='ltr' id='par_1_136' title="bbox 891 2111 1682 2149">
     <span class='ocr_line' id='line_1_137' title="bbox 891 2111 1682 2149; baseline -0.01 -4"><span class='ocrx_word' id='word_1_907' title='bbox 891 2121 940 2149; x_wconf 86' lang='lat' dir='ltr'><strong>ait,</strong></span> <span class='ocrx_word' id='word_1_908' title='bbox 956 2117 1044 2144; x_wconf 90' lang='lat' dir='ltr'><strong>modis</strong></span> <span class='ocrx_word' id='word_1_909' title='bbox 1059 2115 1216 2145; x_wconf 81' lang='lat' dir='ltr'><strong>fornicatio,</strong></span> <span class='ocrx_word' id='word_1_910' title='bbox 1233 2115 1287 2140; x_wconf 90' lang='lat' dir='ltr'><strong>imo</strong></span> <span class='ocrx_word' id='word_1_911' title='bbox 1301 2119 1328 2141; x_wconf 90' lang='lat' dir='ltr'><strong>et</strong></span> <span class='ocrx_word' id='word_1_912' title='bbox 1343 2113 1504 2140; x_wconf 87' lang='lat' dir='ltr'><strong>adulterium</strong></span> <span class='ocrx_word' id='word_1_913' title='bbox 1516 2111 1556 2149; x_wconf 72' lang='lat' dir='ltr'><strong>,_~&#39;l]</strong></span> <span class='ocrx_word' id='word_1_914' title='bbox 1567 2119 1598 2137; x_wconf 77' lang='grc' dir='ltr'><strong>τε</strong></span> <span class='ocrx_word' id='word_1_915' title='bbox 1613 2118 1682 2149; x_wconf 57' lang='grc' dir='ltr'>εξορ-</span> 
     </span>
    </p>
   </div>
   <div class='ocr_carea' id='block_1_137' title="bbox 891 2145 1681 2187">
    <p class='ocr_par' dir='ltr' id='par_1_137' title="bbox 891 2145 1681 2187">
     <span class='ocr_line' id='line_1_138' title="bbox 891 2145 1681 2187; baseline -0.01 -7"><span class='ocrx_word' id='word_1_916' title='bbox 891 2145 959 2185; x_wconf 65' lang='grc' dir='ltr'><strong>νείᾶ,</strong></span> <span class='ocrx_word' id='word_1_917' title='bbox 979 2153 996 2187; x_wconf 79' lang='grc' dir='ltr'>ἦ</span> <span class='ocrx_word' id='word_1_918' title='bbox 1013 2160 1042 2178; x_wconf 82' lang='grc' dir='ltr'>τε</span> <span class='ocrx_word' id='word_1_919' title='bbox 1065 2150 1172 2187; x_wconf 64' lang='grc' dir='ltr'><strong>μοιχείᾳ</strong></span> <span class='ocrx_word' id='word_1_920' title='bbox 1196 2149 1444 2187; x_wconf 79' lang='lat' dir='ltr'><strong>apudApostolum</strong></span> <span class='ocrx_word' id='word_1_921' title='bbox 1467 2145 1592 2175; x_wconf 86' lang='lat' dir='ltr'><strong>sumitur.</strong></span> <span class='ocrx_word' id='word_1_922' title='bbox 1613 2145 1681 2173; x_wconf 77' lang='lat' dir='ltr'><strong>Nam</strong></span> 
     </span>
    </p>
   </div>
   <div class='ocr_carea' id='block_1_138' title="bbox 892 2184 1682 2220">
    <p class='ocr_par' dir='ltr' id='par_1_138' title="bbox 892 2184 1682 2220">
     <span class='ocr_line' id='line_1_139' title="bbox 892 2184 1682 2220; baseline -0.013 -4"><span class='ocrx_word' id='word_1_923' title='bbox 892 2184 1008 2216; x_wconf 78' lang='lat' dir='ltr'><strong>avaritia</strong></span> <span class='ocrx_word' id='word_1_924' title='bbox 1025 2184 1134 2220; x_wconf 66' lang='lat' dir='ltr'><strong>abipSo</strong></span> <span class='ocrx_word' id='word_1_925' title='bbox 1151 2185 1296 2212; x_wconf 88' lang='lat' dir='ltr'><strong>fornicatio</strong></span> <span class='ocrx_word' id='word_1_926' title='bbox 1316 2184 1487 2218; x_wconf 82' lang='lat' dir='ltr'><strong>appellatur;</strong></span> <span class='ocrx_word' id='word_1_927' title='bbox 1509 2186 1608 2220; x_wconf 63' lang='lat' dir='ltr'><strong>utpote</strong></span> <span class='ocrx_word' id='word_1_928' title='bbox 1621 2189 1682 2220; x_wconf 67' lang='lat' dir='ltr'><strong>qua:</strong></span> 
     </span>
    </p>
   </div>
   <div class='ocr_carea' id='block_1_139' title="bbox 891 2217 1682 2258">
    <p class='ocr_par' dir='ltr' id='par_1_139' title="bbox 891 2217 1682 2258">
     <span class='ocr_line' id='line_1_140' title="bbox 891 2217 1682 2258; baseline -0.008 -8"><span class='ocrx_word' id='word_1_929' title='bbox 891 2223 1016 2258; x_wconf 85' lang='lat' dir='ltr'><strong>opposita</strong></span> <span class='ocrx_word' id='word_1_930' title='bbox 1034 2223 1070 2249; x_wconf 88' lang='lat' dir='ltr'><strong>sit</strong></span> <span class='ocrx_word' id='word_1_931' title='bbox 1086 2217 1248 2258; x_wconf 67' lang='grc' dir='ltr'><strong>ᾇὺταρκείᾳ,</strong></span> <span class='ocrx_word' id='word_1_932' title='bbox 1263 2228 1322 2254; x_wconf 79' lang='lat' dir='ltr'><strong>qua:</strong></span> <span class='ocrx_word' id='word_1_933' title='bbox 1335 2217 1379 2246; x_wconf 77' lang='lat' dir='ltr'><strong>est</strong></span> <span class='ocrx_word' id='word_1_934' title='bbox 1393 2219 1512 2249; x_wconf 88' lang='lat' dir='ltr'><strong>habitus,</strong></span> <span class='ocrx_word' id='word_1_935' title='bbox 1532 2219 1567 2244; x_wconf 88' lang='lat' dir='ltr'><strong>ita</strong></span> <span class='ocrx_word' id='word_1_936' title='bbox 1583 2217 1628 2244; x_wconf 88' lang='lat' dir='ltr'><strong>ille</strong></span> <span class='ocrx_word' id='word_1_937' title='bbox 1641 2217 1682 2257; x_wconf 52' lang='lat' dir='ltr'><strong>lo:</strong></span> 
     </span>
    </p>
   </div>
   <div class='ocr_carea' id='block_1_140' title="bbox 892 2257 1681 2293">
    <p class='ocr_par' dir='ltr' id='par_1_140' title="bbox 892 2257 1681 2293">
     <span class='ocr_line' id='line_1_141' title="bbox 892 2257 1681 2293; baseline -0.01 -7"><span class='ocrx_word' id='word_1_938' title='bbox 892 2257 984 2293; x_wconf 84' lang='lat' dir='ltr'><strong>(ptitur</strong></span> <span class='ocrx_word' id='word_1_939' title='bbox 997 2258 1032 2290; x_wconf 79' lang='lat'><strong>“,</strong></span> <span class='ocrx_word' id='word_1_940' title='bbox 1053 2267 1061 2283; x_wconf 82' lang='grc' dir='ltr'><strong>ι</strong></span> <span class='ocrx_word' id='word_1_941' title='bbox 1083 2257 1116 2284; x_wconf 88' lang='lat' dir='ltr'><strong>iis</strong></span> <span class='ocrx_word' id='word_1_942' title='bbox 1132 2257 1230 2290; x_wconf 86' lang='lat' dir='ltr'><strong>quibus</strong></span> <span class='ocrx_word' id='word_1_943' title='bbox 1252 2259 1377 2293; x_wconf 79' lang='lat' dir='ltr'><strong>oportet,</strong></span> <span class='ocrx_word' id='word_1_944' title='bbox 1401 2257 1609 2293; x_wconf 38' lang='lat' dir='ltr'><strong>contentusnet</strong></span> <span class='ocrx_word' id='word_1_945' title='bbox 1634 2259 1681 2293; x_wconf 78' lang='lat' dir='ltr'><strong>qui</strong></span> 
     </span>
    </p>
   </div>
   <div class='ocr_carea' id='block_1_141' title="bbox 893 2288 1678 2328">
    <p class='ocr_par' dir='ltr' id='par_1_141' title="bbox 893 2288 1678 2328">
     <span class='ocr_line' id='line_1_142' title="bbox 893 2288 1678 2328; baseline -0.01 -7"><span class='ocrx_word' id='word_1_946' title='bbox 893 2288 978 2328; x_wconf 77' lang='lat' dir='ltr'><strong>persc</strong></span> <span class='ocrx_word' id='word_1_947' title='bbox 994 2288 1111 2327; x_wconf 82' lang='lat' dir='ltr'><strong>acquirit</strong></span> <span class='ocrx_word' id='word_1_948' title='bbox 1128 2288 1170 2322; x_wconf 77' lang='lat' dir='ltr'><strong>ea,</strong></span> <span class='ocrx_word' id='word_1_949' title='bbox 1180 2299 1240 2328; x_wconf 71' lang='lat' dir='ltr'><strong>«pta:</strong></span> <span class='ocrx_word' id='word_1_950' title='bbox 1253 2288 1286 2328; x_wconf 80' lang='lat' dir='ltr'><strong>ad</strong></span> <span class='ocrx_word' id='word_1_951' title='bbox 1301 2290 1500 2328; x_wconf 76' lang='lat' dir='ltr'><strong>beatatnvilam</strong></span> <span class='ocrx_word' id='word_1_952' title='bbox 1508 2288 1678 2328; x_wconf 66' lang='lat' dir='ltr'><strong>conferunt.)</strong></span> 
     </span>
    </p>
   </div>
   <div class='ocr_carea' id='block_1_142' title="bbox 893 2323 1682 2358">
    <p class='ocr_par' dir='ltr' id='par_1_142' title="bbox 893 2323 1682 2358">
     <span class='ocr_line' id='line_1_143' title="bbox 893 2323 1682 2358; baseline -0.009 -3"><span class='ocrx_word' id='word_1_953' title='bbox 893 2323 1017 2356; x_wconf 78' lang='lat' dir='ltr'><strong>Secundo</strong></span> <span class='ocrx_word' id='word_1_954' title='bbox 1038 2323 1103 2354; x_wconf 78' lang='lat' dir='ltr'><strong>dicit</strong></span> <span class='ocrx_word' id='word_1_955' title='bbox 1125 2323 1307 2354; x_wconf 79' lang='lat' dir='ltr'><strong>idololatriam</strong></span> <span class='ocrx_word' id='word_1_956' title='bbox 1325 2325 1359 2351; x_wconf 91' lang='lat' dir='ltr'><strong>ab</strong></span> <span class='ocrx_word' id='word_1_957' title='bbox 1370 2326 1464 2352; x_wconf 81' lang='lat' dir='ltr'><strong>eodem</strong></span> <span class='ocrx_word' id='word_1_958' title='bbox 1487 2323 1616 2358; x_wconf 86' lang='lat' dir='ltr'><strong>Apostolo</strong></span> <span class='ocrx_word' id='word_1_959' title='bbox 1632 2330 1682 2349; x_wconf 84' lang='lat' dir='ltr'><strong>vo-</strong></span> 
     </span>
    </p>
   </div>
   <div class='ocr_carea' id='block_1_143' title="bbox 892 2358 1681 2396">
    <p class='ocr_par' dir='ltr' id='par_1_143' title="bbox 892 2358 1681 2396">
     <span class='ocr_line' id='line_1_144' title="bbox 892 2358 1681 2396; baseline -0.009 -5"><span class='ocrx_word' id='word_1_960' title='bbox 892 2365 947 2391; x_wconf 88' lang='lat' dir='ltr'><strong>cari</strong></span> <span class='ocrx_word' id='word_1_961' title='bbox 964 2364 1175 2391; x_wconf 77' lang='lat' dir='ltr'><strong>fornicationem</strong></span> <span class='ocrx_word' id='word_1_962' title='bbox 1189 2382 1195 2391; x_wconf 78' lang='grc'><em>,</em></span> <span class='ocrx_word' id='word_1_963' title='bbox 1220 2361 1283 2396; x_wconf 84' lang='lat' dir='ltr'><strong>quia</strong></span> <span class='ocrx_word' id='word_1_964' title='bbox 1304 2366 1346 2387; x_wconf 88' lang='lat' dir='ltr'><strong>est</strong></span> <span class='ocrx_word' id='word_1_965' title='bbox 1374 2369 1383 2385; x_wconf 80' lang='grc' dir='ltr'><strong>ι</strong></span> <span class='ocrx_word' id='word_1_966' title='bbox 1404 2367 1436 2386; x_wconf 75' lang='lat' dir='ltr'><strong>ex</strong></span> <span class='ocrx_word' id='word_1_967' title='bbox 1461 2368 1514 2386; x_wconf 89' lang='lat' dir='ltr'><strong>uno</strong></span> <span class='ocrx_word' id='word_1_968' title='bbox 1532 2359 1558 2385; x_wconf 96' lang='lat' dir='ltr'><strong>iu</strong></span> <span class='ocrx_word' id='word_1_969' title='bbox 1581 2358 1681 2396; x_wconf 65' lang='lat' dir='ltr'><strong>multos</strong></span> 
     </span>
    </p>
   </div>
   <div class='ocr_carea' id='block_1_144' title="bbox 892 2393 1682 2431">
    <p class='ocr_par' dir='ltr' id='par_1_144' title="bbox 892 2393 1682 2431">
     <span class='ocr_line' id='line_1_145' title="bbox 892 2393 1682 2431; baseline -0.006 -6"><span class='ocrx_word' id='word_1_970' title='bbox 892 2400 938 2426; x_wconf 80' lang='lat' dir='ltr'><strong>Dei</strong></span> <span class='ocrx_word' id='word_1_971' title='bbox 957 2399 1117 2425; x_wconf 87' lang='lat' dir='ltr'><strong>attributio:</strong></span> <span class='ocrx_word' id='word_1_972' title='bbox 1139 2407 1148 2423; x_wconf 68' lang='grc' dir='ltr'><strong>ι</strong></span> <span class='ocrx_word' id='word_1_973' title='bbox 1167 2393 1302 2431; x_wconf 64' lang='grc' dir='ltr'>εἰνεξίιυίιι</span> <span class='ocrx_word' id='word_1_974' title='bbox 1321 2404 1369 2431; x_wconf 84' lang='lat' dir='ltr'><strong>nos</strong></span> <span class='ocrx_word' id='word_1_975' title='bbox 1384 2395 1418 2422; x_wconf 88' lang='lat' dir='ltr'><strong>ab</strong></span> <span class='ocrx_word' id='word_1_976' title='bbox 1432 2403 1485 2421; x_wconf 89' lang='lat' dir='ltr'><strong>tlllO</strong></span> <span class='ocrx_word' id='word_1_977' title='bbox 1506 2399 1532 2422; x_wconf 86' lang='lat' dir='ltr'><strong>et</strong></span> <span class='ocrx_word' id='word_1_978' title='bbox 1547 2401 1611 2421; x_wconf 88' lang='lat' dir='ltr'><strong>vero</strong></span> <span class='ocrx_word' id='word_1_979' title='bbox 1624 2393 1682 2431; x_wconf 81' lang='lat' dir='ltr'><strong>Deo</strong></span> 
     </span>
    </p>
   </div>
   <div class='ocr_carea' id='block_1_145' title="bbox 893 2429 1679 2466">
    <p class='ocr_par' dir='ltr' id='par_1_145' title="bbox 893 2429 1679 2466">
     <span class='ocr_line' id='line_1_146' title="bbox 893 2429 1679 2466; baseline -0.006 -6"><span class='ocrx_word' id='word_1_980' title='bbox 893 2440 1020 2461; x_wconf 66' lang='lat' dir='ltr'><strong>avertens</strong></span> <span class='ocrx_word' id='word_1_981' title='bbox 1030 2454 1037 2465; x_wconf 82' lang='lat'><strong>,</strong></span> <span class='ocrx_word' id='word_1_982' title='bbox 1052 2435 1085 2459; x_wconf 92' lang='lat' dir='ltr'><strong>ad</strong></span> <span class='ocrx_word' id='word_1_983' title='bbox 1105 2432 1204 2459; x_wconf 86' lang='lat' dir='ltr'><strong>multos</strong></span> <span class='ocrx_word' id='word_1_984' title='bbox 1219 2429 1340 2466; x_wconf 83' lang='lat' dir='ltr'><strong>adeoque</strong></span> <span class='ocrx_word' id='word_1_985' title='bbox 1354 2430 1437 2457; x_wconf 82' lang='lat' dir='ltr'><strong>falsos</strong></span> <span class='ocrx_word' id='word_1_986' title='bbox 1451 2430 1517 2457; x_wconf 87' lang='lat' dir='ltr'><strong>deos</strong></span> <span class='ocrx_word' id='word_1_987' title='bbox 1532 2429 1679 2466; x_wconf 79' lang='lat' dir='ltr'><strong>convertit.</strong></span> 
     </span>
    </p>
   </div>
   <div class='ocr_carea' id='block_1_146' title="bbox 893 2464 1680 2502">
    <p class='ocr_par' dir='ltr' id='par_1_146' title="bbox 893 2464 1680 2502">
     <span class='ocr_line' id='line_1_147' title="bbox 893 2464 1680 2502; baseline -0.006 -6"><span class='ocrx_word' id='word_1_988' title='bbox 893 2470 995 2497; x_wconf 78' lang='lat' dir='ltr'><strong>Eadem</strong></span> <span class='ocrx_word' id='word_1_989' title='bbox 1022 2469 1113 2502; x_wconf 86' lang='lat' dir='ltr'><strong>itaque</strong></span> <span class='ocrx_word' id='word_1_990' title='bbox 1139 2468 1243 2494; x_wconf 87' lang='lat' dir='ltr'><strong>ratione</strong></span> <span class='ocrx_word' id='word_1_991' title='bbox 1265 2464 1391 2493; x_wconf 69' lang='lat' dir='ltr'><strong>secunda:</strong></span> <span class='ocrx_word' id='word_1_992' title='bbox 1406 2471 1434 2492; x_wconf 88' lang='lat' dir='ltr'><strong>et</strong></span> <span class='ocrx_word' id='word_1_993' title='bbox 1454 2466 1512 2492; x_wconf 77' lang='lat' dir='ltr'><strong>alia:</strong></span> <span class='ocrx_word' id='word_1_994' title='bbox 1529 2465 1629 2499; x_wconf 66' lang='lat' dir='ltr'><strong>nuptiae</strong></span> <span class='ocrx_word' id='word_1_995' title='bbox 1645 2464 1680 2502; x_wconf 71' lang='lat' dir='ltr'><strong>ab</strong></span> 
     </span>
    </p>
   </div>
   <div class='ocr_carea' id='block_1_147' title="bbox 894 2499 1680 2535">
    <p class='ocr_par' dir='ltr' id='par_1_147' title="bbox 894 2499 1680 2535">
     <span class='ocr_line' id='line_1_148' title="bbox 894 2499 1680 2535; baseline -0.006 -4"><span class='ocrx_word' id='word_1_996' title='bbox 894 2506 939 2532; x_wconf 90' lang='lat' dir='ltr'><strong>illo</strong></span> <span class='ocrx_word' id='word_1_997' title='bbox 961 2499 1076 2531; x_wconf 54' lang='lat' dir='ltr'><strong>Iertiunt&#39;</strong></span> <span class='ocrx_word' id='word_1_998' title='bbox 1094 2511 1125 2529; x_wconf 88' lang='lat' dir='ltr'><strong>ac</strong></span> <span class='ocrx_word' id='word_1_999' title='bbox 1149 2504 1237 2529; x_wconf 84' lang='lat' dir='ltr'><strong>simile</strong></span> <span class='ocrx_word' id='word_1_1000' title='bbox 1258 2501 1448 2528; x_wconf 85' lang='lat' dir='ltr'><strong>fornicationis</strong></span> <span class='ocrx_word' id='word_1_1001' title='bbox 1468 2508 1553 2535; x_wconf 81' lang='lat' dir='ltr'><strong>genus</strong></span> <span class='ocrx_word' id='word_1_1002' title='bbox 1566 2507 1626 2527; x_wconf 87' lang='lat' dir='ltr'><strong>esse</strong></span> <span class='ocrx_word' id='word_1_1003' title='bbox 1639 2499 1680 2526; x_wconf 87' lang='lat' dir='ltr'><strong>di-</strong></span> 
     </span>
    </p>
   </div>
   <div class='ocr_carea' id='block_1_148' title="bbox 895 2537 1681 2574">
    <p class='ocr_par' dir='ltr' id='par_1_148' title="bbox 895 2537 1681 2574">
     <span class='ocr_line' id='line_1_149' title="bbox 895 2537 1681 2574; baseline -0.009 -7"><span class='ocrx_word' id='word_1_1004' title='bbox 895 2546 993 2567; x_wconf 85' lang='lat' dir='ltr'><strong>cuntur</strong></span> <span class='ocrx_word' id='word_1_1005' title='bbox 1007 2548 1013 2571; x_wconf 91' lang='lat'><strong>;</strong></span> <span class='ocrx_word' id='word_1_1006' title='bbox 1028 2540 1156 2574; x_wconf 85' lang='lat' dir='ltr'><strong>quoniam</strong></span> <span class='ocrx_word' id='word_1_1007' title='bbox 1176 2537 1313 2574; x_wconf 82' lang='lat' dir='ltr'><strong>hominem</strong></span> <span class='ocrx_word' id='word_1_1008' title='bbox 1329 2537 1363 2563; x_wconf 86' lang='lat' dir='ltr'><strong>ab</strong></span> <span class='ocrx_word' id='word_1_1009' title='bbox 1378 2545 1409 2563; x_wconf 85' lang='lat' dir='ltr'><strong>ea</strong></span> <span class='ocrx_word' id='word_1_1010' title='bbox 1426 2537 1605 2574; x_wconf 78' lang='lat' dir='ltr'><strong>perfectione,</strong></span> <span class='ocrx_word' id='word_1_1011' title='bbox 1620 2542 1681 2574; x_wconf 51' lang='lat' dir='ltr'><strong>quin</strong></span> 
     </span>
    </p>
   </div>
   <div class='ocr_carea' id='block_1_149' title="bbox 895 2571 1681 2610">
    <p class='ocr_par' dir='ltr' id='par_1_149' title="bbox 895 2571 1681 2610">
     <span class='ocr_line' id='line_1_150' title="bbox 895 2571 1681 2610; baseline -0.005 -8"><span class='ocrx_word' id='word_1_1012' title='bbox 895 2577 924 2602; x_wconf 84' lang='lat' dir='ltr'><strong>iit</strong></span> <span class='ocrx_word' id='word_1_1013' title='bbox 948 2571 1045 2610; x_wconf 66' lang='lat' dir='ltr'><strong>primo</strong></span> <span class='ocrx_word' id='word_1_1014' title='bbox 1056 2573 1232 2600; x_wconf 86' lang='lat' dir='ltr'><strong>matrimonio</strong></span> <span class='ocrx_word' id='word_1_1015' title='bbox 1253 2577 1311 2603; x_wconf 84' lang='lat' dir='ltr'><strong>est,</strong></span> <span class='ocrx_word' id='word_1_1016' title='bbox 1327 2577 1436 2606; x_wconf 87' lang='lat' dir='ltr'><strong>propter</strong></span> <span class='ocrx_word' id='word_1_1017' title='bbox 1459 2571 1545 2606; x_wconf 84' lang='lat' dir='ltr'><strong>ipsius</strong></span> <span class='ocrx_word' id='word_1_1018' title='bbox 1563 2572 1681 2598; x_wconf 80' lang='lat' dir='ltr'><strong>inconti-</strong></span> 
     </span>
    </p>
   </div>
   <div class='ocr_carea' id='block_1_150' title="bbox 896 2609 1702 2642">
    <p class='ocr_par' dir='ltr' id='par_1_150' title="bbox 896 2609 1702 2642">
     <span class='ocr_line' id='line_1_151' title="bbox 896 2609 1702 2642; baseline -0.011 -4"><span class='ocrx_word' id='word_1_1019' title='bbox 896 2609 1028 2642; x_wconf 79' lang='lat' dir='ltr'><strong>nentiam,</strong></span> <span class='ocrx_word' id='word_1_1020' title='bbox 1046 2609 1184 2636; x_wconf 86' lang='lat' dir='ltr'><strong>abducunt.</strong></span> <span class='ocrx_word' id='word_1_1021' title='bbox 1200 2615 1232 2634; x_wconf 87' lang='lat' dir='ltr'><strong>ac</strong></span> <span class='ocrx_word' id='word_1_1022' title='bbox 1248 2612 1397 2635; x_wconf 86' lang='lat' dir='ltr'><strong>removent.</strong></span> <span class='ocrx_word' id='word_1_1023' title='bbox 1629 2641 1632 2642; x_wconf 20' lang='grc' dir='ltr'><em>ν</em></span> <span class='ocrx_word' id='word_1_1024' title='bbox 1699 2610 1702 2612; x_wconf 57' lang='grc'>⁷</span> 
     </span>
    </p>
   </div>
   <div class='ocr_carea' id='block_1_151' title="bbox 934 2641 1680 2678">
    <p class='ocr_par' dir='ltr' id='par_1_151' title="bbox 934 2641 1680 2678">
     <span class='ocr_line' id='line_1_152' title="bbox 934 2641 1680 2678; baseline -0.007 -5"><span class='ocrx_word' id='word_1_1025' title='bbox 934 2648 1067 2674; x_wconf 69' lang='lat' dir='ltr'><strong>Caeterum</strong></span> <span class='ocrx_word' id='word_1_1026' title='bbox 1077 2645 1204 2677; x_wconf 87' lang='lat' dir='ltr'><strong>quamvis</strong></span> <span class='ocrx_word' id='word_1_1027' title='bbox 1212 2643 1337 2671; x_wconf 87' lang='lat' dir='ltr'><strong>Clemens</strong></span> <span class='ocrx_word' id='word_1_1028' title='bbox 1350 2643 1484 2670; x_wconf 86' lang='lat' dir='ltr'><strong>secundas</strong></span> <span class='ocrx_word' id='word_1_1029' title='bbox 1499 2648 1580 2678; x_wconf 88' lang='lat' dir='ltr'><strong>atque</strong></span> <span class='ocrx_word' id='word_1_1030' title='bbox 1592 2649 1606 2669; x_wconf 94' lang='lat' dir='ltr'><strong>a</strong></span> <span class='ocrx_word' id='word_1_1031' title='bbox 1624 2641 1680 2668; x_wconf 88' lang='lat' dir='ltr'><strong>lor-</strong></span> 
     </span>
    </p>
   </div>
   <div class='ocr_carea' id='block_1_152' title="bbox 898 2678 1697 2714">
    <p class='ocr_par' dir='ltr' id='par_1_152' title="bbox 898 2678 1697 2714">
     <span class='ocr_line' id='line_1_153' title="bbox 898 2678 1697 2714; baseline -0.01 -4"><span class='ocrx_word' id='word_1_1032' title='bbox 898 2683 960 2711; x_wconf 80' lang='lat' dir='ltr'><strong>tiori</strong></span> <span class='ocrx_word' id='word_1_1033' title='bbox 989 2681 1056 2708; x_wconf 86' lang='lat' dir='ltr'><strong>alias</strong></span> <span class='ocrx_word' id='word_1_1034' title='bbox 1081 2680 1209 2714; x_wconf 88' lang='lat' dir='ltr'><strong>deinceps</strong></span> <span class='ocrx_word' id='word_1_1035' title='bbox 1232 2679 1340 2714; x_wconf 85' lang='lat' dir='ltr'><strong>nuptias</strong></span> <span class='ocrx_word' id='word_1_1036' title='bbox 1366 2684 1459 2712; x_wconf 88' lang='lat' dir='ltr'><strong>aperte</strong></span> <span class='ocrx_word' id='word_1_1037' title='bbox 1479 2678 1618 2713; x_wconf 89' lang='lat' dir='ltr'><strong>cujusdam</strong></span> <span class='ocrx_word' id='word_1_1038' title='bbox 1637 2678 1697 2714; x_wconf 84' lang='lat' dir='ltr'><strong>ar-&#39;</strong></span> 
     </span>
    </p>
   </div>
   <div class='ocr_carea' id='block_1_153' title="bbox 897 2712 1704 2754">
    <p class='ocr_par' dir='ltr' id='par_1_153' title="bbox 897 2712 1704 2754">
     <span class='ocr_line' id='line_1_154' title="bbox 897 2712 1704 2754; baseline -0.006 -10"><span class='ocrx_word' id='word_1_1039' title='bbox 897 2723 993 2754; x_wconf 78' lang='lat' dir='ltr'><strong>guerct</strong></span> <span class='ocrx_word' id='word_1_1040' title='bbox 1009 2712 1233 2754; x_wconf 43' lang='lat' dir='ltr'><strong>ititperl‘ectio;nis,</strong></span> <span class='ocrx_word' id='word_1_1041' title='bbox 1248 2712 1395 2749; x_wconf 31' lang='lat' dir='ltr'><strong>a’plurium</strong></span> <span class='ocrx_word' id='word_1_1042' title='bbox 1418 2720 1507 2754; x_wconf 83' lang='lat' dir='ltr'><strong>tamen</strong></span> <span class='ocrx_word' id='word_1_1043' title='bbox 1522 2712 1680 2754; x_wconf 80' lang='lat' dir='ltr'><strong>antiquissi-</strong></span> <span class='ocrx_word' id='word_1_1044' title='bbox 1701 2733 1704 2737; x_wconf 94' lang='lat'><strong>.</strong></span> 
     </span>
    </p>
   </div>
   <div class='ocr_carea' id='block_1_154' title="bbox 898 2750 1679 2784">
    <p class='ocr_par' dir='ltr' id='par_1_154' title="bbox 898 2750 1679 2784">
     <span class='ocr_line' id='line_1_155' title="bbox 898 2750 1679 2784; baseline -0.008 -3"><span class='ocrx_word' id='word_1_1045' title='bbox 898 2750 1004 2782; x_wconf 60' lang='lat' dir='ltr'><strong>[norum</strong></span> <span class='ocrx_word' id='word_1_1046' title='bbox 1027 2750 1156 2779; x_wconf 58' lang='lat' dir='ltr'><strong>Ecclesia‘</strong></span> <span class='ocrx_word' id='word_1_1047' title='bbox 1169 2750 1280 2778; x_wconf 85' lang='lat' dir='ltr'><strong>Patrum</strong></span> <span class='ocrx_word' id='word_1_1048' title='bbox 1309 2758 1364 2778; x_wconf 86' lang='lat' dir='ltr'><strong>non</strong></span> <span class='ocrx_word' id='word_1_1049' title='bbox 1388 2750 1525 2778; x_wconf 86' lang='lat' dir='ltr'><strong>recederet</strong></span> <span class='ocrx_word' id='word_1_1050' title='bbox 1541 2750 1679 2784; x_wconf 84' lang='lat' dir='ltr'><strong>opinione,</strong></span> 
     </span>
    </p>
   </div>
   <div class='ocr_carea' id='block_1_155' title="bbox 1195 2820 1676 2856">
    <p class='ocr_par' dir='ltr' id='par_1_155' title="bbox 1195 2820 1676 2856">
     <span class='ocr_line' id='line_1_156' title="bbox 1195 2820 1676 2856; baseline -0.004 -7"><span class='ocrx_word' id='word_1_1051' title='bbox 1195 2822 1217 2838; x_wconf 76' lang='lat'>”</span> <span class='ocrx_word' id='word_1_1052' title='bbox 1234 2822 1346 2850; x_wconf 85' lang='lat' dir='ltr'><strong>Dissert.</strong></span> <span class='ocrx_word' id='word_1_1053' title='bbox 1365 2829 1474 2856; x_wconf 88' lang='lat' dir='ltr'><strong>super.,</strong></span> <span class='ocrx_word' id='word_1_1054' title='bbox 1488 2828 1514 2848; x_wconf 87' lang='lat' dir='ltr'><strong>c.</strong></span> <span class='ocrx_word' id='word_1_1055' title='bbox 1528 2821 1561 2850; x_wconf 84' lang='lat'><strong>5,</strong></span> <span class='ocrx_word' id='word_1_1056' title='bbox 1579 2825 1630 2856; x_wconf 68' lang='lat' dir='ltr'><strong>art.</strong></span> <span class='ocrx_word' id='word_1_1057' title='bbox 1649 2820 1676 2847; x_wconf 78' lang='grc'><strong>5.</strong></span> 
     </span>
    </p>
   </div>
   <div class='ocr_carea' id='block_1_156' title="bbox 917 2822 1678 2892">
    <p class='ocr_par' dir='ltr' id='par_1_156' title="bbox 917 2822 1678 2892">
     <span class='ocr_line' id='line_1_157' title="bbox 917 2822 1676 2857; baseline -0.005 -7"><span class='ocrx_word' id='word_1_1058' title='bbox 917 2824 939 2840; x_wconf 84' lang='grc'><strong>¹³</strong></span> <span class='ocrx_word' id='word_1_1059' title='bbox 954 2822 1031 2856; x_wconf 91' lang='lat' dir='ltr'><strong>ibid.,</strong></span> <span class='ocrx_word' id='word_1_1060' title='bbox 1049 2830 1075 2857; x_wconf 91' lang='lat' dir='ltr'><strong>p.</strong></span> <span class='ocrx_word' id='word_1_1061' title='bbox 1091 2822 1155 2850; x_wconf 71' lang='grc'><strong>456.</strong></span> <span class='ocrx_word' id='word_1_1062' title='bbox 1195 2822 1217 2838; x_wconf 77' lang='grc'><strong>’⁸</strong></span> <span class='ocrx_word' id='word_1_1063' title='bbox 1234 2822 1346 2850; x_wconf 85' lang='lat' dir='ltr'><strong>Dissert.</strong></span> <span class='ocrx_word' id='word_1_1064' title='bbox 1365 2829 1474 2856; x_wconf 88' lang='lat' dir='ltr'><strong>super.,</strong></span> <span class='ocrx_word' id='word_1_1065' title='bbox 1488 2828 1514 2848; x_wconf 89' lang='lat' dir='ltr'><strong>c.</strong></span> <span class='ocrx_word' id='word_1_1066' title='bbox 1528 2822 1561 2850; x_wconf 85' lang='lat'><strong>5,</strong></span> <span class='ocrx_word' id='word_1_1067' title='bbox 1579 2825 1630 2847; x_wconf 83' lang='lat' dir='ltr'><strong>art.</strong></span> <span class='ocrx_word' id='word_1_1068' title='bbox 1649 2822 1676 2847; x_wconf 77' lang='lat'><strong>5.</strong></span> 
     </span>
     <span class='ocr_line' id='line_1_158' title="bbox 917 2854 1678 2892; baseline -0.005 -6"><span class='ocrx_word' id='word_1_1069' title='bbox 917 2859 952 2887; x_wconf 81' lang='lat' dir='ltr'><strong>ll.</strong></span> <span class='ocrx_word' id='word_1_1070' title='bbox 990 2859 1010 2874; x_wconf 80' lang='lat'>”</span> <span class='ocrx_word' id='word_1_1071' title='bbox 1025 2868 1051 2892; x_wconf 87' lang='lat' dir='ltr'><strong>p.</strong></span> <span class='ocrx_word' id='word_1_1072' title='bbox 1067 2859 1129 2886; x_wconf 73' lang='grc'><strong>457.</strong></span> <span class='ocrx_word' id='word_1_1073' title='bbox 1170 2858 1191 2874; x_wconf 83' lang='grc'><strong>¹⁹</strong></span> <span class='ocrx_word' id='word_1_1074' title='bbox 1207 2865 1234 2892; x_wconf 90' lang='lat' dir='ltr'><strong>p.</strong></span> <span class='ocrx_word' id='word_1_1075' title='bbox 1252 2857 1314 2885; x_wconf 74' lang='grc'><strong>459.</strong></span> <span class='ocrx_word' id='word_1_1076' title='bbox 1368 2857 1390 2873; x_wconf 82' lang='grc'><strong>¹⁰</strong></span> <span class='ocrx_word' id='word_1_1077' title='bbox 1407 2865 1434 2892; x_wconf 87' lang='lat' dir='ltr'><strong>p.</strong></span> <span class='ocrx_word' id='word_1_1078' title='bbox 1451 2856 1512 2885; x_wconf 72' lang='grc'><strong>464.</strong></span> <span class='ocrx_word' id='word_1_1079' title='bbox 1551 2856 1572 2872; x_wconf 90' lang='grc'><strong>¹¹</strong></span> <span class='ocrx_word' id='word_1_1080' title='bbox 1591 2854 1678 2889; x_wconf 65' lang='grc' dir='ltr'><strong>Ρωα.,</strong></span> 
     </span>
    </p>
   </div>
   <div class='ocr_carea' id='block_1_157' title="bbox 990 2859 1129 2894">
    <p class='ocr_par' dir='ltr' id='par_1_157' title="bbox 990 2859 1129 2894">
     <span class='ocr_line' id='line_1_159' title="bbox 990 2859 1129 2894; baseline 0.014 -10"><span class='ocrx_word' id='word_1_1081' title='bbox 990 2859 1010 2874; x_wconf 79' lang='grc'><strong>¹⁸</strong></span> <span class='ocrx_word' id='word_1_1082' title='bbox 1025 2868 1051 2894; x_wconf 82' lang='lat' dir='ltr'><strong>p.</strong></span> <span class='ocrx_word' id='word_1_1083' title='bbox 1067 2859 1129 2886; x_wconf 72' lang='grc'><strong>457.</strong></span> 
     </span>
    </p>
   </div>
  </div>
