1924 3072
235 166 303 197 1ῒ6¹5

569 165 602 192 ΙΝ
618 163 828 192 CLEMENTEM
845 162 946 190 ALEX.
965 163 996 190 D.
1015 162 1059 191 LE
1077 162 1221 190 NOURRY
1239 161 1465 191 DlSSERTATIO
1482 164 1515 192 ll.

1789 165 1854 193 ιιει

234 225 320 256 semel
334 227 376 252 est
394 226 570 253 consecutus,
590 229 600 246 ν
617 220 727 255 genitali
742 219 846 256 scilicet
861 219 979 256 lavacro,
996 222 1023 246 et
1038 220 1061 248 Α
1077 224 1121 245 tur
1139 218 1304 246 Clementem
1321 223 1476 256 autumasse
1489 218 1662 256 Christianos
1682 219 1858 256 Vimposltionp

234 254 365 299 gravibus
381 258 484 299 alisque
494 298 497 299 ν
507 254 680 299 pauitantia?!
690 254 969 299 publicata-tioribus
977 259 1020 299 ft

234 289 333 333 poenis.
352 303 363 320 ‹
382 289 595 333 Hic—autem,”
623 289 771 333 subiungit,
790 289 927 333 Clemens1
940 289 1020 333 Vtuqui

234 325 319 360 ctiam
343 333 436 364 postea
458 326 674 364 peccavitketsi
698 325 805 364 veniam
827 330 1019 358 consequatur.

234 368 317 395 debet
334 360 512 393 erubescere;
529 371 537 387 ι
557 360 690 396 publicam
708 360 834 396 nimirum
857 366 942 396 agens
964 366 1022 394 poe-

234 400 392 430 nitentiam,
413 408 423 424 ‹
440 402 471 424 ιιι
485 398 530 431 qui
547 395 601 423 non
619 395 734 430 amplius
755 395 864 431 lavetur
880 395 906 420 in
926 395 1021 421 remis-

233 437 341 464 sionem
358 430 543 469 peccatorum,
562 440 571 456 ›
586 437 682 464 nempe
693 430 1019 469 baptisiiiifacraniento;

230 473 336 506 quippe
353 464 426 506 quod
440 466 801 506 iterari_nunquarqpossit.
821 464 942 506 Denique
959 471 1021 506 cupi

234 497 268 534 de
285 497 340 533 bbe
353 497 462 531 liomine
475 497 662 537 paenitentiam
679 497 754 537 illam
765 504 864 537 agente
876 497 953 529 dicit.
969 497 1021 526 κᾶν

234 539 400 575 συγγνώμης
425 536 565 575 renown,
591 545 602 562 ι
633 536 1021 575 etsi_veniamconseq_uatur

234 582 262 604 et
276 570 421 610 'i'mpétret,
451 570 621 600 {liis'certe
647 570 737 598 verbis
761 571 832 610 sicut
856 570 1020 610 catholicum

235 605 332 647 dogma
347 610 448 637 diserte
464 611 624 647 propugnat,
640 611 670 647 et
685 610 792 647 tuetur;
810 605 1019 647 ilahhazretieain

234 641 450 674 No'vatianorum
464 641 620 677 opinionem
638 641 758 677 funditus
771 641 878 677 evertit.

272 681 329 708 Nec
350 680 439 707 minus
453 675 589 706 catholico
602 684 681 704 sensu
697 676 731 702 ab
751 676 809 710 ipso
824 675 954 703 scribitur
970 675 993 691 '°
1011 684 1017 702 :

234 725 247 743 ί
274 717 394 751 Apparet
415 721 491 751 ergo,
506 714 554 740 sed
568 720 620 740 non
636 716 679 739 est
699 712 869 746 pmnitentia,
887 718 958 751 saepe
973 717 1020 751 pe-

234 747 413 779 tere-veniam
429 747 461 776 dé
473 749 507 775 iis
519 755 578 782 qua:
595 754 665 781 saepe
689 754 844 780 peccamus,
864 756 874 772 »
898 747 949 773 hoc
965 750 1019 777 est,

235 795 285 814 nec
298 792 362 813 vera
379 791 429 811 nec
452 784 557 811 sincera
571 782 686 810 habetur
699 781 771 808 illius
786 782 955 816 paenitentia.
974 782 1019 815 qui

235 823 262 848 in
288 821 384 848 eadem
405 823 529 854 peccata,
545 824 668 854 quoruAm
694 823 770 854 siepe
781 817 890 854 veniam
914 817 1018 854 petiyt,

230 857 345 884 'lnbitur.
364 851 465 882 At'hoc
485 851 585 881 celebri
607 851 688 879 elTato
704 851 772 879 nihil
788 851 814 879 in
831 856 952 878 veterum
972 851 1020 879 Ec-

234 892 326 920 clesiae
341 890 451 918 Patrum
466 888 576 923 scriptis
590 888 675 923 magis
692 887 786 914 tritum
800 891 828 914 et
842 887 964 922 vulgare.

493 932 691 961 AltTlCULUS
716 931 760 960 llI.

233 983 273 1010 De
290 982 373 1010 sacris
390 980 526 1008 ordinibus
544 979 668 1014 episcopi,
688 979 831 1013 presbyteri
851 984 875 1005 et
895 978 1017 1010 diaconi,

340 1021 364 1043 et
372 1024 452 1051 quam
464 1020 530 1042 recte
541 1024 557 1041 ιι
566 1014 695 1042 Clemente
703 1015 912 1048 distinguantur.

269 1062 338 1090 Tres
352 1062 379 1089 in
397 1061 520 1089 Ecclesia
534 1067 594 1088 esse
611 1067 707 1088 sacros
720 1059 909 1094 episcoporum
923 1079 931 1091 ,
955 1067 1018 1094 pre-

234 1097 454 1133 sbyterorumet
469 1097 643 1133 diaconorum
660 1095 769 1133 ordines
784 1102 837 1133 non
851 1094 937 1122 solum
951 1103 966 1122 a
987 1102 1018 1122 se

234 1130 362 1166 invicem,
378 1132 424 1159 sed
449 1139 464 1158 a
478 1137 582 1166 castero
598 1131 679 1158 etiam
694 1130 912 1166 Christianorum
936 1137 1019 1164 grege

233 1168 379 1195 distinctos
395 1168 431 1194 ita
447 1171 540 1201 aperte
555 1165 679 1193 Clemens
696 1165 829 1197 declarat.
853 1169 884 1192 ut
906 1165 933 1191 id
947 1166 1018 1192 Cen-

234 1203 382 1230 turiatores
396 1203 429 1235 ἰ,
448 1200 556 1229 tametsi
579 1201 665 1235 magis
679 1200 772 1234 iniquo
785 1207 866 1235 quam
882 1207 1018 1234 propenso

234 1239 260 1264 iii
278 1237 353 1264 illum
367 1237 458 1264 animo
476 1236 560 1264 fuisse
574 1240 691 1267 constet,
703 1235 791 1270 palam
811 1235 935 1270 ultroque
949 1243 1017 1262 con-

231 1273 305 1300 titeri
326 1278 471 1308 cogantur.
495 1272 529 1308 Et
545 1279 574 1299 re
587 1271 781 1308 quidemyvera
795 1270 842 1298 ille
859 1271 1016 1298 eorumdem

232 1306 579 1341 ordinum‘comparatione
593 1306 691 1340 probat
706 1306 845 1341 beatorum
865 1310 892 1332 et
915 1310 1016 1341 interna

232 1343 365 1370 felicitate
381 1340 528 1369 (ruentium
551 1342 640 1369 varios
655 1347 716 1368 esse
730 1340 831 1376 gradus
848 1340 872 1356 "
887 1349 893 1367 :
913 1349 922 1366 ι
949 1340 1016 1368 Nam

231 1379 278 1406 liic
295 1384 403 1412 quoque
419 1377 444 1404 in
462 1377 585 1404 Ecclesia
598 1376 1015 1412 progressionesepiscoporum,

230 1411 464 1449 presbyterorum,
480 1413 655 1449 diaconorum
672 1417 747 1449 sunt,
763 1415 793 1437 ut
808 1411 938 1449 arbitror,
956 1411 1018 1438 imi-

232 1446 349 1475 tationes
372 1448 466 1483 gloriae
490 1447 629 1482 angelicte,
657 1451 686 1483 et
706 1446 779 1483 illius
802 1447 962 1483 (Economiae
985 1454 1018 1474 ac

235 1481 458 1521 dispensationis,
475 1481 556 1517 quain
569 1483 664 1521 dicunt
675 1481 824 1521 Scriptura:
838 1481 899 1509 illos
910 1517 914 1521 _
925 1489 1018 1516 exspe-

234 1517 372 1553 ctare,qui
390 1517 546 1546 insistentes
561 1518 682 1552 vestigiis
694 1517 876 1553 apostolorum
892 1517 1018 1545 vixerunt

232 1553 260 1580 in
291 1551 458 1588 perfectione
482 1552 611 1587 justitite,
634 1551 842 1588 convenienter
857 1551 1013 1586 Evangelio.

227 1586 424 1616 Hos-sublatos
441 1590 469 1616 in
485 1586 604 1615 nubibus
622 1587 717 1615 scribit
731 1586 878 1622 Apostolus
897 1595 1015 1622 primum

229 1624 340 1658 quidem
364 1624 494 1651 diaconos
517 1623 634 1655 futuros,
653 1622 750 1658 deinde
767 1624 935 1658 cooptandus
955 1631 1016 1651 esse

232 1657 259 1686 iii
285 1660 501 1694 prcsbyteratum
528 1658 676 1692 perfectum
697 1657 807 1690 gloriai;
835 1657 919 1694 gloria
942 1659 1015 1685 enim

232 1692 323 1720 didert
343 1692 479 1728 a‘glorin,
497 1693 584 1720 donec
606 1694 742 1720 creverint
770 1694 797 1720 in
818 1692 903 1728 virum
926 1694 1016 1727 perfe—

232 1734 318 1756 ctum.
338 1738 347 1754 ›
367 1727 434 1756 Tres
456 1729 546 1762 itaque
566 1728 625 1755 illos
640 1728 834 1755 ecclesiastica:
856 1727 1016 1755 liierarchia:

231 1764 332 1798 gradus
351 1772 364 1790 :I
383 1771 413 1790 se
428 1764 542 1790 invicem
557 1764 709 1798 distingutt,
723 1764 858 1797 docetque
871 1763 939 1790 alios
954 1764 1016 1792 aliis

231 1807 292 1825 esse
306 1799 469 1833 superiores.

268 1833 401 1860 Praeterea
419 1842 471 1860 non
488 1834 576 1860 minus
592 1833 734 1868 perspicue
754 1833 884 1860 diaconos
902 1837 930 1859 et
954 1841 1015 1868 pre-

232 1869 358 1904 sbyteros
372 1869 405 1895 ab
419 1869 479 1896 aliis
507 1869 670 1896 Christianis
695 1869 819 1896 lidelibus
833 1868 1015 1896 discriminat.

231 1903 315 1930 Paulo
341 1905 414 1931 enim
440 1905 565 1938 superius
589 1904 685 1931 scribit
704 1913 713 1929 t
739 1903 891 1939 gnoslicum
919 1913 928 1928 ι
956 1911 1016 1931 esse

230 1940 341 1973 quidem
369 1939 557 1974 presbyterum
574 1943 602 1966 et
623 1938 779 1971 diaconum,
803 1939 850 1965 sed
869 1938 1016 1973 improprie

232 1979 336 2000 tantum
361 1979 389 2001 et
411 1975 608 2008 metaphorice,
624 1975 724 2009 pietate
747 1975 885 2005 nimirum,
905 1981 938 2000 ac
955 1975 1016 2001 vitae

231 2009 388 2044 integritate
405 2015 431 2036 et
445 2010 639 2041 sanctimonia,
656 2018 708 2036 non
726 2014 815 2036 autem
832 2008 1013 2044 ordinatioue,

232 2043 324 2078 utpote
336 2045 380 2079 qui
405 2054 413 2070 ε
433 2045 466 2072 ab
485 2046 638 2072 hominibus
658 2045 865 2072 nouordiuetur
880 2043 914 2071 ”.
934 2054 943 2071 ι
961 2045 1015 2072 Sed

231 2084 343 2115 praestat
355 2079 522 2107 Clementem
539 2082 594 2107 suis
609 2080 697 2107 verbis
723 2081 876 2115 loquentem
899 2080 992 2107 audire
1007 2090 1013 2107 :

233 2123 243 2139 1
276 2114 326 2141 Hie
351 2121 403 2147 est,
429 2116 526 2149 inquit,
547 2123 641 2142 revera
665 2114 808 2150 presbyter
831 2115 969 2147 Ecclesiae,
988 2121 1016 2142 et

229 2157 313 2176 verus
330 2150 470 2183 diaconus,
488 2150 514 2177 id
532 2156 586 2181 est,
599 2151 724 2177 minister
738 2151 783 2177 Dei
803 2151 1015 2183 roluntatis,xat

229 2184 352 2215 διάκονος
370 2185 472 2220 ἀληθὴς
495 2185 542 2212 τοῦ
560 2185 626 2212 Θεοῦ
643 2185 807 2221 βουλήσεως,
833 2186 856 2212 si
874 2185 966 2218 faciat,
988 2192 1016 2214 et

231 2222 405 2265 doceat‘lqua:
419 2227 481 2248 sunt
508 2222 624 2265 Domini,
641 2229 694 2248 non
710 2227 738 2248 ut
753 2230 798 2256 qui
813 2222 955 2265 ordiiietpr
977 2223 1011 2249 ab
1029 2238 1050 2265 ο

232 2255 394 2287 hominibus,
409 2263 496 2290 neque
510 2257 580 2290 quod
593 2257 682 2290 justus
698 2255 844 2284 censeatur
858 2257 1008 2291 presbyter,

230 2292 278 2328 sed
291 2292 363 2328 quod
374 2291 464 2328 justus
480 2293 596 2328 i'elertur
610 2292 636 2318 in
653 2293 882 2328 presbyteratum.
903 2291 936 2318 Et
950 2292 1012 2319 licet

232 2326 276 2352 iiic
291 2326 317 2351 ili
334 2327 414 2353 terris
438 2334 491 2353 non
509 2327 591 2353 fuerit
608 2328 694 2361 prima
714 2326 778 2354 scite
793 2328 955 2359 honoratus,
970 2335 1012 2354 se-

230 2361 306 2387 debit
327 2361 355 2387 in
373 2366 490 2397 quatuor
511 2366 540 2389 et
561 2363 656 2395 viginti
680 2363 785 2389 thronis
799 2362 1012 2397 populumjudi-

230 2403 308 2428 cans,
326 2401 357 2422 ut
371 2396 436 2423 dicit
450 2396 568 2424 Joannes
582 2398 608 2424 in
629 2398 803 2432 Apomilypsi.
825 2407 833 2423 ι
849 2396 908 2424 Non
925 2396 1014 2432 potest

230 2438 297 2457 sane
318 2438 396 2458 sacer
410 2433 560 2467 presbyteri
574 2438 600 2459 et
620 2433 727 2460 diaconi
750 2434 817 2460 ordo
835 2440 849 2459 a
869 2433 972 2467 plebeio
987 2438 1014 2459 et

230 2470 335 2502 caetero
353 2467 568 2494 Christianorum
595 2472 668 2495 statu
695 2469 794 2495 clarius
815 2468 1015 2502 dilueiiliusque

230 2501 348 2528 secerni.
375 2501 576 2535 Quantnmlibet
596 2503 681 2535 enim,
698 2508 766 2530 teste
789 2503 938 2534 Clemente,
955 2501 1016 2537 per-

229 2538 317 2563 lectus
336 2538 417 2564 fuerit
433 2537 516 2564 laicus
527 2543 554 2565 et
569 2539 719 2570 swenlaris,
737 2543 766 2565 ut
780 2538 825 2565 ille
846 2539 894 2568 ait,
916 2548 925 2563 ε
950 2545 1016 2573 gno-

228 2578 334 2605 sticus;
355 2582 365 2599 ι
383 2580 398 2598 a
416 2574 575 2607 presbytero
588 2579 679 2601 tamen
702 2579 729 2600 et
742 2576 855 2600 diacono
872 2575 1016 2608 distingui—

230 2613 284 2638 tur,
311 2617 319 2633 ι
352 2615 401 2634 nec
417 2609 504 2642 prima
528 2610 593 2635 sede
618 2610 780 2641 honoratur;
809 2618 818 2633 ι
840 2617 942 2643 quippe
969 2609 1016 2643 qui

231 2652 239 2667 ι
263 2650 316 2668 non
331 2643 473 2680 ordinetur
486 2644 520 2680 ab
535 2645 696 2676 hominibus,
717 2654 726 2670 ι
743 2645 792 2679 οὺχ
809 2645 854 2670 ὑπ’
866 2644 1017 2680 ἀνθρώπων

227 2677 475 2713 χειροτονούμενος,
499 2679 549 2705 hoc
574 2684 625 2712 est,
650 2677 1014 2712 manuum"iiiipositioneui,

228 2722 280 2750 qun
289 2714 441 2750 presbyter
456 2714 497 2740 vel
514 2715 643 2741 diaconus
666 2716 884 2750 inauguraretur,
911 2717 944 2741 ab
969 2716 1017 2741 ho-

227 2748 350 2775 niiiiibus
378 2756 431 2776 non
452 2750 598 2777 acceperit.
617 2750 657 2776 Ex
682 2748 783 2784 quibus
807 2751 896 2776 adhuc
914 2750 1016 2784 colligi-

1034 895 1056 923 Β
1071 884 1249 923 desiderabis.

1075 261 1203 280 manuum
1219 261 1296 281 sacro
1310 255 1416 281 diaconi
1433 259 1458 281 et
1471 253 1621 289 presbyteri
1638 252 1736 282 ordine
1749 252 1857 282 initiari.

1109 289 1284 315 Diaconatum
1305 296 1387 324 porro
1413 296 1427 315 a
1453 289 1656 324 presbyteratu,
1685 291 1859 324 quemadmo-

1071 324 1133 350 dum
1160 329 1306 358 utrumque
1330 324 1365 351 ab
1382 324 1541 358 episcopatu
1566 329 1621 351 tam
1641 325 1788 359 perspicue
1803 326 1859 352 Cle-

1072 366 1148 386 mens
1161 363 1251 385 noster
1263 359 1404 392 discernit,
1419 363 1448 386 ut
1460 359 1487 385 id
1501 359 1764 394 presbyteranorum
1782 367 1858 388 secta

1077 394 1201 420 homines
1216 401 1277 420 cum
1292 401 1391 429 negare
1404 401 1456 420 non
1473 399 1583 428 possent
1597 394 1755 423 Blondellus
1768 395 1793 411 "
1807 396 1858 423 illo-

1073 437 1132 456 rum
1158 428 1375 463 coryphaaus’ad
1390 428 1548 456 elevandam
1573 430 1752 457 eruditissimi
1776 432 1857 458 nostri

1070 463 1213 500 scriptoris
1228 463 1421 500 auctoritatem
1445 464 1543 500 mirum
1567 465 1646 499 plane
1661 464 1794 500 eﬂugium
1817 473 1859 493 ex-

1071 499 1245 533 cogitaverit.
1271 498 1382 526 Fatetur
1414 498 1486 525 enim
1517 498 1589 527 hanc
1622 500 1705 527 trium
1720 498 1858 528 'ordinurn

1071 534 1272 561 distinctionem
1299 542 1332 561 ex
1348 534 1529 561 Ecclesiarum
1555 542 1604 562 usu
1633 540 1727 562 natam
1751 536 1789 562 ab
1815 536 1858 563 illo

1070 569 1196 601 admitti;
1223 576 1304 603 quam
1323 573 1414 596 tamen
1438 569 1481 596 ille
1506 570 1563 603 ipse
1584 569 1713 597 Clemens
1728 571 1858 598 divinitus

1071 610 1118 638 per
1132 604 1268 638 apostolos
1284 604 1435 631 institutam
1449 603 1530 638 pleno
1546 611 1595 632 ore
1611 605 1750 632 inliciatus
1769 611 1823 633 est.

1106 639 1205 666 Verum
1229 639 1285 670 ubi.
1311 639 1408 666 amabo
1432 644 1468 670 te.
1498 639 1581 666 ullum
1605 644 1698 667 exstat
1711 640 1858 669 Clemean

1071 673 1141 711 hanc
1153 673 1372 711 distributionem
1388 674 1423 700 ab
1435 675 1568 711 apostolis
1587 675 1741 711 institutam
1757 683 1858 711 negan-

1071 709 1115 740 tis,
1135 710 1176 736 vel
1197 710 1231 736 de
1253 717 1285 736 ea
1309 709 1467 741 dubitantis,
1483 709 1620 737 verbum?
1640 709 1691 737 Ubi
1717 710 1773 737 ulla
1797 709 1858 743 vox,

1071 745 1126 772 imo
1141 745 1186 781 ubi
1200 744 1280 781 illum
1288 745 1362 771 vocis
1386 744 1556 781 sermonisve
1569 745 1735 781 vestigium?
1751 746 1857 773 Nullum

1071 784 1145 816 certe
1158 778 1452 816 Blondellusprotulit,
1470 787 1520 816 nec
1534 778 1784 816 poterit'unquam
1800 789 1857 816 pro-

1071 814 1155 842 ferre.
1172 815 1207 841 Et
1225 821 1291 842 vero
1304 814 1341 842 ibi
1357 814 1451 848 procul
1474 814 1557 842 dubio
1571 815 1691 848 ejusdem
1715 814 1856 848 Blondelli,

1071 849 1123 877 viri
1148 850 1219 878 inter
1239 857 1303 885 suos
1331 849 1498 881 acutissimi,
1524 850 1656 885 judicium
1673 850 1737 885 jure
1758 851 1856 878 merito

1266 884 1338 918 Quas
1351 884 1437 916 enim,
1453 884 1546 919 putas,
1564 886 1597 912 ad
1612 885 1769 919 Opinionem
1780 894 1854 913 suam

1070 920 1237 954 probandam
1253 920 1334 947 atteri
1350 919 1489 947 rationes?
1512 920 1566 947 Eas
1589 924 1665 947 certe
1680 928 1742 955 qua;
1758 921 1856 948 nullius

1070 955 1150 990 plane
1161 959 1226 982 sunt
1236 955 1355 995 roboris,
1364 954 1406 995 vel
1418 955 1515 995 quibus
1527 963 1581 982 non
1593 960 1649 995 tam
1663 954 1763 995 probat
1770 964 1789 995 _a
1802 956 1856 984 Cle-

1071 994 1161 1018 mente
1175 991 1267 1025 negari
1284 990 1433 1018 institutam
1448 990 1482 1017 ab
1495 990 1625 1025 apostolis
1647 991 1729 1018 trium
1747 992 1853 1018 illorum

1069 1026 1194 1053 ordinum
1217 1025 1430 1057 distinctionem,
1451 1032 1532 1059 quam
1547 1025 1581 1052 ab
1599 1026 1645 1053 illo
1662 1033 1717 1053 non
1739 1027 1854 1053 admitti.

1071 1060 1164 1088 Primo
1177 1060 1250 1088 enim
1265 1061 1344 1088 nobis
1357 1060 1402 1087 ille
1417 1059 1510 1094 objicit
1520 1060 1687 1088 Clementem
1700 1061 1781 1088 binos
1797 1066 1854 1088 tan-

1070 1100 1126 1122 tum
1157 1095 1236 1131 192
1261 1095 1460 1131 ecclesiasticos
1483 1094 1604 1128 ordines,
1631 1103 1683 1123 nec
1707 1096 1800 1131 plures
1814 1104 1855 1123 sa-

1070 1138 1132 1158 cras
1155 1130 1310 1158 functiones
1331 1130 1484 1166 agnovisse.
1500 1130 1578 1166 Ergo
1595 1131 1618 1157 si
1639 1132 1677 1157 ita
1697 1130 1752 1164 est,
1767 1132 1854 1166 inqui-

1070 1173 1142 1198 mus,
1157 1171 1233 1194 certe
1252 1166 1276 1193 is
1292 1164 1407 1201 ipsemet
1422 1164 1577 1193 Blondellus
1598 1166 1669 1201 falso
1683 1167 1752 1194 dixit
1768 1164 1853 1200 tripli-

1070 1201 1110 1228 cis
1137 1203 1210 1228 sacri
1237 1201 1341 1228 ordinis
1370 1201 1518 1228 admissam
1550 1208 1566 1228 a
1591 1200 1735 1229 Clemente
1765 1208 1854 1229 nostro

1069 1236 1301 1264 distributionem.

1106 1271 1190 1306 Urget
1212 1275 1303 1298 tamen
1329 1270 1395 1303 ille,
1416 1270 1520 1305 aliaque
1548 1272 1575 1299 in
1603 1271 1723 1298 medium
1750 1272 1855 1300 adducit

1069 1306 1216 1334 Clementis
1235 1307 1329 1342 verba,
1342 1306 1441 1342 quibus
1453 1309 1486 1333 de
1496 1307 1665 1342 presbyteris
1678 1307 1853 1342 diaconisque

1070 1342 1105 1369 ita
1123 1341 1275 1376 disputat"
1290 1350 1298 1368 :
1317 1350 1327 1367 ι
1339 1341 1472 1368 Similiter
1493 1341 1586 1369 autem
1604 1343 1632 1368 in
1655 1342 1781 1370 Ecclesia
1797 1341 1854 1370 eam

1069 1377 1190 1411 quidem,
1218 1384 1280 1411 qua:
1309 1376 1374 1403 facit
1401 1376 1537 1407 meliores.
1567 1377 1722 1411 presbyteri
1748 1382 1856 1405 Servant

1069 1413 1230 1446 imaginem;
1246 1419 1306 1438 eam
1320 1417 1420 1443 autem,
1434 1418 1494 1445 qua:
1507 1413 1604 1443 servit,
1619 1412 1741 1439 diaconi.
1757 1413 1855 1439 Ambo-

1069 1449 1121 1474 bus
1137 1448 1179 1474 his
1194 1447 1354 1474 ministeriis
1366 1446 1453 1480 angeli
1465 1446 1521 1473 Deo
1537 1448 1660 1474 serviunt
1676 1448 1702 1474 in
1717 1449 1856 1482 dispensa-

1071 1483 1144 1509 tione
1161 1489 1251 1517 rerum
1268 1486 1451 1517 terrenarum,
1478 1486 1507 1508 et
1526 1482 1583 1516 ipse
1600 1484 1754 1517 gnosticus.
1766 1492 1776 1508 ι
1795 1483 1856 1510 Inde

1069 1522 1158 1544 autem
1173 1516 1328 1544 Blondellus
1342 1516 1476 1543 conﬁcere
1490 1524 1520 1544 se
1536 1525 1615 1551 posse
1630 1523 1706 1551 putat
1730 1518 1855 1546 Clemen-

1070 1559 1122 1580 tem
1140 1560 1192 1579 non
1208 1552 1300 1586 plures
1317 1559 1396 1586 quam
1411 1552 1478 1578 duas
1492 1559 1633 1579 sacrorum
1652 1553 1781 1580 ordinum
1796 1552 1856 1579 fun~

1067 1588 1172 1615 etiones
1195 1585 1347 1622 agii0visse,
1373 1585 1550 1622 βελτιωτικήν
1577 1589 1815 1622 presbyterorum,
1831 1594 1857 1615 et

1067 1623 1241 1650 diacouorum
1256 1621 1434 1657 ὑπηρετικὴν.
1453 1623 1507 1649 Sed
1528 1621 1580 1650 hac
1600 1621 1671 1650 illius
1684 1629 1856 1658 argumenta-

1067 1662 1142 1685 tione
1155 1664 1249 1684 rursus
1263 1662 1360 1684 contra
1382 1657 1469 1691 ipsum
1489 1657 1662 1685 concluditur
1686 1657 1856 1686 distributio-

1069 1701 1129 1720 nem
1157 1692 1270 1727 triplicis
1291 1691 1396 1718 ordinis
1421 1699 1452 1718 ex
1479 1700 1530 1719 usu
1556 1691 1697 1723 Ecclesiae.
1724 1694 1763 1720 uti
1787 1694 1857 1720 idem

1066 1728 1234 1759 Blondellus,
1249 1733 1352 1759 natam,
1365 1731 1393 1753 et
1406 1734 1420 1753 a
1434 1727 1571 1754 Clemente
1584 1734 1680 1756 nostro
1694 1729 1854 1760 admissam,

1066 1764 1153 1790 eidetn
1165 1762 1298 1789 Clementi
1315 1768 1469 1789 revorauou
1486 1761 1570 1789 fuisse
1585 1768 1769 1797 compertam.
1783 1763 1858 1790 Nun-

1069 1799 1134 1832 quid
1157 1806 1222 1832 ergo
1239 1798 1363 1824 Clemens
1385 1802 1437 1823 tam
1459 1797 1577 1824 absurde
1603 1806 1686 1832 quam
1704 1798 1857 1826 Blondellus

1067 1835 1116 1861 sibi
1139 1833 1188 1868 ipsi
1208 1832 1394 1868 contradixit?
1409 1832 1485 1859 Absit
1511 1840 1587 1859 sane.
1611 1832 1646 1860 Et
1668 1839 1745 1861 certe
1769 1835 1791 1861 si
1815 1834 1857 1860 ille

1067 1872 1133 1896 duas
1157 1872 1260 1895 tantum
1279 1867 1315 1894 ibi
1333 1873 1467 1894 memorat
1482 1868 1596 1902 duplicis
1609 1869 1716 1896 ordinis
1740 1868 1858 1896 functio-

1067 1913 1126 1936 lies,
1151 1911 1204 1930 non
1224 1903 1275 1929 alia
1293 1901 1589 1938 profectocausa'fuit,
1609 1911 1693 1937 quam
1713 1906 1778 1938 quia
1794 1912 1857 1938 pro-

1067 1939 1183 1966 bandum
1218 1941 1375 1971 susceperat
1405 1936 1539 1971 duplicem
1569 1936 1766 1966 tantummodo
1794 1936 1858 1966 esse

1066 1975 1179 2006 cultum,
1198 1974 1242 2008 qui
1259 1973 1332 2000 circa
1348 1979 1392 1998 res
1413 1972 1545 2008 humanas
1559 1979 1697 2000 versatur.

1102 2010 1155 2037 Sed
1174 2017 1233 2043 age,
1254 2014 1282 2034 et
1297 2012 1391 2034 contra
1411 2007 1591 2041 Blondellum,
1611 2010 1635 2035 si
1659 2009 1748 2042 lubet,
1768 2009 1856 2036 acrius

1067 2045 1206 2072 instemus.
1235 2043 1360 2079 Clemens
1379 2043 1477 2069 ibidem
1493 2043 1614 2077 duplices
1627 2044 1689 2071 illas
1706 2045 1858 2079 presbyteri

1066 2085 1094 2107 et
1107 2079 1218 2107 diaconi
1232 2078 1394 2114 functiones
1417 2085 1479 2114 cum
1496 2079 1630 2114 medicina
1644 2085 1672 2105 et
1687 2078 1858 2114 philosophia

1066 2115 1214 2150 componit.
1231 2113 1356 2146 Nunquid
1381 2120 1446 2150 ergo
1473 2112 1535 2139 inde
1551 2112 1719 2148 Blonilellds,
1735 2120 1784 2141 aut
1797 2112 1857 2148 qui-

1066 2148 1136 2178 libet‘
1148 2150 1217 2176 alius
1236 2156 1308 2175 sanie
1329 2150 1426 2174 mentis
1441 2148 1531 2180 hoino,
1555 2150 1658 2175 inl'ci're
1673 2151 1778 2183 poterit
1792 2151 1858 2175 alias

1066 2186 1237 2219 disciplinas,
1255 2183 1392 2217 aliamque
1409 2188 1505 2219 praeter
1520 2183 1580 2219 illas
1600 2185 1745 2211 scientiam
1767 2193 1782 2211 a
1800 2184 1858 2212 Cle-

1068 2217 1158 2248 meuie
1175 2225 1266 2246 nostro
1290 2226 1343 2245 non
1367 2217 1497 2251 agnosci?
1513 2218 1579 2251 Quis
1606 2227 1660 2246 neti
1684 2221 1778 2247 Videat
1795 2220 1858 2246 nihil

1066 2263 1179 2290 prorsus
1203 2256 1256 2290 hac
1277 2253 1671 2290 Blo‘ndclliAargnnientntionc
1687 2262 1751 2282 esse
1774 2262 1858 2289 magis

1067 2287 1145 2318 i'utile
1165 2294 1192 2317 et
1212 2287 1450 2325 iinbecilluni?_[le
1470 2287 1618 2323 episcopali
1644 2291 1739 2325 itaque
1762 2287 1857 2316 ordine

1068 2329 1118 2354 lioc
1134 2326 1235 2352 inloco
1258 2324 1383 2350 Cit-mens
1404 2323 1464 2350 ideo
1486 2325 1581 2357 tacuit,
1608 2326 1674 2359 quia
1691 2323 1723 2352 id
1740 2326 1776 2352 ad
1801 2332 1854 2351 rem

1067 2369 1146 2389 suam
1175 2359 1242 2387 nihil
1267 2359 1394 2386 iaciebat.
1414 2359 1463 2385 Ubi
1484 2364 1574 2386 autem
1595 2361 1768 2388 mentionem
1789 2360 1857 2387 illius

1068 2398 1160 2424 facere
1175 2402 1285 2422 necesse
1300 2394 1426 2425 credidit,
1445 2399 1508 2420 tunc
1530 2400 1616 2426 certe,
1634 2396 1673 2422 uti
1687 2395 1794 2423 dictqu
1807 2400 1856 2425 est,

1068 2433 1194 2459 eumdem
1206 2430 1339 2460 ordinem,
1356 2428 1456 2466 fatente
1472 2428 1620 2463 Blondello,
1635 2438 1651 2456 ει
1665 2433 1855 2466 presbyteratu

1068 2473 1096 2495 et
1110 2468 1254 2493 diaconatu
1270 2469 1364 2498 aperte
1380 2463 1516 2491 distinxit.

1103 2503 1156 2533 At,
1188 2499 1276 2533 inquit
1302 2498 1466 2535 Blondcllus,
1495 2500 1710 2535 tpresbyterior
1743 2500 1851 2535 dignus,

1071 2547 1079 2563 ι
1094 2536 1244 2572 apostolico
1256 2543 1264 2559 ι
1279 2534 1374 2572 gradui
1391 2542 1406 2559 a
1423 2534 1564 2572 Clemente
1576 2535 1738 2572 ascribitdr.
1752 2534 1854 2572 Optime

1069 2569 1188 2607 quidem.
1205 2569 1272 2597 Nam
1290 2569 1333 2607 ibi
1345 2569 1472 2607 Clemens
1485 2570 1519 2596 de
1532 2570 1644 2597 Mattliia
1662 2569 1798 2604 loquitur.
1811 2570 1852 2604 qni

1069 2604 1131 2634 vita:
1147 2612 1307 2638 morumque
1328 2604 1486 2638 integritate
1501 2609 1527 2631 et.
1545 2606 1702 2632 innocentia
1721 2615 1730 2632 l
1744 2614 1775 2633 se
1791 2614 1854 2639 pia:-

1069 2645 1128 2670 bnit
1151 2642 1262 2677 dignum
1276 2644 1316 2677 _ut
1339 2639 1420 2677 lieret
1441 2641 1625 2677 apostolus".
1640 2650 1649 2666 ι
1670 2643 1743 2674 Quid
1767 2646 1853 2677 autem

1070 2679 1131 2705 inde
1152 2674 1245 2704 contra
1273 2675 1372 2712 iactant
1397 2674 1431 2712 ab
1456 2677 1550 2712 eodem
1569 2676 1712 2704 Clemente
1737 2675 1853 2712 episcopi

1071 2712 1278 2748 presbyterique
1291 2709 1510 2748 distinctionem?

1105 2745 1207 2776 Contra
1220 2752 1310 2773 tamen
1322 2745 1412 2772 adhuc
1421 2745 1520 2772 clamat
1530 2746 1686 2774 Bloudellus
1697 2747 1853 2781 presbyteio

263 2857 285 2894 'f
304 2856 388 2894 ibid._
409 2857 431 2872 “
449 2857 603 2894 cent._2>.rc.
620 2857 664 2894 to,
679 2865 705 2892 p.
723 2857 789 2894 M9.»
823 2857 956 2894 "Strorn.
971 2858 988 2885 l.
1005 2866 1043 2892 vi,
1056 2866 1083 2894 p.
1097 2857 1159 2885 667.
1199 2855 1296 2884 “ibid.
1333 2853 1357 2870 "
1371 2855 1408 2884 De
1420 2854 1505 2888 episc.
1521 2859 1548 2881 et
1562 2853 1757 2890 presbyl.,§%,
1771 2861 1797 2888 p.
1809 2850 1850 2877 35-

226 2892 248 2908 ³³
263 2893 365 2920 Strom.
382 2892 400 2921 l.
417 2900 465 2926 vn,
483 2901 508 2928 p.
525 2892 588 2920 700.
625 2893 648 2908 '°
664 2894 767 2920 Strom.
784 2892 802 2919 l.
817 2899 853 2926 vi,
871 2901 896 2928 p.
913 2893 975 2921 667.
