  <div class='ocr_page' id='page_1' title='image "/cluster/home/n/w/nwhite01/storage/ocr_20150623/9/njp.32101077772398/711.png"; bbox 0 0 1924 3072; ppageno 0'>
   <div class='ocr_carea' id='block_1_1' title="bbox 198 176 266 204">
    <p class='ocr_par' dir='ltr' id='par_1_1' title="bbox 198 176 266 204">
     <span class='ocr_line' id='line_1_1' title="bbox 198 176 266 204; baseline -0.015 0"><span class='ocrx_word' id='word_1_1' title='bbox 198 176 266 204; x_wconf 84' lang='grc'><strong>1167</strong></span> 
     </span>
    </p>
   </div>
   <div class='ocr_carea' id='block_1_2' title="bbox 518 174 1488 206">
    <p class='ocr_par' dir='ltr' id='par_1_2' title="bbox 518 174 1488 206">
     <span class='ocr_line' id='line_1_2' title="bbox 518 174 1488 206; baseline 0.002 -4"><span class='ocrx_word' id='word_1_2' title='bbox 518 175 551 202; x_wconf 81' lang='lat' dir='ltr'><strong>IN</strong></span> <span class='ocrx_word' id='word_1_3' title='bbox 571 174 786 203; x_wconf 81' lang='lat' dir='ltr'><strong>CLEMENTEM</strong></span> <span class='ocrx_word' id='word_1_4' title='bbox 807 174 908 203; x_wconf 72' lang='lat' dir='ltr'><strong>ALEX.</strong></span> <span class='ocrx_word' id='word_1_5' title='bbox 931 175 962 202; x_wconf 90' lang='lat' dir='ltr'><strong>D.</strong></span> <span class='ocrx_word' id='word_1_6' title='bbox 985 174 1028 202; x_wconf 84' lang='lat' dir='ltr'>LE</span> <span class='ocrx_word' id='word_1_7' title='bbox 1047 175 1190 204; x_wconf 76' lang='lat' dir='ltr'><strong>NOURRY</strong></span> <span class='ocrx_word' id='word_1_8' title='bbox 1211 176 1438 206; x_wconf 79' lang='lat' dir='ltr'><strong>DlSSERTATIO</strong></span> <span class='ocrx_word' id='word_1_9' title='bbox 1456 177 1488 205; x_wconf 89' lang='lat' dir='ltr'><strong>ll.</strong></span> 
     </span>
    </p>
   </div>
   <div class='ocr_carea' id='block_1_3' title="bbox 1760 177 1824 205">
    <p class='ocr_par' dir='ltr' id='par_1_3' title="bbox 1760 177 1824 205">
     <span class='ocr_line' id='line_1_3' title="bbox 1760 177 1824 205; baseline 0.016 -1"><span class='ocrx_word' id='word_1_10' title='bbox 1760 177 1824 205; x_wconf 64' lang='lat' dir='ltr'><strong>llr-3</strong></span> 
     </span>
    </p>
   </div>
   <div class='ocr_carea' id='block_1_4' title="bbox 197 234 1824 271">
    <p class='ocr_par' dir='ltr' id='par_1_4' title="bbox 197 234 1824 271">
     <span class='ocr_line' id='line_1_4' title="bbox 197 234 1824 271; baseline -0.002 -6"><span class='ocrx_word' id='word_1_11' title='bbox 197 235 377 268; x_wconf 85' lang='lat' dir='ltr'><strong>audierimus,</strong></span> <span class='ocrx_word' id='word_1_12' title='bbox 393 235 456 262; x_wconf 82' lang='lat' dir='ltr'><strong>inde</strong></span> <span class='ocrx_word' id='word_1_13' title='bbox 472 234 584 271; x_wconf 83' lang='lat' dir='ltr'><strong>forsitan</strong></span> <span class='ocrx_word' id='word_1_14' title='bbox 600 234 697 271; x_wconf 84' lang='lat' dir='ltr'><strong>aliquis</strong></span> <span class='ocrx_word' id='word_1_15' title='bbox 715 234 786 261; x_wconf 94' lang='lat' dir='ltr'><strong>haud</strong></span> <span class='ocrx_word' id='word_1_16' title='bbox 810 234 981 271; x_wconf 12' lang='lat' dir='ltr'><strong>ineptegcon-</strong></span> <span class='ocrx_word' id='word_1_17' title='bbox 997 235 1018 263; x_wconf 81' lang='grc' dir='ltr'>Α</span> <span class='ocrx_word' id='word_1_18' title='bbox 1035 234 1228 271; x_wconf 79' lang='lat' dir='ltr'><strong>Hicrmiymum</strong></span> <span class='ocrx_word' id='word_1_19' title='bbox 1243 237 1279 264; x_wconf 86' lang='lat' dir='ltr'><strong>ibi</strong></span> <span class='ocrx_word' id='word_1_20' title='bbox 1293 242 1386 264; x_wconf 88' lang='lat' dir='ltr'><strong>contra</strong></span> <span class='ocrx_word' id='word_1_21' title='bbox 1400 236 1540 263; x_wconf 72' lang='lat' dir='ltr'><strong>hmreticos</strong></span> <span class='ocrx_word' id='word_1_22' title='bbox 1553 235 1663 270; x_wconf 79' lang='lat' dir='ltr'><strong>longius</strong></span> <span class='ocrx_word' id='word_1_23' title='bbox 1679 243 1764 270; x_wconf 84' lang='lat' dir='ltr'><strong>quam</strong></span> <span class='ocrx_word' id='word_1_24' title='bbox 1777 244 1824 270; x_wconf 83' lang='lat' dir='ltr'><strong>par</strong></span> 
     </span>
    </p>
   </div>
   <div class='ocr_carea' id='block_1_5' title="bbox 199 269 982 306">
    <p class='ocr_par' dir='ltr' id='par_1_5' title="bbox 199 269 982 306">
     <span class='ocr_line' id='line_1_5' title="bbox 199 269 982 306; baseline -0.005 -7"><span class='ocrx_word' id='word_1_25' title='bbox 199 273 271 304; x_wconf 75' lang='lat' dir='ltr'><strong>[lcirt</strong></span> <span class='ocrx_word' id='word_1_26' title='bbox 285 272 344 298; x_wconf 72' lang='lat' dir='ltr'><strong>haec</strong></span> <span class='ocrx_word' id='word_1_27' title='bbox 363 271 513 305; x_wconf 69' lang='lat' dir='ltr'><strong>posteriora</strong></span> <span class='ocrx_word' id='word_1_28' title='bbox 528 270 602 306; x_wconf 85' lang='lat' dir='ltr'><strong>illius</strong></span> <span class='ocrx_word' id='word_1_29' title='bbox 615 270 696 296; x_wconf 86' lang='lat' dir='ltr'><strong>verba</strong></span> <span class='ocrx_word' id='word_1_30' title='bbox 714 277 766 296; x_wconf 90' lang='lat' dir='ltr'><strong>non</strong></span> <span class='ocrx_word' id='word_1_31' title='bbox 777 269 825 306; x_wconf 88' lang='lat' dir='ltr'><strong>_ad</strong></span> <span class='ocrx_word' id='word_1_32' title='bbox 842 269 982 306; x_wconf 73' lang='lat' dir='ltr'><strong>presbyte—</strong></span> 
     </span>
    </p>
   </div>
   <div class='ocr_carea' id='block_1_6' title="bbox 196 304 981 339">
    <p class='ocr_par' dir='ltr' id='par_1_6' title="bbox 196 304 981 339">
     <span class='ocr_line' id='line_1_6' title="bbox 196 304 981 339; baseline -0.006 -4"><span class='ocrx_word' id='word_1_33' title='bbox 196 315 256 335; x_wconf 87' lang='lat' dir='ltr'><strong>rum</strong></span> <span class='ocrx_word' id='word_1_34' title='bbox 273 312 300 334; x_wconf 91' lang='lat' dir='ltr'><strong>et</strong></span> <span class='ocrx_word' id='word_1_35' title='bbox 316 306 469 339; x_wconf 81' lang='lat' dir='ltr'><strong>diaconum,</strong></span> <span class='ocrx_word' id='word_1_36' title='bbox 487 305 533 332; x_wconf 87' lang='lat' dir='ltr'><strong>sed</strong></span> <span class='ocrx_word' id='word_1_37' title='bbox 554 305 652 331; x_wconf 81' lang='lat' dir='ltr'><strong>laicum</strong></span> <span class='ocrx_word' id='word_1_38' title='bbox 666 312 726 331; x_wconf 84' lang='lat' dir='ltr'><strong>esse</strong></span> <span class='ocrx_word' id='word_1_39' title='bbox 741 304 894 332; x_wconf 81' lang='lat' dir='ltr'><strong>referenda.</strong></span> <span class='ocrx_word' id='word_1_40' title='bbox 912 304 981 332; x_wconf 88' lang='lat' dir='ltr'><strong>Scu-</strong></span> 
     </span>
    </p>
   </div>
   <div class='ocr_carea' id='block_1_7' title="bbox 197 339 982 371">
    <p class='ocr_par' dir='ltr' id='par_1_7' title="bbox 197 339 982 371">
     <span class='ocr_line' id='line_1_7' title="bbox 197 339 982 371; baseline -0.005 -1"><span class='ocrx_word' id='word_1_41' title='bbox 197 351 244 371; x_wconf 84' lang='lat' dir='ltr'><strong>sus</strong></span> <span class='ocrx_word' id='word_1_42' title='bbox 261 343 361 369; x_wconf 87' lang='lat' dir='ltr'><strong>etenim</strong></span> <span class='ocrx_word' id='word_1_43' title='bbox 379 341 450 368; x_wconf 89' lang='lat' dir='ltr'><strong>illius</strong></span> <span class='ocrx_word' id='word_1_44' title='bbox 469 341 512 368; x_wconf 91' lang='lat' dir='ltr'><strong>hic</strong></span> <span class='ocrx_word' id='word_1_45' title='bbox 537 347 598 367; x_wconf 81' lang='lat' dir='ltr'><strong>esse</strong></span> <span class='ocrx_word' id='word_1_46' title='bbox 614 340 741 367; x_wconf 85' lang='lat' dir='ltr'><strong>videtur:</strong></span> <span class='ocrx_word' id='word_1_47' title='bbox 758 339 857 367; x_wconf 88' lang='lat' dir='ltr'><strong>Paulus</strong></span> <span class='ocrx_word' id='word_1_48' title='bbox 883 340 982 366; x_wconf 75' lang='lat' dir='ltr'><strong>«unius</strong></span> 
     </span>
    </p>
   </div>
   <div class='ocr_carea' id='block_1_8' title="bbox 197 375 982 410">
    <p class='ocr_par' dir='ltr' id='par_1_8' title="bbox 197 375 982 410">
     <span class='ocr_line' id='line_1_8' title="bbox 197 375 982 410; baseline -0.008 -4"><span class='ocrx_word' id='word_1_49' title='bbox 197 378 292 406; x_wconf 88' lang='lat' dir='ltr'><strong>uxoris</strong></span> <span class='ocrx_word' id='word_1_50' title='bbox 307 378 395 404; x_wconf 83' lang='lat' dir='ltr'><strong>virum</strong></span> <span class='ocrx_word' id='word_1_51' title='bbox 416 375 543 407; x_wconf 84' lang='lat' dir='ltr'><strong>admittit,</strong></span> <span class='ocrx_word' id='word_1_52' title='bbox 560 383 608 402; x_wconf 83' lang='lat' dir='ltr'><strong>seu</strong></span> <span class='ocrx_word' id='word_1_53' title='bbox 634 375 670 402; x_wconf 86' lang='lat' dir='ltr'><strong>sit</strong></span> <span class='ocrx_word' id='word_1_54' title='bbox 689 375 840 410; x_wconf 86' lang='lat' dir='ltr'><strong>presbyter.</strong></span> <span class='ocrx_word' id='word_1_55' title='bbox 855 382 902 402; x_wconf 87' lang='lat' dir='ltr'><strong>seu</strong></span> <span class='ocrx_word' id='word_1_56' title='bbox 921 375 982 401; x_wconf 79' lang='lat' dir='ltr'><strong>dia-</strong></span> 
     </span>
    </p>
   </div>
   <div class='ocr_carea' id='block_1_9' title="bbox 197 410 982 445">
    <p class='ocr_par' dir='ltr' id='par_1_9' title="bbox 197 410 982 445">
     <span class='ocr_line' id='line_1_9' title="bbox 197 410 982 445; baseline -0.005 -4"><span class='ocrx_word' id='word_1_57' title='bbox 197 421 294 445; x_wconf 85' lang='lat' dir='ltr'><strong>conus,</strong></span> <span class='ocrx_word' id='word_1_58' title='bbox 312 413 369 439; x_wconf 83' lang='lat' dir='ltr'><strong>sive</strong></span> <span class='ocrx_word' id='word_1_59' title='bbox 393 412 473 438; x_wconf 90' lang='lat' dir='ltr'><strong>etiam</strong></span> <span class='ocrx_word' id='word_1_60' title='bbox 500 410 604 437; x_wconf 88' lang='lat' dir='ltr'><strong>laicus:</strong></span> <span class='ocrx_word' id='word_1_61' title='bbox 619 410 771 437; x_wconf 81' lang='lat' dir='ltr'><strong>servabitur</strong></span> <span class='ocrx_word' id='word_1_62' title='bbox 797 415 918 443; x_wconf 69' lang='lat' dir='ltr'><strong>autem,»</strong></span> <span class='ocrx_word' id='word_1_63' title='bbox 936 410 982 437; x_wconf 88' lang='lat' dir='ltr'><strong>ille</strong></span> 
     </span>
    </p>
   </div>
   <div class='ocr_carea' id='block_1_10' title="bbox 197 445 981 480">
    <p class='ocr_par' dir='ltr' id='par_1_10' title="bbox 197 445 981 480">
     <span class='ocr_line' id='line_1_10' title="bbox 197 445 981 480; baseline -0.006 -4"><span class='ocrx_word' id='word_1_64' title='bbox 197 449 302 477; x_wconf 73' lang='lat' dir='ltr'><strong>scilicet</strong></span> <span class='ocrx_word' id='word_1_65' title='bbox 318 447 413 477; x_wconf 84' lang='lat' dir='ltr'><strong>laicus,</strong></span> <span class='ocrx_word' id='word_1_66' title='bbox 430 456 439 472; x_wconf 75' lang='grc' dir='ltr'><strong>ι</strong></span> <span class='ocrx_word' id='word_1_67' title='bbox 454 453 502 480; x_wconf 87' lang='lat' dir='ltr'><strong>per</strong></span> <span class='ocrx_word' id='word_1_68' title='bbox 517 446 632 472; x_wconf 90' lang='lat' dir='ltr'><strong>ﬁliorum</strong></span> <span class='ocrx_word' id='word_1_69' title='bbox 649 445 863 480; x_wconf 76' lang='lat' dir='ltr'><strong>generationem.</strong></span> <span class='ocrx_word' id='word_1_70' title='bbox 880 455 888 470; x_wconf 87' lang='grc' dir='ltr'><strong>ι</strong></span> <span class='ocrx_word' id='word_1_71' title='bbox 903 445 981 479; x_wconf 92' lang='lat' dir='ltr'><strong>Quod</strong></span> 
     </span>
    </p>
   </div>
   <div class='ocr_carea' id='block_1_11' title="bbox 198 480 978 518">
    <p class='ocr_par' dir='ltr' id='par_1_11' title="bbox 198 480 978 518">
     <span class='ocr_line' id='line_1_11' title="bbox 198 480 978 518; baseline -0.005 -8"><span class='ocrx_word' id='word_1_72' title='bbox 198 485 308 518; x_wconf 83' lang='lat' dir='ltr'><strong>quidem</strong></span> <span class='ocrx_word' id='word_1_73' title='bbox 331 483 366 518; x_wconf 69' lang='lat' dir='ltr'><strong>ad</strong></span> <span class='ocrx_word' id='word_1_74' title='bbox 383 483 537 518; x_wconf 80' lang='lat' dir='ltr'><strong>opinionem</strong></span> <span class='ocrx_word' id='word_1_75' title='bbox 555 480 746 518; x_wconf 69' lang='lat' dir='ltr'><strong>haereticorum</strong></span> <span class='ocrx_word' id='word_1_76' title='bbox 771 481 879 518; x_wconf 72' lang='lat' dir='ltr'><strong>nuptias</strong></span> <span class='ocrx_word' id='word_1_77' title='bbox 898 483 978 518; x_wconf 72' lang='lat' dir='ltr'><strong>dam-</strong></span> 
     </span>
    </p>
   </div>
   <div class='ocr_carea' id='block_1_12' title="bbox 197 515 979 549">
    <p class='ocr_par' dir='ltr' id='par_1_12' title="bbox 197 515 979 549">
     <span class='ocr_line' id='line_1_12' title="bbox 197 515 979 549; baseline -0.005 -3"><span class='ocrx_word' id='word_1_78' title='bbox 197 515 318 546; x_wconf 78' lang='lat' dir='ltr'><strong>nantium</strong></span> <span class='ocrx_word' id='word_1_79' title='bbox 357 517 478 545; x_wconf 78' lang='lat' dir='ltr'><strong>funditus</strong></span> <span class='ocrx_word' id='word_1_80' title='bbox 505 516 680 543; x_wconf 78' lang='lat' dir='ltr'><strong>evertendam</strong></span> <span class='ocrx_word' id='word_1_81' title='bbox 712 515 790 549; x_wconf 92' lang='lat' dir='ltr'><strong>plane</strong></span> <span class='ocrx_word' id='word_1_82' title='bbox 819 516 979 543; x_wconf 88' lang='lat' dir='ltr'><strong>sulliciebat.</strong></span> 
     </span>
    </p>
   </div>
   <div class='ocr_carea' id='block_1_13' title="bbox 197 550 981 588">
    <p class='ocr_par' dir='ltr' id='par_1_13' title="bbox 197 550 981 588">
     <span class='ocr_line' id='line_1_13' title="bbox 197 550 981 588; baseline -0.005 -7"><span class='ocrx_word' id='word_1_83' title='bbox 197 552 283 582; x_wconf 76' lang='lat' dir='ltr'><strong>Unius</strong></span> <span class='ocrx_word' id='word_1_84' title='bbox 295 561 377 588; x_wconf 91' lang='lat' dir='ltr'><strong>porro</strong></span> <span class='ocrx_word' id='word_1_85' title='bbox 386 553 477 588; x_wconf 82' lang='lat' dir='ltr'><strong>uxoris</strong></span> <span class='ocrx_word' id='word_1_86' title='bbox 488 552 574 588; x_wconf 78' lang='lat' dir='ltr'><strong>virum</strong></span> <span class='ocrx_word' id='word_1_87' title='bbox 586 552 619 588; x_wconf 81' lang='lat' dir='ltr'><strong>ad</strong></span> <span class='ocrx_word' id='word_1_88' title='bbox 630 558 723 578; x_wconf 85' lang='lat' dir='ltr'><strong>sacros</strong></span> <span class='ocrx_word' id='word_1_89' title='bbox 734 550 861 588; x_wconf 67' lang='lat' dir='ltr'><strong>Ecclesia:</strong></span> <span class='ocrx_word' id='word_1_90' title='bbox 871 551 981 588; x_wconf 82' lang='lat' dir='ltr'><strong>ordines</strong></span> 
     </span>
    </p>
   </div>
   <div class='ocr_carea' id='block_1_14' title="bbox 196 586 981 620">
    <p class='ocr_par' dir='ltr' id='par_1_14' title="bbox 196 586 981 620">
     <span class='ocr_line' id='line_1_14' title="bbox 196 586 981 620; baseline -0.006 -3"><span class='ocrx_word' id='word_1_91' title='bbox 196 598 211 617; x_wconf 87' lang='lat' dir='ltr'><strong>a</strong></span> <span class='ocrx_word' id='word_1_92' title='bbox 229 586 311 617; x_wconf 79' lang='lat' dir='ltr'><strong>Paulo</strong></span> <span class='ocrx_word' id='word_1_93' title='bbox 325 588 428 615; x_wconf 79' lang='lat' dir='ltr'><strong>admitti</strong></span> <span class='ocrx_word' id='word_1_94' title='bbox 445 587 574 618; x_wconf 75' lang='lat' dir='ltr'><strong>declarat,</strong></span> <span class='ocrx_word' id='word_1_95' title='bbox 596 586 622 613; x_wconf 91' lang='lat' dir='ltr'><strong>id</strong></span> <span class='ocrx_word' id='word_1_96' title='bbox 638 590 679 613; x_wconf 82' lang='lat' dir='ltr'><strong>est</strong></span> <span class='ocrx_word' id='word_1_97' title='bbox 699 593 759 613; x_wconf 91' lang='lat' dir='ltr'><strong>cum</strong></span> <span class='ocrx_word' id='word_1_98' title='bbox 776 586 821 620; x_wconf 89' lang='lat' dir='ltr'><strong>qui</strong></span> <span class='ocrx_word' id='word_1_99' title='bbox 839 587 899 613; x_wconf 88' lang='lat' dir='ltr'><strong>ttnis</strong></span> <span class='ocrx_word' id='word_1_100' title='bbox 923 590 981 613; x_wconf 90' lang='lat' dir='ltr'><strong>tan-</strong></span> 
     </span>
    </p>
   </div>
   <div class='ocr_carea' id='block_1_15' title="bbox 196 621 981 657">
    <p class='ocr_par' dir='ltr' id='par_1_15' title="bbox 196 621 981 657">
     <span class='ocr_line' id='line_1_15' title="bbox 196 621 981 657; baseline -0.004 -6"><span class='ocrx_word' id='word_1_101' title='bbox 196 623 337 652; x_wconf 79' lang='lat' dir='ltr'><strong>tummodo</strong></span> <span class='ocrx_word' id='word_1_102' title='bbox 361 622 465 657; x_wconf 85' lang='lat' dir='ltr'><strong>nuptiis</strong></span> <span class='ocrx_word' id='word_1_103' title='bbox 494 622 612 655; x_wconf 85' lang='lat' dir='ltr'><strong>illigatus</strong></span> <span class='ocrx_word' id='word_1_104' title='bbox 638 626 666 648; x_wconf 91' lang='lat' dir='ltr'><strong>et</strong></span> <span class='ocrx_word' id='word_1_105' title='bbox 691 628 828 655; x_wconf 84' lang='lat' dir='ltr'><strong>nunquam</strong></span> <span class='ocrx_word' id='word_1_106' title='bbox 857 621 981 655; x_wconf 88' lang='lat' dir='ltr'><strong>bigamus</strong></span> 
     </span>
    </p>
   </div>
   <div class='ocr_carea' id='block_1_16' title="bbox 196 657 980 692">
    <p class='ocr_par' dir='ltr' id='par_1_16' title="bbox 196 657 980 692">
     <span class='ocr_line' id='line_1_16' title="bbox 196 657 980 692; baseline -0.005 -5"><span class='ocrx_word' id='word_1_107' title='bbox 196 660 288 687; x_wconf 80' lang='lat' dir='ltr'><strong>fuerit.</strong></span> <span class='ocrx_word' id='word_1_108' title='bbox 303 659 483 692; x_wconf 84' lang='lat' dir='ltr'><strong>Quamobrem</strong></span> <span class='ocrx_word' id='word_1_109' title='bbox 497 657 541 683; x_wconf 92' lang='lat' dir='ltr'><strong>ille</strong></span> <span class='ocrx_word' id='word_1_110' title='bbox 552 657 686 692; x_wconf 75' lang='lat' dir='ltr'><strong>adversus</strong></span> <span class='ocrx_word' id='word_1_111' title='bbox 701 657 859 692; x_wconf 82' lang='lat' dir='ltr'><strong>corumdem</strong></span> <span class='ocrx_word' id='word_1_112' title='bbox 874 657 980 683; x_wconf 80' lang='lat' dir='ltr'><strong>haereti-</strong></span> 
     </span>
    </p>
   </div>
   <div class='ocr_carea' id='block_1_17' title="bbox 195 691 978 723">
    <p class='ocr_par' dir='ltr' id='par_1_17' title="bbox 195 691 978 723">
     <span class='ocr_line' id='line_1_17' title="bbox 195 691 978 723; baseline -0.005 -1"><span class='ocrx_word' id='word_1_113' title='bbox 195 703 290 723; x_wconf 91' lang='lat' dir='ltr'><strong>corum</strong></span> <span class='ocrx_word' id='word_1_114' title='bbox 304 691 425 721; x_wconf 79' lang='lat' dir='ltr'><strong>errorem</strong></span> <span class='ocrx_word' id='word_1_115' title='bbox 440 693 535 720; x_wconf 89' lang='lat' dir='ltr'><strong>eadem</strong></span> <span class='ocrx_word' id='word_1_116' title='bbox 550 691 626 718; x_wconf 84' lang='lat' dir='ltr'><strong>Pauli</strong></span> <span class='ocrx_word' id='word_1_117' title='bbox 640 692 804 718; x_wconf 78' lang='lat' dir='ltr'><strong>auctoritate</strong></span> <span class='ocrx_word' id='word_1_118' title='bbox 818 691 978 718; x_wconf 83' lang='lat' dir='ltr'><strong>decertans:</strong></span> 
     </span>
    </p>
   </div>
   <div class='ocr_carea' id='block_1_18' title="bbox 199 726 980 763">
    <p class='ocr_par' dir='ltr' id='par_1_18' title="bbox 199 726 980 763">
     <span class='ocr_line' id='line_1_18' title="bbox 199 726 980 763; baseline -0.003 -7"><span class='ocrx_word' id='word_1_119' title='bbox 199 740 208 756; x_wconf 82' lang='grc' dir='ltr'><strong>ι</strong></span> <span class='ocrx_word' id='word_1_120' title='bbox 220 730 286 757; x_wconf 88' lang='lat' dir='ltr'><strong>Cum</strong></span> <span class='ocrx_word' id='word_1_121' title='bbox 301 729 468 763; x_wconf 81' lang='lat' dir='ltr'><strong>episcopum,</strong></span> <span class='ocrx_word' id='word_1_122' title='bbox 485 727 677 763; x_wconf 29' lang='lat' dir='ltr'><strong>inquit”,4qui</strong></span> <span class='ocrx_word' id='word_1_123' title='bbox 694 726 784 754; x_wconf 90' lang='lat' dir='ltr'><strong>domui</strong></span> <span class='ocrx_word' id='word_1_124' title='bbox 800 732 873 763; x_wconf 71' lang='lat' dir='ltr'><strong>recte</strong></span> <span class='ocrx_word' id='word_1_125' title='bbox 888 727 980 761; x_wconf 68' lang='lat' dir='ltr'><strong>prazsit</strong></span> 
     </span>
    </p>
   </div>
   <div class='ocr_carea' id='block_1_19' title="bbox 195 761 978 793">
    <p class='ocr_par' dir='ltr' id='par_1_19' title="bbox 195 761 978 793">
     <span class='ocr_line' id='line_1_19' title="bbox 195 761 978 793; baseline -0.006 -1"><span class='ocrx_word' id='word_1_126' title='bbox 195 761 323 793; x_wconf 77' lang='lat' dir='ltr'><strong>Ecclesire</strong></span> <span class='ocrx_word' id='word_1_127' title='bbox 335 761 431 791; x_wconf 84' lang='lat' dir='ltr'><strong>ducem</strong></span> <span class='ocrx_word' id='word_1_128' title='bbox 445 763 603 790; x_wconf 87' lang='lat' dir='ltr'><strong>constituat.</strong></span> <span class='ocrx_word' id='word_1_129' title='bbox 622 761 735 788; x_wconf 90' lang='lat' dir='ltr'><strong>Domum</strong></span> <span class='ocrx_word' id='word_1_130' title='bbox 752 765 842 788; x_wconf 89' lang='lat' dir='ltr'><strong>autem</strong></span> <span class='ocrx_word' id='word_1_131' title='bbox 857 761 978 788; x_wconf 86' lang='lat' dir='ltr'><strong>Domini-</strong></span> 
     </span>
    </p>
   </div>
   <div class='ocr_carea' id='block_1_20' title="bbox 195 796 854 831">
    <p class='ocr_par' dir='ltr' id='par_1_20' title="bbox 195 796 854 831">
     <span class='ocr_line' id='line_1_20' title="bbox 195 796 854 831; baseline -0.008 -4"><span class='ocrx_word' id='word_1_132' title='bbox 195 809 256 828; x_wconf 86' lang='lat' dir='ltr'><strong>cam</strong></span> <span class='ocrx_word' id='word_1_133' title='bbox 277 800 356 826; x_wconf 91' lang='lat' dir='ltr'><strong>unius</strong></span> <span class='ocrx_word' id='word_1_134' title='bbox 373 798 494 826; x_wconf 87' lang='lat' dir='ltr'><strong>mulieris</strong></span> <span class='ocrx_word' id='word_1_135' title='bbox 508 796 652 824; x_wconf 84' lang='lat' dir='ltr'><strong>constituit</strong></span> <span class='ocrx_word' id='word_1_136' title='bbox 667 796 832 831; x_wconf 69' lang='lat' dir='ltr'><strong>coniugium.</strong></span> <span class='ocrx_word' id='word_1_137' title='bbox 846 805 854 822; x_wconf 87' lang='grc' dir='ltr'><strong>ι</strong></span> 
     </span>
    </p>
   </div>
   <div class='ocr_carea' id='block_1_21' title="bbox 231 831 978 866">
    <p class='ocr_par' dir='ltr' id='par_1_21' title="bbox 231 831 978 866">
     <span class='ocr_line' id='line_1_21' title="bbox 231 831 978 866; baseline -0.004 -4"><span class='ocrx_word' id='word_1_138' title='bbox 231 835 287 862; x_wconf 77' lang='lat' dir='ltr'><strong>Nec</strong></span> <span class='ocrx_word' id='word_1_139' title='bbox 314 834 431 861; x_wconf 90' lang='lat' dir='ltr'><strong>absurde</strong></span> <span class='ocrx_word' id='word_1_140' title='bbox 457 832 570 859; x_wconf 82' lang='lat' dir='ltr'><strong>forsitan</strong></span> <span class='ocrx_word' id='word_1_141' title='bbox 595 831 621 858; x_wconf 93' lang='lat' dir='ltr'><strong>in</strong></span> <span class='ocrx_word' id='word_1_142' title='bbox 644 832 758 865; x_wconf 88' lang='lat' dir='ltr'><strong>hujusce</strong></span> <span class='ocrx_word' id='word_1_143' title='bbox 786 832 978 866; x_wconf 70' lang='lat' dir='ltr'><strong>explicationis</strong></span> 
     </span>
    </p>
   </div>
   <div class='ocr_carea' id='block_1_22' title="bbox 195 866 979 902">
    <p class='ocr_par' dir='ltr' id='par_1_22' title="bbox 195 866 979 902">
     <span class='ocr_line' id='line_1_22' title="bbox 195 866 979 902; baseline -0.011 -5"><span class='ocrx_word' id='word_1_144' title='bbox 195 871 396 898; x_wconf 80' lang='lat' dir='ltr'><strong>ﬁrmamentum</strong></span> <span class='ocrx_word' id='word_1_145' title='bbox 410 867 499 894; x_wconf 83' lang='lat' dir='ltr'><strong>aﬁ&#39;erri</strong></span> <span class='ocrx_word' id='word_1_146' title='bbox 517 872 615 902; x_wconf 86' lang='lat' dir='ltr'><strong>potest,</strong></span> <span class='ocrx_word' id='word_1_147' title='bbox 631 867 702 902; x_wconf 85' lang='lat' dir='ltr'><strong>quod</strong></span> <span class='ocrx_word' id='word_1_148' title='bbox 725 870 849 902; x_wconf 79' lang='lat' dir='ltr'><strong>testatum</strong></span> <span class='ocrx_word' id='word_1_149' title='bbox 862 866 979 901; x_wconf 77' lang='lat' dir='ltr'><strong>Epipha-</strong></span> 
     </span>
    </p>
   </div>
   <div class='ocr_carea' id='block_1_23' title="bbox 195 901 1014 942">
    <p class='ocr_par' dir='ltr' id='par_1_23' title="bbox 195 901 1014 942">
     <span class='ocr_line' id='line_1_23' title="bbox 195 901 1014 942; baseline -0.006 -9"><span class='ocrx_word' id='word_1_150' title='bbox 195 907 257 942; x_wconf 82' lang='lat' dir='ltr'><strong>nius</strong></span> <span class='ocrx_word' id='word_1_151' title='bbox 271 904 335 942; x_wconf 80' lang='lat' dir='ltr'><strong>fecit</strong></span> <span class='ocrx_word' id='word_1_152' title='bbox 350 904 470 942; x_wconf 77' lang='lat' dir='ltr'><strong>sancitos</strong></span> <span class='ocrx_word' id='word_1_153' title='bbox 491 901 621 942; x_wconf 77' lang='lat' dir='ltr'><strong>fuisse_d_e</strong></span> <span class='ocrx_word' id='word_1_154' title='bbox 636 901 747 942; x_wconf 63' lang='lat' dir='ltr'><strong>horum,</strong></span> <span class='ocrx_word' id='word_1_155' title='bbox 767 901 812 941; x_wconf 78' lang='lat' dir='ltr'><strong>qui</strong></span> <span class='ocrx_word' id='word_1_156' title='bbox 825 902 915 942; x_wconf 71' lang='lat' dir='ltr'><strong>sacris</strong></span> <span class='ocrx_word' id='word_1_157' title='bbox 931 910 976 929; x_wconf 85' lang='lat' dir='ltr'><strong>or-</strong></span> <span class='ocrx_word' id='word_1_158' title='bbox 992 915 1014 942; x_wconf 69' lang='grc' dir='ltr'><strong>Β</strong></span> 
     </span>
    </p>
   </div>
   <div class='ocr_carea' id='block_1_24' title="bbox 195 936 975 972">
    <p class='ocr_par' dir='ltr' id='par_1_24' title="bbox 195 936 975 972">
     <span class='ocr_line' id='line_1_24' title="bbox 195 936 975 972; baseline -0.006 -5"><span class='ocrx_word' id='word_1_159' title='bbox 195 941 303 967; x_wconf 88' lang='lat' dir='ltr'><strong>dinibus</strong></span> <span class='ocrx_word' id='word_1_160' title='bbox 320 938 418 966; x_wconf 87' lang='lat' dir='ltr'><strong>initiati</strong></span> <span class='ocrx_word' id='word_1_161' title='bbox 434 942 522 969; x_wconf 89' lang='lat' dir='ltr'><strong>erant,</strong></span> <span class='ocrx_word' id='word_1_162' title='bbox 541 936 675 969; x_wconf 66' lang='lat' dir='ltr'><strong>cmlibatu,</strong></span> <span class='ocrx_word' id='word_1_163' title='bbox 693 936 893 972; x_wconf 74' lang='lat' dir='ltr'><strong>ecclesiasticos</strong></span> <span class='ocrx_word' id='word_1_164' title='bbox 909 944 975 972; x_wconf 86' lang='lat' dir='ltr'><strong>apo-</strong></span> 
     </span>
    </p>
   </div>
   <div class='ocr_carea' id='block_1_25' title="bbox 195 971 977 1008">
    <p class='ocr_par' dir='ltr' id='par_1_25' title="bbox 195 971 977 1008">
     <span class='ocr_line' id='line_1_25' title="bbox 195 971 977 1008; baseline -0.005 -5"><span class='ocrx_word' id='word_1_165' title='bbox 195 975 359 1008; x_wconf 80' lang='lat' dir='ltr'><strong>stolicos-que</strong></span> <span class='ocrx_word' id='word_1_166' title='bbox 374 980 501 1000; x_wconf 86' lang='lat' dir='ltr'><strong>canones.</strong></span> <span class='ocrx_word' id='word_1_167' title='bbox 522 971 627 1008; x_wconf 79' lang='lat' dir='ltr'><strong>Nemini</strong></span> <span class='ocrx_word' id='word_1_168' title='bbox 654 971 909 1008; x_wconf 86' lang='lat' dir='ltr'><strong>quippe_credibile</strong></span> <span class='ocrx_word' id='word_1_169' title='bbox 927 971 977 999; x_wconf 77' lang='lat' dir='ltr'><strong>lict</strong></span> 
     </span>
    </p>
   </div>
   <div class='ocr_carea' id='block_1_26' title="bbox 194 1006 976 1041">
    <p class='ocr_par' dir='ltr' id='par_1_26' title="bbox 194 1006 976 1041">
     <span class='ocr_line' id='line_1_26' title="bbox 194 1006 976 1041; baseline -0.008 -3"><span class='ocrx_word' id='word_1_170' title='bbox 194 1018 242 1038; x_wconf 82' lang='lat' dir='ltr'><strong>eos</strong></span> <span class='ocrx_word' id='word_1_171' title='bbox 257 1019 271 1037; x_wconf 92' lang='lat' dir='ltr'><strong>a</strong></span> <span class='ocrx_word' id='word_1_172' title='bbox 288 1006 425 1037; x_wconf 84' lang='lat' dir='ltr'><strong>Clemente</strong></span> <span class='ocrx_word' id='word_1_173' title='bbox 443 1012 536 1034; x_wconf 85' lang='lat' dir='ltr'><strong>nostro</strong></span> <span class='ocrx_word' id='word_1_174' title='bbox 551 1007 711 1041; x_wconf 73' lang='lat' dir='ltr'><strong>pertractus,</strong></span> <span class='ocrx_word' id='word_1_175' title='bbox 724 1006 882 1040; x_wconf 87' lang='lat' dir='ltr'><strong>irrisosque,</strong></span> <span class='ocrx_word' id='word_1_176' title='bbox 895 1011 976 1041; x_wconf 86' lang='lat' dir='ltr'><strong>atque</strong></span> 
     </span>
    </p>
   </div>
   <div class='ocr_carea' id='block_1_27' title="bbox 194 1041 974 1078">
    <p class='ocr_par' dir='ltr' id='par_1_27' title="bbox 194 1041 974 1078">
     <span class='ocr_line' id='line_1_27' title="bbox 194 1041 974 1078; baseline -0.004 -6"><span class='ocrx_word' id='word_1_177' title='bbox 194 1045 304 1073; x_wconf 89' lang='lat' dir='ltr'><strong>habitos</strong></span> <span class='ocrx_word' id='word_1_178' title='bbox 321 1051 370 1078; x_wconf 89' lang='lat' dir='ltr'><strong>pro</strong></span> <span class='ocrx_word' id='word_1_179' title='bbox 387 1043 483 1070; x_wconf 88' lang='lat' dir='ltr'><strong>nihilo.</strong></span> <span class='ocrx_word' id='word_1_180' title='bbox 500 1043 536 1069; x_wconf 88' lang='lat' dir='ltr'><strong>De</strong></span> <span class='ocrx_word' id='word_1_181' title='bbox 555 1042 745 1078; x_wconf 25' lang='lat' dir='ltr'><strong>illisﬁveroita</strong></span> <span class='ocrx_word' id='word_1_182' title='bbox 762 1041 974 1078; x_wconf 59' lang='lat' dir='ltr'><strong>Epiphaniusf‘:</strong></span> 
     </span>
    </p>
   </div>
   <div class='ocr_carea' id='block_1_28' title="bbox 197 1076 976 1114">
    <p class='ocr_par' dir='ltr' id='par_1_28' title="bbox 197 1076 976 1114">
     <span class='ocr_line' id='line_1_28' title="bbox 197 1076 976 1114; baseline -0.004 -7"><span class='ocrx_word' id='word_1_183' title='bbox 197 1080 287 1114; x_wconf 71' lang='lat' dir='ltr'><strong>«Quin</strong></span> <span class='ocrx_word' id='word_1_184' title='bbox 306 1076 367 1106; x_wconf 83' lang='lat' dir='ltr'><strong>cum</strong></span> <span class='ocrx_word' id='word_1_185' title='bbox 391 1079 509 1112; x_wconf 86' lang='lat' dir='ltr'><strong>insuper,</strong></span> <span class='ocrx_word' id='word_1_186' title='bbox 529 1077 573 1112; x_wconf 86' lang='lat' dir='ltr'><strong>qui</strong></span> <span class='ocrx_word' id='word_1_187' title='bbox 589 1077 678 1103; x_wconf 86' lang='lat' dir='ltr'><strong>adhuc</strong></span> <span class='ocrx_word' id='word_1_188' title='bbox 696 1076 723 1114; x_wconf 81' lang='lat' dir='ltr'><strong>in</strong></span> <span class='ocrx_word' id='word_1_189' title='bbox 740 1077 914 1114; x_wconf 78' lang='lat' dir='ltr'><strong>matrimonio</strong></span> <span class='ocrx_word' id='word_1_190' title='bbox 929 1077 976 1114; x_wconf 76' lang='lat' dir='ltr'><strong>de-</strong></span> 
     </span>
    </p>
   </div>
   <div class='ocr_carea' id='block_1_29' title="bbox 194 1111 976 1148">
    <p class='ocr_par' dir='ltr' id='par_1_29' title="bbox 194 1111 976 1148">
     <span class='ocr_line' id='line_1_29' title="bbox 194 1111 976 1148; baseline -0.005 -6"><span class='ocrx_word' id='word_1_191' title='bbox 194 1111 244 1148; x_wconf 64' lang='lat' dir='ltr'><strong>git,</strong></span> <span class='ocrx_word' id='word_1_192' title='bbox 259 1123 290 1142; x_wconf 91' lang='lat' dir='ltr'><strong>ac</strong></span> <span class='ocrx_word' id='word_1_193' title='bbox 303 1114 395 1142; x_wconf 87' lang='lat' dir='ltr'><strong>liberis</strong></span> <span class='ocrx_word' id='word_1_194' title='bbox 410 1114 454 1140; x_wconf 90' lang='lat' dir='ltr'><strong>dat</strong></span> <span class='ocrx_word' id='word_1_195' title='bbox 470 1111 590 1148; x_wconf 77' lang='lat' dir='ltr'><strong>operam,</strong></span> <span class='ocrx_word' id='word_1_196' title='bbox 607 1111 713 1148; x_wconf 78' lang='lat' dir='ltr'><strong>tametsi</strong></span> <span class='ocrx_word' id='word_1_197' title='bbox 728 1111 810 1148; x_wconf 84' lang='lat' dir='ltr'><strong>unius</strong></span> <span class='ocrx_word' id='word_1_198' title='bbox 826 1112 918 1148; x_wconf 84' lang='lat' dir='ltr'><strong>uxoris</strong></span> <span class='ocrx_word' id='word_1_199' title='bbox 941 1112 976 1148; x_wconf 87' lang='lat' dir='ltr'><strong>sit</strong></span> 
     </span>
    </p>
   </div>
   <div class='ocr_carea' id='block_1_30' title="bbox 193 1144 974 1184">
    <p class='ocr_par' dir='ltr' id='par_1_30' title="bbox 193 1144 974 1184">
     <span class='ocr_line' id='line_1_30' title="bbox 193 1144 974 1184; baseline -0.004 -7"><span class='ocrx_word' id='word_1_200' title='bbox 193 1144 245 1182; x_wconf 54' lang='lat' dir='ltr'><strong>in;</strong></span> <span class='ocrx_word' id='word_1_201' title='bbox 261 1157 432 1184; x_wconf 86' lang='lat' dir='ltr'><strong>nequaquam</strong></span> <span class='ocrx_word' id='word_1_202' title='bbox 450 1144 543 1184; x_wconf 79' lang='lat' dir='ltr'><strong>tamen</strong></span> <span class='ocrx_word' id='word_1_203' title='bbox 558 1146 726 1184; x_wconf 71' lang='lat' dir='ltr'><strong>ad__diaeoni,_</strong></span> <span class='ocrx_word' id='word_1_204' title='bbox 741 1146 903 1184; x_wconf 23' lang='lat' dir='ltr'><strong>presbyteri»,</strong></span> <span class='ocrx_word' id='word_1_205' title='bbox 916 1147 974 1182; x_wconf 90' lang='lat' dir='ltr'><strong>epi-</strong></span> 
     </span>
    </p>
   </div>
   <div class='ocr_carea' id='block_1_31' title="bbox 194 1181 974 1219">
    <p class='ocr_par' dir='ltr' id='par_1_31' title="bbox 194 1181 974 1219">
     <span class='ocr_line' id='line_1_31' title="bbox 194 1181 974 1219; baseline -0.009 -7"><span class='ocrx_word' id='word_1_206' title='bbox 194 1181 279 1219; x_wconf 72' lang='lat' dir='ltr'><strong>scopi,</strong></span> <span class='ocrx_word' id='word_1_207' title='bbox 297 1181 343 1212; x_wconf 77' lang='lat' dir='ltr'><strong>aut</strong></span> <span class='ocrx_word' id='word_1_208' title='bbox 359 1181 535 1219; x_wconf 79' lang='lat' dir='ltr'><strong>hypodiaconi</strong></span> <span class='ocrx_word' id='word_1_209' title='bbox 549 1182 671 1219; x_wconf 85' lang='lat' dir='ltr'><strong>ordinem</strong></span> <span class='ocrx_word' id='word_1_210' title='bbox 694 1181 812 1209; x_wconf 88' lang='lat' dir='ltr'><strong>admittit</strong></span> <span class='ocrx_word' id='word_1_211' title='bbox 823 1182 897 1219; x_wconf 88' lang='lat' dir='ltr'><strong>;__sed</strong></span> <span class='ocrx_word' id='word_1_212' title='bbox 913 1181 974 1209; x_wconf 67' lang='lat' dir='ltr'><strong>eum</strong></span> 
     </span>
    </p>
   </div>
   <div class='ocr_carea' id='block_1_32' title="bbox 193 1217 975 1254">
    <p class='ocr_par' dir='ltr' id='par_1_32' title="bbox 193 1217 975 1254">
     <span class='ocr_line' id='line_1_32' title="bbox 193 1217 975 1254; baseline -0.009 -7"><span class='ocrx_word' id='word_1_213' title='bbox 193 1217 337 1250; x_wconf 81' lang='lat' dir='ltr'><strong>duntaxat,</strong></span> <span class='ocrx_word' id='word_1_214' title='bbox 358 1217 403 1254; x_wconf 84' lang='lat' dir='ltr'><strong>qui</strong></span> <span class='ocrx_word' id='word_1_215' title='bbox 421 1217 455 1245; x_wconf 88' lang='lat' dir='ltr'><strong>ab</strong></span> <span class='ocrx_word' id='word_1_216' title='bbox 480 1218 559 1254; x_wconf 84' lang='lat' dir='ltr'><strong>unius</strong></span> <span class='ocrx_word' id='word_1_217' title='bbox 579 1217 674 1254; x_wconf 82' lang='lat' dir='ltr'><strong>uxoris</strong></span> <span class='ocrx_word' id='word_1_218' title='bbox 695 1217 892 1254; x_wconf 71' lang='lat' dir='ltr'><strong>consuetudine</strong></span> <span class='ocrx_word' id='word_1_219' title='bbox 909 1225 975 1254; x_wconf 66' lang='lat' dir='ltr'><strong>sese</strong></span> 
     </span>
    </p>
   </div>
   <div class='ocr_carea' id='block_1_33' title="bbox 193 1251 976 1284">
    <p class='ocr_par' dir='ltr' id='par_1_33' title="bbox 193 1251 976 1284">
     <span class='ocr_line' id='line_1_33' title="bbox 193 1251 976 1284; baseline -0.003 -2"><span class='ocrx_word' id='word_1_220' title='bbox 193 1251 374 1284; x_wconf 52' lang='lat' dir='ltr'><strong>continuerit;</strong></span> <span class='ocrx_word' id='word_1_221' title='bbox 386 1258 432 1280; x_wconf 90' lang='lat' dir='ltr'><strong>aut</strong></span> <span class='ocrx_word' id='word_1_222' title='bbox 454 1261 485 1278; x_wconf 76' lang='lat' dir='ltr'><strong>ea</strong></span> <span class='ocrx_word' id='word_1_223' title='bbox 501 1252 536 1279; x_wconf 93' lang='lat' dir='ltr'><strong>sit</strong></span> <span class='ocrx_word' id='word_1_224' title='bbox 552 1253 674 1278; x_wconf 87' lang='lat' dir='ltr'><strong>orbatus.</strong></span> <span class='ocrx_word' id='word_1_225' title='bbox 692 1251 770 1283; x_wconf 81' lang='lat' dir='ltr'><strong>Quod</strong></span> <span class='ocrx_word' id='word_1_226' title='bbox 786 1251 811 1278; x_wconf 91' lang='lat' dir='ltr'><strong>in</strong></span> <span class='ocrx_word' id='word_1_227' title='bbox 830 1251 883 1278; x_wconf 89' lang='lat' dir='ltr'><strong>illis</strong></span> <span class='ocrx_word' id='word_1_228' title='bbox 908 1252 976 1280; x_wconf 89' lang='lat' dir='ltr'><strong>locis</strong></span> 
     </span>
    </p>
   </div>
   <div class='ocr_carea' id='block_1_34' title="bbox 192 1287 975 1325">
    <p class='ocr_par' dir='ltr' id='par_1_34' title="bbox 192 1287 975 1325">
     <span class='ocr_line' id='line_1_34' title="bbox 192 1287 975 1325; baseline -0.005 -8"><span class='ocrx_word' id='word_1_229' title='bbox 192 1290 328 1325; x_wconf 58' lang='lat' dir='ltr'><strong>praecipue</strong></span> <span class='ocrx_word' id='word_1_230' title='bbox 355 1289 396 1321; x_wconf 86' lang='lat' dir='ltr'><strong>ﬁt,</strong></span> <span class='ocrx_word' id='word_1_231' title='bbox 421 1287 465 1325; x_wconf 82' lang='lat' dir='ltr'><strong>ubi</strong></span> <span class='ocrx_word' id='word_1_232' title='bbox 490 1287 975 1325; x_wconf 37' lang='lat' dir='ltr'><strong>ecclesi‘:_istici_‘canonespraecipue</strong></span> 
     </span>
    </p>
   </div>
   <div class='ocr_carea' id='block_1_35' title="bbox 192 1321 975 1358">
    <p class='ocr_par' dir='ltr' id='par_1_35' title="bbox 192 1321 975 1358">
     <span class='ocr_line' id='line_1_35' title="bbox 192 1321 975 1358; baseline -0.006 -6"><span class='ocrx_word' id='word_1_233' title='bbox 192 1321 345 1352; x_wconf 73' lang='lat' dir='ltr'><strong>servantur.</strong></span> <span class='ocrx_word' id='word_1_234' title='bbox 360 1325 395 1351; x_wconf 81' lang='lat' dir='ltr'><strong>At</strong></span> <span class='ocrx_word' id='word_1_235' title='bbox 405 1323 477 1350; x_wconf 88' lang='lat' dir='ltr'><strong>enim</strong></span> <span class='ocrx_word' id='word_1_236' title='bbox 490 1321 627 1349; x_wconf 87' lang='lat' dir='ltr'><strong>nonnullis</strong></span> <span class='ocrx_word' id='word_1_237' title='bbox 639 1321 728 1358; x_wconf 75' lang='lat' dir='ltr'><strong>adhuc</strong></span> <span class='ocrx_word' id='word_1_238' title='bbox 742 1321 768 1348; x_wconf 90' lang='lat' dir='ltr'><strong>in</strong></span> <span class='ocrx_word' id='word_1_239' title='bbox 784 1321 850 1348; x_wconf 92' lang='lat' dir='ltr'><strong>locis</strong></span> <span class='ocrx_word' id='word_1_240' title='bbox 861 1325 975 1358; x_wconf 84' lang='lat' dir='ltr'><strong>presby-</strong></span> 
     </span>
    </p>
   </div>
   <div class='ocr_carea' id='block_1_36' title="bbox 193 1356 974 1392">
    <p class='ocr_par' dir='ltr' id='par_1_36' title="bbox 193 1356 974 1392">
     <span class='ocr_line' id='line_1_36' title="bbox 193 1356 974 1392; baseline -0.004 -5"><span class='ocrx_word' id='word_1_241' title='bbox 193 1360 256 1392; x_wconf 82' lang='lat' dir='ltr'><strong>teri,</strong></span> <span class='ocrx_word' id='word_1_242' title='bbox 282 1359 390 1386; x_wconf 86' lang='lat' dir='ltr'><strong>diaconi</strong></span> <span class='ocrx_word' id='word_1_243' title='bbox 417 1363 444 1384; x_wconf 86' lang='lat' dir='ltr'><strong>et</strong></span> <span class='ocrx_word' id='word_1_244' title='bbox 469 1357 647 1392; x_wconf 85' lang='lat' dir='ltr'><strong>ltypodiaconi</strong></span> <span class='ocrx_word' id='word_1_245' title='bbox 673 1356 775 1383; x_wconf 87' lang='lat' dir='ltr'><strong>liberos</strong></span> <span class='ocrx_word' id='word_1_246' title='bbox 804 1356 974 1391; x_wconf 68' lang='lat' dir='ltr'><strong>suscipiunt?</strong></span> 
     </span>
    </p>
   </div>
   <div class='ocr_carea' id='block_1_37' title="bbox 193 1391 974 1429">
    <p class='ocr_par' dir='ltr' id='par_1_37' title="bbox 193 1391 974 1429">
     <span class='ocr_line' id='line_1_37' title="bbox 193 1391 974 1429; baseline -0.001 -8"><span class='ocrx_word' id='word_1_247' title='bbox 193 1395 355 1429; x_wconf 83' lang='lat' dir='ltr'><strong>llespondco</strong></span> <span class='ocrx_word' id='word_1_248' title='bbox 380 1401 434 1421; x_wconf 93' lang='lat' dir='ltr'><strong>non</strong></span> <span class='ocrx_word' id='word_1_249' title='bbox 454 1391 517 1420; x_wconf 78' lang='lat' dir='ltr'><strong>illud</strong></span> <span class='ocrx_word' id='word_1_250' title='bbox 534 1400 567 1429; x_wconf 85' lang='lat' dir='ltr'><strong>ex</strong></span> <span class='ocrx_word' id='word_1_251' title='bbox 589 1391 702 1429; x_wconf 82' lang='lat' dir='ltr'><strong>canonis</strong></span> <span class='ocrx_word' id='word_1_252' title='bbox 720 1392 883 1429; x_wconf 79' lang='lat' dir='ltr'><strong>auctoritate</strong></span> <span class='ocrx_word' id='word_1_253' title='bbox 903 1393 974 1425; x_wconf 88' lang='lat' dir='ltr'><strong>ﬁ&#39;cri,</strong></span> 
     </span>
    </p>
   </div>
   <div class='ocr_carea' id='block_1_38' title="bbox 192 1427 974 1465">
    <p class='ocr_par' dir='ltr' id='par_1_38' title="bbox 192 1427 974 1465">
     <span class='ocr_line' id='line_1_38' title="bbox 192 1427 974 1465; baseline -0.001 -9"><span class='ocrx_word' id='word_1_254' title='bbox 192 1431 238 1456; x_wconf 81' lang='lat' dir='ltr'><strong>sed</strong></span> <span class='ocrx_word' id='word_1_255' title='bbox 251 1427 363 1465; x_wconf 77' lang='lat' dir='ltr'><strong>propter</strong></span> <span class='ocrx_word' id='word_1_256' title='bbox 378 1429 519 1456; x_wconf 88' lang='lat' dir='ltr'><strong>hominum</strong></span> <span class='ocrx_word' id='word_1_257' title='bbox 533 1427 681 1462; x_wconf 83' lang='lat' dir='ltr'><strong>ignaviam,</strong></span> <span class='ocrx_word' id='word_1_258' title='bbox 694 1434 757 1465; x_wconf 69' lang='lat' dir='ltr'><strong>qua:</strong></span> <span class='ocrx_word' id='word_1_259' title='bbox 771 1427 853 1465; x_wconf 78' lang='lat' dir='ltr'><strong>certis</strong></span> <span class='ocrx_word' id='word_1_260' title='bbox 869 1431 974 1465; x_wconf 82' lang='lat' dir='ltr'><strong>tempo-</strong></span> 
     </span>
    </p>
   </div>
   <div class='ocr_carea' id='block_1_39' title="bbox 193 1462 975 1500">
    <p class='ocr_par' dir='ltr' id='par_1_39' title="bbox 193 1462 975 1500">
     <span class='ocr_line' id='line_1_39' title="bbox 193 1462 975 1500; baseline -0.001 -9"><span class='ocrx_word' id='word_1_261' title='bbox 193 1462 269 1492; x_wconf 73' lang='lat' dir='ltr'><strong>ribus</strong></span> <span class='ocrx_word' id='word_1_262' title='bbox 284 1462 452 1500; x_wconf 70' lang='lat' dir='ltr'><strong>negligenter</strong></span> <span class='ocrx_word' id='word_1_263' title='bbox 470 1470 552 1500; x_wconf 80' lang='lat' dir='ltr'><strong>agere</strong></span> <span class='ocrx_word' id='word_1_264' title='bbox 570 1469 601 1489; x_wconf 87' lang='lat' dir='ltr'><strong>ac</strong></span> <span class='ocrx_word' id='word_1_265' title='bbox 620 1462 768 1500; x_wconf 76' lang='lat' dir='ltr'><strong>convivere</strong></span> <span class='ocrx_word' id='word_1_266' title='bbox 789 1462 869 1500; x_wconf 79' lang='lat' dir='ltr'><strong>solet,</strong></span> <span class='ocrx_word' id='word_1_267' title='bbox 883 1462 975 1500; x_wconf 82' lang='lat' dir='ltr'><strong>obni-</strong></span> 
     </span>
    </p>
   </div>
   <div class='ocr_carea' id='block_1_40' title="bbox 191 1497 974 1535">
    <p class='ocr_par' dir='ltr' id='par_1_40' title="bbox 191 1497 974 1535">
     <span class='ocr_line' id='line_1_40' title="bbox 191 1497 974 1535; baseline 0 -9"><span class='ocrx_word' id='word_1_268' title='bbox 191 1501 274 1527; x_wconf 89' lang='lat' dir='ltr'><strong>miam</strong></span> <span class='ocrx_word' id='word_1_269' title='bbox 293 1497 384 1535; x_wconf 65' lang='lat' dir='ltr'><strong>populi</strong></span> <span class='ocrx_word' id='word_1_270' title='bbox 399 1497 611 1535; x_wconf 79' lang='lat' dir='ltr'><strong>multitudinem,</strong></span> <span class='ocrx_word' id='word_1_271' title='bbox 623 1504 684 1535; x_wconf 67' lang='lat' dir='ltr'><strong>cuni</strong></span> <span class='ocrx_word' id='word_1_272' title='bbox 701 1497 806 1535; x_wconf 78' lang='lat' dir='ltr'><strong>scilicet</strong></span> <span class='ocrx_word' id='word_1_273' title='bbox 819 1498 863 1535; x_wconf 85' lang='lat' dir='ltr'><strong>qui</strong></span> <span class='ocrx_word' id='word_1_274' title='bbox 879 1499 912 1525; x_wconf 88' lang='lat' dir='ltr'><strong>ad</strong></span> <span class='ocrx_word' id='word_1_275' title='bbox 927 1506 974 1526; x_wconf 85' lang='lat' dir='ltr'><strong>eas</strong></span> 
     </span>
    </p>
   </div>
   <div class='ocr_carea' id='block_1_41' title="bbox 190 1532 972 1568">
    <p class='ocr_par' dir='ltr' id='par_1_41' title="bbox 190 1532 972 1568">
     <span class='ocr_line' id='line_1_41' title="bbox 190 1532 972 1568; baseline -0.003 -6"><span class='ocrx_word' id='word_1_276' title='bbox 190 1542 220 1562; x_wconf 79' lang='lat' dir='ltr'><strong>se</strong></span> <span class='ocrx_word' id='word_1_277' title='bbox 239 1532 393 1562; x_wconf 70' lang='lat' dir='ltr'><strong>functiones</strong></span> <span class='ocrx_word' id='word_1_278' title='bbox 420 1533 564 1568; x_wconf 85' lang='lat' dir='ltr'><strong>applicent,</strong></span> <span class='ocrx_word' id='word_1_279' title='bbox 588 1540 640 1559; x_wconf 92' lang='lat' dir='ltr'><strong>non</strong></span> <span class='ocrx_word' id='word_1_280' title='bbox 668 1532 748 1559; x_wconf 80' lang='lat' dir='ltr'><strong>facile</strong></span> <span class='ocrx_word' id='word_1_281' title='bbox 768 1533 949 1567; x_wconf 84' lang='lat' dir='ltr'><strong>reperiuntur.</strong></span> <span class='ocrx_word' id='word_1_282' title='bbox 962 1544 972 1560; x_wconf 72' lang='grc' dir='ltr'><strong>ι</strong></span> 
     </span>
    </p>
   </div>
   <div class='ocr_carea' id='block_1_42' title="bbox 190 1569 974 1605">
    <p class='ocr_par' dir='ltr' id='par_1_42' title="bbox 190 1569 974 1605">
     <span class='ocr_line' id='line_1_42' title="bbox 190 1569 974 1605; baseline 0 -9"><span class='ocrx_word' id='word_1_283' title='bbox 190 1570 258 1603; x_wconf 83' lang='lat' dir='ltr'><strong>Quis</strong></span> <span class='ocrx_word' id='word_1_284' title='bbox 273 1569 424 1605; x_wconf 83' lang='lat' dir='ltr'><strong>Epiphanio</strong></span> <span class='ocrx_word' id='word_1_285' title='bbox 441 1569 500 1605; x_wconf 77' lang='lat' dir='ltr'><strong>bzec</strong></span> <span class='ocrx_word' id='word_1_286' title='bbox 514 1573 567 1605; x_wconf 83' lang='lat' dir='ltr'><strong>tam</strong></span> <span class='ocrx_word' id='word_1_287' title='bbox 582 1572 771 1605; x_wconf 71' lang='lat' dir='ltr'><strong>asseveranler</strong></span> <span class='ocrx_word' id='word_1_288' title='bbox 786 1569 974 1605; x_wconf 74' lang='lat' dir='ltr'><strong>pronuntianti</strong></span> 
     </span>
    </p>
   </div>
   <div class='ocr_carea' id='block_1_43' title="bbox 190 1602 973 1637">
    <p class='ocr_par' dir='ltr' id='par_1_43' title="bbox 190 1602 973 1637">
     <span class='ocr_line' id='line_1_43' title="bbox 190 1602 973 1637; baseline 0 -6"><span class='ocrx_word' id='word_1_289' title='bbox 190 1602 272 1632; x_wconf 79' lang='lat' dir='ltr'><strong>ﬁdem</strong></span> <span class='ocrx_word' id='word_1_290' title='bbox 297 1602 428 1637; x_wconf 69' lang='lat' dir='ltr'><strong>derogare</strong></span> <span class='ocrx_word' id='word_1_291' title='bbox 451 1603 567 1630; x_wconf 81' lang='lat' dir='ltr'><strong>audeat?</strong></span> <span class='ocrx_word' id='word_1_292' title='bbox 589 1602 681 1637; x_wconf 84' lang='lat' dir='ltr'><strong>Neque</strong></span> <span class='ocrx_word' id='word_1_293' title='bbox 704 1602 776 1628; x_wconf 90' lang='lat' dir='ltr'><strong>enim</strong></span> <span class='ocrx_word' id='word_1_294' title='bbox 791 1602 869 1637; x_wconf 86' lang='lat' dir='ltr'><strong>latas</strong></span> <span class='ocrx_word' id='word_1_295' title='bbox 886 1605 973 1631; x_wconf 89' lang='lat' dir='ltr'><strong>conti-</strong></span> 
     </span>
    </p>
   </div>
   <div class='ocr_carea' id='block_1_44' title="bbox 190 1636 976 1672">
    <p class='ocr_par' dir='ltr' id='par_1_44' title="bbox 190 1636 976 1672">
     <span class='ocr_line' id='line_1_44' title="bbox 190 1636 976 1672; baseline 0.001 -6"><span class='ocrx_word' id='word_1_296' title='bbox 190 1640 291 1667; x_wconf 66' lang='lat' dir='ltr'><strong>nentia:</strong></span> <span class='ocrx_word' id='word_1_297' title='bbox 310 1636 504 1672; x_wconf 63' lang='lat' dir='ltr'><strong>mlibalusque</strong></span> <span class='ocrx_word' id='word_1_298' title='bbox 519 1638 592 1672; x_wconf 86' lang='lat' dir='ltr'><strong>leges</strong></span> <span class='ocrx_word' id='word_1_299' title='bbox 613 1642 688 1664; x_wconf 88' lang='lat' dir='ltr'><strong>tanta</strong></span> <span class='ocrx_word' id='word_1_300' title='bbox 708 1636 873 1664; x_wconf 88' lang='lat' dir='ltr'><strong>conﬁdentia</strong></span> <span class='ocrx_word' id='word_1_301' title='bbox 890 1640 976 1667; x_wconf 76' lang='lat' dir='ltr'><strong>citare</strong></span> 
     </span>
    </p>
   </div>
   <div class='ocr_carea' id='block_1_45' title="bbox 190 1671 975 1708">
    <p class='ocr_par' dir='ltr' id='par_1_45' title="bbox 190 1671 975 1708">
     <span class='ocr_line' id='line_1_45' title="bbox 190 1671 975 1708; baseline 0 -6"><span class='ocrx_word' id='word_1_302' title='bbox 190 1675 290 1708; x_wconf 82' lang='lat' dir='ltr'><strong>potuit,</strong></span> <span class='ocrx_word' id='word_1_303' title='bbox 305 1674 355 1701; x_wconf 90' lang='lat' dir='ltr'><strong>nisi</strong></span> <span class='ocrx_word' id='word_1_304' title='bbox 374 1681 421 1700; x_wconf 87' lang='lat' dir='ltr'><strong>cas</strong></span> <span class='ocrx_word' id='word_1_305' title='bbox 437 1671 493 1701; x_wconf 80' lang='lat' dir='ltr'><strong>suis</strong></span> <span class='ocrx_word' id='word_1_306' title='bbox 510 1671 624 1707; x_wconf 74' lang='lat' dir='ltr'><strong>ipsemet</strong></span> <span class='ocrx_word' id='word_1_307' title='bbox 633 1672 720 1699; x_wconf 87' lang='lat' dir='ltr'><strong>oculis</strong></span> <span class='ocrx_word' id='word_1_308' title='bbox 733 1671 839 1707; x_wconf 85' lang='lat' dir='ltr'><strong>legerit,</strong></span> <span class='ocrx_word' id='word_1_309' title='bbox 855 1678 902 1700; x_wconf 89' lang='lat' dir='ltr'><strong>aut</strong></span> <span class='ocrx_word' id='word_1_310' title='bbox 916 1674 975 1702; x_wconf 87' lang='lat' dir='ltr'><strong>illas</strong></span> 
     </span>
    </p>
   </div>
   <div class='ocr_carea' id='block_1_46' title="bbox 191 1707 974 1742">
    <p class='ocr_par' dir='ltr' id='par_1_46' title="bbox 191 1707 974 1742">
     <span class='ocr_line' id='line_1_46' title="bbox 191 1707 974 1742; baseline 0 -6"><span class='ocrx_word' id='word_1_311' title='bbox 191 1707 306 1736; x_wconf 78' lang='lat' dir='ltr'><strong>icstibns</strong></span> <span class='ocrx_word' id='word_1_312' title='bbox 324 1709 445 1735; x_wconf 88' lang='lat' dir='ltr'><strong>ﬁrmatas</strong></span> <span class='ocrx_word' id='word_1_313' title='bbox 467 1710 625 1742; x_wconf 79' lang='lat' dir='ltr'><strong>cognoverit</strong></span> <span class='ocrx_word' id='word_1_314' title='bbox 646 1707 719 1734; x_wconf 91' lang='lat' dir='ltr'><strong>otnni</strong></span> <span class='ocrx_word' id='word_1_315' title='bbox 736 1709 896 1742; x_wconf 76' lang='lat' dir='ltr'><strong>exceptione</strong></span> <span class='ocrx_word' id='word_1_316' title='bbox 916 1717 974 1736; x_wconf 86' lang='lat' dir='ltr'><strong>tua-</strong></span> 
     </span>
    </p>
   </div>
   <div class='ocr_carea' id='block_1_47' title="bbox 189 1745 326 1772">
    <p class='ocr_par' dir='ltr' id='par_1_47' title="bbox 189 1745 326 1772">
     <span class='ocr_line' id='line_1_47' title="bbox 189 1745 326 1772; baseline -0.015 0"><span class='ocrx_word' id='word_1_317' title='bbox 189 1745 302 1772; x_wconf 88' lang='lat' dir='ltr'><strong>ioribus.</strong></span> <span class='ocrx_word' id='word_1_318' title='bbox 317 1753 326 1769; x_wconf 83' lang='grc' dir='ltr'><strong>ι</strong></span> 
     </span>
    </p>
   </div>
   <div class='ocr_carea' id='block_1_48' title="bbox 186 1752 975 1813">
    <p class='ocr_par' dir='ltr' id='par_1_48' title="bbox 186 1752 975 1813">
     <span class='ocr_line' id='line_1_48' title="bbox 186 1752 975 1813; baseline 0 -7"><span class='ocrx_word' id='word_1_319' title='bbox 186 1752 326 1806; x_wconf 53' lang='lat' dir='ltr'><strong>Jori’leli&#39;iin;</strong></span> <span class='ocrx_word' id='word_1_320' title='bbox 344 1782 439 1813; x_wconf 79' lang='lat' dir='ltr'><strong>arguet</strong></span> <span class='ocrx_word' id='word_1_321' title='bbox 453 1777 551 1812; x_wconf 87' lang='lat' dir='ltr'><strong>aliquis</strong></span> <span class='ocrx_word' id='word_1_322' title='bbox 562 1776 612 1804; x_wconf 92' lang='lat' dir='ltr'><strong>hoc</strong></span> <span class='ocrx_word' id='word_1_323' title='bbox 625 1784 686 1804; x_wconf 87' lang='lat' dir='ltr'><strong>esse</strong></span> <span class='ocrx_word' id='word_1_324' title='bbox 701 1777 780 1811; x_wconf 87' lang='lat' dir='ltr'><strong>plane</strong></span> <span class='ocrx_word' id='word_1_325' title='bbox 795 1777 933 1805; x_wconf 90' lang='lat' dir='ltr'><strong>inﬁrmum</strong></span> <span class='ocrx_word' id='word_1_326' title='bbox 948 1784 975 1807; x_wconf 93' lang='lat' dir='ltr'><strong>et</strong></span> 
     </span>
    </p>
   </div>
   <div class='ocr_carea' id='block_1_49' title="bbox 190 1813 973 1847">
    <p class='ocr_par' dir='ltr' id='par_1_49' title="bbox 190 1813 973 1847">
     <span class='ocr_line' id='line_1_49' title="bbox 190 1813 973 1847; baseline 0 -6"><span class='ocrx_word' id='word_1_327' title='bbox 190 1816 335 1841; x_wconf 86' lang='lat' dir='ltr'><strong>caducum.</strong></span> <span class='ocrx_word' id='word_1_328' title='bbox 356 1813 384 1841; x_wconf 92' lang='lat' dir='ltr'><strong>Si</strong></span> <span class='ocrx_word' id='word_1_329' title='bbox 399 1821 457 1847; x_wconf 59' lang='lat' dir='ltr'><strong>quae</strong></span> <span class='ocrx_word' id='word_1_330' title='bbox 473 1813 612 1839; x_wconf 78' lang='lat' dir='ltr'><strong>enimvero</strong></span> <span class='ocrx_word' id='word_1_331' title='bbox 633 1820 664 1838; x_wconf 85' lang='lat' dir='ltr'><strong>ea</strong></span> <span class='ocrx_word' id='word_1_332' title='bbox 686 1814 718 1839; x_wconf 90' lang='lat' dir='ltr'><strong>dc</strong></span> <span class='ocrx_word' id='word_1_333' title='bbox 734 1820 762 1839; x_wconf 86' lang='lat' dir='ltr'><strong>re</strong></span> <span class='ocrx_word' id='word_1_334' title='bbox 778 1813 846 1840; x_wconf 69' lang='lat' dir='ltr'><strong>datae</strong></span> <span class='ocrx_word' id='word_1_335' title='bbox 863 1814 918 1840; x_wconf 84' lang='lat' dir='ltr'><strong>sint</strong></span> <span class='ocrx_word' id='word_1_336' title='bbox 934 1814 973 1842; x_wconf 92' lang='lat' dir='ltr'><strong>le-</strong></span> 
     </span>
    </p>
   </div>
   <div class='ocr_carea' id='block_1_50' title="bbox 189 1847 975 1884">
    <p class='ocr_par' dir='ltr' id='par_1_50' title="bbox 189 1847 975 1884">
     <span class='ocr_line' id='line_1_50' title="bbox 189 1847 975 1884; baseline 0.001 -8"><span class='ocrx_word' id='word_1_337' title='bbox 189 1857 246 1884; x_wconf 85' lang='lat' dir='ltr'><strong>ges,</strong></span> <span class='ocrx_word' id='word_1_338' title='bbox 265 1857 318 1884; x_wconf 81' lang='lat' dir='ltr'><strong>non</strong></span> <span class='ocrx_word' id='word_1_339' title='bbox 332 1849 376 1876; x_wconf 91' lang='lat' dir='ltr'><strong>diu</strong></span> <span class='ocrx_word' id='word_1_340' title='bbox 390 1855 453 1875; x_wconf 88' lang='lat' dir='ltr'><strong>ante</strong></span> <span class='ocrx_word' id='word_1_341' title='bbox 467 1847 863 1884; x_wconf 12' lang='lat' dir='ltr'><strong>Epiphaniiiteniporasanciri</strong></span> <span class='ocrx_word' id='word_1_342' title='bbox 879 1854 975 1883; x_wconf 84' lang='lat' dir='ltr'><strong>pome-</strong></span> 
     </span>
    </p>
   </div>
   <div class='ocr_carea' id='block_1_51' title="bbox 189 1882 972 1919">
    <p class='ocr_par' dir='ltr' id='par_1_51' title="bbox 189 1882 972 1919">
     <span class='ocr_line' id='line_1_51' title="bbox 189 1882 972 1919; baseline 0.001 -9"><span class='ocrx_word' id='word_1_343' title='bbox 189 1882 262 1911; x_wconf 70' lang='lat' dir='ltr'><strong>runt.</strong></span> <span class='ocrx_word' id='word_1_344' title='bbox 278 1883 335 1911; x_wconf 88' lang='lat' dir='ltr'><strong>Non</strong></span> <span class='ocrx_word' id='word_1_345' title='bbox 351 1883 441 1919; x_wconf 81' lang='lat' dir='ltr'><strong>minus</strong></span> <span class='ocrx_word' id='word_1_346' title='bbox 456 1883 588 1917; x_wconf 81' lang='lat' dir='ltr'><strong>siquidem</strong></span> <span class='ocrx_word' id='word_1_347' title='bbox 605 1883 649 1909; x_wconf 89' lang='lat' dir='ltr'><strong>ille</strong></span> <span class='ocrx_word' id='word_1_348' title='bbox 668 1882 972 1919; x_wconf 37' lang='lat' dir='ltr'><strong>hypodiaconos,’quani</strong></span> 
     </span>
    </p>
   </div>
   <div class='ocr_carea' id='block_1_52' title="bbox 189 1918 973 1953">
    <p class='ocr_par' dir='ltr' id='par_1_52' title="bbox 189 1918 973 1953">
     <span class='ocr_line' id='line_1_52' title="bbox 189 1918 973 1953; baseline 0.001 -7"><span class='ocrx_word' id='word_1_349' title='bbox 189 1919 258 1946; x_wconf 87' lang='lat' dir='ltr'><strong>alios</strong></span> <span class='ocrx_word' id='word_1_350' title='bbox 273 1919 367 1953; x_wconf 87' lang='lat' dir='ltr'><strong>majori</strong></span> <span class='ocrx_word' id='word_1_351' title='bbox 384 1918 481 1945; x_wconf 89' lang='lat' dir='ltr'><strong>ordine</strong></span> <span class='ocrx_word' id='word_1_352' title='bbox 498 1918 684 1953; x_wconf 83' lang='lat' dir='ltr'><strong>inauguratos,</strong></span> <span class='ocrx_word' id='word_1_353' title='bbox 705 1918 748 1945; x_wconf 89' lang='lat' dir='ltr'><strong>his</strong></span> <span class='ocrx_word' id='word_1_354' title='bbox 765 1918 868 1952; x_wconf 84' lang='lat' dir='ltr'><strong>legibus</strong></span> <span class='ocrx_word' id='word_1_355' title='bbox 887 1918 973 1947; x_wconf 75' lang='lat' dir='ltr'><strong>teneri</strong></span> 
     </span>
    </p>
   </div>
   <div class='ocr_carea' id='block_1_53' title="bbox 189 1952 969 1988">
    <p class='ocr_par' dir='ltr' id='par_1_53' title="bbox 189 1952 969 1988">
     <span class='ocr_line' id='line_1_53' title="bbox 189 1952 969 1988; baseline 0.004 -9"><span class='ocrx_word' id='word_1_356' title='bbox 189 1954 365 1984; x_wconf 81' lang='lat' dir='ltr'><strong>asseverat&quot;.</strong></span> <span class='ocrx_word' id='word_1_357' title='bbox 383 1953 553 1988; x_wconf 84' lang='lat' dir='ltr'><strong>Quapropter</strong></span> <span class='ocrx_word' id='word_1_358' title='bbox 571 1952 614 1979; x_wconf 89' lang='lat' dir='ltr'><strong>ubi</strong></span> <span class='ocrx_word' id='word_1_359' title='bbox 631 1954 742 1980; x_wconf 77' lang='lat' dir='ltr'><strong>eosdem</strong></span> <span class='ocrx_word' id='word_1_360' title='bbox 760 1960 792 1980; x_wconf 82' lang='lat' dir='ltr'><strong>ex</strong></span> <span class='ocrx_word' id='word_1_361' title='bbox 808 1953 969 1988; x_wconf 82' lang='lat' dir='ltr'><strong>virginibus,</strong></span> 
     </span>
    </p>
   </div>
   <div class='ocr_carea' id='block_1_54' title="bbox 187 1987 972 2021">
    <p class='ocr_par' dir='ltr' id='par_1_54' title="bbox 187 1987 972 2021">
     <span class='ocr_line' id='line_1_54' title="bbox 187 1987 972 2021; baseline 0.003 -6"><span class='ocrx_word' id='word_1_362' title='bbox 187 1989 230 2016; x_wconf 86' lang='lat' dir='ltr'><strong>vel</strong></span> <span class='ocrx_word' id='word_1_363' title='bbox 245 1996 278 2016; x_wconf 82' lang='lat' dir='ltr'><strong>ex</strong></span> <span class='ocrx_word' id='word_1_364' title='bbox 292 1987 449 2020; x_wconf 56' lang='lat' dir='ltr'><strong>monachis,</strong></span> <span class='ocrx_word' id='word_1_365' title='bbox 466 1993 512 2014; x_wconf 86' lang='lat' dir='ltr'><strong>aut</strong></span> <span class='ocrx_word' id='word_1_366' title='bbox 535 1993 611 2015; x_wconf 89' lang='lat' dir='ltr'><strong>certe</strong></span> <span class='ocrx_word' id='word_1_367' title='bbox 624 1996 657 2014; x_wconf 79' lang='lat' dir='ltr'><strong>ex</strong></span> <span class='ocrx_word' id='word_1_368' title='bbox 673 1988 706 2015; x_wconf 87' lang='lat' dir='ltr'><strong>iis</strong></span> <span class='ocrx_word' id='word_1_369' title='bbox 727 1988 774 2021; x_wconf 90' lang='lat' dir='ltr'><strong>qui</strong></span> <span class='ocrx_word' id='word_1_370' title='bbox 791 1987 824 2014; x_wconf 86' lang='lat' dir='ltr'><strong>ab</strong></span> <span class='ocrx_word' id='word_1_371' title='bbox 840 1990 972 2017; x_wconf 83' lang='lat' dir='ltr'><strong>uxoribus</strong></span> 
     </span>
    </p>
   </div>
   <div class='ocr_carea' id='block_1_55' title="bbox 188 2023 971 2059">
    <p class='ocr_par' dir='ltr' id='par_1_55' title="bbox 188 2023 971 2059">
     <span class='ocr_line' id='line_1_55' title="bbox 188 2023 971 2059; baseline 0 -8"><span class='ocrx_word' id='word_1_372' title='bbox 188 2024 245 2051; x_wconf 81' lang='lat' dir='ltr'><strong>suis</strong></span> <span class='ocrx_word' id='word_1_373' title='bbox 260 2025 445 2055; x_wconf 82' lang='lat' dir='ltr'><strong>continerent,</strong></span> <span class='ocrx_word' id='word_1_374' title='bbox 462 2023 539 2057; x_wconf 90' lang='lat' dir='ltr'><strong>seligi</strong></span> <span class='ocrx_word' id='word_1_375' title='bbox 564 2024 736 2059; x_wconf 79' lang='lat' dir='ltr'><strong>testiﬁcatur,</strong></span> <span class='ocrx_word' id='word_1_376' title='bbox 755 2026 788 2049; x_wconf 85' lang='lat' dir='ltr'><strong>de</strong></span> <span class='ocrx_word' id='word_1_377' title='bbox 810 2024 852 2059; x_wconf 86' lang='lat' dir='ltr'><strong>sui</strong></span> <span class='ocrx_word' id='word_1_378' title='bbox 869 2025 971 2059; x_wconf 85' lang='lat' dir='ltr'><strong>potius,</strong></span> 
     </span>
    </p>
   </div>
   <div class='ocr_carea' id='block_1_56' title="bbox 187 2058 972 2121">
    <p class='ocr_par' dir='ltr' id='par_1_56' title="bbox 187 2058 972 2121">
     <span class='ocr_line' id='line_1_56' title="bbox 187 2058 972 2121; baseline 0.001 -35"><span class='ocrx_word' id='word_1_379' title='bbox 187 2063 270 2121; x_wconf 59' lang='lat' dir='ltr'><strong>ﬂuam</strong></span> <span class='ocrx_word' id='word_1_380' title='bbox 295 2059 465 2094; x_wconf 88' lang='lat' dir='ltr'><strong>superiorum</strong></span> <span class='ocrx_word' id='word_1_381' title='bbox 490 2058 650 2085; x_wconf 64' lang='lat' dir='ltr'><strong>sazculorum</strong></span> <span class='ocrx_word' id='word_1_382' title='bbox 673 2058 794 2086; x_wconf 84' lang='lat' dir='ltr'><strong>moribus</strong></span> <span class='ocrx_word' id='word_1_383' title='bbox 817 2058 972 2095; x_wconf 41' lang='lat' dir='ltr'><strong>ille&#39;proeul</strong></span> 
     </span>
     <span class='ocr_line' id='line_1_57' title="bbox 207 2094 656 2121; baseline -0.002 0"><span class='ocrx_word' id='word_1_384' title='bbox 207 2095 269 2121; x_wconf 89' lang='lat' dir='ltr'><strong>uhio</strong></span> <span class='ocrx_word' id='word_1_385' title='bbox 285 2094 426 2121; x_wconf 78' lang='lat' dir='ltr'><strong>disputare</strong></span> <span class='ocrx_word' id='word_1_386' title='bbox 439 2094 592 2121; x_wconf 88' lang='lat' dir='ltr'><strong>censendus</strong></span> <span class='ocrx_word' id='word_1_387' title='bbox 604 2098 656 2120; x_wconf 87' lang='lat' dir='ltr'><strong>est.</strong></span> 
     </span>
    </p>
   </div>
   <div class='ocr_carea' id='block_1_57' title="bbox 207 2094 656 2129">
    <p class='ocr_par' dir='ltr' id='par_1_57' title="bbox 207 2094 656 2129">
     <span class='ocr_line' id='line_1_58' title="bbox 207 2094 656 2129; baseline -0.002 -8"><span class='ocrx_word' id='word_1_388' title='bbox 207 2095 269 2121; x_wconf 89' lang='lat' dir='ltr'><strong>uhio</strong></span> <span class='ocrx_word' id='word_1_389' title='bbox 285 2094 426 2129; x_wconf 83' lang='lat' dir='ltr'><strong>disputare</strong></span> <span class='ocrx_word' id='word_1_390' title='bbox 439 2094 592 2121; x_wconf 88' lang='lat' dir='ltr'><strong>censendus</strong></span> <span class='ocrx_word' id='word_1_391' title='bbox 604 2098 656 2120; x_wconf 87' lang='lat' dir='ltr'><strong>est.</strong></span> 
     </span>
    </p>
   </div>
   <div class='ocr_carea' id='block_1_58' title="bbox 224 2128 971 2165">
    <p class='ocr_par' dir='ltr' id='par_1_58' title="bbox 224 2128 971 2165">
     <span class='ocr_line' id='line_1_59' title="bbox 224 2128 971 2165; baseline 0.003 -9"><span class='ocrx_word' id='word_1_392' title='bbox 224 2129 277 2156; x_wconf 90' lang='lat' dir='ltr'><strong>Sed</strong></span> <span class='ocrx_word' id='word_1_393' title='bbox 292 2128 343 2156; x_wconf 83' lang='lat' dir='ltr'><strong>hoc</strong></span> <span class='ocrx_word' id='word_1_394' title='bbox 357 2136 499 2165; x_wconf 78' lang='lat' dir='ltr'><strong>perperam</strong></span> <span class='ocrx_word' id='word_1_395' title='bbox 523 2128 660 2165; x_wconf 86' lang='lat' dir='ltr'><strong>objicitnr.</strong></span> <span class='ocrx_word' id='word_1_396' title='bbox 683 2128 750 2155; x_wconf 89' lang='lat' dir='ltr'><strong>Nam</strong></span> <span class='ocrx_word' id='word_1_397' title='bbox 770 2129 828 2163; x_wconf 92' lang='lat' dir='ltr'><strong>ipse</strong></span> <span class='ocrx_word' id='word_1_398' title='bbox 852 2129 971 2165; x_wconf 79' lang='lat' dir='ltr'><strong>Epipha-</strong></span> 
     </span>
    </p>
   </div>
   <div class='ocr_carea' id='block_1_59' title="bbox 187 2164 971 2199">
    <p class='ocr_par' dir='ltr' id='par_1_59' title="bbox 187 2164 971 2199">
     <span class='ocr_line' id='line_1_60' title="bbox 187 2164 971 2199; baseline 0.001 -8"><span class='ocrx_word' id='word_1_399' title='bbox 187 2165 250 2192; x_wconf 83' lang='lat' dir='ltr'><strong>nius</strong></span> <span class='ocrx_word' id='word_1_400' title='bbox 261 2168 417 2191; x_wconf 86' lang='lat' dir='ltr'><strong>constanter</strong></span> <span class='ocrx_word' id='word_1_401' title='bbox 430 2164 547 2199; x_wconf 71' lang='lat' dir='ltr'><strong>allirmat</strong></span> <span class='ocrx_word' id='word_1_402' title='bbox 560 2172 619 2190; x_wconf 90' lang='lat' dir='ltr'><strong>eam</strong></span> <span class='ocrx_word' id='word_1_403' title='bbox 634 2164 720 2198; x_wconf 81' lang='lat' dir='ltr'><strong>legem</strong></span> <span class='ocrx_word' id='word_1_404' title='bbox 735 2165 769 2191; x_wconf 87' lang='lat' dir='ltr'><strong>ab</strong></span> <span class='ocrx_word' id='word_1_405' title='bbox 783 2165 848 2198; x_wconf 78' lang='lat' dir='ltr'><strong>ipsis</strong></span> <span class='ocrx_word' id='word_1_406' title='bbox 860 2164 971 2199; x_wconf 81' lang='lat' dir='ltr'><strong>aposto-</strong></span> 
     </span>
    </p>
   </div>
   <div class='ocr_carea' id='block_1_60' title="bbox 187 2198 970 2235">
    <p class='ocr_par' dir='ltr' id='par_1_60' title="bbox 187 2198 970 2235">
     <span class='ocr_line' id='line_1_61' title="bbox 187 2198 970 2235; baseline 0.003 -9"><span class='ocrx_word' id='word_1_407' title='bbox 187 2199 221 2226; x_wconf 90' lang='lat' dir='ltr'><strong>lis</strong></span> <span class='ocrx_word' id='word_1_408' title='bbox 237 2198 472 2235; x_wconf 21' lang='lat' dir='ltr'><strong>fuisserconditam</strong></span> <span class='ocrx_word' id='word_1_409' title='bbox 488 2208 495 2225; x_wconf 84' lang='lat'><strong>:</strong></span> <span class='ocrx_word' id='word_1_410' title='bbox 511 2208 520 2224; x_wconf 83' lang='lat'><strong>(</strong></span> <span class='ocrx_word' id='word_1_411' title='bbox 532 2198 700 2235; x_wconf 76' lang='lat' dir='ltr'><strong>singulares,</strong></span> <span class='ocrx_word' id='word_1_412' title='bbox 719 2199 846 2233; x_wconf 81' lang='lat' dir='ltr'><strong>inquit&quot;,</strong></span> <span class='ocrx_word' id='word_1_413' title='bbox 862 2198 970 2235; x_wconf 81' lang='lat' dir='ltr'><strong>nuptias</strong></span> 
     </span>
    </p>
   </div>
   <div class='ocr_carea' id='block_1_61' title="bbox 186 2233 970 2264">
    <p class='ocr_par' dir='ltr' id='par_1_61' title="bbox 186 2233 970 2264">
     <span class='ocr_line' id='line_1_62' title="bbox 186 2233 970 2264; baseline 0.004 -3"><span class='ocrx_word' id='word_1_414' title='bbox 186 2234 370 2264; x_wconf 75' lang='lat' dir='ltr'><strong>commendat,</strong></span> <span class='ocrx_word' id='word_1_415' title='bbox 384 2241 444 2260; x_wconf 88' lang='lat' dir='ltr'><strong>cum</strong></span> <span class='ocrx_word' id='word_1_416' title='bbox 459 2233 636 2260; x_wconf 87' lang='lat' dir='ltr'><strong>sacerdotalia</strong></span> <span class='ocrx_word' id='word_1_417' title='bbox 651 2241 763 2260; x_wconf 89' lang='lat' dir='ltr'><strong>tnunera</strong></span> <span class='ocrx_word' id='word_1_418' title='bbox 774 2239 801 2261; x_wconf 85' lang='lat' dir='ltr'><strong>et</strong></span> <span class='ocrx_word' id='word_1_419' title='bbox 813 2233 970 2264; x_wconf 83' lang='lat' dir='ltr'><strong>ornamenta</strong></span> 
     </span>
    </p>
   </div>
   <div class='ocr_carea' id='block_1_62' title="bbox 989 1585 1011 1614">
    <p class='ocr_par' dir='ltr' id='par_1_62' title="bbox 989 1585 1011 1614">
     <span class='ocr_line' id='line_1_63' title="bbox 989 1585 1011 1614; baseline 0 -1"><span class='ocrx_word' id='word_1_420' title='bbox 989 1585 1011 1614; x_wconf 84' lang='lat' dir='ltr'><strong>C</strong></span> 
     </span>
    </p>
   </div>
   <div class='ocr_carea' id='block_1_63' title="bbox 1034 271 1824 306">
    <p class='ocr_par' dir='ltr' id='par_1_63' title="bbox 1034 271 1824 306">
     <span class='ocr_line' id='line_1_64' title="bbox 1034 271 1824 306; baseline 0.003 -11"><span class='ocrx_word' id='word_1_421' title='bbox 1034 276 1093 306; x_wconf 69' lang='lat' dir='ltr'><strong>erat</strong></span> <span class='ocrx_word' id='word_1_422' title='bbox 1111 271 1304 305; x_wconf 83' lang='lat' dir='ltr'><strong>disputationis</strong></span> <span class='ocrx_word' id='word_1_423' title='bbox 1326 278 1393 299; x_wconf 75' lang='lat' dir='ltr'><strong>mstu</strong></span> <span class='ocrx_word' id='word_1_424' title='bbox 1418 272 1570 305; x_wconf 78' lang='lat' dir='ltr'><strong>abreptum,</strong></span> <span class='ocrx_word' id='word_1_425' title='bbox 1591 277 1674 306; x_wconf 86' lang='lat' dir='ltr'><strong>atque</strong></span> <span class='ocrx_word' id='word_1_426' title='bbox 1689 272 1775 298; x_wconf 88' lang='lat' dir='ltr'><strong>etiam</strong></span> <span class='ocrx_word' id='word_1_427' title='bbox 1793 272 1824 298; x_wconf 85' lang='lat' dir='ltr'><strong>ab</strong></span> 
     </span>
    </p>
   </div>
   <div class='ocr_carea' id='block_1_64' title="bbox 1033 305 1823 342">
    <p class='ocr_par' dir='ltr' id='par_1_64' title="bbox 1033 305 1823 342">
     <span class='ocr_line' id='line_1_65' title="bbox 1033 305 1823 342; baseline 0.001 -11"><span class='ocrx_word' id='word_1_428' title='bbox 1033 305 1184 339; x_wconf 88' lang='lat' dir='ltr'><strong>Epiphanio</strong></span> <span class='ocrx_word' id='word_1_429' title='bbox 1203 307 1298 334; x_wconf 82' lang='lat' dir='ltr'><strong>falsam</strong></span> <span class='ocrx_word' id='word_1_430' title='bbox 1311 307 1550 342; x_wconf 87' lang='lat' dir='ltr'><strong>apocryphamque</strong></span> <span class='ocrx_word' id='word_1_431' title='bbox 1563 305 1650 340; x_wconf 82' lang='lat' dir='ltr'><strong>legem</strong></span> <span class='ocrx_word' id='word_1_432' title='bbox 1670 306 1764 342; x_wconf 75' lang='lat' dir='ltr'><strong>citari.</strong></span> <span class='ocrx_word' id='word_1_433' title='bbox 1781 312 1823 333; x_wconf 81' lang='lat' dir='ltr'><strong>tua</strong></span> 
     </span>
    </p>
   </div>
   <div class='ocr_carea' id='block_1_65' title="bbox 1035 341 1823 375">
    <p class='ocr_par' dir='ltr' id='par_1_65' title="bbox 1035 341 1823 375">
     <span class='ocr_line' id='line_1_66' title="bbox 1035 341 1823 375; baseline 0.001 -9"><span class='ocrx_word' id='word_1_434' title='bbox 1035 345 1070 372; x_wconf 81' lang='lat' dir='ltr'><strong>te,</strong></span> <span class='ocrx_word' id='word_1_435' title='bbox 1080 343 1101 367; x_wconf 83' lang='lat' dir='ltr'><strong>si</strong></span> <span class='ocrx_word' id='word_1_436' title='bbox 1116 349 1175 368; x_wconf 82' lang='lat' dir='ltr'><strong>eam</strong></span> <span class='ocrx_word' id='word_1_437' title='bbox 1190 347 1261 369; x_wconf 86' lang='lat' dir='ltr'><strong>recte</strong></span> <span class='ocrx_word' id='word_1_438' title='bbox 1273 341 1444 375; x_wconf 77' lang='lat' dir='ltr'><strong>probaveris.</strong></span> <span class='ocrx_word' id='word_1_439' title='bbox 1456 342 1591 369; x_wconf 76' lang='lat' dir='ltr'><strong>sententia</strong></span> <span class='ocrx_word' id='word_1_440' title='bbox 1604 345 1727 368; x_wconf 87' lang='lat' dir='ltr'><strong>maneat.</strong></span> <span class='ocrx_word' id='word_1_441' title='bbox 1740 341 1823 367; x_wconf 88' lang='lat' dir='ltr'><strong>Porro</strong></span> 
     </span>
    </p>
   </div>
   <div class='ocr_carea' id='block_1_66' title="bbox 1033 375 1824 404">
    <p class='ocr_par' dir='ltr' id='par_1_66' title="bbox 1033 375 1824 404">
     <span class='ocr_line' id='line_1_67' title="bbox 1033 375 1824 404; baseline 0.001 -3"><span class='ocrx_word' id='word_1_442' title='bbox 1033 375 1066 402; x_wconf 83' lang='lat' dir='ltr'><strong>de</strong></span> <span class='ocrx_word' id='word_1_443' title='bbox 1091 377 1136 403; x_wconf 90' lang='lat' dir='ltr'><strong>illo</strong></span> <span class='ocrx_word' id='word_1_444' title='bbox 1162 384 1302 404; x_wconf 84' lang='lat' dir='ltr'><strong>sacrorum</strong></span> <span class='ocrx_word' id='word_1_445' title='bbox 1329 377 1456 404; x_wconf 54' lang='lat' dir='ltr'><strong>Ecclesiae</strong></span> <span class='ocrx_word' id='word_1_446' title='bbox 1482 376 1670 404; x_wconf 81' lang='lat' dir='ltr'><strong>ministrorum</strong></span> <span class='ocrx_word' id='word_1_447' title='bbox 1697 376 1824 403; x_wconf 68' lang='lat' dir='ltr'><strong>caelibatu</strong></span> 
     </span>
    </p>
   </div>
   <div class='ocr_carea' id='block_1_67' title="bbox 1033 411 1825 446">
    <p class='ocr_par' dir='ltr' id='par_1_67' title="bbox 1033 411 1825 446">
     <span class='ocr_line' id='line_1_68' title="bbox 1033 411 1825 446; baseline 0.003 -10"><span class='ocrx_word' id='word_1_448' title='bbox 1033 411 1134 446; x_wconf 88' lang='lat' dir='ltr'><strong>aliquid</strong></span> <span class='ocrx_word' id='word_1_449' title='bbox 1150 412 1176 438; x_wconf 93' lang='lat' dir='ltr'><strong>in</strong></span> <span class='ocrx_word' id='word_1_450' title='bbox 1188 413 1375 439; x_wconf 80' lang='lat' dir='ltr'><strong>Ambrosiauis</strong></span> <span class='ocrx_word' id='word_1_451' title='bbox 1391 413 1490 439; x_wconf 89' lang='lat' dir='ltr'><strong>nostris</strong></span> <span class='ocrx_word' id='word_1_452' title='bbox 1505 412 1749 439; x_wconf 84' lang='lat' dir='ltr'><strong>observationlbus</strong></span> <span class='ocrx_word' id='word_1_453' title='bbox 1765 419 1825 445; x_wconf 86' lang='lat' dir='ltr'><strong>per-</strong></span> 
     </span>
    </p>
   </div>
   <div class='ocr_carea' id='block_1_68' title="bbox 1033 447 1823 482">
    <p class='ocr_par' dir='ltr' id='par_1_68' title="bbox 1033 447 1823 482">
     <span class='ocr_line' id='line_1_69' title="bbox 1033 447 1823 482; baseline 0.001 -10"><span class='ocrx_word' id='word_1_454' title='bbox 1033 447 1232 475; x_wconf 75' lang='lat' dir='ltr'><strong>strinximus“.</strong></span> <span class='ocrx_word' id='word_1_455' title='bbox 1257 447 1309 475; x_wconf 89' lang='lat' dir='ltr'><strong>Sed</strong></span> <span class='ocrx_word' id='word_1_456' title='bbox 1327 448 1378 474; x_wconf 90' lang='lat' dir='ltr'><strong>hoc</strong></span> <span class='ocrx_word' id='word_1_457' title='bbox 1398 452 1587 482; x_wconf 80' lang='lat' dir='ltr'><strong>argumentum</strong></span> <span class='ocrx_word' id='word_1_458' title='bbox 1603 455 1616 473; x_wconf 90' lang='lat' dir='ltr'><strong>a</strong></span> <span class='ocrx_word' id='word_1_459' title='bbox 1634 447 1762 481; x_wconf 88' lang='lat' dir='ltr'><strong>pluribus</strong></span> <span class='ocrx_word' id='word_1_460' title='bbox 1778 454 1823 473; x_wconf 90' lang='lat' dir='ltr'><strong>co-</strong></span> 
     </span>
    </p>
   </div>
   <div class='ocr_carea' id='block_1_69' title="bbox 1033 481 1823 516">
    <p class='ocr_par' dir='ltr' id='par_1_69' title="bbox 1033 481 1823 516">
     <span class='ocr_line' id='line_1_70' title="bbox 1033 481 1823 516; baseline 0.001 -8"><span class='ocrx_word' id='word_1_461' title='bbox 1033 482 1108 516; x_wconf 86' lang='lat' dir='ltr'><strong>piose</strong></span> <span class='ocrx_word' id='word_1_462' title='bbox 1129 487 1275 514; x_wconf 83' lang='lat' dir='ltr'><strong>tractatur,</strong></span> <span class='ocrx_word' id='word_1_463' title='bbox 1292 489 1305 508; x_wconf 89' lang='lat' dir='ltr'><strong>a</strong></span> <span class='ocrx_word' id='word_1_464' title='bbox 1320 481 1571 509; x_wconf 37' lang='lat' dir='ltr'><strong>sanctis’Patribus</strong></span> <span class='ocrx_word' id='word_1_465' title='bbox 1589 482 1627 508; x_wconf 92' lang='lat' dir='ltr'><strong>uti</strong></span> <span class='ocrx_word' id='word_1_466' title='bbox 1654 481 1823 516; x_wconf 86' lang='lat' dir='ltr'><strong>Hieronymo</strong></span> 
     </span>
    </p>
   </div>
   <div class='ocr_carea' id='block_1_70' title="bbox 1034 517 1822 551">
    <p class='ocr_par' dir='ltr' id='par_1_70' title="bbox 1034 517 1822 551">
     <span class='ocr_line' id='line_1_71' title="bbox 1034 517 1822 551; baseline 0.003 -9"><span class='ocrx_word' id='word_1_467' title='bbox 1034 517 1059 542; x_wconf 90' lang='lat' dir='ltr'><strong>in</strong></span> <span class='ocrx_word' id='word_1_468' title='bbox 1074 525 1122 544; x_wconf 79' lang='lat' dir='ltr'><strong>suo</strong></span> <span class='ocrx_word' id='word_1_469' title='bbox 1137 519 1287 551; x_wconf 56' lang='lat' dir='ltr'><strong>praesertim</strong></span> <span class='ocrx_word' id='word_1_470' title='bbox 1312 517 1410 544; x_wconf 80' lang='lat' dir='ltr'><strong>Contra</strong></span> <span class='ocrx_word' id='word_1_471' title='bbox 1434 517 1604 544; x_wconf 79' lang='lat' dir='ltr'><strong>Jorinianum</strong></span> <span class='ocrx_word' id='word_1_472' title='bbox 1630 517 1704 543; x_wconf 87' lang='lat' dir='ltr'><strong>libro</strong></span> <span class='ocrx_word' id='word_1_473' title='bbox 1726 524 1746 548; x_wconf 88' lang='lat' dir='ltr'><strong>I,</strong></span> <span class='ocrx_word' id='word_1_474' title='bbox 1763 524 1822 550; x_wconf 78' lang='lat' dir='ltr'><strong>pag.</strong></span> 
     </span>
    </p>
   </div>
   <div class='ocr_carea' id='block_1_71' title="bbox 1032 551 1823 586">
    <p class='ocr_par' dir='ltr' id='par_1_71' title="bbox 1032 551 1823 586">
     <span class='ocr_line' id='line_1_72' title="bbox 1032 551 1823 586; baseline 0 -8"><span class='ocrx_word' id='word_1_475' title='bbox 1032 551 1077 583; x_wconf 72' lang='lat'><strong>27,</strong></span> <span class='ocrx_word' id='word_1_476' title='bbox 1106 556 1172 585; x_wconf 74' lang='grc' dir='ltr'><strong>εις..</strong></span> <span class='ocrx_word' id='word_1_477' title='bbox 1199 561 1213 580; x_wconf 88' lang='lat' dir='ltr'><strong>a</strong></span> <span class='ocrx_word' id='word_1_478' title='bbox 1243 553 1374 584; x_wconf 68' lang='lat' dir='ltr'><strong>theologis</strong></span> <span class='ocrx_word' id='word_1_479' title='bbox 1394 552 1565 579; x_wconf 74' lang='lat' dir='ltr'><strong>scholasticis</strong></span> <span class='ocrx_word' id='word_1_480' title='bbox 1586 553 1613 578; x_wconf 91' lang='lat' dir='ltr'><strong>in</strong></span> <span class='ocrx_word' id='word_1_481' title='bbox 1636 559 1662 578; x_wconf 88' lang='lat' dir='ltr'><strong>tv</strong></span> <span class='ocrx_word' id='word_1_482' title='bbox 1686 551 1823 586; x_wconf 68' lang='lat' dir='ltr'><strong>Seruum,</strong></span> 
     </span>
    </p>
   </div>
   <div class='ocr_carea' id='block_1_72' title="bbox 1032 587 1823 624">
    <p class='ocr_par' dir='ltr' id='par_1_72' title="bbox 1032 587 1823 624">
     <span class='ocr_line' id='line_1_73' title="bbox 1032 587 1823 624; baseline 0.004 -11"><span class='ocrx_word' id='word_1_483' title='bbox 1032 587 1153 624; x_wconf 75' lang='lat' dir='ltr'><strong>distinct.</strong></span> <span class='ocrx_word' id='word_1_484' title='bbox 1166 588 1212 620; x_wconf 76' lang='grc'><strong>57,</strong></span> <span class='ocrx_word' id='word_1_485' title='bbox 1225 596 1258 615; x_wconf 89' lang='lat' dir='ltr'><strong>ac</strong></span> <span class='ocrx_word' id='word_1_486' title='bbox 1273 588 1352 624; x_wconf 62' lang='grc'><strong>194</strong></span> <span class='ocrx_word' id='word_1_487' title='bbox 1365 588 1394 614; x_wconf 79' lang='grc' dir='ltr'><strong>Ι).</strong></span> <span class='ocrx_word' id='word_1_488' title='bbox 1410 587 1692 624; x_wconf 20' lang='grc' dir='ltr'><strong>Τιιοιηπτὶ-Ξρνῳιωςξ.</strong></span> <span class='ocrx_word' id='word_1_489' title='bbox 1710 587 1760 624; x_wconf 84' lang='lat'><strong>88_,</strong></span> <span class='ocrx_word' id='word_1_490' title='bbox 1773 593 1823 616; x_wconf 81' lang='lat' dir='ltr'><strong>art.</strong></span> 
     </span>
    </p>
   </div>
   <div class='ocr_carea' id='block_1_73' title="bbox 1032 621 1822 654">
    <p class='ocr_par' dir='ltr' id='par_1_73' title="bbox 1032 621 1822 654">
     <span class='ocr_line' id='line_1_74' title="bbox 1032 621 1822 654; baseline 0.001 -7"><span class='ocrx_word' id='word_1_491' title='bbox 1032 622 1076 654; x_wconf 85' lang='grc'><strong>11;</strong></span> <span class='ocrx_word' id='word_1_492' title='bbox 1099 621 1320 650; x_wconf 76' lang='lat' dir='ltr'><strong>controversisiis</strong></span> <span class='ocrx_word' id='word_1_493' title='bbox 1335 621 1372 649; x_wconf 75' lang='lat' dir='ltr'><strong>uti</strong></span> <span class='ocrx_word' id='word_1_494' title='bbox 1388 623 1551 650; x_wconf 66' lang='lat' dir='ltr'><strong>lieltarmiuo</strong></span> <span class='ocrx_word' id='word_1_495' title='bbox 1570 621 1617 648; x_wconf 85' lang='lat' dir='ltr'><strong>lib.</strong></span> <span class='ocrx_word' id='word_1_496' title='bbox 1634 630 1642 648; x_wconf 95' lang='grc' dir='ltr'><strong>ι</strong></span> <span class='ocrx_word' id='word_1_497' title='bbox 1660 621 1699 648; x_wconf 79' lang='lat' dir='ltr'><strong>De</strong></span> <span class='ocrx_word' id='word_1_498' title='bbox 1718 622 1822 654; x_wconf 62' lang='lat' dir='ltr'><strong>deria,</strong></span> 
     </span>
    </p>
   </div>
   <div class='ocr_carea' id='block_1_74' title="bbox 1031 657 1822 693">
    <p class='ocr_par' dir='ltr' id='par_1_74' title="bbox 1031 657 1822 693">
     <span class='ocr_line' id='line_1_75' title="bbox 1031 657 1822 693; baseline 0.001 -10"><span class='ocrx_word' id='word_1_499' title='bbox 1031 665 1093 693; x_wconf 68' lang='lat' dir='ltr'><strong>cap.</strong></span> <span class='ocrx_word' id='word_1_500' title='bbox 1114 657 1146 684; x_wconf 84' lang='lat' dir='ltr'><strong>l8</strong></span> <span class='ocrx_word' id='word_1_501' title='bbox 1162 663 1189 685; x_wconf 91' lang='lat' dir='ltr'><strong>ct</strong></span> <span class='ocrx_word' id='word_1_502' title='bbox 1205 666 1294 693; x_wconf 83' lang='lat' dir='ltr'><strong>scqq.;</strong></span> <span class='ocrx_word' id='word_1_503' title='bbox 1313 658 1461 689; x_wconf 81' lang='lat' dir='ltr'><strong>historicis,</strong></span> <span class='ocrx_word' id='word_1_504' title='bbox 1484 657 1569 684; x_wconf 75' lang='lat' dir='ltr'><strong>veluti</strong></span> <span class='ocrx_word' id='word_1_505' title='bbox 1584 657 1704 684; x_wconf 87' lang='lat' dir='ltr'><strong>Baronio</strong></span> <span class='ocrx_word' id='word_1_506' title='bbox 1728 657 1763 683; x_wconf 84' lang='lat' dir='ltr'><strong>ad</strong></span> <span class='ocrx_word' id='word_1_507' title='bbox 1778 665 1822 693; x_wconf 78' lang='lat' dir='ltr'><strong>an.</strong></span> 
     </span>
    </p>
   </div>
   <div class='ocr_carea' id='block_1_75' title="bbox 1030 692 1823 726">
    <p class='ocr_par' dir='ltr' id='par_1_75' title="bbox 1030 692 1823 726">
     <span class='ocr_line' id='line_1_76' title="bbox 1030 692 1823 726; baseline -0.003 -7"><span class='ocrx_word' id='word_1_508' title='bbox 1030 692 1134 720; x_wconf 86' lang='lat' dir='ltr'><strong>Christi</strong></span> <span class='ocrx_word' id='word_1_509' title='bbox 1146 693 1191 725; x_wconf 82' lang='grc'>58,</span> <span class='ocrx_word' id='word_1_510' title='bbox 1216 692 1290 720; x_wconf 70' lang='lat' dir='ltr'><strong>nunt.</strong></span> <span class='ocrx_word' id='word_1_511' title='bbox 1308 693 1340 720; x_wconf 73' lang='grc'><strong>12</strong></span> <span class='ocrx_word' id='word_1_512' title='bbox 1355 698 1381 719; x_wconf 91' lang='lat' dir='ltr'><strong>et</strong></span> <span class='ocrx_word' id='word_1_513' title='bbox 1398 700 1493 726; x_wconf 86' lang='lat' dir='ltr'><strong>scqq.;</strong></span> <span class='ocrx_word' id='word_1_514' title='bbox 1509 699 1595 720; x_wconf 69' lang='lat' dir='ltr'><strong>sacra:</strong></span> <span class='ocrx_word' id='word_1_515' title='bbox 1612 693 1766 726; x_wconf 77' lang='lat' dir='ltr'><strong>Scriptum:</strong></span> <span class='ocrx_word' id='word_1_516' title='bbox 1783 692 1823 718; x_wconf 85' lang='lat' dir='ltr'><strong>in-</strong></span> 
     </span>
    </p>
   </div>
   <div class='ocr_carea' id='block_1_76' title="bbox 1031 727 1823 762">
    <p class='ocr_par' dir='ltr' id='par_1_76' title="bbox 1031 727 1823 762">
     <span class='ocr_line' id='line_1_77' title="bbox 1031 727 1823 762; baseline 0 -9"><span class='ocrx_word' id='word_1_517' title='bbox 1031 727 1192 761; x_wconf 74' lang='lat' dir='ltr'><strong>lerpretibus</strong></span> <span class='ocrx_word' id='word_1_518' title='bbox 1209 729 1233 755; x_wconf 90' lang='lat' dir='ltr'><strong>in</strong></span> <span class='ocrx_word' id='word_1_519' title='bbox 1250 728 1268 754; x_wconf 95' lang='lat' dir='ltr'><strong>ll</strong></span> <span class='ocrx_word' id='word_1_520' title='bbox 1288 729 1320 754; x_wconf 85' lang='lat' dir='ltr'><strong>ad</strong></span> <span class='ocrx_word' id='word_1_521' title='bbox 1337 728 1456 755; x_wconf 88' lang='lat' dir='ltr'><strong>Timoth.</strong></span> <span class='ocrx_word' id='word_1_522' title='bbox 1472 735 1533 762; x_wconf 87' lang='lat' dir='ltr'><strong>cap.</strong></span> <span class='ocrx_word' id='word_1_523' title='bbox 1550 735 1592 757; x_wconf 85' lang='grc' dir='ltr'>ιιι.</span> <span class='ocrx_word' id='word_1_524' title='bbox 1610 727 1731 762; x_wconf 88' lang='lat' dir='ltr'><strong>aliisque</strong></span> <span class='ocrx_word' id='word_1_525' title='bbox 1744 728 1823 754; x_wconf 84' lang='lat' dir='ltr'><strong>criti-</strong></span> 
     </span>
    </p>
   </div>
   <div class='ocr_carea' id='block_1_77' title="bbox 1030 762 1824 797">
    <p class='ocr_par' dir='ltr' id='par_1_77' title="bbox 1030 762 1824 797">
     <span class='ocr_line' id='line_1_78' title="bbox 1030 762 1824 797; baseline 0.001 -8"><span class='ocrx_word' id='word_1_526' title='bbox 1030 763 1069 789; x_wconf 87' lang='lat' dir='ltr'><strong>cis</strong></span> <span class='ocrx_word' id='word_1_527' title='bbox 1081 763 1254 796; x_wconf 88' lang='lat' dir='ltr'><strong>auctoribus;</strong></span> <span class='ocrx_word' id='word_1_528' title='bbox 1275 763 1455 790; x_wconf 86' lang='lat' dir='ltr'><strong>Thomassino</strong></span> <span class='ocrx_word' id='word_1_529' title='bbox 1472 768 1538 790; x_wconf 90' lang='lat' dir='ltr'><strong>tom.</strong></span> <span class='ocrx_word' id='word_1_530' title='bbox 1553 763 1561 789; x_wconf 99' lang='grc' dir='ltr'><strong>Ι</strong></span> <span class='ocrx_word' id='word_1_531' title='bbox 1580 763 1695 797; x_wconf 80' lang='lat' dir='ltr'><strong>Discipl.</strong></span> <span class='ocrx_word' id='word_1_532' title='bbox 1716 762 1824 794; x_wconf 77' lang='grc' dir='ltr'><strong>εειΙει..</strong></span> 
     </span>
    </p>
   </div>
   <div class='ocr_carea' id='block_1_78' title="bbox 1030 797 1822 833">
    <p class='ocr_par' dir='ltr' id='par_1_78' title="bbox 1030 797 1822 833">
     <span class='ocr_line' id='line_1_79' title="bbox 1030 797 1822 833; baseline 0.003 -9"><span class='ocrx_word' id='word_1_533' title='bbox 1030 803 1108 831; x_wconf 88' lang='lat' dir='ltr'><strong>parte</strong></span> <span class='ocrx_word' id='word_1_534' title='bbox 1120 806 1139 829; x_wconf 79' lang='grc' dir='ltr'>ι,</span> <span class='ocrx_word' id='word_1_535' title='bbox 1156 798 1204 825; x_wconf 88' lang='lat' dir='ltr'><strong>lib.</strong></span> <span class='ocrx_word' id='word_1_536' title='bbox 1220 806 1249 830; x_wconf 87' lang='lat' dir='ltr'><strong>ll,</strong></span> <span class='ocrx_word' id='word_1_537' title='bbox 1269 806 1293 825; x_wconf 91' lang='lat' dir='ltr'><strong>c.</strong></span> <span class='ocrx_word' id='word_1_538' title='bbox 1309 798 1362 832; x_wconf 76' lang='lat'><strong>25;</strong></span> <span class='ocrx_word' id='word_1_539' title='bbox 1379 797 1536 825; x_wconf 77' lang='lat' dir='ltr'><strong>Godofredo</strong></span> <span class='ocrx_word' id='word_1_540' title='bbox 1551 799 1576 824; x_wconf 95' lang='lat' dir='ltr'><strong>in</strong></span> <span class='ocrx_word' id='word_1_541' title='bbox 1600 799 1652 833; x_wconf 82' lang='lat' dir='ltr'><strong>leg.</strong></span> <span class='ocrx_word' id='word_1_542' title='bbox 1675 797 1725 829; x_wconf 67' lang='grc'><strong>64,</strong></span> <span class='ocrx_word' id='word_1_543' title='bbox 1752 798 1822 833; x_wconf 79' lang='lat' dir='ltr'><strong>titul.</strong></span> 
     </span>
    </p>
   </div>
   <div class='ocr_carea' id='block_1_79' title="bbox 1027 832 1822 868">
    <p class='ocr_par' dir='ltr' id='par_1_79' title="bbox 1027 832 1822 868">
     <span class='ocr_line' id='line_1_80' title="bbox 1027 832 1822 868; baseline -0.003 -6"><span class='ocrx_word' id='word_1_544' title='bbox 1027 835 1065 862; x_wconf 90' lang='lat' dir='ltr'><strong>De</strong></span> <span class='ocrx_word' id='word_1_545' title='bbox 1081 834 1180 868; x_wconf 83' lang='lat' dir='ltr'><strong>episc.,</strong></span> <span class='ocrx_word' id='word_1_546' title='bbox 1199 840 1265 866; x_wconf 87' lang='lat' dir='ltr'><strong>etc.,</strong></span> <span class='ocrx_word' id='word_1_547' title='bbox 1291 839 1357 860; x_wconf 92' lang='lat' dir='ltr'><strong>tom.</strong></span> <span class='ocrx_word' id='word_1_548' title='bbox 1377 833 1423 864; x_wconf 84' lang='lat' dir='ltr'><strong>Vl,</strong></span> <span class='ocrx_word' id='word_1_549' title='bbox 1439 841 1500 867; x_wconf 81' lang='lat' dir='ltr'><strong>pag.</strong></span> <span class='ocrx_word' id='word_1_550' title='bbox 1520 832 1555 860; x_wconf 82' lang='lat'><strong>86</strong></span> <span class='ocrx_word' id='word_1_551' title='bbox 1573 838 1601 859; x_wconf 87' lang='lat' dir='ltr'><strong>et</strong></span> <span class='ocrx_word' id='word_1_552' title='bbox 1617 841 1691 867; x_wconf 67' lang='grc' dir='ltr'><strong>ειη..</strong></span> <span class='ocrx_word' id='word_1_553' title='bbox 1707 837 1736 860; x_wconf 85' lang='lat' dir='ltr'><strong>el</strong></span> <span class='ocrx_word' id='word_1_554' title='bbox 1751 832 1822 860; x_wconf 82' lang='lat' dir='ltr'><strong>aliis.</strong></span> 
     </span>
    </p>
   </div>
   <div class='ocr_carea' id='block_1_80' title="bbox 1293 878 1552 907">
    <p class='ocr_par' dir='ltr' id='par_1_80' title="bbox 1293 878 1552 907">
     <span class='ocr_line' id='line_1_81' title="bbox 1293 878 1552 907; baseline -0.008 -1"><span class='ocrx_word' id='word_1_555' title='bbox 1293 878 1490 907; x_wconf 75' lang='lat' dir='ltr'><strong>ARTICULUS</strong></span> <span class='ocrx_word' id='word_1_556' title='bbox 1521 879 1552 905; x_wconf 82' lang='lat' dir='ltr'><strong>V.</strong></span> 
     </span>
    </p>
   </div>
   <div class='ocr_carea' id='block_1_81' title="bbox 1241 925 1604 960">
    <p class='ocr_par' dir='ltr' id='par_1_81' title="bbox 1241 925 1604 960">
     <span class='ocr_line' id='line_1_82' title="bbox 1241 925 1604 960; baseline 0 -7"><span class='ocrx_word' id='word_1_557' title='bbox 1241 926 1280 953; x_wconf 77' lang='lat' dir='ltr'><strong>De</strong></span> <span class='ocrx_word' id='word_1_558' title='bbox 1302 925 1376 953; x_wconf 79' lang='lat' dir='ltr'><strong>Petri</strong></span> <span class='ocrx_word' id='word_1_559' title='bbox 1393 935 1475 954; x_wconf 65' lang='lat' dir='ltr'><strong>uxore</strong></span> <span class='ocrx_word' id='word_1_560' title='bbox 1495 931 1519 954; x_wconf 82' lang='lat' dir='ltr'><strong>et</strong></span> <span class='ocrx_word' id='word_1_561' title='bbox 1534 927 1604 960; x_wconf 82' lang='lat' dir='ltr'><strong>ﬁlia.</strong></span> 
     </span>
    </p>
   </div>
   <div class='ocr_carea' id='block_1_82' title="bbox 1062 972 1821 1007">
    <p class='ocr_par' dir='ltr' id='par_1_82' title="bbox 1062 972 1821 1007">
     <span class='ocr_line' id='line_1_83' title="bbox 1062 972 1821 1007; baseline 0.001 -9"><span class='ocrx_word' id='word_1_562' title='bbox 1062 972 1127 1005; x_wconf 75' lang='lat' dir='ltr'><strong>Quae</strong></span> <span class='ocrx_word' id='word_1_563' title='bbox 1138 972 1172 999; x_wconf 90' lang='lat' dir='ltr'><strong>de</strong></span> <span class='ocrx_word' id='word_1_564' title='bbox 1186 972 1274 999; x_wconf 80' lang='lat' dir='ltr'><strong>tribus</strong></span> <span class='ocrx_word' id='word_1_565' title='bbox 1293 972 1421 1006; x_wconf 85' lang='lat' dir='ltr'><strong>apostolis</strong></span> <span class='ocrx_word' id='word_1_566' title='bbox 1439 972 1530 1003; x_wconf 87' lang='lat' dir='ltr'><strong>Petro,</strong></span> <span class='ocrx_word' id='word_1_567' title='bbox 1550 972 1676 1007; x_wconf 86' lang='lat' dir='ltr'><strong>Philippo</strong></span> <span class='ocrx_word' id='word_1_568' title='bbox 1694 977 1722 999; x_wconf 92' lang='lat' dir='ltr'><strong>et</strong></span> <span class='ocrx_word' id='word_1_569' title='bbox 1739 972 1821 999; x_wconf 83' lang='lat' dir='ltr'><strong>Paulo</strong></span> 
     </span>
    </p>
   </div>
   <div class='ocr_carea' id='block_1_83' title="bbox 1027 1007 1821 1041">
    <p class='ocr_par' dir='ltr' id='par_1_83' title="bbox 1027 1007 1821 1041">
     <span class='ocr_line' id='line_1_84' title="bbox 1027 1007 1821 1041; baseline 0.001 -7"><span class='ocrx_word' id='word_1_570' title='bbox 1027 1008 1153 1041; x_wconf 88' lang='lat' dir='ltr'><strong>superius</strong></span> <span class='ocrx_word' id='word_1_571' title='bbox 1174 1015 1188 1033; x_wconf 90' lang='lat' dir='ltr'><strong>a</strong></span> <span class='ocrx_word' id='word_1_572' title='bbox 1201 1007 1340 1034; x_wconf 81' lang='lat' dir='ltr'><strong>Clemente</strong></span> <span class='ocrx_word' id='word_1_573' title='bbox 1353 1007 1450 1034; x_wconf 84' lang='lat' dir='ltr'><strong>litteris</strong></span> <span class='ocrx_word' id='word_1_574' title='bbox 1467 1007 1593 1034; x_wconf 82' lang='lat' dir='ltr'><strong>mandata</strong></span> <span class='ocrx_word' id='word_1_575' title='bbox 1614 1008 1746 1037; x_wconf 69' lang='lat' dir='ltr'><strong>vidimus.</strong></span> <span class='ocrx_word' id='word_1_576' title='bbox 1764 1010 1821 1035; x_wconf 67' lang='lat' dir='ltr'><strong>hare</strong></span> 
     </span>
    </p>
   </div>
   <div class='ocr_carea' id='block_1_84' title="bbox 1027 1042 1821 1076">
    <p class='ocr_par' dir='ltr' id='par_1_84' title="bbox 1027 1042 1821 1076">
     <span class='ocr_line' id='line_1_85' title="bbox 1027 1042 1821 1076; baseline 0.001 -7"><span class='ocrx_word' id='word_1_577' title='bbox 1027 1050 1099 1069; x_wconf 89' lang='lat' dir='ltr'><strong>nunc</strong></span> <span class='ocrx_word' id='word_1_578' title='bbox 1113 1042 1268 1076; x_wconf 72' lang='lat' dir='ltr'><strong>singillatim</strong></span> <span class='ocrx_word' id='word_1_579' title='bbox 1286 1042 1464 1069; x_wconf 78' lang='lat' dir='ltr'><strong>examinanda</strong></span> <span class='ocrx_word' id='word_1_580' title='bbox 1481 1048 1554 1069; x_wconf 91' lang='lat' dir='ltr'><strong>sunt.</strong></span> <span class='ocrx_word' id='word_1_581' title='bbox 1572 1043 1608 1069; x_wconf 82' lang='lat' dir='ltr'><strong>De</strong></span> <span class='ocrx_word' id='word_1_582' title='bbox 1627 1042 1713 1069; x_wconf 81' lang='lat' dir='ltr'><strong>Petro</strong></span> <span class='ocrx_word' id='word_1_583' title='bbox 1731 1043 1821 1076; x_wconf 81' lang='lat' dir='ltr'><strong>itaque</strong></span> 
     </span>
    </p>
   </div>
   <div class='ocr_carea' id='block_1_85' title="bbox 1026 1076 1822 1112">
    <p class='ocr_par' dir='ltr' id='par_1_85' title="bbox 1026 1076 1822 1112">
     <span class='ocr_line' id='line_1_86' title="bbox 1026 1076 1822 1112; baseline -0.001 -8"><span class='ocrx_word' id='word_1_584' title='bbox 1026 1076 1189 1110; x_wconf 87' lang='lat' dir='ltr'><strong>etPhilippo</strong></span> <span class='ocrx_word' id='word_1_585' title='bbox 1201 1077 1259 1104; x_wconf 65' lang='lat' dir='ltr'><strong>haec</strong></span> <span class='ocrx_word' id='word_1_586' title='bbox 1272 1078 1353 1104; x_wconf 86' lang='lat' dir='ltr'><strong>habet</strong></span> <span class='ocrx_word' id='word_1_587' title='bbox 1369 1078 1392 1096; x_wconf 72' lang='grc' dir='ltr'>υ</span> <span class='ocrx_word' id='word_1_588' title='bbox 1411 1086 1417 1104; x_wconf 86' lang='lat'>:</span> <span class='ocrx_word' id='word_1_589' title='bbox 1431 1077 1533 1112; x_wconf 84' lang='grc' dir='ltr'><strong>Πέτρος</strong></span> <span class='ocrx_word' id='word_1_590' title='bbox 1554 1078 1604 1112; x_wconf 73' lang='grc' dir='ltr'><strong>μὲν</strong></span> <span class='ocrx_word' id='word_1_591' title='bbox 1625 1078 1674 1104; x_wconf 71' lang='grc' dir='ltr'><strong>καὶ</strong></span> <span class='ocrx_word' id='word_1_592' title='bbox 1685 1077 1822 1110; x_wconf 75' lang='grc' dir='ltr'><strong>Φίλιππος</strong></span> 
     </span>
    </p>
   </div>
   <div class='ocr_carea' id='block_1_86' title="bbox 1026 1112 1821 1148">
    <p class='ocr_par' dir='ltr' id='par_1_86' title="bbox 1026 1112 1821 1148">
     <span class='ocr_line' id='line_1_87' title="bbox 1026 1112 1821 1148; baseline 0.003 -10"><span class='ocrx_word' id='word_1_593' title='bbox 1026 1112 1278 1148; x_wconf 78' lang='grc' dir='ltr'><strong>ὲπαιδοποιήσαντο-</strong></span> <span class='ocrx_word' id='word_1_594' title='bbox 1293 1122 1302 1138; x_wconf 75' lang='grc' dir='ltr'><strong>ι</strong></span> <span class='ocrx_word' id='word_1_595' title='bbox 1315 1112 1411 1148; x_wconf 71' lang='lat' dir='ltr'><strong>Petrus</strong></span> <span class='ocrx_word' id='word_1_596' title='bbox 1422 1117 1511 1148; x_wconf 53' lang='lat' dir='ltr'><strong>aniem</strong></span> <span class='ocrx_word' id='word_1_597' title='bbox 1518 1118 1546 1148; x_wconf 78' lang='lat' dir='ltr'><strong>et</strong></span> <span class='ocrx_word' id='word_1_598' title='bbox 1560 1112 1703 1147; x_wconf 87' lang='lat' dir='ltr'><strong>Philippus</strong></span> <span class='ocrx_word' id='word_1_599' title='bbox 1721 1113 1821 1141; x_wconf 83' lang='lat' dir='ltr'><strong>liberos</strong></span> 
     </span>
    </p>
   </div>
   <div class='ocr_carea' id='block_1_87' title="bbox 1027 1147 1821 1181">
    <p class='ocr_par' dir='ltr' id='par_1_87' title="bbox 1027 1147 1821 1181">
     <span class='ocr_line' id='line_1_88' title="bbox 1027 1147 1821 1181; baseline 0 -7"><span class='ocrx_word' id='word_1_600' title='bbox 1027 1153 1218 1181; x_wconf 86' lang='lat' dir='ltr'><strong>procrearuut.</strong></span> <span class='ocrx_word' id='word_1_601' title='bbox 1239 1157 1249 1173; x_wconf 76' lang='grc' dir='ltr'><strong>ι</strong></span> <span class='ocrx_word' id='word_1_602' title='bbox 1264 1148 1299 1174; x_wconf 85' lang='lat' dir='ltr'><strong>At</strong></span> <span class='ocrx_word' id='word_1_603' title='bbox 1317 1147 1426 1179; x_wconf 86' lang='lat' dir='ltr'><strong>Petrus,</strong></span> <span class='ocrx_word' id='word_1_604' title='bbox 1448 1147 1599 1181; x_wconf 85' lang='lat' dir='ltr'><strong>Epiphanio</strong></span> <span class='ocrx_word' id='word_1_605' title='bbox 1614 1152 1683 1175; x_wconf 79' lang='lat' dir='ltr'><strong>teste</strong></span> <span class='ocrx_word' id='word_1_606' title='bbox 1697 1149 1732 1179; x_wconf 67' lang='grc' dir='ltr'><strong>δ’,</strong></span> <span class='ocrx_word' id='word_1_607' title='bbox 1753 1156 1821 1174; x_wconf 81' lang='lat' dir='ltr'><strong>uxo-</strong></span> 
     </span>
    </p>
   </div>
   <div class='ocr_carea' id='block_1_88' title="bbox 1027 1183 1820 1216">
    <p class='ocr_par' dir='ltr' id='par_1_88' title="bbox 1027 1183 1820 1216">
     <span class='ocr_line' id='line_1_89' title="bbox 1027 1183 1820 1216; baseline 0.003 -8"><span class='ocrx_word' id='word_1_608' title='bbox 1027 1190 1082 1208; x_wconf 84' lang='lat' dir='ltr'><strong>rem</strong></span> <span class='ocrx_word' id='word_1_609' title='bbox 1108 1190 1140 1209; x_wconf 84' lang='lat' dir='ltr'><strong>ex</strong></span> <span class='ocrx_word' id='word_1_610' title='bbox 1168 1183 1360 1216; x_wconf 85' lang='lat' dir='ltr'><strong>Capharnaum</strong></span> <span class='ocrx_word' id='word_1_611' title='bbox 1386 1183 1484 1216; x_wconf 90' lang='lat' dir='ltr'><strong>oppido</strong></span> <span class='ocrx_word' id='word_1_612' title='bbox 1506 1183 1641 1210; x_wconf 85' lang='lat' dir='ltr'><strong>duxerat:</strong></span> <span class='ocrx_word' id='word_1_613' title='bbox 1671 1192 1682 1208; x_wconf 82' lang='grc'><strong><em>‹</em></strong></span> <span class='ocrx_word' id='word_1_614' title='bbox 1709 1183 1760 1210; x_wconf 91' lang='lat' dir='ltr'><strong>llic</strong></span> <span class='ocrx_word' id='word_1_615' title='bbox 1787 1191 1820 1210; x_wconf 79' lang='lat' dir='ltr'><strong>ex</strong></span> 
     </span>
    </p>
   </div>
   <div class='ocr_carea' id='block_1_89' title="bbox 1027 1217 1819 1252">
    <p class='ocr_par' dir='ltr' id='par_1_89' title="bbox 1027 1217 1819 1252">
     <span class='ocr_line' id='line_1_90' title="bbox 1027 1217 1819 1252; baseline 0.001 -9"><span class='ocrx_word' id='word_1_616' title='bbox 1027 1217 1180 1249; x_wconf 88' lang='lat' dir='ltr'><strong>Bethsaida,</strong></span> <span class='ocrx_word' id='word_1_617' title='bbox 1191 1217 1440 1252; x_wconf 88' lang='lat' dir='ltr'><strong>inquit.oriundus,</strong></span> <span class='ocrx_word' id='word_1_618' title='bbox 1456 1225 1488 1244; x_wconf 77' lang='lat' dir='ltr'><strong>ex</strong></span> <span class='ocrx_word' id='word_1_619' title='bbox 1503 1218 1600 1251; x_wconf 87' lang='lat' dir='ltr'><strong>oppido</strong></span> <span class='ocrx_word' id='word_1_620' title='bbox 1610 1218 1819 1252; x_wconf 78' lang='lat' dir='ltr'><strong>Capharnaum,</strong></span> 
     </span>
    </p>
   </div>
   <div class='ocr_carea' id='block_1_90' title="bbox 1026 1253 1820 1288">
    <p class='ocr_par' dir='ltr' id='par_1_90' title="bbox 1026 1253 1820 1288">
     <span class='ocr_line' id='line_1_91' title="bbox 1026 1253 1820 1288; baseline 0.001 -9"><span class='ocrx_word' id='word_1_621' title='bbox 1026 1260 1138 1279; x_wconf 76' lang='lat' dir='ltr'><strong>uxorem</strong></span> <span class='ocrx_word' id='word_1_622' title='bbox 1154 1253 1279 1285; x_wconf 79' lang='lat' dir='ltr'><strong>duxerat,</strong></span> <span class='ocrx_word' id='word_1_623' title='bbox 1298 1260 1359 1288; x_wconf 68' lang='lat' dir='ltr'><strong>qua:</strong></span> <span class='ocrx_word' id='word_1_624' title='bbox 1376 1254 1429 1279; x_wconf 91' lang='lat' dir='ltr'><strong>duo</strong></span> <span class='ocrx_word' id='word_1_625' title='bbox 1441 1253 1538 1287; x_wconf 90' lang='lat' dir='ltr'><strong>oppida</strong></span> <span class='ocrx_word' id='word_1_626' title='bbox 1553 1253 1624 1279; x_wconf 86' lang='lat' dir='ltr'><strong>haud</strong></span> <span class='ocrx_word' id='word_1_627' title='bbox 1642 1253 1738 1288; x_wconf 84' lang='lat' dir='ltr'><strong>procul</strong></span> <span class='ocrx_word' id='word_1_628' title='bbox 1755 1261 1770 1280; x_wconf 87' lang='lat' dir='ltr'><strong>a</strong></span> <span class='ocrx_word' id='word_1_629' title='bbox 1791 1261 1820 1280; x_wconf 85' lang='lat' dir='ltr'><strong>sc</strong></span> 
     </span>
    </p>
   </div>
   <div class='ocr_carea' id='block_1_91' title="bbox 1026 1287 1820 1316">
    <p class='ocr_par' dir='ltr' id='par_1_91' title="bbox 1026 1287 1820 1316">
     <span class='ocr_line' id='line_1_92' title="bbox 1026 1287 1820 1316; baseline 0 -2"><span class='ocrx_word' id='word_1_630' title='bbox 1026 1287 1142 1315; x_wconf 87' lang='lat' dir='ltr'><strong>invicem</strong></span> <span class='ocrx_word' id='word_1_631' title='bbox 1153 1288 1248 1315; x_wconf 87' lang='lat' dir='ltr'><strong>dissita</strong></span> <span class='ocrx_word' id='word_1_632' title='bbox 1262 1292 1336 1314; x_wconf 89' lang='lat' dir='ltr'><strong>sunt.</strong></span> <span class='ocrx_word' id='word_1_633' title='bbox 1353 1297 1363 1314; x_wconf 82' lang='grc' dir='ltr'><strong>ι</strong></span> <span class='ocrx_word' id='word_1_634' title='bbox 1377 1288 1446 1314; x_wconf 84' lang='lat' dir='ltr'><strong>Alibi</strong></span> <span class='ocrx_word' id='word_1_635' title='bbox 1459 1295 1522 1315; x_wconf 76' lang='lat' dir='ltr'><strong>vero</strong></span> <span class='ocrx_word' id='word_1_636' title='bbox 1539 1287 1726 1316; x_wconf 41' lang='lat' dir='ltr'><strong>scribit&#39;hanc</strong></span> <span class='ocrx_word' id='word_1_637' title='bbox 1740 1297 1754 1314; x_wconf 87' lang='lat' dir='ltr'><strong>a</strong></span> <span class='ocrx_word' id='word_1_638' title='bbox 1769 1288 1820 1315; x_wconf 81' lang='lat' dir='ltr'><strong>Pe-</strong></span> 
     </span>
    </p>
   </div>
   <div class='ocr_carea' id='block_1_92' title="bbox 1027 1323 1818 1356">
    <p class='ocr_par' dir='ltr' id='par_1_92' title="bbox 1027 1323 1818 1356">
     <span class='ocr_line' id='line_1_93' title="bbox 1027 1323 1818 1356; baseline 0.003 -8"><span class='ocrx_word' id='word_1_639' title='bbox 1027 1328 1068 1350; x_wconf 93' lang='lat' dir='ltr'><strong>tro</strong></span> <span class='ocrx_word' id='word_1_640' title='bbox 1095 1323 1215 1354; x_wconf 83' lang='lat' dir='ltr'><strong>ductam.</strong></span> <span class='ocrx_word' id='word_1_641' title='bbox 1236 1328 1380 1356; x_wconf 86' lang='lat' dir='ltr'><strong>antequam</strong></span> <span class='ocrx_word' id='word_1_642' title='bbox 1408 1324 1440 1350; x_wconf 89' lang='lat' dir='ltr'><strong>ad</strong></span> <span class='ocrx_word' id='word_1_643' title='bbox 1465 1323 1646 1356; x_wconf 86' lang='lat' dir='ltr'><strong>apostolatum</strong></span> <span class='ocrx_word' id='word_1_644' title='bbox 1669 1330 1685 1350; x_wconf 86' lang='lat' dir='ltr'><strong>a</strong></span> <span class='ocrx_word' id='word_1_645' title='bbox 1705 1323 1818 1350; x_wconf 80' lang='lat' dir='ltr'><strong>Christo</strong></span> 
     </span>
    </p>
   </div>
   <div class='ocr_carea' id='block_1_93' title="bbox 1026 1357 1818 1393">
    <p class='ocr_par' dir='ltr' id='par_1_93' title="bbox 1026 1357 1818 1393">
     <span class='ocr_line' id='line_1_94' title="bbox 1026 1357 1818 1393; baseline 0.001 -9"><span class='ocrx_word' id='word_1_646' title='bbox 1026 1357 1141 1385; x_wconf 88' lang='lat' dir='ltr'><strong>Domino</strong></span> <span class='ocrx_word' id='word_1_647' title='bbox 1162 1363 1327 1385; x_wconf 89' lang='lat' dir='ltr'><strong>vocaretur:</strong></span> <span class='ocrx_word' id='word_1_648' title='bbox 1346 1367 1355 1384; x_wconf 82' lang='grc' dir='ltr'><strong>ι</strong></span> <span class='ocrx_word' id='word_1_649' title='bbox 1381 1357 1476 1390; x_wconf 86' lang='lat' dir='ltr'><strong>Ducta,</strong></span> <span class='ocrx_word' id='word_1_650' title='bbox 1493 1358 1580 1392; x_wconf 89' lang='lat' dir='ltr'><strong>inquit</strong></span> <span class='ocrx_word' id='word_1_651' title='bbox 1593 1358 1625 1391; x_wconf 75' lang='lat'><strong>“,</strong></span> <span class='ocrx_word' id='word_1_652' title='bbox 1645 1358 1704 1393; x_wconf 86' lang='lat' dir='ltr'><strong>jam</strong></span> <span class='ocrx_word' id='word_1_653' title='bbox 1721 1366 1818 1390; x_wconf 76' lang='lat' dir='ltr'><strong>uxore.</strong></span> 
     </span>
    </p>
   </div>
   <div class='ocr_carea' id='block_1_94' title="bbox 1026 1392 1821 1424">
    <p class='ocr_par' dir='ltr' id='par_1_94' title="bbox 1026 1392 1821 1424">
     <span class='ocr_line' id='line_1_95' title="bbox 1026 1392 1821 1424; baseline 0.001 -5"><span class='ocrx_word' id='word_1_654' title='bbox 1026 1401 1086 1419; x_wconf 92' lang='lat' dir='ltr'><strong>cmn</strong></span> <span class='ocrx_word' id='word_1_655' title='bbox 1099 1397 1126 1420; x_wconf 90' lang='lat' dir='ltr'><strong>et</strong></span> <span class='ocrx_word' id='word_1_656' title='bbox 1140 1393 1239 1420; x_wconf 88' lang='lat' dir='ltr'><strong>liberos</strong></span> <span class='ocrx_word' id='word_1_657' title='bbox 1251 1394 1364 1420; x_wconf 85' lang='lat' dir='ltr'><strong>haberet</strong></span> <span class='ocrx_word' id='word_1_658' title='bbox 1379 1398 1406 1420; x_wconf 88' lang='lat' dir='ltr'><strong>et</strong></span> <span class='ocrx_word' id='word_1_659' title='bbox 1422 1400 1542 1424; x_wconf 89' lang='lat' dir='ltr'><strong>socrum,</strong></span> <span class='ocrx_word' id='word_1_660' title='bbox 1557 1400 1572 1419; x_wconf 85' lang='lat' dir='ltr'><strong>a</strong></span> <span class='ocrx_word' id='word_1_661' title='bbox 1591 1392 1749 1420; x_wconf 64' lang='lat' dir='ltr'><strong>Judieorum</strong></span> <span class='ocrx_word' id='word_1_662' title='bbox 1767 1401 1821 1420; x_wconf 69' lang='lat' dir='ltr'><strong>caa-</strong></span> 
     </span>
    </p>
   </div>
   <div class='ocr_carea' id='block_1_95' title="bbox 1027 1428 1820 1463">
    <p class='ocr_par' dir='ltr' id='par_1_95' title="bbox 1027 1428 1820 1463">
     <span class='ocr_line' id='line_1_96' title="bbox 1027 1428 1820 1463; baseline -0.001 -8"><span class='ocrx_word' id='word_1_663' title='bbox 1027 1428 1167 1463; x_wconf 20' lang='lat' dir='ltr'><strong>remoniisi</strong></span> <span class='ocrx_word' id='word_1_664' title='bbox 1185 1435 1245 1455; x_wconf 85' lang='lat' dir='ltr'><strong>sese</strong></span> <span class='ocrx_word' id='word_1_665' title='bbox 1271 1428 1306 1455; x_wconf 87' lang='lat' dir='ltr'><strong>ad</strong></span> <span class='ocrx_word' id='word_1_666' title='bbox 1331 1428 1470 1455; x_wconf 88' lang='lat' dir='ltr'><strong>Christum</strong></span> <span class='ocrx_word' id='word_1_667' title='bbox 1498 1429 1665 1463; x_wconf 75' lang='lat' dir='ltr'><strong>aggregavit.</strong></span> <span class='ocrx_word' id='word_1_668' title='bbox 1683 1438 1692 1454; x_wconf 73' lang='grc' dir='ltr'><strong>ι</strong></span> <span class='ocrx_word' id='word_1_669' title='bbox 1716 1428 1820 1462; x_wconf 84' lang='lat' dir='ltr'><strong>Quam-</strong></span> 
     </span>
    </p>
   </div>
   <div class='ocr_carea' id='block_1_96' title="bbox 1026 1462 1821 1498">
    <p class='ocr_par' dir='ltr' id='par_1_96' title="bbox 1026 1462 1821 1498">
     <span class='ocr_line' id='line_1_97' title="bbox 1026 1462 1821 1498; baseline 0 -9"><span class='ocrx_word' id='word_1_670' title='bbox 1026 1463 1118 1490; x_wconf 86' lang='lat' dir='ltr'><strong>obrem</strong></span> <span class='ocrx_word' id='word_1_671' title='bbox 1146 1462 1326 1498; x_wconf 83' lang='lat' dir='ltr'><strong>Hieronymus</strong></span> <span class='ocrx_word' id='word_1_672' title='bbox 1348 1463 1477 1490; x_wconf 85' lang='lat' dir='ltr'><strong>adversus</strong></span> <span class='ocrx_word' id='word_1_673' title='bbox 1501 1462 1673 1490; x_wconf 81' lang='lat' dir='ltr'><strong>Jovinianum</strong></span> <span class='ocrx_word' id='word_1_674' title='bbox 1702 1464 1742 1490; x_wconf 86' lang='lat' dir='ltr'><strong>sic</strong></span> <span class='ocrx_word' id='word_1_675' title='bbox 1770 1471 1821 1498; x_wconf 88' lang='lat' dir='ltr'><strong>pu-</strong></span> 
     </span>
    </p>
   </div>
   <div class='ocr_carea' id='block_1_97' title="bbox 1027 1498 1820 1533">
    <p class='ocr_par' dir='ltr' id='par_1_97' title="bbox 1027 1498 1820 1533">
     <span class='ocr_line' id='line_1_98' title="bbox 1027 1498 1820 1533; baseline 0.001 -9"><span class='ocrx_word' id='word_1_676' title='bbox 1027 1498 1141 1533; x_wconf 74' lang='lat' dir='ltr'><strong>gnat“:</strong></span> <span class='ocrx_word' id='word_1_677' title='bbox 1161 1507 1170 1524; x_wconf 78' lang='grc' dir='ltr'><strong>ι</strong></span> <span class='ocrx_word' id='word_1_678' title='bbox 1189 1498 1286 1525; x_wconf 86' lang='lat' dir='ltr'><strong>Petrus</strong></span> <span class='ocrx_word' id='word_1_679' title='bbox 1297 1505 1324 1525; x_wconf 85' lang='lat' dir='ltr'><strong>et</strong></span> <span class='ocrx_word' id='word_1_680' title='bbox 1336 1499 1427 1525; x_wconf 57' lang='lat' dir='ltr'><strong>exteri</strong></span> <span class='ocrx_word' id='word_1_681' title='bbox 1444 1499 1568 1532; x_wconf 81' lang='lat' dir='ltr'><strong>apostoli.</strong></span> <span class='ocrx_word' id='word_1_682' title='bbox 1585 1503 1615 1525; x_wconf 91' lang='lat' dir='ltr'><strong>ut</strong></span> <span class='ocrx_word' id='word_1_683' title='bbox 1632 1499 1658 1525; x_wconf 88' lang='lat' dir='ltr'><strong>ei</strong></span> <span class='ocrx_word' id='word_1_684' title='bbox 1674 1506 1709 1525; x_wconf 87' lang='lat' dir='ltr'><strong>ex</strong></span> <span class='ocrx_word' id='word_1_685' title='bbox 1723 1506 1820 1533; x_wconf 80' lang='lat' dir='ltr'><strong>super-</strong></span> 
     </span>
    </p>
   </div>
   <div class='ocr_carea' id='block_1_98' title="bbox 1026 1532 1819 1567">
    <p class='ocr_par' dir='ltr' id='par_1_98' title="bbox 1026 1532 1819 1567">
     <span class='ocr_line' id='line_1_99' title="bbox 1026 1532 1819 1567; baseline 0 -7"><span class='ocrx_word' id='word_1_686' title='bbox 1026 1532 1080 1560; x_wconf 78' lang='lat' dir='ltr'><strong>ﬂuo</strong></span> <span class='ocrx_word' id='word_1_687' title='bbox 1093 1534 1202 1561; x_wconf 82' lang='lat' dir='ltr'><strong>interim</strong></span> <span class='ocrx_word' id='word_1_688' title='bbox 1224 1534 1383 1564; x_wconf 85' lang='lat' dir='ltr'><strong>concedam.</strong></span> <span class='ocrx_word' id='word_1_689' title='bbox 1401 1533 1553 1560; x_wconf 88' lang='lat' dir='ltr'><strong>habuerunt</strong></span> <span class='ocrx_word' id='word_1_690' title='bbox 1568 1533 1679 1567; x_wconf 88' lang='lat' dir='ltr'><strong>quidem</strong></span> <span class='ocrx_word' id='word_1_691' title='bbox 1708 1532 1819 1566; x_wconf 77' lang='lat' dir='ltr'><strong>uxores,</strong></span> 
     </span>
    </p>
   </div>
   <div class='ocr_carea' id='block_1_99' title="bbox 1028 1568 1820 1603">
    <p class='ocr_par' dir='ltr' id='par_1_99' title="bbox 1028 1568 1820 1603">
     <span class='ocr_line' id='line_1_100' title="bbox 1028 1568 1820 1603; baseline -0.001 -7"><span class='ocrx_word' id='word_1_692' title='bbox 1028 1568 1075 1596; x_wconf 87' lang='lat' dir='ltr'><strong>sed</strong></span> <span class='ocrx_word' id='word_1_693' title='bbox 1095 1576 1164 1603; x_wconf 90' lang='lat' dir='ltr'><strong>quas</strong></span> <span class='ocrx_word' id='word_1_694' title='bbox 1185 1575 1217 1595; x_wconf 91' lang='lat' dir='ltr'><strong>eo</strong></span> <span class='ocrx_word' id='word_1_695' title='bbox 1234 1572 1356 1603; x_wconf 86' lang='lat' dir='ltr'><strong>tempore</strong></span> <span class='ocrx_word' id='word_1_696' title='bbox 1374 1573 1548 1603; x_wconf 85' lang='lat' dir='ltr'><strong>acceperant,</strong></span> <span class='ocrx_word' id='word_1_697' title='bbox 1566 1575 1620 1603; x_wconf 91' lang='lat' dir='ltr'><strong>quo</strong></span> <span class='ocrx_word' id='word_1_698' title='bbox 1639 1569 1820 1603; x_wconf 79' lang='lat' dir='ltr'><strong>Evangeliunt</strong></span> 
     </span>
    </p>
   </div>
   <div class='ocr_carea' id='block_1_100' title="bbox 1031 1603 1819 1638">
    <p class='ocr_par' dir='ltr' id='par_1_100' title="bbox 1031 1603 1819 1638">
     <span class='ocr_line' id='line_1_101' title="bbox 1031 1603 1819 1638; baseline -0.001 -7"><span class='ocrx_word' id='word_1_699' title='bbox 1031 1604 1198 1631; x_wconf 83' lang='lat' dir='ltr'><strong>nesciebant.</strong></span> <span class='ocrx_word' id='word_1_700' title='bbox 1223 1603 1274 1636; x_wconf 85' lang='lat' dir='ltr'><strong>Qui</strong></span> <span class='ocrx_word' id='word_1_701' title='bbox 1298 1604 1428 1638; x_wconf 82' lang='lat' dir='ltr'><strong>assumpti</strong></span> <span class='ocrx_word' id='word_1_702' title='bbox 1458 1609 1550 1638; x_wconf 83' lang='lat' dir='ltr'><strong>postea</strong></span> <span class='ocrx_word' id='word_1_703' title='bbox 1576 1604 1602 1630; x_wconf 93' lang='lat' dir='ltr'><strong>in</strong></span> <span class='ocrx_word' id='word_1_704' title='bbox 1620 1605 1819 1638; x_wconf 86' lang='lat' dir='ltr'><strong>apostolatum,</strong></span> 
     </span>
    </p>
   </div>
   <div class='ocr_carea' id='block_1_101' title="bbox 1030 1638 1819 1674">
    <p class='ocr_par' dir='ltr' id='par_1_101' title="bbox 1030 1638 1819 1674">
     <span class='ocr_line' id='line_1_102' title="bbox 1030 1638 1819 1674; baseline 0 -8"><span class='ocrx_word' id='word_1_705' title='bbox 1030 1639 1186 1674; x_wconf 90' lang='lat' dir='ltr'><strong>relinquunt</strong></span> <span class='ocrx_word' id='word_1_706' title='bbox 1203 1639 1319 1674; x_wconf 81' lang='lat' dir='ltr'><strong>oﬁicium</strong></span> <span class='ocrx_word' id='word_1_707' title='bbox 1339 1638 1489 1673; x_wconf 76' lang='lat' dir='ltr'><strong>coniugale.</strong></span> <span class='ocrx_word' id='word_1_708' title='bbox 1503 1639 1570 1665; x_wconf 84' lang='lat' dir='ltr'><strong>Nam</strong></span> <span class='ocrx_word' id='word_1_709' title='bbox 1584 1646 1645 1665; x_wconf 92' lang='lat' dir='ltr'><strong>cum</strong></span> <span class='ocrx_word' id='word_1_710' title='bbox 1663 1639 1761 1666; x_wconf 84' lang='lat' dir='ltr'><strong>Petrus</strong></span> <span class='ocrx_word' id='word_1_711' title='bbox 1784 1647 1819 1666; x_wconf 74' lang='lat' dir='ltr'><strong>ex</strong></span> 
     </span>
    </p>
   </div>
   <div class='ocr_carea' id='block_1_102' title="bbox 1029 1673 1821 1709">
    <p class='ocr_par' dir='ltr' id='par_1_102' title="bbox 1029 1673 1821 1709">
     <span class='ocr_line' id='line_1_103' title="bbox 1029 1673 1821 1709; baseline 0 -8"><span class='ocrx_word' id='word_1_712' title='bbox 1029 1681 1145 1708; x_wconf 88' lang='lat' dir='ltr'><strong>persona</strong></span> <span class='ocrx_word' id='word_1_713' title='bbox 1159 1673 1342 1709; x_wconf 85' lang='lat' dir='ltr'><strong>apostolorum</strong></span> <span class='ocrx_word' id='word_1_714' title='bbox 1361 1674 1428 1700; x_wconf 90' lang='lat' dir='ltr'><strong>dicit</strong></span> <span class='ocrx_word' id='word_1_715' title='bbox 1443 1673 1478 1701; x_wconf 88' lang='lat' dir='ltr'><strong>ad</strong></span> <span class='ocrx_word' id='word_1_716' title='bbox 1495 1674 1639 1701; x_wconf 87' lang='lat' dir='ltr'><strong>Dominum</strong></span> <span class='ocrx_word' id='word_1_717' title='bbox 1658 1683 1665 1700; x_wconf 75' lang='grc' dir='ltr'>ε</span> <span class='ocrx_word' id='word_1_718' title='bbox 1683 1674 1752 1701; x_wconf 88' lang='lat' dir='ltr'><strong>Ecce</strong></span> <span class='ocrx_word' id='word_1_719' title='bbox 1769 1682 1821 1701; x_wconf 86' lang='lat' dir='ltr'><strong>nos</strong></span> 
     </span>
    </p>
   </div>
   <div class='ocr_carea' id='block_1_103' title="bbox 1029 1709 1819 1743">
    <p class='ocr_par' dir='ltr' id='par_1_103' title="bbox 1029 1709 1819 1743">
     <span class='ocr_line' id='line_1_104' title="bbox 1029 1709 1819 1743; baseline 0 -7"><span class='ocrx_word' id='word_1_720' title='bbox 1029 1709 1189 1743; x_wconf 88' lang='lat' dir='ltr'><strong>reliquimus</strong></span> <span class='ocrx_word' id='word_1_721' title='bbox 1207 1709 1309 1740; x_wconf 87' lang='lat' dir='ltr'><strong>omnia,</strong></span> <span class='ocrx_word' id='word_1_722' title='bbox 1322 1713 1350 1735; x_wconf 90' lang='lat' dir='ltr'><strong>et</strong></span> <span class='ocrx_word' id='word_1_723' title='bbox 1365 1709 1450 1736; x_wconf 88' lang='lat' dir='ltr'><strong>secuti</strong></span> <span class='ocrx_word' id='word_1_724' title='bbox 1465 1715 1558 1736; x_wconf 91' lang='lat' dir='ltr'><strong>sumus</strong></span> <span class='ocrx_word' id='word_1_725' title='bbox 1575 1714 1610 1741; x_wconf 82' lang='lat' dir='ltr'><strong>te,</strong></span> <span class='ocrx_word' id='word_1_726' title='bbox 1632 1709 1776 1743; x_wconf 86' lang='lat' dir='ltr'><strong>respondit</strong></span> <span class='ocrx_word' id='word_1_727' title='bbox 1794 1710 1819 1736; x_wconf 90' lang='lat' dir='ltr'><strong>ei</strong></span> 
     </span>
    </p>
   </div>
   <div class='ocr_carea' id='block_1_104' title="bbox 1029 1744 1820 1778">
    <p class='ocr_par' dir='ltr' id='par_1_104' title="bbox 1029 1744 1820 1778">
     <span class='ocr_line' id='line_1_105' title="bbox 1029 1744 1820 1778; baseline 0 -7"><span class='ocrx_word' id='word_1_728' title='bbox 1029 1744 1173 1772; x_wconf 79' lang='lat' dir='ltr'><strong>Dominus:</strong></span> <span class='ocrx_word' id='word_1_729' title='bbox 1184 1745 1268 1771; x_wconf 88' lang='lat' dir='ltr'><strong>Amen</strong></span> <span class='ocrx_word' id='word_1_730' title='bbox 1278 1744 1338 1771; x_wconf 89' lang='lat' dir='ltr'><strong>dico</strong></span> <span class='ocrx_word' id='word_1_731' title='bbox 1350 1744 1568 1778; x_wconf 82' lang='lat' dir='ltr'><strong>vobis,quoniam</strong></span> <span class='ocrx_word' id='word_1_732' title='bbox 1577 1751 1658 1771; x_wconf 90' lang='lat' dir='ltr'><strong>nemo</strong></span> <span class='ocrx_word' id='word_1_733' title='bbox 1664 1749 1716 1774; x_wconf 80' lang='lat' dir='ltr'><strong>est.</strong></span> <span class='ocrx_word' id='word_1_734' title='bbox 1725 1746 1771 1778; x_wconf 93' lang='lat' dir='ltr'><strong>qui</strong></span> <span class='ocrx_word' id='word_1_735' title='bbox 1782 1745 1820 1771; x_wconf 74' lang='grc'><strong>(1.-</strong></span> 
     </span>
    </p>
   </div>
   <div class='ocr_carea' id='block_1_105' title="bbox 1029 1780 1818 1812">
    <p class='ocr_par' dir='ltr' id='par_1_105' title="bbox 1029 1780 1818 1812">
     <span class='ocr_line' id='line_1_106' title="bbox 1029 1780 1818 1812; baseline -0.001 -6"><span class='ocrx_word' id='word_1_736' title='bbox 1029 1780 1250 1807; x_wconf 81' lang='lat' dir='ltr'><strong>miserildomum</strong></span> <span class='ocrx_word' id='word_1_737' title='bbox 1259 1784 1447 1812; x_wconf 84' lang='lat' dir='ltr'><strong>autparentes,</strong></span> <span class='ocrx_word' id='word_1_738' title='bbox 1459 1784 1505 1806; x_wconf 91' lang='lat' dir='ltr'><strong>aut</strong></span> <span class='ocrx_word' id='word_1_739' title='bbox 1513 1780 1619 1809; x_wconf 77' lang='lat' dir='ltr'><strong>fratres,</strong></span> <span class='ocrx_word' id='word_1_740' title='bbox 1634 1784 1681 1805; x_wconf 91' lang='lat' dir='ltr'><strong>aut</strong></span> <span class='ocrx_word' id='word_1_741' title='bbox 1692 1786 1818 1810; x_wconf 78' lang='lat' dir='ltr'><strong>uxorem,</strong></span> 
     </span>
    </p>
   </div>
   <div class='ocr_carea' id='block_1_106' title="bbox 1028 1814 1820 1849">
    <p class='ocr_par' dir='ltr' id='par_1_106' title="bbox 1028 1814 1820 1849">
     <span class='ocr_line' id='line_1_107' title="bbox 1028 1814 1820 1849; baseline 0.001 -9"><span class='ocrx_word' id='word_1_742' title='bbox 1028 1820 1074 1841; x_wconf 88' lang='lat' dir='ltr'><strong>aut</strong></span> <span class='ocrx_word' id='word_1_743' title='bbox 1086 1815 1155 1842; x_wconf 90' lang='lat' dir='ltr'><strong>lilios</strong></span> <span class='ocrx_word' id='word_1_744' title='bbox 1169 1819 1278 1848; x_wconf 91' lang='lat' dir='ltr'><strong>propter</strong></span> <span class='ocrx_word' id='word_1_745' title='bbox 1290 1821 1401 1849; x_wconf 83' lang='lat' dir='ltr'><strong>regnum</strong></span> <span class='ocrx_word' id='word_1_746' title='bbox 1417 1814 1474 1846; x_wconf 90' lang='lat' dir='ltr'><strong>Dei,</strong></span> <span class='ocrx_word' id='word_1_747' title='bbox 1484 1815 1528 1848; x_wconf 91' lang='lat' dir='ltr'><strong>qui</strong></span> <span class='ocrx_word' id='word_1_748' title='bbox 1541 1821 1594 1840; x_wconf 93' lang='lat' dir='ltr'><strong>non</strong></span> <span class='ocrx_word' id='word_1_749' title='bbox 1606 1814 1722 1848; x_wconf 85' lang='lat' dir='ltr'><strong>recipiat</strong></span> <span class='ocrx_word' id='word_1_750' title='bbox 1734 1815 1820 1841; x_wconf 83' lang='lat' dir='ltr'><strong>multo</strong></span> 
     </span>
    </p>
   </div>
   <div class='ocr_carea' id='block_1_107' title="bbox 1027 1849 1814 1884">
    <p class='ocr_par' dir='ltr' id='par_1_107' title="bbox 1027 1849 1814 1884">
     <span class='ocr_line' id='line_1_108' title="bbox 1027 1849 1814 1884; baseline 0 -8"><span class='ocrx_word' id='word_1_751' title='bbox 1027 1850 1103 1884; x_wconf 88' lang='lat' dir='ltr'><strong>plura</strong></span> <span class='ocrx_word' id='word_1_752' title='bbox 1119 1850 1146 1876; x_wconf 92' lang='lat' dir='ltr'><strong>in</strong></span> <span class='ocrx_word' id='word_1_753' title='bbox 1160 1849 1259 1876; x_wconf 63' lang='lat' dir='ltr'><strong>sarculo</strong></span> <span class='ocrx_word' id='word_1_754' title='bbox 1274 1849 1405 1884; x_wconf 71' lang='lat' dir='ltr'><strong>isto,etju</strong></span> <span class='ocrx_word' id='word_1_755' title='bbox 1415 1849 1513 1876; x_wconf 66' lang='lat' dir='ltr'><strong>saeculo</strong></span> <span class='ocrx_word' id='word_1_756' title='bbox 1525 1850 1614 1876; x_wconf 85' lang='lat' dir='ltr'><strong>l&#39;uturo</strong></span> <span class='ocrx_word' id='word_1_757' title='bbox 1629 1849 1713 1876; x_wconf 83' lang='lat' dir='ltr'><strong>vitam</strong></span> <span class='ocrx_word' id='word_1_758' title='bbox 1733 1856 1814 1877; x_wconf 65' lang='lat' dir='ltr'><strong>teter-</strong></span> 
     </span>
    </p>
   </div>
   <div class='ocr_carea' id='block_1_108' title="bbox 1028 1883 1818 1920">
    <p class='ocr_par' dir='ltr' id='par_1_108' title="bbox 1028 1883 1818 1920">
     <span class='ocr_line' id='line_1_109' title="bbox 1028 1883 1818 1920; baseline 0.001 -10"><span class='ocrx_word' id='word_1_759' title='bbox 1028 1883 1099 1911; x_wconf 79' lang='lat' dir='ltr'><strong>iiam.</strong></span> <span class='ocrx_word' id='word_1_760' title='bbox 1116 1894 1126 1911; x_wconf 76' lang='grc' dir='ltr'><strong>ι</strong></span> <span class='ocrx_word' id='word_1_761' title='bbox 1147 1885 1180 1912; x_wconf 88' lang='lat' dir='ltr'><strong>Et</strong></span> <span class='ocrx_word' id='word_1_762' title='bbox 1197 1885 1223 1911; x_wconf 93' lang='lat' dir='ltr'><strong>iu</strong></span> <span class='ocrx_word' id='word_1_763' title='bbox 1237 1884 1350 1920; x_wconf 82' lang='lat' dir='ltr'><strong>epistola</strong></span> <span class='ocrx_word' id='word_1_764' title='bbox 1370 1883 1405 1911; x_wconf 73' lang='grc'><strong>51</strong></span> <span class='ocrx_word' id='word_1_765' title='bbox 1423 1886 1456 1911; x_wconf 88' lang='lat' dir='ltr'><strong>ad</strong></span> <span class='ocrx_word' id='word_1_766' title='bbox 1467 1883 1604 1911; x_wconf 85' lang='lat' dir='ltr'><strong>Juliauum</strong></span> <span class='ocrx_word' id='word_1_767' title='bbox 1621 1893 1628 1911; x_wconf 93' lang='lat'>:</span> <span class='ocrx_word' id='word_1_768' title='bbox 1645 1893 1656 1910; x_wconf 75' lang='grc' dir='ltr'><strong>ι</strong></span> <span class='ocrx_word' id='word_1_769' title='bbox 1673 1884 1774 1911; x_wconf 86' lang='lat' dir='ltr'><strong>Habuit</strong></span> <span class='ocrx_word' id='word_1_770' title='bbox 1791 1890 1818 1911; x_wconf 83' lang='lat' dir='ltr'><strong>et</strong></span> 
     </span>
    </p>
   </div>
   <div class='ocr_carea' id='block_1_109' title="bbox 1027 1919 1817 1949">
    <p class='ocr_par' dir='ltr' id='par_1_109' title="bbox 1027 1919 1817 1949">
     <span class='ocr_line' id='line_1_110' title="bbox 1027 1919 1817 1949; baseline 0 -3"><span class='ocrx_word' id='word_1_771' title='bbox 1027 1920 1124 1948; x_wconf 79' lang='lat' dir='ltr'><strong>Petrus</strong></span> <span class='ocrx_word' id='word_1_772' title='bbox 1136 1919 1259 1949; x_wconf 62' lang='lat' dir='ltr'><strong>uxorem;</strong></span> <span class='ocrx_word' id='word_1_773' title='bbox 1280 1924 1307 1946; x_wconf 90' lang='lat' dir='ltr'><strong>et</strong></span> <span class='ocrx_word' id='word_1_774' title='bbox 1323 1924 1411 1946; x_wconf 81' lang='lat' dir='ltr'><strong>tamen</strong></span> <span class='ocrx_word' id='word_1_775' title='bbox 1427 1927 1489 1947; x_wconf 93' lang='lat' dir='ltr'><strong>cum</strong></span> <span class='ocrx_word' id='word_1_776' title='bbox 1507 1919 1559 1946; x_wconf 91' lang='lat' dir='ltr'><strong>reti</strong></span> <span class='ocrx_word' id='word_1_777' title='bbox 1572 1927 1632 1946; x_wconf 92' lang='lat' dir='ltr'><strong>eam</strong></span> <span class='ocrx_word' id='word_1_778' title='bbox 1645 1924 1674 1945; x_wconf 88' lang='lat' dir='ltr'><strong>et</strong></span> <span class='ocrx_word' id='word_1_779' title='bbox 1689 1920 1817 1946; x_wconf 78' lang='lat' dir='ltr'><strong>navicula</strong></span> 
     </span>
    </p>
   </div>
   <div class='ocr_carea' id='block_1_110' title="bbox 1002 1954 1818 2016">
    <p class='ocr_par' dir='ltr' id='par_1_110' title="bbox 1002 1954 1818 2016">
     <span class='ocr_line' id='line_1_111' title="bbox 1002 1954 1818 1986; baseline 0 -5"><span class='ocrx_word' id='word_1_780' title='bbox 1002 1966 1008 1976; x_wconf 69' lang='grc' dir='ltr'><strong>ι</strong></span> <span class='ocrx_word' id='word_1_781' title='bbox 1027 1955 1108 1982; x_wconf 78' lang='lat' dir='ltr'><strong>dereli</strong></span> <span class='ocrx_word' id='word_1_782' title='bbox 1131 1957 1178 1982; x_wconf 88' lang='lat' dir='ltr'><strong>uit.</strong></span> <span class='ocrx_word' id='word_1_783' title='bbox 1200 1964 1210 1980; x_wconf 83' lang='grc' dir='ltr'><strong>ι</strong></span> <span class='ocrx_word' id='word_1_784' title='bbox 1229 1954 1275 1981; x_wconf 84' lang='lat' dir='ltr'><strong>His</strong></span> <span class='ocrx_word' id='word_1_785' title='bbox 1290 1956 1509 1982; x_wconf 88' lang='lat' dir='ltr'><strong>annumerandns</strong></span> <span class='ocrx_word' id='word_1_786' title='bbox 1521 1959 1562 1982; x_wconf 90' lang='lat' dir='ltr'><strong>est</strong></span> <span class='ocrx_word' id='word_1_787' title='bbox 1572 1960 1670 1981; x_wconf 90' lang='lat' dir='ltr'><strong>auctor</strong></span> <span class='ocrx_word' id='word_1_788' title='bbox 1684 1954 1818 1986; x_wconf 56' lang='lat' dir='ltr'><strong>Questio-</strong></span> 
     </span>
     <span class='ocr_line' id='line_1_112' title="bbox 1027 1963 1818 2016; baseline 0 0"><span class='ocrx_word' id='word_1_789' title='bbox 1027 1998 1089 2016; x_wconf 80' lang='lat' dir='ltr'><strong>num</strong></span> <span class='ocrx_word' id='word_1_790' title='bbox 1111 1963 1211 2016; x_wconf 53' lang='lat' dir='ltr'><strong>$4M:</strong></span> <span class='ocrx_word' id='word_1_791' title='bbox 1223 1994 1246 2016; x_wconf 85' lang='lat' dir='ltr'><strong>et</strong></span> <span class='ocrx_word' id='word_1_792' title='bbox 1261 1989 1330 2016; x_wconf 83' lang='lat' dir='ltr'><strong>Navi</strong></span> <span class='ocrx_word' id='word_1_793' title='bbox 1348 1989 1516 2016; x_wconf 81' lang='lat' dir='ltr'><strong>Testamenti.</strong></span> <span class='ocrx_word' id='word_1_794' title='bbox 1536 1990 1582 2016; x_wconf 81' lang='lat' dir='ltr'><strong>qui</strong></span> <span class='ocrx_word' id='word_1_795' title='bbox 1595 1991 1629 2016; x_wconf 89' lang='lat' dir='ltr'><strong>de</strong></span> <span class='ocrx_word' id='word_1_796' title='bbox 1650 1993 1748 2016; x_wconf 84' lang='lat' dir='ltr'><strong>eodem</strong></span> <span class='ocrx_word' id='word_1_797' title='bbox 1767 1990 1818 2016; x_wconf 71' lang='lat' dir='ltr'><strong>Pe&lt;</strong></span> 
     </span>
    </p>
   </div>
   <div class='ocr_carea' id='block_1_111' title="bbox 1027 1989 1818 2023">
    <p class='ocr_par' dir='ltr' id='par_1_111' title="bbox 1027 1989 1818 2023">
     <span class='ocr_line' id='line_1_113' title="bbox 1027 1989 1818 2023; baseline 0 -7"><span class='ocrx_word' id='word_1_798' title='bbox 1027 1998 1089 2016; x_wconf 80' lang='lat' dir='ltr'><strong>num</strong></span> <span class='ocrx_word' id='word_1_799' title='bbox 1113 1989 1211 2017; x_wconf 69' lang='lat' dir='ltr'><strong>Veteri:</strong></span> <span class='ocrx_word' id='word_1_800' title='bbox 1223 1994 1246 2016; x_wconf 85' lang='lat' dir='ltr'><strong>et</strong></span> <span class='ocrx_word' id='word_1_801' title='bbox 1261 1989 1330 2016; x_wconf 83' lang='lat' dir='ltr'><strong>Navi</strong></span> <span class='ocrx_word' id='word_1_802' title='bbox 1348 1989 1516 2023; x_wconf 81' lang='lat' dir='ltr'><strong>Testamenti,</strong></span> <span class='ocrx_word' id='word_1_803' title='bbox 1536 1990 1582 2023; x_wconf 90' lang='lat' dir='ltr'><strong>qui</strong></span> <span class='ocrx_word' id='word_1_804' title='bbox 1595 1991 1629 2016; x_wconf 89' lang='lat' dir='ltr'><strong>de</strong></span> <span class='ocrx_word' id='word_1_805' title='bbox 1650 1993 1748 2016; x_wconf 81' lang='lat' dir='ltr'><strong>eodem</strong></span> <span class='ocrx_word' id='word_1_806' title='bbox 1767 1990 1818 2017; x_wconf 71' lang='lat' dir='ltr'><strong>Pe&lt;</strong></span> 
     </span>
    </p>
   </div>
   <div class='ocr_carea' id='block_1_112' title="bbox 1028 2024 1816 2059">
    <p class='ocr_par' dir='ltr' id='par_1_112' title="bbox 1028 2024 1816 2059">
     <span class='ocr_line' id='line_1_114' title="bbox 1028 2024 1816 2059; baseline 0 -8"><span class='ocrx_word' id='word_1_807' title='bbox 1028 2030 1069 2052; x_wconf 89' lang='grc' dir='ltr'>ιιο</span> <span class='ocrx_word' id='word_1_808' title='bbox 1082 2026 1138 2052; x_wconf 70' lang='lat' dir='ltr'><strong>hinc</strong></span> <span class='ocrx_word' id='word_1_809' title='bbox 1157 2026 1295 2052; x_wconf 71' lang='lat' dir='ltr'><strong>memoria:</strong></span> <span class='ocrx_word' id='word_1_810' title='bbox 1311 2025 1428 2059; x_wconf 88' lang='lat' dir='ltr'><strong>prodidit</strong></span> <span class='ocrx_word' id='word_1_811' title='bbox 1438 2025 1460 2040; x_wconf 78' lang='lat'><strong>“</strong></span> <span class='ocrx_word' id='word_1_812' title='bbox 1476 2034 1482 2051; x_wconf 88' lang='lat'>:</span> <span class='ocrx_word' id='word_1_813' title='bbox 1502 2034 1511 2050; x_wconf 82' lang='grc' dir='ltr'><strong>ι</strong></span> <span class='ocrx_word' id='word_1_814' title='bbox 1531 2025 1563 2051; x_wconf 78' lang='lat' dir='ltr'><strong>Et</strong></span> <span class='ocrx_word' id='word_1_815' title='bbox 1581 2029 1610 2050; x_wconf 89' lang='lat' dir='ltr'><strong>ut</strong></span> <span class='ocrx_word' id='word_1_816' title='bbox 1625 2025 1676 2051; x_wconf 91' lang='lat' dir='ltr'><strong>hoc</strong></span> <span class='ocrx_word' id='word_1_817' title='bbox 1690 2024 1752 2052; x_wconf 85' lang='lat' dir='ltr'><strong>loco</strong></span> <span class='ocrx_word' id='word_1_818' title='bbox 1763 2025 1816 2052; x_wconf 84' lang='lat' dir='ltr'><strong>ali-</strong></span> 
     </span>
    </p>
   </div>
   <div class='ocr_carea' id='block_1_113' title="bbox 1025 2060 1817 2094">
    <p class='ocr_par' dir='ltr' id='par_1_113' title="bbox 1025 2060 1817 2094">
     <span class='ocr_line' id='line_1_115' title="bbox 1025 2060 1817 2094; baseline 0 -8"><span class='ocrx_word' id='word_1_819' title='bbox 1025 2060 1091 2094; x_wconf 88' lang='lat' dir='ltr'><strong>quid</strong></span> <span class='ocrx_word' id='word_1_820' title='bbox 1110 2061 1142 2087; x_wconf 92' lang='lat' dir='ltr'><strong>de</strong></span> <span class='ocrx_word' id='word_1_821' title='bbox 1162 2061 1291 2094; x_wconf 84' lang='lat' dir='ltr'><strong>apostolis</strong></span> <span class='ocrx_word' id='word_1_822' title='bbox 1310 2061 1426 2092; x_wconf 86' lang='lat' dir='ltr'><strong>dicatur,</strong></span> <span class='ocrx_word' id='word_1_823' title='bbox 1448 2060 1520 2094; x_wconf 83' lang='lat' dir='ltr'><strong>quod</strong></span> <span class='ocrx_word' id='word_1_824' title='bbox 1535 2060 1569 2087; x_wconf 90' lang='lat' dir='ltr'><strong>ad</strong></span> <span class='ocrx_word' id='word_1_825' title='bbox 1585 2060 1670 2087; x_wconf 89' lang='lat' dir='ltr'><strong>robur</strong></span> <span class='ocrx_word' id='word_1_826' title='bbox 1698 2061 1817 2094; x_wconf 84' lang='lat' dir='ltr'><strong>pertinet</strong></span> 
     </span>
    </p>
   </div>
   <div class='ocr_carea' id='block_1_114' title="bbox 1025 2094 1814 2127">
    <p class='ocr_par' dir='ltr' id='par_1_114' title="bbox 1025 2094 1814 2127">
     <span class='ocr_line' id='line_1_116' title="bbox 1025 2094 1814 2127; baseline 0 -5"><span class='ocrx_word' id='word_1_827' title='bbox 1025 2103 1124 2127; x_wconf 68' lang='lat' dir='ltr'><strong>causaz,</strong></span> <span class='ocrx_word' id='word_1_828' title='bbox 1137 2101 1211 2123; x_wconf 81' lang='lat' dir='ltr'><strong>certe</strong></span> <span class='ocrx_word' id='word_1_829' title='bbox 1224 2100 1334 2123; x_wconf 86' lang='lat' dir='ltr'><strong>sanctus</strong></span> <span class='ocrx_word' id='word_1_830' title='bbox 1343 2094 1461 2122; x_wconf 78' lang='lat' dir='ltr'><strong>Joannes</strong></span> <span class='ocrx_word' id='word_1_831' title='bbox 1473 2095 1638 2122; x_wconf 69' lang='lat' dir='ltr'><strong>castimonia:</strong></span> <span class='ocrx_word' id='word_1_832' title='bbox 1646 2094 1700 2121; x_wconf 78' lang='lat' dir='ltr'><strong>fuit</strong></span> <span class='ocrx_word' id='word_1_833' title='bbox 1707 2100 1814 2127; x_wconf 81' lang='lat' dir='ltr'><strong>custos;</strong></span> 
     </span>
    </p>
   </div>
   <div class='ocr_carea' id='block_1_115' title="bbox 1026 2128 1816 2166">
    <p class='ocr_par' dir='ltr' id='par_1_115' title="bbox 1026 2128 1816 2166">
     <span class='ocr_line' id='line_1_117' title="bbox 1026 2128 1816 2166; baseline -0.001 -9"><span class='ocrx_word' id='word_1_834' title='bbox 1026 2131 1226 2166; x_wconf 82' lang='lat' dir='ltr'><strong>condiscipulus</strong></span> <span class='ocrx_word' id='word_1_835' title='bbox 1236 2136 1325 2157; x_wconf 90' lang='lat' dir='ltr'><strong>autem</strong></span> <span class='ocrx_word' id='word_1_836' title='bbox 1337 2130 1405 2164; x_wconf 88' lang='lat' dir='ltr'><strong>ejus,</strong></span> <span class='ocrx_word' id='word_1_837' title='bbox 1420 2130 1445 2157; x_wconf 91' lang='lat' dir='ltr'><strong>id</strong></span> <span class='ocrx_word' id='word_1_838' title='bbox 1458 2135 1509 2162; x_wconf 78' lang='lat' dir='ltr'><strong>est,</strong></span> <span class='ocrx_word' id='word_1_839' title='bbox 1518 2135 1629 2166; x_wconf 83' lang='lat' dir='ltr'><strong>sanctus</strong></span> <span class='ocrx_word' id='word_1_840' title='bbox 1641 2128 1816 2160; x_wconf 75' lang='lat' dir='ltr'><strong>Petrus,uxo-</strong></span> 
     </span>
    </p>
   </div>
   <div class='ocr_carea' id='block_1_116' title="bbox 1025 2165 1816 2200">
    <p class='ocr_par' dir='ltr' id='par_1_116' title="bbox 1025 2165 1816 2200">
     <span class='ocr_line' id='line_1_118' title="bbox 1025 2165 1816 2200; baseline 0 -8"><span class='ocrx_word' id='word_1_841' title='bbox 1025 2173 1082 2192; x_wconf 83' lang='lat' dir='ltr'><strong>rem</strong></span> <span class='ocrx_word' id='word_1_842' title='bbox 1105 2165 1234 2194; x_wconf 81' lang='lat' dir='ltr'><strong>habuisse</strong></span> <span class='ocrx_word' id='word_1_843' title='bbox 1250 2166 1434 2200; x_wconf 81' lang='lat' dir='ltr'><strong>cognoscitur,</strong></span> <span class='ocrx_word' id='word_1_844' title='bbox 1456 2170 1483 2191; x_wconf 89' lang='lat' dir='ltr'><strong>et</strong></span> <span class='ocrx_word' id='word_1_845' title='bbox 1510 2170 1539 2192; x_wconf 91' lang='lat' dir='ltr'><strong>ut</strong></span> <span class='ocrx_word' id='word_1_846' title='bbox 1564 2165 1713 2199; x_wconf 88' lang='lat' dir='ltr'><strong>primatum</strong></span> <span class='ocrx_word' id='word_1_847' title='bbox 1743 2166 1816 2192; x_wconf 83' lang='lat' dir='ltr'><strong>acci-</strong></span> 
     </span>
    </p>
   </div>
   <div class='ocr_carea' id='block_1_117' title="bbox 1025 2200 1815 2261">
    <p class='ocr_par' dir='ltr' id='par_1_117' title="bbox 1025 2200 1815 2261">
     <span class='ocr_line' id='line_1_119' title="bbox 1025 2200 1815 2261; baseline 0 -34"><span class='ocrx_word' id='word_1_848' title='bbox 1025 2206 1101 2261; x_wconf 52' lang='lat' dir='ltr'><strong>peret</strong></span> <span class='ocrx_word' id='word_1_849' title='bbox 1131 2202 1201 2228; x_wconf 86' lang='lat' dir='ltr'><strong>inter</strong></span> <span class='ocrx_word' id='word_1_850' title='bbox 1229 2201 1380 2236; x_wconf 82' lang='lat' dir='ltr'><strong>apostolos.</strong></span> <span class='ocrx_word' id='word_1_851' title='bbox 1405 2201 1429 2228; x_wconf 85' lang='lat' dir='ltr'><strong>ei</strong></span> <span class='ocrx_word' id='word_1_852' title='bbox 1458 2208 1512 2228; x_wconf 88' lang='lat' dir='ltr'><strong>non</strong></span> <span class='ocrx_word' id='word_1_853' title='bbox 1541 2200 1648 2227; x_wconf 87' lang='lat' dir='ltr'><strong>obstitit</strong></span> <span class='ocrx_word' id='word_1_854' title='bbox 1672 2201 1815 2234; x_wconf 83' lang='lat' dir='ltr'><strong>generatio</strong></span> 
     </span>
     <span class='ocr_line' id='line_1_120' title="bbox 1035 2243 1180 2261; baseline 0 0"><span class='ocrx_word' id='word_1_855' title='bbox 1035 2243 1152 2261; x_wconf 82' lang='lat' dir='ltr'><strong>norum.</strong></span> <span class='ocrx_word' id='word_1_856' title='bbox 1171 2245 1180 2261; x_wconf 80' lang='grc' dir='ltr'><strong>Ι</strong></span> 
     </span>
    </p>
   </div>
   <div class='ocr_carea' id='block_1_118' title="bbox 1025 2236 1180 2263">
    <p class='ocr_par' dir='ltr' id='par_1_118' title="bbox 1025 2236 1180 2263">
     <span class='ocr_line' id='line_1_121' title="bbox 1025 2236 1180 2263; baseline 0.006 -2"><span class='ocrx_word' id='word_1_857' title='bbox 1025 2236 1152 2263; x_wconf 88' lang='lat' dir='ltr'><strong>ﬁliorum.</strong></span> <span class='ocrx_word' id='word_1_858' title='bbox 1171 2245 1180 2262; x_wconf 81' lang='grc' dir='ltr'><strong>ι</strong></span> 
     </span>
    </p>
   </div>
   <div class='ocr_carea' id='block_1_119' title="bbox 187 2265 1816 2303">
    <p class='ocr_par' dir='ltr' id='par_1_119' title="bbox 187 2265 1816 2303">
     <span class='ocr_line' id='line_1_122' title="bbox 187 2265 1816 2303; baseline 0.001 -8"><span class='ocrx_word' id='word_1_859' title='bbox 187 2277 249 2296; x_wconf 83' lang='lat' dir='ltr'><strong>curti</strong></span> <span class='ocrx_word' id='word_1_860' title='bbox 266 2269 309 2300; x_wconf 86' lang='lat' dir='ltr'><strong>iis.</strong></span> <span class='ocrx_word' id='word_1_861' title='bbox 329 2269 376 2303; x_wconf 90' lang='lat' dir='ltr'><strong>qui</strong></span> <span class='ocrx_word' id='word_1_862' title='bbox 399 2273 462 2303; x_wconf 88' lang='lat' dir='ltr'><strong>post</strong></span> <span class='ocrx_word' id='word_1_863' title='bbox 482 2276 550 2295; x_wconf 90' lang='lat' dir='ltr'><strong>unas</strong></span> <span class='ocrx_word' id='word_1_864' title='bbox 565 2268 674 2302; x_wconf 89' lang='lat' dir='ltr'><strong>nuptias</strong></span> <span class='ocrx_word' id='word_1_865' title='bbox 692 2269 888 2297; x_wconf 76' lang='lat' dir='ltr'><strong>continentiam</strong></span> <span class='ocrx_word' id='word_1_866' title='bbox 911 2279 968 2299; x_wconf 88' lang='lat' dir='ltr'><strong>ser-</strong></span> <span class='ocrx_word' id='word_1_867' title='bbox 987 2265 1008 2292; x_wconf 80' lang='lat' dir='ltr'><strong>D</strong></span> <span class='ocrx_word' id='word_1_868' title='bbox 1058 2271 1130 2298; x_wconf 85' lang='lat' dir='ltr'><strong>Petri</strong></span> <span class='ocrx_word' id='word_1_869' title='bbox 1155 2276 1245 2299; x_wconf 89' lang='lat' dir='ltr'><strong>autem</strong></span> <span class='ocrx_word' id='word_1_870' title='bbox 1267 2271 1328 2298; x_wconf 75' lang='lat' dir='ltr'><strong>ﬁlia:</strong></span> <span class='ocrx_word' id='word_1_871' title='bbox 1349 2278 1446 2298; x_wconf 86' lang='lat' dir='ltr'><strong>nomen</strong></span> <span class='ocrx_word' id='word_1_872' title='bbox 1475 2269 1558 2297; x_wconf 84' lang='lat' dir='ltr'><strong>fuisse</strong></span> <span class='ocrx_word' id='word_1_873' title='bbox 1583 2269 1738 2296; x_wconf 76' lang='lat' dir='ltr'><strong>Petronilla:</strong></span> <span class='ocrx_word' id='word_1_874' title='bbox 1768 2277 1816 2296; x_wconf 79' lang='lat' dir='ltr'><strong>ra-</strong></span> 
     </span>
    </p>
   </div>
   <div class='ocr_carea' id='block_1_120' title="bbox 186 2303 969 2338">
    <p class='ocr_par' dir='ltr' id='par_1_120' title="bbox 186 2303 969 2338">
     <span class='ocr_line' id='line_1_123' title="bbox 186 2303 969 2338; baseline 0.004 -8"><span class='ocrx_word' id='word_1_875' title='bbox 186 2305 322 2335; x_wconf 77' lang='lat' dir='ltr'><strong>vaverint,</strong></span> <span class='ocrx_word' id='word_1_876' title='bbox 337 2308 384 2330; x_wconf 87' lang='lat' dir='ltr'><strong>aut</strong></span> <span class='ocrx_word' id='word_1_877' title='bbox 400 2305 426 2330; x_wconf 92' lang='lat' dir='ltr'><strong>in</strong></span> <span class='ocrx_word' id='word_1_878' title='bbox 447 2303 604 2338; x_wconf 86' lang='lat' dir='ltr'><strong>virginitate</strong></span> <span class='ocrx_word' id='word_1_879' title='bbox 619 2304 797 2338; x_wconf 81' lang='lat' dir='ltr'><strong>perstiterint,</strong></span> <span class='ocrx_word' id='word_1_880' title='bbox 816 2309 969 2333; x_wconf 88' lang='lat' dir='ltr'><strong>communi-</strong></span> 
     </span>
    </p>
   </div>
   <div class='ocr_carea' id='block_1_121' title="bbox 187 2338 968 2373">
    <p class='ocr_par' dir='ltr' id='par_1_121' title="bbox 187 2338 968 2373">
     <span class='ocr_line' id='line_1_124' title="bbox 187 2338 968 2373; baseline 0.004 -8"><span class='ocrx_word' id='word_1_881' title='bbox 187 2340 274 2366; x_wconf 85' lang='lat' dir='ltr'><strong>canda</strong></span> <span class='ocrx_word' id='word_1_882' title='bbox 287 2345 347 2366; x_wconf 82' lang='lat' dir='ltr'><strong>esse</strong></span> <span class='ocrx_word' id='word_1_883' title='bbox 361 2338 434 2365; x_wconf 86' lang='lat' dir='ltr'><strong>velut</strong></span> <span class='ocrx_word' id='word_1_884' title='bbox 456 2338 482 2365; x_wconf 91' lang='lat' dir='ltr'><strong>in</strong></span> <span class='ocrx_word' id='word_1_885' title='bbox 499 2338 616 2372; x_wconf 89' lang='lat' dir='ltr'><strong>quodam</strong></span> <span class='ocrx_word' id='word_1_886' title='bbox 630 2339 778 2373; x_wconf 83' lang='lat' dir='ltr'><strong>exemplari</strong></span> <span class='ocrx_word' id='word_1_887' title='bbox 796 2347 968 2368; x_wconf 82' lang='lat' dir='ltr'><strong>monstrave-</strong></span> 
     </span>
    </p>
   </div>
   <div class='ocr_carea' id='block_1_122' title="bbox 186 2373 968 2408">
    <p class='ocr_par' dir='ltr' id='par_1_122' title="bbox 186 2373 968 2408">
     <span class='ocr_line' id='line_1_125' title="bbox 186 2373 968 2408; baseline 0.004 -8"><span class='ocrx_word' id='word_1_888' title='bbox 186 2374 237 2406; x_wconf 84' lang='lat' dir='ltr'><strong>rit;</strong></span> <span class='ocrx_word' id='word_1_889' title='bbox 253 2374 278 2400; x_wconf 90' lang='lat' dir='ltr'><strong>id</strong></span> <span class='ocrx_word' id='word_1_890' title='bbox 298 2373 370 2408; x_wconf 90' lang='lat' dir='ltr'><strong>quod</strong></span> <span class='ocrx_word' id='word_1_891' title='bbox 386 2373 500 2408; x_wconf 89' lang='lat' dir='ltr'><strong>apostoli</strong></span> <span class='ocrx_word' id='word_1_892' title='bbox 513 2374 612 2400; x_wconf 89' lang='lat' dir='ltr'><strong>deinde</strong></span> <span class='ocrx_word' id='word_1_893' title='bbox 623 2374 807 2406; x_wconf 81' lang='lat' dir='ltr'><strong>ecclesiastica</strong></span> <span class='ocrx_word' id='word_1_894' title='bbox 823 2377 968 2404; x_wconf 88' lang='lat' dir='ltr'><strong>sacerdotii</strong></span> 
     </span>
    </p>
   </div>
   <div class='ocr_carea' id='block_1_123' title="bbox 186 2408 971 2443">
    <p class='ocr_par' dir='ltr' id='par_1_123' title="bbox 186 2408 971 2443">
     <span class='ocr_line' id='line_1_126' title="bbox 186 2408 971 2443; baseline 0.006 -9"><span class='ocrx_word' id='word_1_895' title='bbox 186 2408 277 2443; x_wconf 84' lang='lat' dir='ltr'><strong>regula</strong></span> <span class='ocrx_word' id='word_1_896' title='bbox 293 2408 406 2436; x_wconf 90' lang='lat' dir='ltr'><strong>honeste</strong></span> <span class='ocrx_word' id='word_1_897' title='bbox 419 2415 450 2435; x_wconf 88' lang='lat' dir='ltr'><strong>ac</strong></span> <span class='ocrx_word' id='word_1_898' title='bbox 467 2408 594 2443; x_wconf 84' lang='lat' dir='ltr'><strong>religiose</strong></span> <span class='ocrx_word' id='word_1_899' title='bbox 610 2409 799 2437; x_wconf 87' lang='lat' dir='ltr'><strong>decreverunt.</strong></span> <span class='ocrx_word' id='word_1_900' title='bbox 810 2419 820 2436; x_wconf 72' lang='grc' dir='ltr'><strong>ι</strong></span> <span class='ocrx_word' id='word_1_901' title='bbox 838 2411 971 2439; x_wconf 66' lang='lat' dir='ltr'><strong>Praeterea</strong></span> 
     </span>
    </p>
   </div>
   <div class='ocr_carea' id='block_1_124' title="bbox 186 2443 969 2478">
    <p class='ocr_par' dir='ltr' id='par_1_124' title="bbox 186 2443 969 2478">
     <span class='ocr_line' id='line_1_127' title="bbox 186 2443 969 2478; baseline 0.006 -9"><span class='ocrx_word' id='word_1_902' title='bbox 186 2443 368 2478; x_wconf 87' lang='lat' dir='ltr'><strong>llierouymus</strong></span> <span class='ocrx_word' id='word_1_903' title='bbox 383 2443 454 2471; x_wconf 84' lang='lat' dir='ltr'><strong>hanc</strong></span> <span class='ocrx_word' id='word_1_904' title='bbox 469 2451 608 2471; x_wconf 82' lang='lat' dir='ltr'><strong>sacrorum</strong></span> <span class='ocrx_word' id='word_1_905' title='bbox 632 2443 762 2472; x_wconf 67' lang='lat' dir='ltr'><strong>Ecclesia:</strong></span> <span class='ocrx_word' id='word_1_906' title='bbox 779 2446 969 2474; x_wconf 88' lang='lat' dir='ltr'><strong>ministrorum</strong></span> 
     </span>
    </p>
   </div>
   <div class='ocr_carea' id='block_1_125' title="bbox 185 2479 967 2514">
    <p class='ocr_par' dir='ltr' id='par_1_125' title="bbox 185 2479 967 2514">
     <span class='ocr_line' id='line_1_128' title="bbox 185 2479 967 2514; baseline 0.005 -10"><span class='ocrx_word' id='word_1_907' title='bbox 185 2479 380 2514; x_wconf 69' lang='lat' dir='ltr'><strong>contiucuiiam</strong></span> <span class='ocrx_word' id='word_1_908' title='bbox 404 2486 456 2506; x_wconf 90' lang='lat' dir='ltr'><strong>non</strong></span> <span class='ocrx_word' id='word_1_909' title='bbox 473 2479 559 2506; x_wconf 89' lang='lat' dir='ltr'><strong>solum</strong></span> <span class='ocrx_word' id='word_1_910' title='bbox 576 2479 611 2506; x_wconf 91' lang='lat' dir='ltr'><strong>ab</strong></span> <span class='ocrx_word' id='word_1_911' title='bbox 631 2479 768 2514; x_wconf 87' lang='lat' dir='ltr'><strong>apostolis,</strong></span> <span class='ocrx_word' id='word_1_912' title='bbox 790 2481 837 2508; x_wconf 87' lang='lat' dir='ltr'><strong>sed</strong></span> <span class='ocrx_word' id='word_1_913' title='bbox 853 2482 935 2508; x_wconf 87' lang='lat' dir='ltr'><strong>etiam</strong></span> <span class='ocrx_word' id='word_1_914' title='bbox 952 2490 967 2508; x_wconf 91' lang='lat' dir='ltr'><strong>a</strong></span> 
     </span>
    </p>
   </div>
   <div class='ocr_carea' id='block_1_126' title="bbox 185 2513 967 2547">
    <p class='ocr_par' dir='ltr' id='par_1_126' title="bbox 185 2513 967 2547">
     <span class='ocr_line' id='line_1_129' title="bbox 185 2513 967 2547; baseline 0.005 -7"><span class='ocrx_word' id='word_1_915' title='bbox 185 2513 295 2540; x_wconf 76' lang='lat' dir='ltr'><strong>Christo</strong></span> <span class='ocrx_word' id='word_1_916' title='bbox 313 2513 428 2540; x_wconf 89' lang='lat' dir='ltr'><strong>Domino</strong></span> <span class='ocrx_word' id='word_1_917' title='bbox 444 2513 605 2547; x_wconf 81' lang='lat' dir='ltr'><strong>proﬂuxisse</strong></span> <span class='ocrx_word' id='word_1_918' title='bbox 626 2513 697 2542; x_wconf 77' lang='lat' dir='ltr'><strong>haud</strong></span> <span class='ocrx_word' id='word_1_919' title='bbox 719 2515 838 2543; x_wconf 90' lang='lat' dir='ltr'><strong>obscure</strong></span> <span class='ocrx_word' id='word_1_920' title='bbox 860 2517 967 2544; x_wconf 86' lang='lat' dir='ltr'><strong>innuit:</strong></span> 
     </span>
    </p>
   </div>
   <div class='ocr_carea' id='block_1_127' title="bbox 187 2547 971 2586">
    <p class='ocr_par' dir='ltr' id='par_1_127' title="bbox 187 2547 971 2586">
     <span class='ocr_line' id='line_1_130' title="bbox 187 2547 971 2586; baseline 0.009 -13"><span class='ocrx_word' id='word_1_921' title='bbox 187 2557 196 2572; x_wconf 82' lang='grc' dir='ltr'><strong>ι</strong></span> <span class='ocrx_word' id='word_1_922' title='bbox 210 2547 348 2586; x_wconf 82' lang='lat' dir='ltr'><strong>Christus,</strong></span> <span class='ocrx_word' id='word_1_923' title='bbox 369 2549 407 2586; x_wconf 83' lang='lat' dir='ltr'><strong>ait</strong></span> <span class='ocrx_word' id='word_1_924' title='bbox 422 2548 505 2581; x_wconf 75' lang='lat' dir='ltr'><strong>ille”,</strong></span> <span class='ocrx_word' id='word_1_925' title='bbox 519 2551 607 2586; x_wconf 81' lang='lat' dir='ltr'><strong>virgo,</strong></span> <span class='ocrx_word' id='word_1_926' title='bbox 624 2550 701 2583; x_wconf 85' lang='lat' dir='ltr'><strong>virgo</strong></span> <span class='ocrx_word' id='word_1_927' title='bbox 725 2549 809 2577; x_wconf 80' lang='lat' dir='ltr'><strong>Maria</strong></span> <span class='ocrx_word' id='word_1_928' title='bbox 830 2553 971 2586; x_wconf 88' lang='lat' dir='ltr'><strong>utriusque</strong></span> 
     </span>
    </p>
   </div>
   <div class='ocr_carea' id='block_1_128' title="bbox 184 2584 970 2622">
    <p class='ocr_par' dir='ltr' id='par_1_128' title="bbox 184 2584 970 2622">
     <span class='ocr_line' id='line_1_131' title="bbox 184 2584 970 2622; baseline 0.006 -14"><span class='ocrx_word' id='word_1_929' title='bbox 184 2589 266 2610; x_wconf 78' lang='lat' dir='ltr'><strong>sexus</strong></span> <span class='ocrx_word' id='word_1_930' title='bbox 281 2584 465 2622; x_wconf 83' lang='lat' dir='ltr'><strong>virginitatem</strong></span> <span class='ocrx_word' id='word_1_931' title='bbox 487 2585 657 2622; x_wconf 76' lang='lat' dir='ltr'><strong>dedicavere.</strong></span> <span class='ocrx_word' id='word_1_932' title='bbox 681 2586 803 2622; x_wconf 79' lang='lat' dir='ltr'><strong>Apostoli</strong></span> <span class='ocrx_word' id='word_1_933' title='bbox 825 2587 866 2613; x_wconf 86' lang='lat' dir='ltr'><strong>vel</strong></span> <span class='ocrx_word' id='word_1_934' title='bbox 886 2584 970 2622; x_wconf 82' lang='lat' dir='ltr'><strong>virgi-</strong></span> 
     </span>
    </p>
   </div>
   <div class='ocr_carea' id='block_1_129' title="bbox 184 2618 968 2657">
    <p class='ocr_par' dir='ltr' id='par_1_129' title="bbox 184 2618 968 2657">
     <span class='ocr_line' id='line_1_132' title="bbox 184 2618 968 2657; baseline 0.008 -14"><span class='ocrx_word' id='word_1_935' title='bbox 184 2625 243 2657; x_wconf 71' lang='lat' dir='ltr'><strong>nes,</strong></span> <span class='ocrx_word' id='word_1_936' title='bbox 259 2618 301 2657; x_wconf 65' lang='lat' dir='ltr'><strong>vel</strong></span> <span class='ocrx_word' id='word_1_937' title='bbox 318 2623 379 2657; x_wconf 79' lang='lat' dir='ltr'><strong>post</strong></span> <span class='ocrx_word' id='word_1_938' title='bbox 392 2619 498 2657; x_wconf 79' lang='lat' dir='ltr'><strong>nuptias</strong></span> <span class='ocrx_word' id='word_1_939' title='bbox 513 2619 698 2657; x_wconf 75' lang='lat' dir='ltr'><strong>continentes,</strong></span> <span class='ocrx_word' id='word_1_940' title='bbox 707 2618 840 2656; x_wconf 81' lang='lat' dir='ltr'><strong>episcopi,</strong></span> <span class='ocrx_word' id='word_1_941' title='bbox 855 2618 968 2657; x_wconf 58' lang='lat' dir='ltr'><strong>presb&#39;y-</strong></span> 
     </span>
    </p>
   </div>
   <div class='ocr_carea' id='block_1_130' title="bbox 185 2653 968 2690">
    <p class='ocr_par' dir='ltr' id='par_1_130' title="bbox 185 2653 968 2690">
     <span class='ocr_line' id='line_1_133' title="bbox 185 2653 968 2690; baseline 0.008 -13"><span class='ocrx_word' id='word_1_942' title='bbox 185 2654 247 2685; x_wconf 81' lang='lat' dir='ltr'><strong>teri,</strong></span> <span class='ocrx_word' id='word_1_943' title='bbox 264 2653 382 2687; x_wconf 86' lang='lat' dir='ltr'><strong>diaconi,</strong></span> <span class='ocrx_word' id='word_1_944' title='bbox 400 2654 578 2690; x_wconf 17' lang='lat' dir='ltr'><strong>autrvirgines</strong></span> <span class='ocrx_word' id='word_1_945' title='bbox 593 2653 738 2690; x_wconf 70' lang='lat' dir='ltr'><strong>eligunturI</strong></span> <span class='ocrx_word' id='word_1_946' title='bbox 760 2653 809 2683; x_wconf 75' lang='lat' dir='ltr'><strong>aut</strong></span> <span class='ocrx_word' id='word_1_947' title='bbox 822 2653 906 2689; x_wconf 78' lang='lat' dir='ltr'><strong>vidui,</strong></span> <span class='ocrx_word' id='word_1_948' title='bbox 920 2653 968 2683; x_wconf 63' lang='lat' dir='ltr'><strong>a&#39;ut</strong></span> 
     </span>
    </p>
   </div>
   <div class='ocr_carea' id='block_1_131' title="bbox 183 2689 967 2724">
    <p class='ocr_par' dir='ltr' id='par_1_131' title="bbox 183 2689 967 2724">
     <span class='ocr_line' id='line_1_134' title="bbox 183 2689 967 2724; baseline 0.006 -10"><span class='ocrx_word' id='word_1_949' title='bbox 183 2693 258 2715; x_wconf 87' lang='lat' dir='ltr'><strong>certe</strong></span> <span class='ocrx_word' id='word_1_950' title='bbox 281 2694 343 2722; x_wconf 87' lang='lat' dir='ltr'><strong>post</strong></span> <span class='ocrx_word' id='word_1_951' title='bbox 365 2689 549 2716; x_wconf 85' lang='lat' dir='ltr'><strong>sacerdotium</strong></span> <span class='ocrx_word' id='word_1_952' title='bbox 574 2690 695 2724; x_wconf 67' lang='lat' dir='ltr'><strong>pudici.)</strong></span> <span class='ocrx_word' id='word_1_953' title='bbox 717 2692 752 2717; x_wconf 84' lang='lat' dir='ltr'><strong>At</strong></span> <span class='ocrx_word' id='word_1_954' title='bbox 772 2693 794 2718; x_wconf 86' lang='lat' dir='ltr'><strong>si</strong></span> <span class='ocrx_word' id='word_1_955' title='bbox 818 2695 967 2719; x_wconf 81' lang='lat' dir='ltr'><strong>contendas</strong></span> 
     </span>
    </p>
   </div>
   <div class='ocr_carea' id='block_1_132' title="bbox 215 2771 439 2803">
    <p class='ocr_par' dir='ltr' id='par_1_132' title="bbox 215 2771 439 2803">
     <span class='ocr_line' id='line_1_135' title="bbox 215 2771 439 2803; baseline 0.013 -6"><span class='ocrx_word' id='word_1_956' title='bbox 215 2771 238 2786; x_wconf 80' lang='grc'>³⁸</span> <span class='ocrx_word' id='word_1_957' title='bbox 253 2772 354 2799; x_wconf 88' lang='lat' dir='ltr'><strong>Strom.</strong></span> <span class='ocrx_word' id='word_1_958' title='bbox 370 2771 389 2799; x_wconf 94' lang='lat' dir='ltr'><strong>I.</strong></span> <span class='ocrx_word' id='word_1_959' title='bbox 412 2781 439 2803; x_wconf 87' lang='lat' dir='ltr'><strong>v.</strong></span> 
     </span>
    </p>
   </div>
   <div class='ocr_carea' id='block_1_133' title="bbox 181 2805 482 2842">
    <p class='ocr_par' dir='ltr' id='par_1_133' title="bbox 181 2805 482 2842">
     <span class='ocr_line' id='line_1_136' title="bbox 181 2805 482 2842; baseline 0.003 -9"><span class='ocrx_word' id='word_1_960' title='bbox 181 2805 227 2835; x_wconf 72' lang='grc'><strong>48,</strong></span> <span class='ocrx_word' id='word_1_961' title='bbox 246 2808 406 2842; x_wconf 75' lang='lat' dir='ltr'><strong>Cat:upltry,.,</strong></span> <span class='ocrx_word' id='word_1_962' title='bbox 426 2809 440 2842; x_wconf 59' lang='grc' dir='ltr'>ᾗ</span> <span class='ocrx_word' id='word_1_963' title='bbox 458 2805 482 2834; x_wconf 81' lang='lat'><strong>9.</strong></span> 
     </span>
    </p>
   </div>
   <div class='ocr_carea' id='block_1_134' title="bbox 182 2841 655 2877">
    <p class='ocr_par' dir='ltr' id='par_1_134' title="bbox 182 2841 655 2877">
     <span class='ocr_line' id='line_1_137' title="bbox 182 2841 655 2877; baseline 0.006 -9"><span class='ocrx_word' id='word_1_964' title='bbox 182 2841 273 2876; x_wconf 58' lang='lat'><strong>$1258.</strong></span> <span class='ocrx_word' id='word_1_965' title='bbox 312 2843 332 2857; x_wconf 78' lang='lat'>“</span> <span class='ocrx_word' id='word_1_966' title='bbox 345 2841 446 2869; x_wconf 78' lang='lat' dir='ltr'><strong>Siroui.</strong></span> <span class='ocrx_word' id='word_1_967' title='bbox 459 2843 478 2870; x_wconf 91' lang='grc'><strong>1.</strong></span> <span class='ocrx_word' id='word_1_968' title='bbox 495 2850 535 2874; x_wconf 85' lang='grc' dir='ltr'>ιιι,</span> <span class='ocrx_word' id='word_1_969' title='bbox 551 2851 577 2877; x_wconf 89' lang='lat' dir='ltr'><strong>p.</strong></span> <span class='ocrx_word' id='word_1_970' title='bbox 591 2843 655 2872; x_wconf 74' lang='grc'><strong>448.</strong></span> 
     </span>
    </p>
   </div>
   <div class='ocr_carea' id='block_1_135' title="bbox 183 2877 529 2911">
    <p class='ocr_par' dir='ltr' id='par_1_135' title="bbox 183 2877 529 2911">
     <span class='ocr_line' id='line_1_138' title="bbox 183 2877 529 2911; baseline 0.012 -10"><span class='ocrx_word' id='word_1_971' title='bbox 183 2878 202 2901; x_wconf 74' lang='grc' dir='ltr'>ι.</span> <span class='ocrx_word' id='word_1_972' title='bbox 220 2884 228 2902; x_wconf 95' lang='grc' dir='ltr'><strong>ι</strong></span> <span class='ocrx_word' id='word_1_973' title='bbox 245 2878 305 2904; x_wconf 89' lang='lat' dir='ltr'><strong>adv.</strong></span> <span class='ocrx_word' id='word_1_974' title='bbox 322 2877 423 2909; x_wconf 76' lang='lat' dir='ltr'><strong>Jovin.,</strong></span> <span class='ocrx_word' id='word_1_975' title='bbox 443 2885 468 2911; x_wconf 87' lang='lat' dir='ltr'><strong>p.</strong></span> <span class='ocrx_word' id='word_1_976' title='bbox 485 2878 529 2906; x_wconf 70' lang='lat'><strong>27.</strong></span> 
     </span>
    </p>
   </div>
   <div class='ocr_carea' id='block_1_136' title="bbox 183 2913 794 2948">
    <p class='ocr_par' dir='ltr' id='par_1_136' title="bbox 183 2913 794 2948">
     <span class='ocr_line' id='line_1_139' title="bbox 183 2913 794 2948; baseline 0.007 -12"><span class='ocrx_word' id='word_1_977' title='bbox 183 2918 266 2938; x_wconf 85' lang='lat' dir='ltr'><strong>mant.</strong></span> <span class='ocrx_word' id='word_1_978' title='bbox 276 2913 406 2947; x_wconf 70' lang='lat' dir='ltr'><strong>Mameln,</strong></span> <span class='ocrx_word' id='word_1_979' title='bbox 418 2923 441 2941; x_wconf 73' lang='grc' dir='ltr'><strong>ιε.</strong></span> <span class='ocrx_word' id='word_1_980' title='bbox 453 2913 498 2948; x_wconf 74' lang='grc' dir='ltr'><strong>ίῖ,</strong></span> <span class='ocrx_word' id='word_1_981' title='bbox 511 2914 598 2948; x_wconf 74' lang='lat' dir='ltr'><strong>p.159</strong></span> <span class='ocrx_word' id='word_1_982' title='bbox 613 2918 677 2942; x_wconf 83' lang='lat' dir='ltr'><strong>edit.</strong></span> <span class='ocrx_word' id='word_1_983' title='bbox 692 2913 794 2942; x_wconf 76' lang='lat' dir='ltr'><strong>Bened.</strong></span> 
     </span>
    </p>
   </div>
   <div class='ocr_carea' id='block_1_137' title="bbox 461 2773 1147 2811">
    <p class='ocr_par' dir='ltr' id='par_1_137' title="bbox 461 2773 1147 2811">
     <span class='ocr_line' id='line_1_140' title="bbox 461 2773 1147 2811; baseline 0.004 -12"><span class='ocrx_word' id='word_1_984' title='bbox 461 2780 487 2807; x_wconf 93' lang='lat' dir='ltr'><strong>p.</strong></span> <span class='ocrx_word' id='word_1_985' title='bbox 502 2773 565 2811; x_wconf 50' lang='lat'><strong>47%.</strong></span> <span class='ocrx_word' id='word_1_986' title='bbox 651 2773 746 2807; x_wconf 77' lang='lat' dir='ltr'><strong>Epiph.</strong></span> <span class='ocrx_word' id='word_1_987' title='bbox 772 2774 866 2801; x_wconf 77' lang='lat' dir='ltr'><strong>breres.</strong></span> <span class='ocrx_word' id='word_1_988' title='bbox 883 2775 927 2808; x_wconf 82' lang='grc'><strong>59,</strong></span> <span class='ocrx_word' id='word_1_989' title='bbox 939 2775 1068 2811; x_wconf 59' lang='lat' dir='ltr'><strong>Catinam,</strong></span> <span class='ocrx_word' id='word_1_990' title='bbox 1091 2775 1104 2811; x_wconf 62' lang='grc' dir='ltr'>ᾗ</span> <span class='ocrx_word' id='word_1_991' title='bbox 1120 2775 1147 2801; x_wconf 76' lang='grc'><strong>4.</strong></span> 
     </span>
    </p>
   </div>
   <div class='ocr_carea' id='block_1_138' title="bbox 541 2807 1136 2843">
    <p class='ocr_par' dir='ltr' id='par_1_138' title="bbox 541 2807 1136 2843">
     <span class='ocr_line' id='line_1_141' title="bbox 541 2807 1136 2843; baseline 0.003 -9"><span class='ocrx_word' id='word_1_992' title='bbox 541 2808 562 2824; x_wconf 82' lang='grc'><em>³³</em></span> <span class='ocrx_word' id='word_1_993' title='bbox 580 2807 702 2839; x_wconf 73' lang='lat' dir='ltr'><strong>&quot;ieram,</strong></span> <span class='ocrx_word' id='word_1_994' title='bbox 720 2811 831 2843; x_wconf 81' lang='lat' dir='ltr'><strong>Apolog.</strong></span> <span class='ocrx_word' id='word_1_995' title='bbox 854 2807 1033 2843; x_wconf 49' lang='lat' dir='ltr'><strong>advaovinq</strong></span> <span class='ocrx_word' id='word_1_996' title='bbox 1049 2812 1074 2836; x_wconf 90' lang='lat' dir='ltr'><strong>in</strong></span> <span class='ocrx_word' id='word_1_997' title='bbox 1089 2807 1136 2836; x_wconf 66' lang='lat' dir='ltr'><strong>tiu.</strong></span> 
     </span>
    </p>
   </div>
   <div class='ocr_carea' id='block_1_139' title="bbox 694 2844 1163 2880">
    <p class='ocr_par' dir='ltr' id='par_1_139' title="bbox 694 2844 1163 2880">
     <span class='ocr_line' id='line_1_142' title="bbox 694 2844 1163 2880; baseline 0 -10"><span class='ocrx_word' id='word_1_998' title='bbox 694 2844 865 2879; x_wconf 77' lang='lat' dir='ltr'><strong>&quot;Epiphan.,</strong></span> <span class='ocrx_word' id='word_1_999' title='bbox 883 2847 948 2872; x_wconf 79' lang='lat' dir='ltr'><strong>lncr.</strong></span> <span class='ocrx_word' id='word_1_1000' title='bbox 964 2845 1133 2880; x_wconf 75' lang='lat' dir='ltr'><strong>51,Alogor.,</strong></span> <span class='ocrx_word' id='word_1_1001' title='bbox 1150 2844 1163 2880; x_wconf 83' lang='lat'>§</span> 
     </span>
    </p>
   </div>
   <div class='ocr_carea' id='block_1_140' title="bbox 582 2879 1321 2915">
    <p class='ocr_par' dir='ltr' id='par_1_140' title="bbox 582 2879 1321 2915">
     <span class='ocr_line' id='line_1_143' title="bbox 582 2879 1321 2915; baseline 0.003 -11"><span class='ocrx_word' id='word_1_1002' title='bbox 582 2879 604 2893; x_wconf 80' lang='grc'><strong>⁸⁵</strong></span> <span class='ocrx_word' id='word_1_1003' title='bbox 617 2880 685 2913; x_wconf 81' lang='lat' dir='ltr'><strong>apud</strong></span> <span class='ocrx_word' id='word_1_1004' title='bbox 701 2880 826 2914; x_wconf 72' lang='lat' dir='ltr'><strong>AugusL,</strong></span> <span class='ocrx_word' id='word_1_1005' title='bbox 846 2887 865 2907; x_wconf 90' lang='lat' dir='ltr'><strong>t.</strong></span> <span class='ocrx_word' id='word_1_1006' title='bbox 883 2881 912 2907; x_wconf 88' lang='lat' dir='ltr'><strong>lll</strong></span> <span class='ocrx_word' id='word_1_1007' title='bbox 931 2882 996 2908; x_wconf 87' lang='lat' dir='ltr'><strong>edit.</strong></span> <span class='ocrx_word' id='word_1_1008' title='bbox 1011 2879 1122 2912; x_wconf 55' lang='lat' dir='ltr'><strong>lienem,</strong></span> <span class='ocrx_word' id='word_1_1009' title='bbox 1144 2879 1239 2915; x_wconf 68' lang='lat' dir='ltr'><strong>tjuutst.</strong></span> <span class='ocrx_word' id='word_1_1010' title='bbox 1260 2880 1321 2906; x_wconf 68' lang='lat'><strong>1‘27.</strong></span> 
     </span>
    </p>
   </div>
   <div class='ocr_carea' id='block_1_141' title="bbox 1024 2304 1811 2341">
    <p class='ocr_par' dir='ltr' id='par_1_141' title="bbox 1024 2304 1811 2341">
     <span class='ocr_line' id='line_1_144' title="bbox 1024 2304 1811 2341; baseline -0.004 -8"><span class='ocrx_word' id='word_1_1011' title='bbox 1024 2306 1063 2333; x_wconf 85' lang='lat' dir='ltr'><strong>ria</strong></span> <span class='ocrx_word' id='word_1_1012' title='bbox 1081 2311 1231 2341; x_wconf 85' lang='lat' dir='ltr'><strong>martyrum</strong></span> <span class='ocrx_word' id='word_1_1013' title='bbox 1255 2307 1333 2339; x_wconf 79' lang='lat' dir='ltr'><strong>Acta,</strong></span> <span class='ocrx_word' id='word_1_1014' title='bbox 1360 2306 1589 2340; x_wconf 89' lang='lat' dir='ltr'><strong>quemadmodum</strong></span> <span class='ocrx_word' id='word_1_1015' title='bbox 1615 2304 1811 2340; x_wconf 65' lang='lat' dir='ltr'><strong>Martyrologia</strong></span> 
     </span>
    </p>
   </div>
   <div class='ocr_carea' id='block_1_142' title="bbox 1023 2341 1814 2376">
    <p class='ocr_par' dir='ltr' id='par_1_142' title="bbox 1023 2341 1814 2376">
     <span class='ocr_line' id='line_1_145' title="bbox 1023 2341 1814 2376; baseline -0.003 -8"><span class='ocrx_word' id='word_1_1016' title='bbox 1023 2342 1177 2375; x_wconf 88' lang='lat' dir='ltr'><strong>perhibent.</strong></span> <span class='ocrx_word' id='word_1_1017' title='bbox 1208 2342 1262 2369; x_wconf 79' lang='lat' dir='ltr'><strong>Sed</strong></span> <span class='ocrx_word' id='word_1_1018' title='bbox 1291 2349 1350 2376; x_wconf 63' lang='lat' dir='ltr'><strong>qua!</strong></span> <span class='ocrx_word' id='word_1_1019' title='bbox 1372 2341 1413 2368; x_wconf 88' lang='lat' dir='ltr'><strong>eis</strong></span> <span class='ocrx_word' id='word_1_1020' title='bbox 1429 2341 1496 2367; x_wconf 85' lang='lat' dir='ltr'><strong>ﬁdes</strong></span> <span class='ocrx_word' id='word_1_1021' title='bbox 1513 2341 1814 2376; x_wconf 17' lang='lat' dir='ltr'><strong>rhahendakdiscesiex</strong></span> 
     </span>
    </p>
   </div>
   <div class='ocr_carea' id='block_1_143' title="bbox 1024 2374 1812 2407">
    <p class='ocr_par' dir='ltr' id='par_1_143' title="bbox 1024 2374 1812 2407">
     <span class='ocr_line' id='line_1_146' title="bbox 1024 2374 1812 2407; baseline 0 -4"><span class='ocrx_word' id='word_1_1022' title='bbox 1024 2374 1142 2404; x_wconf 83' lang='lat' dir='ltr'><strong>Barouio</strong></span> <span class='ocrx_word' id='word_1_1023' title='bbox 1165 2377 1198 2403; x_wconf 90' lang='lat' dir='ltr'><strong>ad</strong></span> <span class='ocrx_word' id='word_1_1024' title='bbox 1226 2374 1328 2404; x_wconf 86' lang='lat' dir='ltr'><strong>annum</strong></span> <span class='ocrx_word' id='word_1_1025' title='bbox 1356 2376 1459 2404; x_wconf 81' lang='lat' dir='ltr'><strong>Christi</strong></span> <span class='ocrx_word' id='word_1_1026' title='bbox 1488 2375 1534 2407; x_wconf 85' lang='lat'><strong>69,</strong></span> <span class='ocrx_word' id='word_1_1027' title='bbox 1557 2383 1632 2402; x_wconf 92' lang='lat' dir='ltr'><strong>num.</strong></span> <span class='ocrx_word' id='word_1_1028' title='bbox 1660 2375 1696 2402; x_wconf 70' lang='lat'><strong>&#39;52</strong></span> <span class='ocrx_word' id='word_1_1029' title='bbox 1717 2379 1746 2402; x_wconf 89' lang='lat' dir='ltr'><strong>et</strong></span> <span class='ocrx_word' id='word_1_1030' title='bbox 1767 2374 1812 2403; x_wconf 78' lang='grc'><strong>55.</strong></span> 
     </span>
    </p>
   </div>
   <div class='ocr_carea' id='block_1_144' title="bbox 1025 2410 1813 2439">
    <p class='ocr_par' dir='ltr' id='par_1_144' title="bbox 1025 2410 1813 2439">
     <span class='ocr_line' id='line_1_147' title="bbox 1025 2410 1813 2439; baseline -0.003 -1"><span class='ocrx_word' id='word_1_1031' title='bbox 1025 2419 1057 2438; x_wconf 88' lang='lat' dir='ltr'><strong>ac</strong></span> <span class='ocrx_word' id='word_1_1032' title='bbox 1084 2412 1213 2439; x_wconf 85' lang='lat' dir='ltr'><strong>Bollaudo</strong></span> <span class='ocrx_word' id='word_1_1033' title='bbox 1235 2413 1269 2438; x_wconf 90' lang='lat' dir='ltr'><strong>ad</strong></span> <span class='ocrx_word' id='word_1_1034' title='bbox 1298 2411 1361 2438; x_wconf 81' lang='lat' dir='ltr'><strong>Maii</strong></span> <span class='ocrx_word' id='word_1_1035' title='bbox 1387 2412 1422 2438; x_wconf 71' lang='lat'><strong>12</strong></span> <span class='ocrx_word' id='word_1_1036' title='bbox 1443 2411 1468 2437; x_wconf 93' lang='lat' dir='ltr'><strong>in</strong></span> <span class='ocrx_word' id='word_1_1037' title='bbox 1497 2411 1573 2437; x_wconf 86' lang='lat' dir='ltr'><strong>Actis</strong></span> <span class='ocrx_word' id='word_1_1038' title='bbox 1596 2411 1648 2437; x_wconf 76' lang='lat' dir='ltr'><strong>SS.</strong></span> <span class='ocrx_word' id='word_1_1039' title='bbox 1674 2410 1755 2437; x_wconf 75' lang='lat' dir='ltr'><strong>Nerei</strong></span> <span class='ocrx_word' id='word_1_1040' title='bbox 1785 2416 1813 2436; x_wconf 83' lang='lat' dir='ltr'><strong>et</strong></span> 
     </span>
    </p>
   </div>
   <div class='ocr_carea' id='block_1_145' title="bbox 1023 2444 1811 2482">
    <p class='ocr_par' dir='ltr' id='par_1_145' title="bbox 1023 2444 1811 2482">
     <span class='ocr_line' id='line_1_148' title="bbox 1023 2444 1811 2482; baseline -0.003 -9"><span class='ocrx_word' id='word_1_1041' title='bbox 1023 2447 1149 2479; x_wconf 82' lang='lat' dir='ltr'><strong>Achillei,</strong></span> <span class='ocrx_word' id='word_1_1042' title='bbox 1167 2454 1191 2475; x_wconf 91' lang='lat' dir='ltr'><strong>c.</strong></span> <span class='ocrx_word' id='word_1_1043' title='bbox 1213 2447 1255 2478; x_wconf 79' lang='lat' dir='ltr'><strong>M,</strong></span> <span class='ocrx_word' id='word_1_1044' title='bbox 1270 2455 1332 2482; x_wconf 86' lang='lat' dir='ltr'><strong>pag.</strong></span> <span class='ocrx_word' id='word_1_1045' title='bbox 1345 2447 1379 2474; x_wconf 87' lang='grc'><strong>10</strong></span> <span class='ocrx_word' id='word_1_1046' title='bbox 1391 2451 1415 2474; x_wconf 91' lang='lat' dir='ltr'><strong>et</strong></span> <span class='ocrx_word' id='word_1_1047' title='bbox 1435 2447 1479 2479; x_wconf 85' lang='grc'><strong>11,</strong></span> <span class='ocrx_word' id='word_1_1048' title='bbox 1493 2446 1526 2472; x_wconf 86' lang='lat' dir='ltr'><strong>ad</strong></span> <span class='ocrx_word' id='word_1_1049' title='bbox 1535 2445 1596 2472; x_wconf 86' lang='lat' dir='ltr'><strong>Maii</strong></span> <span class='ocrx_word' id='word_1_1050' title='bbox 1608 2445 1661 2482; x_wconf 46' lang='grc'><strong>51,</strong></span> <span class='ocrx_word' id='word_1_1051' title='bbox 1672 2452 1733 2482; x_wconf 74' lang='lat' dir='ltr'><strong>pag.</strong></span> <span class='ocrx_word' id='word_1_1052' title='bbox 1744 2444 1811 2482; x_wconf 19' lang='lat'><strong>7520.</strong></span> 
     </span>
    </p>
   </div>
   <div class='ocr_carea' id='block_1_146' title="bbox 1060 2481 1812 2514">
    <p class='ocr_par' dir='ltr' id='par_1_146' title="bbox 1060 2481 1812 2514">
     <span class='ocr_line' id='line_1_149' title="bbox 1060 2481 1812 2514; baseline -0.003 -6"><span class='ocrx_word' id='word_1_1053' title='bbox 1060 2482 1089 2509; x_wconf 92' lang='lat' dir='ltr'><strong>ln</strong></span> <span class='ocrx_word' id='word_1_1054' title='bbox 1113 2482 1210 2509; x_wconf 87' lang='lat' dir='ltr'><strong>iisdem</strong></span> <span class='ocrx_word' id='word_1_1055' title='bbox 1236 2481 1286 2509; x_wconf 77' lang='lat' dir='ltr'><strong>SS.</strong></span> <span class='ocrx_word' id='word_1_1056' title='bbox 1309 2481 1394 2509; x_wconf 65' lang='lat' dir='ltr'><strong>Nerei</strong></span> <span class='ocrx_word' id='word_1_1057' title='bbox 1417 2487 1445 2508; x_wconf 91' lang='lat' dir='ltr'><strong>ct</strong></span> <span class='ocrx_word' id='word_1_1058' title='bbox 1463 2481 1580 2507; x_wconf 78' lang='lat' dir='ltr'><strong>Achillei</strong></span> <span class='ocrx_word' id='word_1_1059' title='bbox 1601 2481 1681 2507; x_wconf 82' lang='lat' dir='ltr'><strong>Actis</strong></span> <span class='ocrx_word' id='word_1_1060' title='bbox 1698 2481 1812 2514; x_wconf 77' lang='lat' dir='ltr'><strong>legimus</strong></span> 
     </span>
    </p>
   </div>
   <div class='ocr_carea' id='block_1_147' title="bbox 1022 2515 1812 2552">
    <p class='ocr_par' dir='ltr' id='par_1_147' title="bbox 1022 2515 1812 2552">
     <span class='ocr_line' id='line_1_150' title="bbox 1022 2515 1812 2552; baseline -0.004 -8"><span class='ocrx_word' id='word_1_1061' title='bbox 1022 2517 1144 2545; x_wconf 91' lang='lat' dir='ltr'><strong>eamdem</strong></span> <span class='ocrx_word' id='word_1_1062' title='bbox 1159 2517 1346 2549; x_wconf 78' lang='lat' dir='ltr'><strong>l’etrouitlam,</strong></span> <span class='ocrx_word' id='word_1_1063' title='bbox 1366 2517 1482 2552; x_wconf 86' lang='lat' dir='ltr'><strong>paralysi</strong></span> <span class='ocrx_word' id='word_1_1064' title='bbox 1496 2517 1676 2552; x_wconf 74' lang='lat' dir='ltr'><strong>laborantem.</strong></span> <span class='ocrx_word' id='word_1_1065' title='bbox 1689 2515 1723 2542; x_wconf 88' lang='lat' dir='ltr'><strong>ab</strong></span> <span class='ocrx_word' id='word_1_1066' title='bbox 1742 2516 1812 2552; x_wconf 88' lang='lat' dir='ltr'><strong>ipso-</strong></span> 
     </span>
    </p>
   </div>
   <div class='ocr_carea' id='block_1_148' title="bbox 1023 2550 1811 2588">
    <p class='ocr_par' dir='ltr' id='par_1_148' title="bbox 1023 2550 1811 2588">
     <span class='ocr_line' id='line_1_151' title="bbox 1023 2550 1811 2588; baseline -0.005 -9"><span class='ocrx_word' id='word_1_1067' title='bbox 1023 2557 1078 2580; x_wconf 84' lang='lat' dir='ltr'><strong>met</strong></span> <span class='ocrx_word' id='word_1_1068' title='bbox 1094 2557 1172 2588; x_wconf 86' lang='lat' dir='ltr'><strong>patre</strong></span> <span class='ocrx_word' id='word_1_1069' title='bbox 1189 2561 1238 2580; x_wconf 88' lang='lat' dir='ltr'><strong>suo</strong></span> <span class='ocrx_word' id='word_1_1070' title='bbox 1263 2553 1341 2580; x_wconf 81' lang='lat' dir='ltr'><strong>Petro</strong></span> <span class='ocrx_word' id='word_1_1071' title='bbox 1366 2550 1609 2588; x_wconf 65' lang='lat' dir='ltr'><strong>sanatanrfuisse.</strong></span> <span class='ocrx_word' id='word_1_1072' title='bbox 1629 2550 1733 2577; x_wconf 78' lang='lat' dir='ltr'><strong>Verum</strong></span> <span class='ocrx_word' id='word_1_1073' title='bbox 1757 2551 1811 2588; x_wconf 41' lang='grc' dir='ltr'><strong>ἒξιι-</strong></span> 
     </span>
    </p>
   </div>
   <div class='ocr_carea' id='block_1_149' title="bbox 1022 2585 1810 2623">
    <p class='ocr_par' dir='ltr' id='par_1_149' title="bbox 1022 2585 1810 2623">
     <span class='ocr_line' id='line_1_152' title="bbox 1022 2585 1810 2623; baseline -0.006 -8"><span class='ocrx_word' id='word_1_1074' title='bbox 1022 2585 1145 2622; x_wconf 80' lang='lat' dir='ltr'><strong>gustiiius</strong></span> <span class='ocrx_word' id='word_1_1075' title='bbox 1157 2589 1207 2615; x_wconf 91' lang='lat' dir='ltr'><strong>hoc</strong></span> <span class='ocrx_word' id='word_1_1076' title='bbox 1223 2596 1256 2615; x_wconf 66' lang='lat' dir='ltr'><strong>et</strong></span> <span class='ocrx_word' id='word_1_1077' title='bbox 1272 2588 1434 2623; x_wconf 85' lang='lat' dir='ltr'><strong>apocryphis</strong></span> <span class='ocrx_word' id='word_1_1078' title='bbox 1445 2586 1522 2614; x_wconf 82' lang='lat' dir='ltr'><strong>libris</strong></span> <span class='ocrx_word' id='word_1_1079' title='bbox 1533 2587 1659 2612; x_wconf 85' lang='lat' dir='ltr'><strong>haustum</strong></span> <span class='ocrx_word' id='word_1_1080' title='bbox 1674 2590 1703 2612; x_wconf 90' lang='lat' dir='ltr'><strong>et</strong></span> <span class='ocrx_word' id='word_1_1081' title='bbox 1718 2593 1737 2623; x_wconf 73' lang='grc' dir='ltr'>ει</span> <span class='ocrx_word' id='word_1_1082' title='bbox 1756 2585 1810 2623; x_wconf 64' lang='lat' dir='ltr'><strong>Ma-</strong></span> 
     </span>
    </p>
   </div>
   <div class='ocr_carea' id='block_1_150' title="bbox 1023 2621 1809 2657">
    <p class='ocr_par' dir='ltr' id='par_1_150' title="bbox 1023 2621 1809 2657">
     <span class='ocr_line' id='line_1_153' title="bbox 1023 2621 1809 2657; baseline -0.005 -8"><span class='ocrx_word' id='word_1_1083' title='bbox 1023 2621 1133 2650; x_wconf 75' lang='lat' dir='ltr'><strong>nietneis</strong></span> <span class='ocrx_word' id='word_1_1084' title='bbox 1155 2625 1206 2650; x_wconf 88' lang='lat' dir='ltr'><strong>alia</strong></span> <span class='ocrx_word' id='word_1_1085' title='bbox 1223 2624 1256 2650; x_wconf 91' lang='lat' dir='ltr'><strong>de</strong></span> <span class='ocrx_word' id='word_1_1086' title='bbox 1275 2621 1532 2657; x_wconf 64' lang='lat' dir='ltr'><strong>Petro&#39;negautibus</strong></span> <span class='ocrx_word' id='word_1_1087' title='bbox 1549 2622 1693 2655; x_wconf 88' lang='lat' dir='ltr'><strong>probatum</strong></span> <span class='ocrx_word' id='word_1_1088' title='bbox 1722 2621 1809 2648; x_wconf 80' lang='lat' dir='ltr'><strong>decla-</strong></span> 
     </span>
    </p>
   </div>
   <div class='ocr_carea' id='block_1_151' title="bbox 1022 2657 1808 2692">
    <p class='ocr_par' dir='ltr' id='par_1_151' title="bbox 1022 2657 1808 2692">
     <span class='ocr_line' id='line_1_154' title="bbox 1022 2657 1808 2692; baseline -0.004 -8"><span class='ocrx_word' id='word_1_1089' title='bbox 1022 2663 1065 2684; x_wconf 85' lang='lat' dir='ltr'><strong>rat</strong></span> <span class='ocrx_word' id='word_1_1090' title='bbox 1083 2658 1124 2684; x_wconf 67' lang='lat' dir='ltr'><strong><em>“z</em></strong></span> <span class='ocrx_word' id='word_1_1091' title='bbox 1145 2668 1154 2684; x_wconf 76' lang='grc' dir='ltr'><strong>ι</strong></span> <span class='ocrx_word' id='word_1_1092' title='bbox 1172 2658 1249 2692; x_wconf 86' lang='lat' dir='ltr'><strong>Quod</strong></span> <span class='ocrx_word' id='word_1_1093' title='bbox 1273 2660 1336 2691; x_wconf 83' lang='lat' dir='ltr'><strong>etsi,</strong></span> <span class='ocrx_word' id='word_1_1094' title='bbox 1361 2659 1460 2692; x_wconf 90' lang='lat' dir='ltr'><strong>inquit,</strong></span> <span class='ocrx_word' id='word_1_1095' title='bbox 1479 2663 1578 2690; x_wconf 76' lang='lat' dir='ltr'><strong>magna</strong></span> <span class='ocrx_word' id='word_1_1096' title='bbox 1602 2657 1727 2692; x_wconf 61' lang='lat' dir='ltr'><strong>caecitate</strong></span> <span class='ocrx_word' id='word_1_1097' title='bbox 1741 2657 1808 2681; x_wconf 81' lang='lat' dir='ltr'><strong>vitu-</strong></span> 
     </span>
    </p>
   </div>
   <div class='ocr_carea' id='block_1_152' title="bbox 1021 2690 1809 2729">
    <p class='ocr_par' dir='ltr' id='par_1_152' title="bbox 1021 2690 1809 2729">
     <span class='ocr_line' id='line_1_155' title="bbox 1021 2690 1809 2729; baseline -0.003 -10"><span class='ocrx_word' id='word_1_1098' title='bbox 1021 2698 1127 2727; x_wconf 83' lang='lat' dir='ltr'><strong>perant,</strong></span> <span class='ocrx_word' id='word_1_1099' title='bbox 1152 2690 1214 2720; x_wconf 81' lang='lat' dir='ltr'><strong>cuiu</strong></span> <span class='ocrx_word' id='word_1_1100' title='bbox 1244 2694 1269 2720; x_wconf 94' lang='lat' dir='ltr'><strong>iu</strong></span> <span class='ocrx_word' id='word_1_1101' title='bbox 1294 2690 1460 2729; x_wconf 80' lang='lat' dir='ltr'><strong>apocrypliis</strong></span> <span class='ocrx_word' id='word_1_1102' title='bbox 1486 2699 1535 2726; x_wconf 85' lang='lat' dir='ltr'><strong>pro</strong></span> <span class='ocrx_word' id='word_1_1103' title='bbox 1556 2698 1656 2725; x_wconf 80' lang='lat' dir='ltr'><strong>magno</strong></span> <span class='ocrx_word' id='word_1_1104' title='bbox 1675 2690 1766 2725; x_wconf 78' lang='lat' dir='ltr'><strong>legunt</strong></span> <span class='ocrx_word' id='word_1_1105' title='bbox 1781 2694 1809 2717; x_wconf 87' lang='lat' dir='ltr'><strong>et</strong></span> 
     </span>
    </p>
   </div>
   <div class='ocr_carea' id='block_1_153' title="bbox 1186 2770 1804 2811">
    <p class='ocr_par' dir='ltr' id='par_1_153' title="bbox 1186 2770 1804 2811">
     <span class='ocr_line' id='line_1_156' title="bbox 1186 2770 1804 2811; baseline 0.031 -14"><span class='ocrx_word' id='word_1_1106' title='bbox 1186 2774 1207 2789; x_wconf 77' lang='grc'><strong>³⁷</strong></span> <span class='ocrx_word' id='word_1_1107' title='bbox 1223 2774 1320 2808; x_wconf 82' lang='lat' dir='ltr'><strong>Epiph.</strong></span> <span class='ocrx_word' id='word_1_1108' title='bbox 1335 2773 1460 2811; x_wconf 66' lang='lat' dir='ltr'><strong>Exposit.</strong></span> <span class='ocrx_word' id='word_1_1109' title='bbox 1474 2773 1533 2811; x_wconf 56' lang='lat' dir='ltr'><strong>ﬁdy</strong></span> <span class='ocrx_word' id='word_1_1110' title='bbox 1557 2771 1570 2807; x_wconf 59' lang='grc' dir='ltr'><strong>ἓ</strong></span> <span class='ocrx_word' id='word_1_1111' title='bbox 1588 2771 1641 2811; x_wconf 53' lang='lat'><strong>21&#39;.</strong></span> <span class='ocrx_word' id='word_1_1112' title='bbox 1674 2770 1697 2786; x_wconf 50' lang='lat' dir='ltr'><strong>ﬂ</strong></span> <span class='ocrx_word' id='word_1_1113' title='bbox 1712 2771 1804 2811; x_wconf 37' lang='lat' dir='ltr'><strong>hiut-05&#39;</strong></span> 
     </span>
    </p>
   </div>
   <div class='ocr_carea' id='block_1_154' title="bbox 1194 2806 1803 2839">
    <p class='ocr_par' dir='ltr' id='par_1_154' title="bbox 1194 2806 1803 2839">
     <span class='ocr_line' id='line_1_157' title="bbox 1194 2806 1803 2839; baseline -0.01 -3"><span class='ocrx_word' id='word_1_1114' title='bbox 1194 2811 1216 2825; x_wconf 75' lang='grc'>⁸⁰</span> <span class='ocrx_word' id='word_1_1115' title='bbox 1227 2806 1352 2836; x_wconf 54' lang='grc' dir='ltr'><strong>Α”ιιι”1›ι·υε.</strong></span> <span class='ocrx_word' id='word_1_1116' title='bbox 1367 2806 1385 2835; x_wconf 74' lang='grc' dir='ltr'>ιζ</span> <span class='ocrx_word' id='word_1_1117' title='bbox 1401 2816 1420 2839; x_wconf 84' lang='grc' dir='ltr'>ι,</span> <span class='ocrx_word' id='word_1_1118' title='bbox 1437 2809 1475 2834; x_wconf 86' lang='lat' dir='ltr'><strong>De</strong></span> <span class='ocrx_word' id='word_1_1119' title='bbox 1486 2806 1694 2837; x_wconf 42' lang='lat' dir='ltr'><strong>ollicfmtnistq</strong></span> <span class='ocrx_word' id='word_1_1120' title='bbox 1710 2815 1732 2832; x_wconf 92' lang='lat' dir='ltr'><strong>e.</strong></span> <span class='ocrx_word' id='word_1_1121' title='bbox 1761 2806 1803 2835; x_wconf 69' lang='grc' dir='ltr'><strong>ειυ,</strong></span> 
     </span>
    </p>
   </div>
   <div class='ocr_carea' id='block_1_155' title="bbox 1258 2840 1802 2877">
    <p class='ocr_par' dir='ltr' id='par_1_155' title="bbox 1258 2840 1802 2877">
     <span class='ocr_line' id='line_1_158' title="bbox 1258 2840 1802 2877; baseline -0.011 -6"><span class='ocrx_word' id='word_1_1122' title='bbox 1258 2845 1281 2860; x_wconf 73' lang='grc'><strong>⁸³</strong></span> <span class='ocrx_word' id='word_1_1123' title='bbox 1301 2846 1366 2872; x_wconf 79' lang='lat' dir='ltr'><strong>lncr.</strong></span> <span class='ocrx_word' id='word_1_1124' title='bbox 1381 2844 1428 2876; x_wconf 81' lang='grc'><strong>50,</strong></span> <span class='ocrx_word' id='word_1_1125' title='bbox 1446 2844 1554 2874; x_wconf 67' lang='grc' dir='ltr'><strong>Ιριυὶοιιη</strong></span> <span class='ocrx_word' id='word_1_1126' title='bbox 1572 2841 1644 2877; x_wconf 63' lang='lat'><strong>5‘22.</strong></span> <span class='ocrx_word' id='word_1_1127' title='bbox 1668 2840 1802 2877; x_wconf 22' lang='lat' dir='ltr'><strong>r‘f‘llel’&quot;</strong></span> 
     </span>
    </p>
   </div>
   <div class='ocr_carea' id='block_1_156' title="bbox 1379 2876 1803 2912">
    <p class='ocr_par' dir='ltr' id='par_1_156' title="bbox 1379 2876 1803 2912">
     <span class='ocr_line' id='line_1_159' title="bbox 1379 2876 1803 2912; baseline -0.009 -7"><span class='ocrx_word' id='word_1_1128' title='bbox 1379 2880 1401 2894; x_wconf 76' lang='grc'><strong>⁸⁵</strong></span> <span class='ocrx_word' id='word_1_1129' title='bbox 1416 2881 1530 2912; x_wconf 83' lang='lat' dir='ltr'><strong>August.</strong></span> <span class='ocrx_word' id='word_1_1130' title='bbox 1546 2884 1564 2905; x_wconf 93' lang='lat' dir='ltr'><strong>t.</strong></span> <span class='ocrx_word' id='word_1_1131' title='bbox 1576 2876 1639 2904; x_wconf 26' lang='lat' dir='ltr'><strong>’Vlll</strong></span> <span class='ocrx_word' id='word_1_1132' title='bbox 1665 2876 1686 2903; x_wconf 89' lang='lat' dir='ltr'><strong>l.</strong></span> <span class='ocrx_word' id='word_1_1133' title='bbox 1707 2876 1803 2903; x_wconf 77' lang='lat' dir='ltr'><strong>inAdt-</strong></span> 
     </span>
    </p>
   </div>
   <div class='ocr_carea' id='block_1_157' title="bbox 1178 2845 1220 2871">
    <p class='ocr_par' dir='ltr' id='par_1_157' title="bbox 1178 2845 1220 2871">
     <span class='ocr_line' id='line_1_160' title="bbox 1178 2845 1220 2871; baseline 0 0"><span class='ocrx_word' id='word_1_1134' title='bbox 1178 2845 1220 2871; x_wconf 77' lang='grc'><strong>15.</strong></span> 
     </span>
    </p>
   </div>
  </div>
