1924 3072
70 169 142 197 1169

670 170 714 198 DE
731 169 844 198 LlBRlS
862 169 1088 199 STROMATUM.

1624 173 1694 202 1170

68 228 146 266 illud,
163 228 234 266 quod
248 228 282 256 de
294 229 416 266 apostolo
427 229 532 258 Thoma
550 231 706 263 memoravi,
720 235 748 258 et
767 231 851 265 ipsius
864 233 890 262 Α
902 239 917 258 a
936 231 1102 259 Tertulliano
1112 214 1227 266 aliisque
1246 230 1268 247 "
1285 230 1416 266 tributum
1437 234 1489 260 est.
1512 230 1564 260 Sed
1580 231 1693 260 Ruﬁnus

67 263 143 301 Petri
152 263 432 301 _ﬁli_an_1__paralyticam
447 266 546 292 factam
560 266 687 301 precibus
705 263 800 301 patris,
825 270 853 293 et

67 298 206 335 hortulaiti
224 299 305 326 ﬁliam
331 298 365 326 ad
379 307 487 334 precem
506 298 592 335 ipsius
613 300 685 328 Petri
705 298 768 328 esse
784 298 855 329 mor-

68 338 154 370 tuam.
170 333 206 370 Et
224 333 461 369 :espondct’quod
485 333 523 363 id'
539 336 604 369 ipsis
631 337 800 370 expediebat,
827 342 856 364 ιιι

67 368 111 395 illa
136 369 291 405 solveretur
319 368 449 405 paralysi,
479 375 506 397 et
539 371 584 398 illa
619 368 789 404 moreretur;
817 376 856 398 ta-

66 411 128 441 me_n
146 404 182 441 ad
196 412 297 441 preces?
315 405 430 439 apostoli
459 405 561 433 factum
579 414 638 433 esse
651 414 703 433 non
717 410 828 441 negant.
843 417 853 432 ι

100 438 223 472 Denique
235 440 268 466 de
283 438 355 467 Petri
374 448 458 468 uxore
473 441 531 468 haec
545 441 668 468 Clemens
684 438 771 468 adhuc
784 441 857 468 litte-

66 473 104 501 ris
121 475 323 502 commendavit
336 475 359 491 "’
376 484 382 502 :
400 484 410 500 ι
421 476 507 503 Aiunt
521 483 595 503 certe
612 477 719 503 beatum
734 475 855 509 Petrum,

66 516 126 536 cum
144 509 261 537 vidisset
273 518 386 538 uxorem
412 518 487 538 suam
505 512 564 538 duci
583 511 616 538 ad
638 516 763 543 mortem,
779 512 856 539 laua-

67 548 122 570 tum
147 544 256 578 quidem
282 553 342 573 esse
358 547 429 580 quod
445 552 588 573 vocaretur
608 550 634 573 et
652 547 723 581 quod
747 547 855 574 donium

65 583 265 617 reverteretur;
280 588 394 616 cumque
407 588 468 608 eam
488 582 647 617 adhortatus
665 587 691 609 et
702 582 856 610 consolatus

64 619 148 646 esset,
163 615 274 642 nomine
289 615 396 650 quoque
410 615 587 650 compellasse
601 625 632 644 ac
645 617 747 645 dixisse
762 627 768 643 :
783 617 855 644 licus

64 653 92 675 tu
117 655 256 677 memento
280 651 396 678 Domini.
417 661 426 677 ι
449 651 577 678 Eamdem
601 652 740 680 historiam
763 658 856 679 narrat

65 683 284 722 Nicephorusf‘,
300 687 346 713 sed
364 690 425 722 post
441 686 586 714 Eusebium
605 687 638 719 ‘9,
655 688 700 722 qui
717 695 778 714 cum
794 695 854 714 eam

65 725 219 761 memoratu
237 720 346 761 dignam
364 720 528 754 censuisset,
541 730 556 749 a
571 720 690 750 Baronio
703 723 733 758 ,⁸ο
747 723 853 750 veritati

65 754 135 782 haud
152 755 255 783 absona
268 754 417 791 iudicatur.

332 802 532 831 ABTICULUS
545 802 589 831 Vl.

66 845 103 874 De
115 846 234 881 Philippi
242 847 360 882 ﬁliabus,
376 854 399 876 et
408 854 496 876 utrum
508 849 609 877 Paulus
621 858 730 877 uxorem
738 850 853 877 duxerit.

97 893 138 920 Ad
151 893 308 931 Philippum
327 895 478 930 apostolum
493 897 566 930 quod
584 900 697 931 spectat,
711 905 772 924 eum
793 897 854 924 Cle-

64 935 139 966 mens
150 935 178 966 et
192 929 263 957 ﬁlias
277 938 447 964 procreasse,
458 936 486 958 et
503 929 560 958 illas
569 929 737 966 postmodum
755 932 782 958 in
797 940 853 959 ma-

64 964 222 991 trimonium
237 965 385 993 collocasse
394 974 447 994 non
459 964 617 994 hzesitanter
631 966 748 994 aﬁirmat
760 967 794 996 “.
819 968 854 994 At

65 1004 211 1034 utrumque
229 1008 282 1027 non
309 1002 449 1028 minimam
477 1002 590 1029 eruditis
610 1002 675 1029 viris
696 1006 772 1029 creat
785 1002 853 1029 diﬁi-

65 1033 203 1070 cultatein.
235 1035 344 1063 Certum
373 1036 505 1070 siquidem
536 1042 589 1069 est,
619 1041 646 1064 et
675 1045 709 1064 ex
737 1037 852 1064 Actuum

65 1069 248 1106 apostolorum
266 1071 334 1098 libro
348 1069 454 1099 constat
463 1072 486 1088 ⁸¹
503 1077 617 1106 quatuor
632 1072 755 1106 Philippo
770 1072 853 1099 fuisse

65 1104 143 1141 illius,
169 1105 204 1141 de
223 1106 320 1140 quibus
346 1107 381 1133 ibi
404 1104 537 1141 legimus:
564 1116 574 1133 ι
593 1104 727 1134 Intrantes
744 1107 852 1134 domutn

65 1138 181 1176 Philippi
207 1138 391 1176 evangelista,
418 1138 463 1175 q'ui
495 1147 555 1169 erat
584 1150 652 1169 unus
676 1144 709 1169 de
735 1147 850 1176 septem,

65 1175 215 1211 mansimus
237 1175 308 1211 apud
337 1184 410 1204 eum.
427 1176 496 1204 Huic
519 1181 609 1204 autem
638 1181 717 1204 erant
738 1175 853 1211 quatuor

66 1209 122 1236 lilia:
134 1209 262 1245 virgines
273 1213 476 1246 prophetantes.
497 1221 506 1238 ›
529 1212 581 1239 Sed
597 1212 640 1239 hic
656 1209 796 1246 Philippus
815 1213 851 1240 ibi

69 1253 81 1281 ι
90 1246 254 1281 evangelista
274 1256 283 1273 ι
302 1247 411 1279 dicitur,
427 1256 436 1272 ι
453 1253 479 1274 et
494 1255 563 1274 unus
576 1247 609 1274 de
623 1252 735 1281 septem,
756 1257 764 1273 ι
779 1247 850 1275 haud

66 1279 142 1318 dubie
151 1282 253 1318 primis
263 1282 393 1318 Ecclesiae
410 1281 544 1315 diaconis,
568 1290 600 1310 ac
613 1279 725 1318 proinde
737 1281 771 1309 ab
784 1290 852 1318 apo-

67 1315 133 1352 stolo
149 1315 277 1351 Philippo
288 1317 367 1352 plane
380 1317 516 1345 diversus.

99 1350 414 1387 Quamobrem‘quidam
441 1352 607 1380 Clementem
631 1357 752 1380 nostrum
771 1353 796 1379 in
819 1362 852 1382 eo

67 1387 163 1422 erroris
180 1391 229 1413 aut
248 1388 386 1415 memoriae
404 1387 496 1422 lapsus
517 1392 659 1420 accusant,
675 1388 747 1421 quod
780 1388 852 1416 hunc

68 1420 218 1460 Philippum
234 1422 376 1450 diaconum
391 1420 455 1460 cum
477 1423 599 1460 apostolo
617 1420 781 1460 confuderit.
797 1423 851 1460 rAd

67 1456 196 1489 opinionis
213 1462 305 1484 autem
317 1465 372 1484 sua:
387 1456 620 1485 conﬁrmationem
639 1458 656 1484 ii
669 1456 850 1486 testimonium

68 1491 204 1528 proferunt
219 1492 385 1528 Hieronymi,
400 1493 445 1527 qui
466 1493 574 1527 probari
595 1501 673 1526 posse
687 1501 739 1520 non
763 1498 850 1527 putat,

87 1532 162 1563 rieter
177 1527 301 1561 Petrum,
322 1527 464 1562 apostolos
479 1536 533 1554 non
551 1528 637 1555 fuisse
651 1528 780 1563 virgines.
797 1528 851 1557 Sed

79 1562 108 1587 IlS
121 1562 164 1588 alii
193 1563 277 1590 facile
299 1564 464 1598 respondent
486 1563 644 1597 Hieronymi
674 1562 792 1590 mentem
817 1571 850 1591 ex

69 1597 249 1629 superioribus
263 1597 351 1632 Ipsius
359 1599 450 1626 verbis
461 1606 522 1625 esse
530 1598 653 1626 omnibus
668 1599 848 1626 manifestam.

68 1632 110 1658 Ait
122 1633 222 1667 quippe
235 1633 258 1650 ³³
274 1641 282 1660 :
297 1643 305 1660 ι
318 1633 395 1661 Nunc
412 1634 490 1661 nobis
504 1633 538 1661 de
547 1641 651 1661 canone
664 1634 762 1664 (sacrae
774 1634 849 1661 SClll-

70 1671 107 1703 cel
123 1668 282 1703 Scripturze)
299 1676 379 1696 omne
395 1675 532 1696 certamen
547 1672 599 1695 est.
620 1678 629 1694 ι
646 1668 685 1695 Ex
702 1669 757 1696 sola
769 1669 851 1703 igitur

70 1701 215 1737 Scriptura,
232 1701 320 1738 inquit
336 1709 448 1731 sanctus
463 1704 567 1735 doctor,
581 1704 698 1738 probare
713 1701 792 1731 nemo
804 1712 852 1738 po-

70 1737 127 1796 }crit
139 1738 222 1765 ullum
231 1737 403 1774 exapostolis
418 1744 517 1774 praeter
529 1737 640 1766 Petrum
651 1739 784 1774 virginem
797 1737 850 1767 non

81 1780 155 1796 utsse.

81 1780 155 1801 ulSSe.

101 1807 195 1845 Verum
209 1809 316 1837 etiamsi
330 1817 362 1837 ex
377 1810 429 1838 boc
440 1809 598 1845 Hieronymi
608 1809 668 1836 loco
680 1809 788 1844 probari
802 1818 850 1837 ne-

69 1847 144 1876 queat
159 1843 316 1880 Philippnm
332 1846 484 1880 apostolum
500 1843 630 1879 quasdam
652 1843 686 1872 ea
702 1852 785 1872 uxore
801 1852 848 1872 sua

69 1879 217 1915 suscepisse
233 1881 313 1913 ﬁlias,
330 1879 364 1907 ei:
391 1879 588 1915 antiquissimis
604 1884 693 1906 tamen
721 1880 849 1907 Ecclesia:

69 1912 187 1942 Patribus
199 1918 229 1941 et
249 1912 439 1950 scriptoribus,
456 1912 510 1942 imo
527 1922 593 1950 vero
606 1921 639 1941 ex
653 1915 768 1948 ipsomet
786 1916 849 1942 Ilie-

70 1955 174 1985 ronymo
189 1949 214 1966 ⁵⁸
227 1950 252 1977 id
268 1949 447 1978 demonstrari
464 1954 560 1985 potest.
574 1949 621 1976 llle
636 1950 707 1977 enim
723 1950 781 1982 ipse
795 1951 848 1978 alio

70 1982 92 2020 iu
107 1983 174 2020 libro
187 1986 267 2013 nobis
279 1990 338 2020 post
347 1982 492 2013 Eusebium
499 1986 522 2001 "
530 1985 637 2012 exhibet
653 1985 709 2012 hazc
723 1985 848 2020 Polycra-

71 2018 242 2054 tisApresini
256 2018 288 2047 ad
307 2021 442 2048 Victorem
460 2028 556 2054 papam
579 2020 722 2047 scribentis
746 2018 846 2048 verba:

73 2061 81 2077 ι
98 2052 233 2090 Philippus
251 2063 321 2083 unus
336 2056 386 2083 fuit
402 2063 435 2083 ex
452 2052 594 2083 duodecim
619 2055 758 2088 apostolis,
774 2063 849 2083 mor-

71 2093 126 2115 tuus
147 2095 188 2118 est
218 2090 351 2125 Hierapoli
367 2099 428 2118 cum
447 2090 518 2118 binis
539 2090 657 2123 ﬁliabus,
676 2098 736 2124 qua:
753 2097 849 2118 coase-

71 2130 180 2152 nuerunt
210 2126 236 2153 in
262 2126 427 2161 virginitate.
446 2127 538 2153 Altera
561 2132 670 2160 quoque
695 2125 753 2159 ejus
782 2126 847 2158 lilia,

70 2165 123 2195 qua:
140 2160 467 2195 spiritualenfquamdam
483 2162 564 2188 vitam
581 2161 668 2192 duxit,
685 2160 783 2194 Ephesi
806 2169 848 2188 se-

70 2193 136 2231 pulta
147 2193 198 2223 est.
220 2205 230 2222 ›
244 2197 276 2223 Et
294 2193 352 2224 haec
370 2197 479 2231 quidem
500 2195 632 2231 Eusebius
652 2193 745 2230 postea
761 2196 849 2223 adhuc

72 2229 175 2266 loli-dem
195 2231 294 2266 repetit
303 2229 393 2260 verbis
404 2232 438 2258 ⁸⁸.
451 2232 486 2258 At
499 2231 585 2266 priori
594 2229 659 2266 loco
674 2231 731 2257 haec
744 2239 775 2258 ex
790 2231 847 2258 Caii

70 2263 169 2299 dialogo
181 2263 313 2293 addidit"
330 2276 338 2294 :
358 2276 367 2292 ι
384 2263 508 2300 Quatuor
519 2270 578 2301 post
593 2265 650 2293 hmo
664 2265 778 2299 Philippi
788 2266 849 2293 ﬁlia:

71 2300 348 2333 prophetidcsiuerunt
358 2300 572 2336 llierapoliAsim
583 2301 704 2332 civitate,
714 2301 759 2328 ubi
769 2303 849 2328 etiam

70 2340 155 2373 earum
171 2341 198 2363 et
212 2337 297 2372 patris
308 2337 426 2371 Philippi
442 2338 596 2373 sepulcrum
606 2337 722 2373 visitur.
740 2346 748 2362 ι
761 2339 783 2363 Α
796 2336 849 2363 Pa-

71 2371 109 2400 pia
120 2371 226 2398 demum
241 2372 280 2399 ait
300 2373 455 2400 earumdem
472 2371 587 2407 Philippi
601 2371 717 2399 ﬁliarum
733 2373 849 2399 mentio-

71 2410 125 2430 nem
140 2406 197 2432 ﬁeri
214 2407 248 2432 ⁵⁸-

71 2410 125 2430 nem
140 2407 197 2434 ﬁeri
214 2407 248 2436 ⁵⁸.

101 2439 231 2476 Quoniam
255 2446 346 2470 tamen
373 2441 480 2470 duobus
498 2443 631 2470 duntaxat
654 2441 790 2476 prioribus
821 2442 846 2469 in

70 2473 131 2502 locis
143 2476 283 2513 Philippus
300 2479 346 2505 ille
365 2479 505 2512 apostolus
520 2479 553 2505 ab
572 2473 693 2513 Eusebio
708 2484 846 2512 nuncupa-

71 2515 120 2547 llgr.
135 2511 353 2547 urgen’t‘alterius
370 2511 511 2541 sententia:
524 2514 630 2547 patroni
642 2514 667 2540 in
683 2511 777 2539 Latina
794 2513 848 2540 Eu-

71 2543 180 2574 δέδιθιιὲ
199 2549 318 2576 historia:
333 2543 566 2583 interpretatioite,
583 2556 598 2574 a
617 2547 715 2575 Ruﬁno
727 2550 846 2574 adorna—

72 2585 104 2619 to,
121 2583 200 2619 priori
227 2584 287 2611 loco
307 2584 402 2611 Latine
421 2584 555 2619 redditum
574 2592 583 2609 ι
610 2591 680 2610 unus
691 2590 724 2609 ex
742 2588 849 2619 aposto-

71 2613 143 2646 lis,'i
168 2618 251 2646 altero
277 2625 368 2647 autem
392 2628 402 2644 ι
428 2618 604 2653 evangelista.
630 2627 640 2644 )
670 2613 766 2652 Atqui.
787 2619 849 2644 huic

72 2653 245 2688 evangelista,
259 2655 332 2682 sieut
350 2659 377 2682 et
394 2654 516 2689 pluribus
533 2654 604 2686 aliis,
620 2661 716 2681 nomen
732 2654 846 2687 apostoli

103 2733 123 2749 "
133 2734 230 2763 Strom.
247 2736 265 2764 l.
283 2745 332 2769 vn,
347 2745 374 2771 p.
386 2736 449 2764 736.

497 2736 519 2752 ⁸³
534 2735 689 2770 Nicephor.,
703 2736 721 2763 ι.
740 2743 758 2763 ιι
771 2735 850 2771 llist.,

914 2737 959 2764 Μ.
998 2737 1020 2754 ⁸ο
1038 2738 1148 2767 Euseh..
1170 2737 1187 2763 Ι.
1199 2744 1230 2764 ιιι
1248 2737 1329 2770 llist.,
1342 2744 1367 2764 ε.
1383 2736 1428 2769 50,
1441 2745 1468 2771 p.
1482 2736 1544 2763 102.

907 266 944 293 ibi
958 266 1045 294 Graeci
1068 265 1190 294 auctoris
1204 266 1244 292 sui
1261 270 1364 293 textum
1381 265 1477 293 Latina
1499 274 1549 294 sua
1569 267 1693 294 versione

907 309 959 336 non
981 301 1132 329 reddidisse
1147 301 1182 328 ab
1205 300 1283 336 195
1296 300 1355 327 aliis
1366 302 1498 336 arguitur.
1517 301 1609 336 Neque
1621 302 1692 328 enim

907 335 1030 363 Valesius
1044 345 1093 364 nos
1105 335 1247 364 admonuit
1260 335 1314 363 ullo
1329 336 1355 361 in
1368 335 1463 363 Graeco
1481 335 1639 363 Eusebianze
1651 337 1694 363 hi-

906 372 998 398 storia:
1017 371 1111 398 codice
1124 371 1204 398 aliter
1218 371 1347 406 quamab
1361 371 1419 405 ipso
1434 373 1626 406 transcriptum
1652 376 1694 399 est

907 406 1013 433 haberi.
1030 406 1156 439 Quinimo
1179 405 1275 434 bonam
1292 405 1330 433 ibi
1347 406 1484 433 desiderat
1497 405 1691 440 Christophor-

907 441 966 468 soni
991 441 1080 474 ﬁdem,
1101 442 1146 476 qui
1171 449 1220 476 pro
1245 449 1297 468 uno
1325 448 1359 468 ex
1386 440 1528 469 duodecim
1551 440 1691 476 apostolis,

907 484 989 503 unum
1003 485 1036 504 ex
1049 481 1150 510 septem
1171 476 1292 504 diacouis
1311 476 1459 504 subStituit.

942 511 1041 538 Contra
1065 519 1141 544 vero,
1157 511 1330 546 depravatum
1359 512 1458 539 ibidem
1478 511 1561 539 fuisse
1584 510 1692 539 Eusebii

907 551 1011 573 textum
1030 547 1093 574 inde
1112 547 1234 574 convinci
1256 546 1364 581 quidam
1383 546 1549 578 existimant,
1566 547 1637 580 quod
1658 553 1690 573 eo

906 581 958 608 loci
974 581 1093 615 subjecta
1113 582 1170 609 Caii
1186 582 1306 609 narratio
1326 582 1359 609 de
1377 581 1497 616 Philippo
1511 585 1614 608 tantum
1631 581 1691 608 dia-

906 625 974 644 cono
987 617 1073 650 possit
1092 617 1216 652 intelligi.
1238 617 1278 643 Ad
1295 617 1350 644 haec
1369 615 1595 648 vero.'Eusebius
1617 615 1690 652 illam

906 659 966 678 cum
981 652 1080 684 verbis,
1096 660 1128 679 ex
1139 651 1254 679 Actuum
1268 652 1476 686 apostolicorum
1488 652 1558 679 libro
1566 651 1692 686 superius

906 687 1009 720 citatis,
1029 687 1107 720 plane
1125 692 1413 714 consentaneam-esse
1436 686 1581 721 signiﬁcat.
1609 686 1692 721 Atqui

905 729 984 750 sacro
1013 722 1060 750 illo
1084 723 1111 750 in
1138 723 1206 749 libro
1234 722 1371 756 Philippus
1396 721 1560 756 evangelista
1590 728 1690 749 renun-

907 757 999 786 tiatur.

943 792 1026 826 Hujus
1045 800 1100 820 non
1120 791 1240 820 minima
1263 791 1428 819 diﬁicultatis
1443 792 1544 819 nodum
1566 791 1689 819 nonnulli

905 834 998 855 secare
1016 828 1104 862 potius
1116 835 1196 862 quam
1216 827 1320 854 solvere
1336 831 1558 862 conanturtcum
1575 835 1690 861 respon-

906 863 970 890 dent
983 861 1135 898 Philippum
1151 862 1302 896 apostolum
1328 870 1342 889 a
1357 862 1470 898 diacono
1483 861 1607 898 Philippo
1624 862 1691 898 luis-

906 904 934 924 se
970 897 1245 928 rcvera’diversum.
1274 902 1356 932 atque
1387 897 1453 924 adeo
1483 897 1691 931 distiuguendas

905 933 1047 966 utriusque
1072 933 1153 962 ﬁlias:
1184 933 1219 959 ita
1245 937 1276 959 ut
1302 937 1418 966 quatuor
1442 932 1558 966 Philippi
1583 932 1690 959 diaconi

905 968 967 994 ﬁliae
992 968 1123 995 Caesareae
1147 968 1173 994 in
1194 967 1336 995 Palaestina
1365 968 1535 1002 quieverint;
1549 974 1582 994 ex
1597 967 1691 1002 tribus

903 1010 969 1030 vero
983 1003 1054 1034 aliis,
1072 1011 1132 1037 qua:
1147 1002 1263 1037 Philippi
1282 1001 1396 1036 apostoli
1417 1007 1507 1034 erant,
1523 1002 1581 1029 dua:
1596 1001 1690 1029 Hiera-

903 1038 958 1072 poli
976 1038 1002 1064 in
1021 1036 1148 1073 Phrygia,
1163 1042 1190 1065 et
1210 1036 1288 1064 ter'tia
1304 1038 1402 1072 Ephesi
1416 1038 1443 1065 in
1457 1037 1519 1064 Asia
1532 1037 1585 1064 sint
1600 1036 1690 1071 sepul—

905 1078 948 1100 tae.
966 1073 1019 1100 Sed
1036 1073 1057 1100 si
1071 1081 1133 1100 vera
1149 1074 1184 1100 sit
1198 1073 1254 1099 haec
1270 1073 1377 1100 illorum
1390 1073 1531 1107 responsio
1540 1078 1565 1099 et
1581 1076 1690 1099 senten—

904 1108 949 1138 tia.
966 1108 1016 1142 ipsi
1036 1112 1111 1135 certe
1126 1108 1293 1135 Clementem
1309 1112 1430 1134 nostrum
1445 1108 1480 1135 ab
1494 1108 1608 1141 impacto
1622 1114 1690 1141 prte-

903 1148 1018 1177 postera:
1041 1143 1210 1170 confusionis
1230 1150 1323 1170 errore
1345 1143 1464 1170 volentes
1483 1143 1606 1170 nolentes
1627 1142 1690 1169 libe-

904 1183 973 1204 rant.
992 1177 1048 1205 Non
1070 1178 1141 1205 enim
1162 1178 1276 1212 amplius
1287 1177 1376 1205 dicere
1400 1183 1527 1212 poterunt
1543 1177 1611 1205 tilias
1625 1177 1691 1204 Pbi-

903 1213 966 1248 lippi
985 1213 1111 1247 apostoli,
1129 1221 1189 1240 cum
1207 1213 1314 1240 diaconi
1337 1213 1505 1247 cognominis
1523 1212 1630 1240 ﬁliabus
1655 1212 1689 1240 ab

902 1256 934 1275 eo
951 1248 1090 1275 confundi.

937 1285 972 1310 At
993 1288 1066 1310 certe
1089 1282 1178 1317 plures
1200 1282 1333 1317 gravioris
1345 1283 1468 1310 eumdem
1481 1287 1620 1310 auctorem
1640 1290 1689 1310 no—-

902 1323 989 1345 strum
1013 1319 1116 1345 erroris
1139 1326 1215 1345 reum
1241 1323 1333 1352 agunt,
1354 1319 1417 1352 quia
1436 1318 1551 1352 Philippi
1574 1318 1690 1352 apostoli

902 1353 985 1386 ﬁlias,
1002 1360 1070 1387 quas
1097 1353 1254 1388 Polycrates
1273 1352 1393 1388 virgines
1408 1353 1589 1388 permansisse
1607 1357 1690 1380 testa-

905 1394 958 1420 tur,
986 1389 1036 1415 has
1059 1388 1103 1416 ille
1125 1396 1140 1416 a
1161 1396 1210 1416 suo
1239 1391 1315 1423 patre
1335 1388 1508 1423 matrimonio
1529 1388 1633 1423 locatas
1646 1395 1689 1415 as-

903 1429 1021 1451 severat.
1041 1423 1138 1450 Verum
1153 1423 1180 1451 id
1195 1422 1245 1451 ex'
1261 1424 1410 1459 Polycratis
1422 1422 1588 1459 verbisinon
1609 1422 1690 1459 plane

902 1459 1015 1486 Omnino
1038 1459 1155 1486 elicitur.
1185 1459 1224 1486 De
1250 1457 1329 1485 tertia
1359 1458 1492 1492 siquidem
1519 1458 1635 1492 Philippi
1658 1457 1690 1484 ﬁ-

902 1494 937 1521 lia
964 1495 1004 1521 sic
1030 1494 1086 1528 ipse
1105 1494 1227 1528 loquitur
1241 1494 1281 1520 °°:
1315 1494 1359 1520 Ἐν
1381 1493 1450 1529 ἁγίῳ
1465 1493 1601 1529 Πνεύματι
1616 1492 1691 1519 πολι-

901 1529 1067 1566 ἳρυσαμέιιη.
1087 1538 1096 1555 ι
1113 1529 1286 1566 Spiritualetn
1304 1528 1453 1566 quamdam
1468 1528 1549 1555 vitam
1569 1528 1657 1566 duxit.
1675 1538 1685 1554 ι

903 1564 965 1592 ΙΙωο
978 1563 1067 1592 autem
1084 1563 1140 1592 non
1156 1564 1310 1599 signiﬁcant
1328 1564 1400 1590 illam
1416 1563 1500 1591 fuisse
1514 1571 1620 1598 semper
1631 1563 1691 1599 Vvir-

902 1600 1003 1634 ginem.
1016 1599 1071 1627 lmo
1083 1607 1149 1627 vero
1161 1598 1224 1634 quia
1234 1599 1365 1626 Eusebius
1374 1599 1472 1626 ibidem
1484 1606 1613 1633 expresse
1621 1598 1691 1625 dixit

904 1636 970 1662 duas
992 1635 1050 1669 ejus
1064 1642 1173 1661 sorores
1189 1643 1199 1659 ί
1219 1635 1246 1661 in
1262 1634 1418 1669 virginitate
1431 1635 1606 1661 consenuisse
1620 1634 1659 1666 “,
1676 1643 1686 1659 ι

902 1669 966 1708 inde
981 1678 1034 1708 non
1052 1670 1141 1708 inepte
1149 1669 1462 1708 _colligiturpersuasum
1474 1669 1590 1697 Eusebio
1605 1669 1692 1708 luisse

902 1705 973 1732 hanc
999 1705 1071 1731 aliud
1085 1704 1264 1739 amplexatam
1281 1705 1388 1732 vivendi
1404 1711 1500 1739 genus,
1518 1709 1546 1732 et
1565 1704 1690 1739 conjugio

901 1739 986 1775 fuisse
1003 1740 1149 1774 aliquando
1172 1740 1334 1775 copulatam.

937 1774 1070 1802 Caeterum
1097 1775 1130 1802 de
1150 1774 1294 1807 liac’sane,
1313 1775 1351 1802 uti
1367 1782 1461 1811 omnes
1481 1775 1609 1806 fatentur,
1627 1784 1690 1811 per-

900 1811 1024 1847 obscura»
1043 1810 1193 1847 quaestione
1219 1811 1292 1841 aliis,
1313 1810 1384 1844 quod
1413 1811 1513 1847 verius
1531 1810 1690 1847 aquilisque

901 1845 1069 1878 censuerint,
1091 1846 1291 1872 decernendum
1309 1847 1380 1873 ultro
1400 1846 1588 1879 relinquimus.
1605 1845 1688 1876 Nobis

901 1885 976 1907 certe
991 1881 1136 1907 adnotasse
1145 1880 1260 1907 suﬁicial
1271 1880 1418 1907 Clementis
1433 1881 1517 1907 nostri
1533 1882 1688 1914 opinionem

902 1916 1064 1951 auctoritate
1074 1916 1225 1950 Polycratis
1236 1915 1275 1942 sic
1290 1916 1392 1942 ﬁrmari
1402 1923 1434 1943 ac
1448 1915 1575 1948 stabiliri,
1591 1921 1620 1944 ut
1633 1918 1690 1951 plu-

901 1957 944 1977 res
959 1957 1020 1986 cum
1035 1950 1122 1986 Graeci
1140 1955 1195 1986 tum
1208 1951 1299 1986 Latini
1323 1951 1471 1984 scriptores
1486 1951 1519 1977 de
1532 1959 1563 1977 ea
1580 1950 1688 1986 penitus

900 1985 1028 2016 convicti,
1042 1985 1111 2011 ﬁlias
1125 1994 1139 2012 a
1156 1985 1278 2019 Philippo
1300 1986 1423 2019 apostolo
1437 1985 1688 2020 susceptas’credi-

901 2020 1000 2047 derint.
1013 2021 1049 2046 At
1063 2020 1085 2047 si
1101 2021 1162 2054 quis
1170 2019 1344 2046 validioribus
1355 2019 1524 2055 argumentis
1538 2022 1646 2049 easdem
1660 2023 1689 2050 in

899 2055 1065 2090 virginitatis
1093 2060 1166 2082 statu
1195 2062 1290 2082 omnes
1314 2062 1504 2089 perseverasse
1524 2057 1686 2090 ostenderit,

901 2090 963 2152 {iulio
977 2090 1124 2125 quominus
1134 2090 1179 2117 alii
1193 2097 1334 2117 assensum
1350 2091 1479 2125 praebeat,
1492 2092 1603 2119 minime
1621 2100 1687 2127 pro-

909 2133 927 2151 n
949 2132 1036 2152 emus.

909 2132 1036 2153 libemus.

935 2159 993 2187 Non
1017 2167 1111 2197 parum
1134 2161 1216 2188 etiam
1238 2159 1403 2197 difﬁcultatis
1424 2163 1489 2190 illud
1504 2162 1598 2195 habet,
1614 2164 1686 2197 quod

900 2195 1025 2233 Clemens
1050 2196 1142 2223 ultimo
1165 2197 1224 2223 loco
1243 2197 1281 2233 _de
1306 2196 1390 2225 Paulo
1413 2198 1534 2233 apostolo
1559 2195 1686 2226 dixit“:

904 2240 913 2256 ι
935 2230 994 2258 Νοιι
1009 2237 1117 2267 veretur
1134 2233 1159 2258 in
1177 2231 1296 2265 quadam
1316 2230 1438 2266 epistola"
1448 2241 1523 2260 suam
1550 2234 1688 2267 appellare

900 2267 1051 2303 conjugem.
1061 2276 1079 2303 γ»
1093 2266 1222 2299 Quamvis
1237 2267 1308 2303 enim
1328 2275 1342 2294 a
1352 2269 1429 2296 nobis
1444 2275 1524 2302 supra
1541 2266 1687 2303 probatum

904 2301 987 2328 fuerit
1003 2301 1114 2328 Paulutn
1127 2310 1174 2336 per
1188 2302 1356 2336 apostolatus
1371 2304 1413 2331 sui
1430 2301 1551 2338 tempora
1565 2303 1687 2331 caelibem

905 2337 1070 2371 transegisse
1089 2337 1183 2369 vitam,
1207 2338 1396 2370 inquirendum
1413 2337 1503 2366 tamen
1526 2339 1614 2366 adhuc
1637 2347 1686 2366 su-

903 2376 1004 2408 perest,
1021 2377 1111 2408 utrum
1137 2379 1231 2399 revera
1259 2373 1304 2399 ille
1320 2373 1394 2408 prius
1415 2375 1561 2408 aliquando
1574 2381 1686 2402 uxorem

903 2407 1019 2434 duxerit.
1033 2408 1068 2434 At
1082 2407 1190 2443 Origeni
1207 2409 1229 2435 si
1242 2407 1327 2435 {idem
1340 2407 1500 2441 habeamus,
1511 2409 1572 2436 duae
1587 2409 1638 2436 hac
1653 2409 1686 2436 de

902 2443 1064 2478 reil'uerunt
1080 2443 1332 2476 antiquissimormn
1356 2449 1495 2472 auctorum
1524 2444 1683 2478 opiniones:

902 2485 911 2502 ι
932 2476 1030 2504 Paulus
1045 2486 1119 2512 ergo,
1136 2479 1223 2512 inquit
1238 2478 1326 2514 ille“,
1347 2480 1417 2507 sicut
1436 2476 1550 2514 quidam
1562 2480 1684 2512 tradunt,

899 2520 962 2538 cum
978 2521 1062 2550 uxore
1083 2519 1194 2550 vocatus
1208 2519 1261 2550 est,
1277 2513 1311 2541 de
1328 2523 1381 2550 qua
1399 2513 1464 2543 dicit
1476 2516 1510 2542 ad
1526 2514 1686 2549 Philippen-

899 2554 943 2585 ses»
959 2549 1102 2585 scribens:
1122 2548 1198 2583 Rogo
1215 2549 1297 2576 etiam
1311 2548 1344 2577 et'
1357 2555 1392 2583 te,
1412 2558 1541 2585 germana
1562 2548 1684 2584 compar,

900 2583 997 2619 adjuva
1007 2584 1076 2619 illas
1086 2592 1146 2618 quae
1161 2592 1222 2611 cum
1238 2585 1297 2618 ipsa
1311 2590 1384 2612 sunt.
1399 2583 1438 2613 Ex
1453 2592 1588 2612 consensu
1603 2583 1686 2619 igitur

901 2617 969 2645 liber
984 2617 1105 2651 edoctus,
1118 2626 1147 2646 se
1161 2626 1269 2646 servum
1291 2621 1413 2647 nominat
1424 2621 1534 2648 Christi.
1555 2620 1583 2648 Si
1608 2617 1684 2652 vero,

901 2658 930 2679 ut
942 2653 1002 2681 aliis
1026 2655 1142 2686 Videtur,
1158 2656 1217 2682 sine
1231 2663 1332 2688 uxore;
1355 2656 1531 2683 nihilominus
1545 2657 1592 2690 qui
1616 2655 1685 2682 liber

1597 2735 1620 2752 '°
1633 2736 1685 2763 Ba-

74 2776 127 2806 [οιι.
140 2772 171 2797 ad
182 2780 225 2798 au.
237 2780 312 2803 LXXX,
328 2770 403 2799 nutu.
423 2772 467 2799 52.
505 2772 526 2787 “
542 2772 644 2798 Strom.
657 2771 676 2799 Ι.
686 2780 710 2803 v,
722 2779 750 2805 p.
765 2770 828 2798 MS.
866 2772 888 2787 "
900 2772 959 2799 Act.
969 2781 1026 2803 χχι.
1036 2774 1062 2800 8.
1101 2772 1124 2788 ⁵³
1135 2772 1221 2804 Hier.,
1237 2773 1256 2800 l.
1269 2782 1276 2801 ι
1288 2773 1348 2800 adv.
1359 2770 1461 2805 Jovinl,
1475 2780 1501 2806 p.
1518 2771 1562 2798 9.3.
1600 2771 1624 2787 “
1633 2772 1682 2798 Lib.

73 2803 105 2831 De
118 2807 208 2840 script.
222 2808 334 2839 cccles..
350 2815 376 2834 c.
393 2807 438 2834 55.

74 2846 99 2877 ιιι
117 2840 194 2872 llist.,
210 2851 234 2870 c.
248 2843 292 2872 51.
307 2851 334 2877 p.
354 2842 414 2869 105.

73 2874 209 2911 Constitul.
233 2874 334 2911 apostl,
360 2878 379 2904 l.
400 2885 439 2908 Vl.
461 2886 487 2906 c.
508 2878 523 2904 7

490 2807 513 2823 "
530 2807 641 2838 Euseb.,
660 2807 679 2834 l.
692 2815 722 2834 ιιι
736 2806 817 2838 llist.,
836 2815 860 2834 c.
876 2807 921 2838 51,

468 2842 491 2858 ⁸⁸
510 2843 557 2870 lib.
576 2850 611 2879 ιιι
625 2842 710 2879 llist.,
730 2851 754 2871 c.
775 2841 823 2879 59,7
836 2842 927 2879 p.112.

432 2897 439 2908 .
461 2886 487 2906 c.
508 2878 534 2909 7,
556 2886 581 2912 p.
599 2878 661 2905 290.
685 2878 802 2905 Coteler.
819 2878 844 2903 iu
865 2878 936 2905 hunc
956 2878 1056 2907 iocum.

74 2908 90 2936 l.
103 2917 130 2937 ιιι
149 2911 227 2946 llist.,
245 2908 269 2940 (Ξ,
285 2908 331 2946 Μέ
348 2921 373 2948 p.
391 2913 452 2941 102.
492 2914 513 2930 ⁶¹
528 2908 631 2942 Strom.
648 2913 666 2940 ι.
683 2921 723 2947 ιιι,
739 2921 764 2949 p.
779 2912 843 2940 448.

923 2913 1032 2949 Origen.
1044 2916 1070 2943 in
1089 2914 1174 2949 Epist.
1191 2915 1225 2942 ad
1245 2914 1322 2941 Rom.
1339 2908 1363 2941 c.
1375 2908 1400 2946 ἰ,
1423 2913 1448 2940 1.

934 2814 962 2841 p.
977 2809 1040 2835 102.
1089 2808 1112 2824 ⁵⁸
1126 2808 1173 2835 lib.
1188 2816 1204 2834 ν
1219 2808 1300 2839 llist.,
1326 2817 1350 2835 c.
1372 2808 1419 2840 24,
1441 2815 1468 2841 p.
1485 2807 1546 2834 191.
1594 2806 1617 2822 ⁸⁷
1630 2807 1681 2833 lib.

983 2844 1006 2861 "
1028 2843 1154 2875 Tertull.,
1172 2843 1220 2870 lib.
1242 2843 1280 2870 De
1301 2843 1437 2877 baptism.
1454 2850 1479 2869 c.
1495 2841 1549 2877 18.;
1568 2841 1681 2877 guctor.

1109 2879 1130 2894 ⁶⁰
1149 2879 1250 2906 Strom.
1275 2879 1293 2905 Ι.
1308 2875 1355 2910 ιιι,
1375 2886 1402 2912 ρ.
1419 2877 1482 2906 555.
1530 2875 1551 2893 ⁶¹
1567 2876 1682 2910 Euseb.
