1924 3072
242 135 310 163 H75

559 135 592 162 iN
613 135 823 163 CLEMENTEM
838 135 944 164 ALEX.
963 136 995 164 D.
1017 136 1062 163 LE
1081 135 1224 164 NOURRY
1246 137 1471 167 DlSSERTATlO
1490 140 1522 168 ll.
1569 135 1571 138 ’

1798 142 1862 170 “76

237 195 367 234 μηθείς-οξ
390 195 562 234 publicanum
591 195 676 223 fuisse
700 194 855 234 perhibent.
874 196 924 234 _At_
936 195 963 234 si
980 195 1025 223 ille
1039 199 1064 228 Α
1078 197 1232 234 cumunobis
1250 198 1321 225 haud
1339 199 1452 226 multum
1474 199 1680 234 refragantibus
1696 199 1862 234 probaretur.

237 231 309 258 idem
331 230 382 257 l'nit
399 238 432 266 ac
447 230 597 266 blattltaaus,
613 231 839 266 quemadmodum
857 230 963 264 plurimi
980 239 1025 257 ar-

236 266 384 296 bitrantur.
403 265 436 292 de
450 273 482 293 eo
495 265 630 297 Clemens,
644 273 724 299 quem
741 273 756 292 a
775 265 901 292 Matthazo
918 266 1025 300 penitus

237 300 420 332 discriminat,
447 299 560 335 intelligi
586 308 638 327 non
662 299 752 328 debet.
781 300 917 333 Quosdam
943 308 1024 335 porro

237 336 340 362 scimus
360 344 413 362 non
427 337 520 362 deesse
535 335 654 366 criticos,
675 336 721 369 qui
741 336 866 362 eumdem
886 335 948 363 Levi
973 343 1024 370 pu-

236 371 374 397 blicanum
390 370 471 397 alium
488 371 521 398 ab
542 370 666 404 apostolo
681 370 807 397 Matthaeo
823 370 906 397 fuisse
930 371 1025 397 existi-

237 410 322 436 ment,
335 407 414 440 idque
427 405 468 432 his
482 405 724 439 Origenis‘verbis
741 405 856 440 probare
872 411 1022 432 conemur:

240 449 258 475 gr
270 440 313 467 Sit
328 446 355 467 et
372 440 435 467 Levi
453 441 621 475 publicanus,
645 440 691 474 qui
715 440 808 468 Jesum
834 445 953 475 secutus,
971 445 1024 468 est.

236 474 296 502 Non
310 480 370 502 erat
382 474 468 502 tamen
489 482 522 502 ex
540 475 723 509 apostolorum
742 483 867 507 numero,
884 476 934 502 nisi
947 474 1025 508 juxta

236 510 358 544 quadam
369 510 533 544 exemplaria
550 511 697 537 secundum
712 510 831 537 Marcum
847 511 997 545 Evangelii.
1013 520 1022 535 ι

237 545 341 577 Quibus
353 545 518 579 respondent
536 545 581 572 alii
602 545 665 572 illud
687 544 720 572 ab
737 545 857 580 Origene
875 544 1025 580 neniaerio,

236 581 283 607 sed
302 587 350 614 per
360 581 562 608 concessionem
573 581 705 607 duntaxat
718 580 797 607 Celso
808 581 910 607 datum.
924 579 1024 607 Verum

237 615 343 642 inlirma
356 623 467 650 prorsus
479 615 583 642 videtur
597 615 655 643 tunc
670 616 821 650 respOnsio,
838 623 888 643 nec
898 614 1024 650 Origenis

237 651 321 676 textui
339 656 531 677 consentanea.

272 686 441 720 Quapropter
456 685 477 712 si
490 693 549 719 quae
560 685 592 712 ad
604 684 729 720 Origenis
739 685 950 712 conﬁrmandam
960 685 1020 719 opi—

235 721 343 748 nionem
362 725 536 754 suppeterent
551 725 722 754 argumenta,
738 721 772 747 de
786 721 837 747 hoc
854 720 915 746 Levi
932 721 1019 754 expli-

235 756 351 783 candum
366 763 427 783 esse
438 755 592 787 Clementis.
611 763 658 782 seu
674 756 765 790 potius
785 755 957 783 HeraclcOnis
978 755 1017 782 lo-

1112 232 1189 259 Alins
1218 238 1305 260 tamen
1333 240 1462 267 praeterea
1486 232 1559 266 fuit;
1580 235 1625 260 cui
1646 233 1794 266 Λεὸὃαῖος,
1821 242 1863 262 aut

1077 267 1200 304 ᾼευαῐφς,
1229 268 1281 304 vel,
1309 273 1336 294 ιιι
1360 269 1469 302 quidam
1490 270 1575 304 aiunt,
1600 269 1697 304 Λέϐης
1718 277 1862 303 cognomen

1077 302 1232 336 impositum
1257 303 1366 330 dicitur.
1381 305 1404 330 ls
1425 303 1607 331 autemJudas
1625 302 1681 335 est,
1697 309 1728 331 et
1746 302 1799 331 alio
1820 314 1863 331 no-

1077 337 1301 376 tuin_e__Thad:t;tts.
1317 338 1352 376 de
1362 347 1415 376 quo
1427 339 1546 376 nonnulli
1564 340 1573 354 ¹
1585 343 1730 376 auctorem
1746 345 1863 376 nostrum

1076 372 1189 412 intelligi
1217 372 1320 412 volunt.
1337 372 1389 401 Sed
1416 382 1476 412 cum
1495 375 1552 401 haec
1575 375 1668 412 cunni:
1685 375 1771 412 nteris
1791 375 1861 408 plane

1077 408 1254 440 conjecturis,
1284 416 1333 435 nec
1357 409 1440 436 certis
1467 413 1547 441 atque
1578 409 1758 436 evidentibus
1789 417 1863 442 argu-

1077 442 1352 478 mentisinnitautnr,
1368 445 1430 478 quid
1448 445 1480 470 de
1495 443 1545 470 hac
1555 444 1710 478 quaestione
1721 445 1806 470 statui
1820 447 1861 471 de-

1076 475 1199 536 ?uqallusab
1210 477 1270 505 aliis
1287 475 1383 506 audire
1395 487 1475 513 quam
1495 475 1598 513 aliquid
1613 482 1801 514 pronuntiare
1811 487 1862 505 ma-

1087 519 1176 539 utnus.

1111 546 1139 573 ltt
1165 547 1284 574 Matthzei
1317 556 1397 582 porro
1417 548 1581 576 mentionem
1609 548 1748 582 quoniam
1773 548 1864 575 incidi-

1076 588 1146 613 mus,
1174 583 1295 609 animum
1313 583 1347 609 ad
1369 584 1394 610 id
1414 584 1540 610 advertas
1557 584 1650 614 velim,
1663 584 1740 617 quod
1754 584 1788 610 de
1813 583 1864 616 citis

1076 616 1238 643 abstinentia
1256 618 1381 645 Clemens
1404 623 1496 645 narrat
1509 619 1530 646 ³.
1553 629 1562 644 ι
1579 616 1740 651 Μςιιιιιὲιξιιδ,
1772 619 1862 652 inquit,

1075 652 1212 689 apostolus
1238 653 1394 685 seminibus,
1420 654 1523 689 haccis.
1555 660 1583 681 et
1604 653 1746 685 oleribus,
1769 653 1864 689 absque

1074 687 1201 713 carnibus
1228 689 1361 715 utebatur.
1389 698 1397 713 ι
1428 688 1475 715 Vix
1502 690 1574 715 enim
1604 689 1654 722 qui
1682 694 1787 721 μηνίει-
1810 688 1861 715 Cie-

1071 727 1190 781 :nentem
1211 722 1276 749 illud
1299 724 1409 757 scriptis
1434 723 1646 760 consignaverit,
1676 723 1802 759 aliquem
1819 724 1860 757 ,ιιι-

1082 763 1176 781 'entas-

1082 763 1176 785 ⁸611135.

905 868 1097 914 CAPUT
1117 869 1180 912 Χ.

869 935 918 965 De
948 933 1224 965 matrimonio.

506 1042 704 1070 ARTICULUS
722 1042 742 1069 Ι.

234 1089 373 1121 Quomodo
394 1089 589 1115 matrimonium
601 1097 616 1115 ιι
633 1088 764 1116 Clemente
779 1089 933 1123 deﬁniatur,
944 1098 1023 1124 quant

272 1123 367 1150 bonum
382 1124 426 1156 sit,
443 1129 468 1150 et
490 1124 618 1157 quomodo
629 1125 754 1159 conjuge;
773 1132 802 1151 eo
815 1125 852 1150 uti
864 1123 984 1152 debeant.

271 1180 352 1208 Hisce
371 1180 400 1207 in
422 1180 585 1207 Stromatum
602 1179 680 1208 libris
695 1187 727 1206 eo
744 1179 854 1207 uberius
867 1184 894 1207 et
908 1187 1022 1207 accura-

235 1216 289 1243 tius
302 1216 334 1243 de
348 1215 520 1242 tnatrimonio
530 1215 656 1242 Clemens
671 1215 863 1249 disputat,quo
875 1215 939 1241 illud
954 1215 1021 1242 varii

234 1251 323 1279 aetatis
337 1258 392 1278 sua:
407 1250 525 1278 haeretici
539 1249 840 1284 impugnarentacrius,
851 1258 883 1277 ac
893 1254 1020 1284 tanquam

235 1286 380 1313 scelestum
401 1290 428 1312 et
447 1284 582 1312 nefariuttt
605 1285 757 1312 ittcredibili
781 1292 893 1318 prorsus
910 1285 1021 1311 temeri-

235 1326 291 1348 tate
304 1326 331 1348 et
347 1320 512 1355 impudentia
530 1319 731 1354 proscriberent
749 1323 776 1346 et
793 1320 1019 1347 condemnarent.

234 1356 288 1383 Sed
302 1363 334 1382 ex
353 1356 405 1382 hac
418 1355 576 1389 gravissima
601 1355 816 1386 concertatione,
833 1360 959 1388 tanquam
986 1362 1021 1381 ex

234 1391 354 1424 lapidum
365 1390 491 1417 conllictu
511 1395 591 1423 atque
610 1390 684 1421 tritu,
703 1389 789 1423 major
805 1397 876 1417 sana:
898 1397 1022 1424 veraeque

234 1426 365 1453 doctrina:
380 1425 450 1459 ignis
462 1433 476 1451 a
496 1425 574 1452 nobis
587 1424 719 1451 elicietur.

272 1461 361 1487 Primo
385 1461 476 1494 itaque
504 1460 707 1486 matrimonium
729 1468 743 1486 a
758 1459 898 1486 Clemente
917 1459 959 1486 sic
976 1460 1022 1486 de-

235 1495 369 1523 ﬁnitur“:
395 1495 485 1530 Γάμος
513 1494 562 1529 μὲν
583 1494 640 1523 ἔστι
662 1495 769 1526 σύνοδος
791 1494 888 1529 ἀνδρὸς
911 1494 957 1522 καὶ
973 1502 1022 1528 γυ-

235 1531 326 1561 ναικὸς
343 1531 360 1566 ἡ
383 1529 478 1566 πρώτη
503 1529 572 1556 κατὰ
597 1530 688 1564 νόμον,
712 1530 758 1556 ἐπὶ
774 1530 892 1565 γνησίων
914 1529 1021 1566 Ατέκνων

236 1567 334 1601 σπορᾷ·
354 1564 366 1591 i
395 1565 595 1601 Matrimonium
610 1570 651 1592 est
666 1565 760 1601 prima
774 1570 803 1601 et
819 1564 1022 1601 secumlumrle-

235 1599 297 1636 geni
312 1599 362 1628 viri
372 1600 527 1628 etmulieris
537 1600 693 1636 coniunctio
705 1601 738 1626 ad
755 1599 1021 1636 legitimpruntlilio-

236 1634 295 1662 rum
308 1635 558 1670 procreationem.)
570 1635 609 1661 Ex
624 1635 771 1662 hacautem
783 1634 946 1661 matrimonii
958 1635 1022 1662 deli-

235 1669 340 1699 ttitione
355 1670 523 1705 liquetjuxta
533 1669 678 1697 Clementis
689 1675 806 1696 mcntent
817 1669 880 1695 illttd
891 1677 951 1697 esse
967 1678 1019 1705 non

234 1704 449 1740 quamlibet’viri
466 1710 494 1732 et
510 1705 629 1732 mulieris
644 1705 872 1740 conjunctionent,
888 1705 934 1731 sed
949 1704 1022 1740 κατὰ

236 1739 328 1776 κλόμον,
344 1750 354 1766 ς
373 1740 520 1767 secundum
534 1739 630 1776 legem.
645 1748 653 1765 ι
669 1739 703 1776 At
718 1747 779 1776 cum
798 1739 932 1776 {legetur
948 1739 1022 1766 iude-

237 1773 316 1803 firiite
333 1775 443 1806 dixerit.
466 1782 498 1801 eo
518 1776 600 1802 \erbo
620 1773 734 1801 forsitan
755 1775 788 1800 de
807 1774 939 1800 industria
959 1782 1023 1801 risus

237 1816 294 1843 est;
320 1816 348 1838 ut
363 1818 395 1837 eo
410 1809 575 1844 signiﬁcaret
591 1818 643 1836 nou
663 1809 748 1835 soluat
767 1808 898 1844 divinam,
910 1817 969 1843 qua:
997 1810 1022 1836 in

237 1842 325 1873 sacris
352 1842 452 1872 litteris
469 1849 496 1871 et
514 1845 547 1871 ab
573 1843 702 1878 apostolis
725 1845 828 1871 saucita
851 1842 950 1874 luerat,
975 1845 1023 1871 sed

237 1882 384 1908 humanam
410 1887 516 1914 quoque
542 1879 711 1906 saecularium
738 1878 843 1914 scilicet
870 1879 1021 1913 prittcipnm

237 1916 334 1950 legem,
346 1913 425 1949 juxta
443 1922 523 1949 quam
538 1913 703 1948 coniugium,
718 1919 747 1941 ut
764 1913 902 1950 legitimus
913 1915 1022 1950 sulem-

238 1947 335 1985 nisque
345 1947 500 1985 contractus
515 1949 603 1985 civilis
614 1947 659 1980 sit,
675 1949 709 1975 ab
720 1947 844 1985 omnibus
856 1947 1022 1985 iniridebet.

237 1983 419 2018 Quamobrem
439 1984 491 2010 alio
517 1983 598 2018 198
622 1985 647 2010 in
667 1984 736 2012 libro
752 1984 762 1999 ³
780 1983 831 2010 hoc
847 1983 880 2010 de
902 1983 947 2010 illo
972 1991 1023 2011 nec

238 2022 315 2056 plura
329 2020 431 2048 edixit:
448 2028 457 2045 ι
469 2018 660 2056 Unusquisque
673 2024 794 2056 nostrum
804 2018 931 2056 habet,_si
949 2019 1023 2056 velit,

238 2053 398 2090 potestatem
416 2061 526 2082 uxorem
539 2054 657 2088 legitime
670 2054 795 2090 ducendi,
807 2053 874 2090 nardi
884 2053 929 2090 τρν
942 2054 1024 2090 νόμᾳν

239 2087 347 2125 ῖγαμεῖν,
363 2091 389 2117 in
405 2090 509 2125 primis,
529 2090 649 2123 inquam,
669 2089 779 2124 nuptiis,
795 2088 841 2114 τὸν
857 2087 965 2127 πρῶτον
976 2087 1023 2115 λέ-

239 2135 280 2160 γω
297 2127 394 2161 τάμον.
416 2134 425 2151 ι

276 2158 404 2193 quamvis
420 2163 510 2186 antem
524 2163 638 2192 tttroqtte
655 2159 680 2185 in
699 2158 758 2186 loco
769 2159 893 2187 Clemens
907 2158 1019 2189 dixerit,

244 2206 253 2222 ι
273 2198 389 2229 primatu
406 2194 624 2227 coniunctionem
637 2214 644 2226 ,
665 2203 675 2219 ι
694 2201 774 2220 nemo
795 2200 884 2221 tamen
906 2195 968 2221 imle
985 2194 1025 2220 in-

241 2232 312 2258 ferat
334 2231 470 2258 secundas
487 2229 597 2263 nttptias
617 2229 650 2255 ah
675 2229 720 2255 illo
744 2229 902 2263 improbari.
919 2229 955 2255 De
973 2229 1024 2255 illis

241 2267 383 2293 ettintvcro
397 2273 457 2292 eum
476 2265 580 2298 aequius
597 2264 735 2299 judicasse
751 2264 821 2291 inl'ra
838 2265 1024 2291 ostendemus.

241 2301 306 2329 ΙΙ.εο
343 2301 434 2335 itaque
475 2299 555 2326 verba
594 2300 620 2326 in
658 2299 823 2327 matrimonii
867 2299 1024 2335 deﬁnitione

241 2336 302 2363 ideo
333 2334 445 2366 addidit,
479 2335 542 2367 quia
572 2334 697 2361 secundae
728 2335 826 2367 nuptiae
854 2335 897 2365 iis,
921 2334 966 2367 qui
994 2341 1024 2360 se

241 2371 387 2397 continere
401 2369 560 2404 nequibant,
579 2369 728 2403 apostolica
746 2369 911 2404 indulgentia
925 2376 1023 2395 conce-

243 2406 389 2433 debattlur.

281 2441 402 2475 Denique
418 2439 543 2466 Clemens
564 2439 644 2466 docet
669 2438 750 2475 tinem
775 2438 940 2475 matrimonii
967 2445 1028 2465 esse

243 2473 394 2509 legitimam
417 2475 534 2501 liliorum
557 2474 783 2508 procreationem.
800 2473 858 2501 Non
873 2473 969 2509 unicus
985 2478 1027 2499 ta-

244 2508 325 2544 men,
344 2511 458 2545 ipsemet
480 2513 606 2540 auctore,
631 2513 672 2535 est
696 2508 740 2535 ille
762 2508 931 2545 matrimonii
955 2509 1028 2535 linis.

242 2546 321 2572 Aliud
348 2544 480 2579 siquidem
506 2546 562 2578 ipse
589 2545 709 2571 declarat
731 2552 791 2571 csse
805 2544 864 2579 ejus
886 2551 984 2570 munus
1002 2547 1029 2579 et

244 2578 436 2610 ministerium,
458 2584 539 2613 atque
563 2579 642 2605 alium
657 2579 774 2640 lproinde
790 2584 817 2605 et
835 2578 932 2610 linem,
949 2578 1028 2604 nimi-

244 2623 304 2640 rum
323 2615 469 2640 gerendam
484 2614 638 2640 eorutttdem
665 2615 785 2640 tliorutn.
801 2613 1026 2640 quemadmodum

244 2623 304 2642 rum
323 2615 469 2649 gerendam
484 2614 638 2641 earumdem
657 2613 785 2645 liliorum,
801 2613 1026 2649 quemadmodum

243 2647 347 2683 uxoris,
367 2654 448 2684 atque
462 2651 544 2676 etiam
560 2649 658 2675 domus
669 2656 775 2680 curam,
796 2657 805 2674 ι
826 2648 859 2675 ad
876 2655 966 2683 quam,
984 2647 1027 2675 in-

277 2767 302 2784 "
317 2767 417 2799 Luc.v,
433 2766 479 2792 27.

244 2802 318 2829 lller.
334 2803 360 2834 in
379 2801 490 2833 Matth.,
515 2807 541 2834 p.
565 2800 610 2826 29.
629 2799 777 2831 Theodon,

245 2846 272 2872 p.
286 2833 349 2864 Hii.
385 2837 396 2852 ⁵
411 2837 428 2863 Ι.
443 2844 485 2866 ιιι,
504 2833 532 2872 ιι.
550 2834 612 2862 457.
651 2834 661 2849 ⁶
677 2834 756 2872 ihi_d.,
771 2842 796 2867 ῃ.
878 2839 903 2862 et
918 2833 980 2860 461.

245 2869 307 2908 cap.
333 2873 378 2906 l0,
390 2877 416 2900 et
436 2869 518 2907 supci
533 2871 654 2903 diSsert.,
666 2877 690 2897 c.
708 2869 734 2902 5,
749 2874 799 2896 art.
817 2870 843 2896 5.

518 2765 525 2780 ¹
541 2764 662 2799 ’)rigen..
676 2764 694 2790 l.
709 2772 717 2791 ι
733 2768 819 2790 contr.
840 2763 993 2799 CelsumLt.
1006 2761 1042 2799 ll,
1058 2769 1085 2796 p.
1105 2761 1168 2799 427_.

792 2806 888 2833 qtltest.
912 2798 944 2824 l6
962 2798 989 2824 in
1006 2797 1116 2833 Numer.

1035 2835 1046 2851 ⁷
1061 2831 1079 2859 ι.
1099 2839 1146 2865 ιιι,
1169 2841 1194 2867 p.
1211 2833 1272 2858 tta.

1037 1048 1059 1076 Β
1074 1044 1162 1077 quit“,
1179 1044 1242 1070 data
1257 1047 1299 1070 est
1317 1043 1415 1070 mulier
1435 1042 1564 1076 adjutrix.
1586 1051 1597 1068 ι
1613 1042 1671 1070 Sed
1699 1042 1793 1070 dehis
1810 1041 1858 1076 jmt

1073 1079 1152 1111 alias,
1169 1083 1196 1105 et
1211 1079 1301 1106 adhuc
1318 1078 1399 1105 infra.

1108 1124 1173 1157 Quze
1183 1124 1294 1159 quidem
1310 1124 1381 1151 sicut
1401 1128 1492 1158 aperta
1509 1128 1535 1150 et
1552 1123 1640 1159 clara,
1658 1124 1697 1150 ita
1714 1127 1743 1159 et
1760 1130 1820 1150 vera
1831 1130 1859 1150 ac

1072 1157 1364 1194 propria‘matrimonii
1382 1157 1456 1186 notio
1477 1159 1542 1185 illttd
1564 1158 1668 1185 bonum
1680 1178 1689 1190 ,
1711 1157 1814 1190 justum
1828 1162 1859 1194 et

1074 1193 1195 1229 aequitati
1210 1195 1323 1221 omnino
1335 1200 1619 1221 consentaneumesse
1633 1198 1689 1229 tam
1704 1193 1809 1220 invicte
1819 1193 1860 1219 de-

1073 1228 1209 1256 monstrat
1222 1250 1228 1261 ,
1247 1233 1275 1255 ut
1290 1229 1386 1256 mirum
1409 1229 1443 1256 sit
1460 1233 1558 1262 praeter
1576 1228 1717 1263 quosdam
1734 1235 1857 1262 paganos,

1072 1271 1173 1298 eosque
1187 1264 1303 1290 maxime
1325 1264 1500 1298 voluptarius,
1522 1263 1568 1297 qui
1593 1264 1618 1290 id
1648 1270 1802 1298 negarent,
1821 1263 1858 1288 in-

1073 1305 1170 1326 ventos
1184 1298 1269 1326 fuisse
1281 1299 1414 1325 homines.
1428 1298 1611 1325 Plurimorum
1624 1303 1716 1325 tamen
1726 1298 1859 1328 Clemens.

1074 1335 1112 1360 uti
1130 1334 1369 1364 Basilidianorum,
1381 1333 1487 1365 Isidori.
1500 1333 1690 1367 Carpocratis,
1704 1333 1859 1366 Epiphanis,

1072 1369 1305 1400 Marcionitartttn,
1330 1368 1509 1402 aliorumque,
1529 1369 1561 1395 de
1579 1369 1678 1402 quibus
1696 1368 1769 1395 infra
1789 1368 1860 1394 dice-

1073 1409 1129 1436 tur,
1145 1404 1274 1435 nt-farios,
1291 1404 1388 1438 impios
1413 1411 1444 1430 ac
1464 1411 1532 1438 pene
1548 1404 1701 1438 stupendos
1714 1403 1748 1428 de
1766 1403 1861 1429 eodem

1072 1438 1119 1466 illo
1138 1439 1310 1466 matrimonio
1325 1446 1433 1466 errores
1447 1443 1582 1471 recenset,
1596 1446 1700 1473 eosque
1716 1438 1818 1464 evertit
1831 1444 1861 1463 ac

1071 1474 1204 1501 radicitus
1217 1479 1348 1508 atnputat.

1106 1519 1207 1547 Omnes
1218 1527 1298 1553 porro
1316 1519 1376 1545 illas
1393 1519 1583 1546 haarcticorunt
1601 1518 1688 1545 falsas
1703 1519 1861 1553 opiniones,

1072 1562 1119 1581 seu
1135 1556 1225 1588 potius
1248 1555 1404 1588 opinionum
1426 1558 1546 1580 monstra
1561 1559 1587 1580 et
1604 1560 1741 1588 portenta,
1761 1554 1796 1580 ad
1810 1554 1862 1580 duo

1072 1594 1177 1616 tantum
1191 1590 1281 1622 capita
1295 1589 1431 1623 redigit":
1449 1598 1459 1614 ‹
1477 1589 1528 1615 Aut
1540 1589 1624 1621 enim,
1641 1589 1729 1622 inquit
1748 1589 1806 1620 ille,
1819 1590 1865 1614 do-

1071 1629 1134 1652 cent
1151 1624 1336 1651 indill'erenter
1352 1624 1460 1657 vivere,
1478 1633 1488 1648 ι
1507 1623 1557 1650 hoc
1579 1629 1623 1651 est
1636 1644 1645 1656 ,
1665 1624 1730 1650 nihil
1758 1623 1786 1650 in
1812 1624 1862 1650 hoc

1072 1659 1172 1686 mundo
1184 1667 1243 1686 esse
1262 1659 1324 1686 boni
1341 1659 1381 1685 vel
1399 1659 1480 1690 mali,
1497 1657 1598 1684 nullttm
1613 1659 1718 1689 vitium.
1737 1658 1862 1685 nullam-

1073 1702 1126 1730 que
1139 1694 1277 1726 virtutem,
1295 1694 1341 1720 sed
1356 1694 1526 1730 omniaesse
1548 1692 1730 1730 indiﬂ'erentia
1748 1702 1757 1720 :
1782 1703 1792 1718 ε
1810 1694 1863 1719 Aut

1077 1728 1184 1756 modum
1211 1734 1356 1762 tonumque
1378 1729 1544 1755 excedentes
1567 1735 1616 1762 per
1635 1728 1807 1763 impietatem
1837 1733 1863 1754 et

1076 1765 1166 1791 odium
1183 1764 1343 1798 prolitentur
1356 1764 1562 1794 continentiam,
1587 1772 1596 1789 ι
1617 1771 1665 1798 per
1676 1763 1770 1789 odium
1787 1763 1861 1789 scili-

1076 1804 1120 1826 cet
1136 1799 1274 1826 Creatoris
1287 1818 1294 1830 ,
1311 1806 1389 1832 quem
1409 1799 1510 1824 malum
1527 1806 1588 1825 esse
1611 1798 1732 1832 opinati,
1749 1799 1862 1832 nuptias

1075 1842 1183 1868 quoqtte
1203 1834 1287 1860 ntalas
1306 1838 1333 1860 et
1356 1833 1493 1860 diabolum
1518 1841 1612 1860 earum
1637 1838 1780 1868 auctorem
1802 1840 1862 1859 esse

1075 1866 1158 1903 impie
1170 1870 1336 1904 garriebant.
1353 1868 1454 1895 Horum
1471 1873 1561 1894 autem
1574 1869 1696 1894 omnium
1712 1866 1807 1904 {utiles
1821 1875 1862 1893 ra-

1077 1904 1164 1930 tioaes
1192 1904 1334 1937 variasque
1367 1903 1555 1930 cavillationes
1591 1908 1666 1929 tanta
1702 1903 1862 1936 perspicui-

1076 1943 1132 1965 tate
1144 1939 1222 1965 diluit
1235 1946 1267 1965 ac
1280 1939 1406 1970 destruit,
1425 1943 1526 1972 quanta
1540 1938 1677 1965 soliditate
1688 1942 1720 1963 et
1736 1937 1862 1964 invictis-

1074 1974 1153 2035 (slimis
1177 1974 1312 2000 rationum
1336 1973 1479 2001 momentis
1498 1974 1602 2001 bonum
1624 1980 1684 2000 esse
1701 1972 1862 2007 conjugiuut

1093 2013 1249 2035 emonstrat.

1093 2013 1249 2036 emonstrat.

1108 2053 1143 2080 At
1153 2053 1259 2080 tametsi
1276 2053 1340 2080 illud
1352 2053 1452 2080 bonum
1467 2060 1528 2080 esse
1543 2052 1724 2080 invictissime
1734 2051 1861 2079 Clemens

1074 2088 1239 2123 probaverit,
1252 2089 1308 2122 ipse
1319 2088 1492 2115 nihilominus
1500 2089 1538 2114 ait
1550 2088 1560 2103 ⁵
1574 2096 1581 2115 :
1601 2097 1611 2113 ι
1630 2088 1724 2122 Neque
1737 2092 1782 2114 est
1796 2094 1861 2113 uxor

1075 2124 1195 2150 ducenda
1211 2123 1336 2156 cuilibet,
1354 2131 1441 2157 neque
1455 2130 1572 2157 semper,
1595 2123 1643 2149 sed
1665 2127 1775 2156 tempus
1796 2129 1861 2156 quo-

1076 2166 1128 2192 que
1144 2163 1195 2190 cst,
1210 2158 1236 2184 in
1256 2166 1309 2192 quo
1324 2159 1450 2185 convertit
1461 2178 1470 2192 ,
1485 2163 1512 2184 et
1527 2165 1641 2192 persona
1659 2159 1705 2184 cui
1722 2157 1859 2188 convenit,

1076 2198 1103 2220 et
1114 2199 1179 2219 aetas
1192 2194 1224 2219 ad
1240 2199 1343 2220 certum
1359 2201 1444 2227 usque
1457 2195 1613 2220 terminum.
1630 2192 1725 2226 Neque
1741 2199 1811 2226 ergo
1822 2197 1861 2227 est

1076 2229 1187 2254 cutlibet
1205 2236 1272 2254 uxor
1287 2226 1410 2261 qua-libet
1425 2229 1558 2260 ducenda,
1569 2235 1658 2262 neque
1673 2234 1801 2260 semper:
1818 2226 1861 2262 sed

1076 2269 1165 2296 neque
1181 2260 1334 2290 omnino’et
1349 2264 1520 2296 impudenter
1537 2271 1568 2290 ac
1580 2260 1693 2294 temere,
1709 2261 1757 2288 sed
1778 2262 1802 2288 ei
1818 2260 1859 2295 qui

1076 2297 1167 2330 aliquo
1181 2299 1260 2324 modo
1277 2305 1306 2324 se
1318 2298 1409 2330 habet,
1427 2303 1453 2324 et
1467 2297 1566 2332 qualis,
1579 2302 1608 2324 et
1620 2298 1730 2332 quando
1743 2300 1859 2332 oportet.

1075 2337 1102 2359 et
1116 2333 1263 2359 liberorum
1280 2334 1377 2367 gratia,
1392 2337 1419 2359 et
1430 2340 1460 2360 ea
1475 2330 1538 2366 quae
1550 2338 1592 2359 est
1605 2330 1774 2359 in’omnibu’s
1788 2330 1860 2357 simi-

1078 2367 1120 2397 lis,
1155 2372 1182 2393 et
1212 2375 1264 2393 non
1294 2369 1320 2394 vi
1349 2374 1396 2394 aut
1426 2368 1588 2394 necessitate
1610 2368 1698 2394 virum
1723 2371 1859 2392 amantem

1079 2401 1178 2437 diligit.
1200 2411 1210 2427 ι
1225 2401 1280 2429 Nec
1292 2403 1417 2429 omnibus
1431 2403 1577 2436 itaque,-ut
1588 2407 1664 2430 recte
1675 2402 1803 2429 Clemens
1817 2401 1859 2437 do-

1079 2435 1141 2468 cet;
1162 2444 1213 2464 nec
1237 2438 1311 2464 omni
1338 2443 1436 2470 astate,
1457 2435 1509 2464 nec
1530 2438 1654 2471 quolibet
1679 2441 1802 2469 tempore
1823 2435 1859 2461 iss

1080 2478 1122 2498 est
1136 2472 1204 2498 inire
1226 2473 1383 2507 conjttgium
1404 2479 1411 2504 ;
1438 2473 1486 2499 sed
1502 2480 1642 2507 personae,
1659 2473 1700 2498 cui
1718 2472 1784 2498 illud
1800 2478 1859 2507 con—_

1080 2507 1164 2536 venit,
1187 2507 1262 2540 cujus
1279 2504 1345 2535 tetas
1370 2508 1405 2534 sit
1430 2504 1556 2541 cortjugio
1573 2513 1681 2534 matura
1702 2512 1730 2533 et
1748 2512 1813 2539 apta
1829 2504 1859 2530 ad

1081 2542 1191 2574 liberos,
1210 2548 1240 2568 ut
1256 2544 1282 2569 in
1300 2543 1352 2569 alio
1368 2549 1450 2577 opere
1464 2542 1604 2575 dixerat“,
1620 2542 1819 2576 suseipiendos,
1832 2548 1859 2565 ac

1081 2578 1199 2611 denique
1213 2577 1330 2611 coujugii
1343 2582 1450 2611 tempus
1461 2577 1638 2611 seligendum.
1652 2577 1787 2603 l’razterea
1796 2583 1859 2611 uxor

1081 2609 1203 2638 ducenda
1226 2609 1308 2639 debet
1326 2614 1368 2644 ei,
1384 2609 1426 2638 cui
1441 2609 1554 2646 nuptura
1568 2617 1628 2644 est,
1649 2612 1776 2643 omnino,
1794 2609 1858 2637 uti

1083 2646 1173 2678 πάν-ει,
1188 2655 1197 2671 ι
1210 2647 1236 2673 in
1250 2647 1374 2674 omnibus
1389 2656 1399 2673 ι
1419 2654 1479 2675 esse
1495 2647 1602 2680 snnilis,
1612 2648 1735 2674 moribus
1747 2647 1855 2674 scilicet.

1207 2762 1217 2776 ¹
1231 2761 1352 2795 Origen.,
1368 2761 1444 2795 prter.
1465 2761 1490 2787 in
1505 2759 1590 2794 Epist.
1609 2759 1641 2786 ad
1653 2759 1746 2792 Rom.,
1759 2766 1786 2793 ρ.
1796 2757 1854 2795 296.

1344 2794 1375 2827 It,
1403 2805 1428 2823 c.
1449 2796 1474 2827 l,
1494 2802 1520 2828 p.
1543 2795 1603 2822 148.
1641 2795 1652 2807 ⁵
1675 2796 1777 2822 Strom.
1795 2794 1813 2821 Ι.
1828 2802 1853 2825 ιι,

1327 2832 1337 2846 ’⁴
1355 2833 1372 2859 l.
1390 2839 1426 2864 ιι,
1448 2839 1474 2866 p.
1489 2830 1550 2858 421.
1607 2831 1618 2847 ⁸
1633 2830 1683 2858 tib.
1702 2839 1720 2858 ιι
1744 2831 1853 2863 ι’κάηςη

1155 2797 1164 2812 ³
1190 2796 1272 2829 Ρεωη
1302 2797 1319 2823 Ι.
