1924 3072
82 160 155 188 M71

695 161 739 189 DE
759 160 869 188 LIBRIS
887 159 1112 188 STROMATUM.

1639 163 1707 191 H78

83 217 196 251 ingenio
203 218 416 253 etprofessione,
429 219 504 247 itaut
515 223 650 247 amantem
668 220 756 247 virum
775 224 873 254 sponte
888 221 912 249 A
961 218 1087 247 Secundo
1102 226 1155 246 non
1173 218 1208 246 ibi
1222 218 1347 246 Clemens
1359 218 1425 246 dicit
1440 219 1467 246 in
1481 220 1599 248 secundo
1610 223 1706 248 matri-

81 260 129 279 sua
149 253 281 281 redamct.

115 288 270 324 Celebralis
292 297 374 324 porro
399 289 519 324 nuptiis,
551 299 561 316 ‹
590 292 804 318 conservandum
828 295 871 317 est

80 323 297 355 matrimonium,
311 334 321 351 ι
333 325 479 352 Clementis
493 326 574 353 verba
590 331 654 353 sunt
666 327 698 358 ¹⁰,
718 335 727 351 ι
741 331 869 360 tanquam

80 365 157 396 sacra
174 363 276 392 statua,
293 360 421 396 mundum
435 361 469 386 ab
485 361 529 392 iis,
546 369 606 395 qua:
620 361 761 396 polluant;
776 365 870 394 utpote

80 393 128 426 qui
154 401 168 420 a
186 401 281 421 somno
301 395 408 428 quidem
422 393 644 430 expergiscantur
665 404 725 423 eum
745 397 869 429 Domino,

81 435 178 455 eamus
197 434 286 456 autem
301 430 446 457 dormitum
461 438 523 458 cum
540 431 692 466 gratiarum
709 432 828 464 actione,
842 435 870 458 et

80 471 192 491 oremus
206 473 213 491 Ζ

114 498 182 526 Cum
198 507 289 526 somno
302 500 431 536 indulges,
447 501 494 526 lua:
508 505 532 527 et
545 510 603 528 cum
625 502 731 535 fulserit
743 502 833 536 alma‘;

79 533 148 572 'i‘ota
162 541 263 572 nostra?
273 535 327 572 vita
344 533 488 563 Dominum
506 533 648 568 testantes,
666 538 795 571 pietatem
811 533 870 572 qui-

78 569 139 607 dem
156 578 190 597 ac
216 570 374 605 religionem
392 571 482 607 anima
502 569 690 605 possidentes,
714 569 869 607 temperan-

78 604 143 640 tiam
157 610 249 633 autem
267 604 353 640 usque
364 606 397 633 ad
413 614 512 640 corpus
526 607 699 635 deducentes.
715 617 724 633 ι

114 639 218 668 Deinde
246 639 489 678 ibidenrosleudit
513 649 593 678 quam
618 643 741 670 modeste
768 647 795 670 et
823 643 868 678 pie

78 681 148 701 uxor
158 683 189 702 se
205 683 300 713 gerere
314 676 423 708 debeat,
439 684 453 702 a
471 677 626 713 suspicione
638 683 664 704 et
680 678 805 713 crimine,
822 676 867 706 at-

78 715 130 746 que
140 712 219 746 omni
231 711 314 738 etiam
327 719 396 738 vano
412 710 606 746 superfluoque
619 713 693 740 cultu
708 710 806 745 aliena,
822 722 867 742 as-

76 743 162 784 siduis
174 747 300 779 precibus
314 754 414 773 vacans
426 754 433 778 ;
446 743 487 784 :ac
502 743 668 784 lida-domus
685 756 741 775 sua:
760 743 865 784 custos,

77 787 92 806 a
103 780 146 820 sui
164 787 275 815 aspectu
290 789 347 820 eos,
364 781 454 815 quoad
469 782 528 809 ﬁeri
543 788 644 817 potest,
660 780 799 818 excludat,
817 785 864 820 qui

77 814 180 850 adeam
197 814 253 842 non
269 814 420 850 pertinent.

111 849 285 888 Manifestum
297 851 358 878 alibi
368 852 388 867 ¹¹
399 859 509 886 quoque
520 853 586 880 facit
594 854 730 888 quomodo
739 859 862 882 sanctum

77 884 294 929 italiaque-possit
308 894 368 914 esse
384 884 555 929 ρριῇιιεὶιιιιιε
572 884 636 929 quid
649 889 774 929 uxori,_si
789 890 861 921 viro,
878 901 900 929 Β

77 925 105 946 ιιι
119 921 164 959 pie
179 922 274 959 vivat,
291 921 456 959 persuadere
467 921 626 959 nequiverit
638 944 646 956 ,
663 925 794 959 agendum
807 934 814 957 ;
835 930 862 953 et

77 956 177 994 tradita
190 960 225 994 ab
234 958 363 991 Apostolo
374 956 535 993 coniugibus
546 956 730 994 praicepta'ob
738 956 860 987 omnium

76 991 149 1024 ponit
162 992 268 1019 oculos.

109 1025 149 1064 Ad
180 1027 241 1064 hanc
257 1035 350 1064 vero:
368 1037 377 1054 ι
394 1028 461 1056 Eum
474 1049 482 1062 ,
511 1029 598 1063 inquit
615 1030 654 1061 η,
679 1029 724 1064 qui
748 1037 864 1064 uxorem

75 1060 150 1101 duxit
165 1063 380 1101 pro_liberorum
397 1060 597 1098 procreatio'ne,
611 1060 739 1093 exercere
750 1063 861 1100 oportet

77 1098 290 1134 continentiam;
307 1103 338 1126 ut
352 1106 384 1126 ne
395 1106 472 1126 suam
486 1100 594 1134 quidem
604 1098 781 1134 concupiscat
795 1109 861 1128 uxo-

75 1137 140 1169 rem,
156 1139 239 1166 quam
254 1133 335 1161 debet
348 1134 470 1169 diligere,
483 1133 596 1162 honesta
614 1140 640 1163 et
656 1133 795 1163 moderata
810 1143 860 1163 vo-

75 1165 177 1203 luptate
198 1175 311 1202 operam
326 1165 521 1197 dans'liberis.
541 1179 550 1195 ι
571 1169 753 1203 Quamobrem
768 1172 859 1199 divina

75 1200 130 1234 lege
143 1200 277 1230 statutum
291 1211 350 1231 esse
361 1205 460 1238 probat
469 1205 491 1221 ¹³
499 1200 620 1233 deberet
633 1206 707 1234 viros
718 1206 755 1233 uti
768 1207 861 1234 mode-

75 1241 131 1263 rate
138 1239 288 1276 uxoribus,
295 1244 321 1266 et
330 1244 439 1274 propter
449 1240 535 1268 solam
553 1241 701 1268 liberorum
711 1243 860 1276 susceptio-

74 1278 143 1312 pem.
163 1281 173 1298 ι
184 1273 247 1312 __Sed
263 1273 336 1301 illuni
356 1273 390 1312 de
403 1276 445 1302 his
459 1276 553 1303 eodem
568 1277 662 1312 modo,
677 1282 759 1312 atque
776 1273 858 1306 eiiam

74 1305 159 1335 fusius
175 1308 356 1337 disserentem
370 1310 425 1342 jam
441 1312 598 1338 audivimus
608 1311 640 1339 ιδ.

342 1355 538 1384 AliTlCULUS
560 1357 589 1384 ΙΙ.

74 1397 112 1426 De
128 1401 251 1428 secundi:
268 1403 382 1436 nuptiis,
396 1412 431 1430 an
453 1404 485 1430 de
505 1404 557 1430 illis
576 1410 643 1431 recte
660 1404 778 1433 Clemens
801 1415 860 1434 sen-

106 1438 178 1476 serit,
196 1441 222 1463 et
238 1437 270 1464 de
279 1439 493 1472 patriarcharum
508 1440 599 1466 veteris
615 1445 763 1468 testamentt
780 1443 859 1478 poly-

106 1479 205 1505 gamta.

105 1517 181 1557 Apud
202 1518 406 1557 Centuriatores
421 1520 493 1549 male
510 1522 588 1550 audit
609 1522 734 1550 Clemens
754 1529 857 1557 noster,

74 1552 303 1592 quod_secundas
332 1556 439 1589 nuptias
460 1557 601 1590 cujusdam
629 1552 854 1592 iinperfectionis,

74 1596 122 1628 rrec
138 1589 403 1629 siue_p_ecc_ato‘esse
417 1589 571 1629 tradiderit.
586 1589 733 1621 Viden-mus
747 1602 812 1629 ergo
822 1589 856 1622 an

74 1623 128 1657 iure
141 1624 190 1663 ve|_
203 1623 301 1663 iitju_ri_a
316 1625 351 1652 ab
367 1626 555 1662 illis,a|iisque
574 1628 677 1655 idcirco
693 1623 858 1663 corripiatur

74 1664 99 1684 et
113 1660 232 1693 vapulet.
249 1660 368 1687 Primum
387 1667 475 1689 autern
489 1660 615 1690 Clemens
629 1665 712 1691 citato
727 1674 740 1691 ιι
757 1660 858 1692 Centu-

75 1694 362 1734 riatoribus_librt)__tle
385 1697 480 1734 primis
493 1699 676 1734 secundisque
700 1701 799 1734 nuptiis
819 1701 855 1728 ita

74 1729 191 1768 decernit
206 1731 248 1757 ‘5:
270 1740 278 1756 ι
300 1729 517 1765 Monogamiam,
542 1738 570 1760 et
594 1729 655 1768 quin
677 1729 802 1762 consistit
829 1738 854 1763 in

75 1771 123 1805 tmo
136 1765 224 1805 solum
240 1768 413 1805 matrimonio
429 1765 610 1800 honestatem,
628 1771 795 1805 μονογαμίαν
809 1772 856 1799 καὶ

74 1800 118 1840 ἳῂν
139 1800 204 1836 περὶ
224 1801 269 1827 τὸν
290 1801 336 1828 ἕνα.
360 1802 448 1837 γάμον
477 1800 647 1840 σεμνότητά,
669 1800 853 1840 admiramur;

74 1833 190 1873 dicentes
205 1841 295 1873 tamen
312 1833 438 1872 Oportére
452 1833 569 1866 alioi-um
586 1833 726 1873 inisereri,
749 1846 775 1868 et
788 1833 855 1869 alte:

75 1875 129 1910 rum
160 1870 274 1910 alterius
298 1870 381 1910 onera
405 1879 529 1907 portare;
558 1882 591 1902 ne
615 1876 676 1910 quis
698 1870 760 1902 cum
779 1882 854 1904 recte

74 1908 143 1932 stare
159 1906 293 1943 videatur,
310 1908 367 1941 ipse
382 1906 491 1943 quoque
505 1912 594 1937 cadat.
612 1906 648 1938 lie
665 1912 791 1939 secundis
805 1921 854 1939 att-

74 1943 123 1981 tent
139 1942 259 1981 nuptiis:
280 1951 289 1967 ε
305 1943 332 1981 ξι
347 1942 453 1981 ιιιιιτίεζ
467 1944 556 1978 inqttit
570 1946 725 1980 Apostolus,
739 1946 854 1981 iungere

74 1977 254 2017 matrimonio.
275 1986 284 2002 ι
303 1977 371 2010 Quid
389 1985 481 2017 autem
494 1977 538 2017 ibi
550 2000 558 2011 ,
574 1977 644 2014 quod
662 1977 760 2008 divina:
780 1977 853 2017 Kpo-

74 2010 130 2036 stoli
153 2011 285 2038 doctrinae
300 2021 351 2039 non
376 2014 412 2040 sit
427 2015 537 2041 omnino
552 2010 722 2043 conveniens
740 2022 767 2043 et
789 2010 854 2044 con-

75 2047 252 2086 setttaneuttt?
274 2046 346 2074 Nihil
362 2054 444 2086 certe.
468 2050 501 2076 Et
520 2058 585 2077 vero
600 2052 710 2086 ipsemet
728 2051 853 2080 Clemens

75 2085 162 2119 postea
175 2082 396 2119 adhueostendit
414 2085 465 2112 hoc
477 2087 510 2112 ab
521 2082 616 2112 eodeni
627 2086 756 2119 Apostolo
769 2088 853 2115 fuisse

74 2116 245 2156 traditurus}
268 2117 482 2152 Monogamiam,
502 2121 540 2147 ait
567 2122 624 2156 ipse
638 2116 676 2153 “3,
703 2122 852 2150 introducit

73 2155 177 2187 propter
198 2152 345 2179 liberorum
364 2152 583 2187 procreationem
602 2161 628 2183 et
649 2157 745 2183 domtts
758 2165 850 2184 curam

73 2186 233 2225 gerendant,_
244 2188 277 2214 ad
290 2186 370 2222 quani
387 2189 450 2216 data
470 2195 511 2217 est
530 2191 626 2218 tnulier
639 2192 769 2225 adjntrix,
786 2198 812 2219 et
827 2194 850 2220 si

73 2221 110 2244 cui
125 2221 268 2261 Apostolus
290 2221 399 2261 propter
414 2225 651 2258 intemperantiam
667 2221 694 2254 et
715 2221 849 2255 ustionem

72 2261 100 2295 et
123 2259 200 2284 venia
222 2259 372 2285 secundum
397 2261 522 2288 concedit
549 2262 764 2289 matrimonium.
781 2262 848 2290 Nam

73 2288 115 2331 hic
128 2299 235 2331 quoque
249 2301 300 2331 non
318 2300 413 2327 peccat
426 2296 534 2329 quidem
553 2304 586 2323 ex
603 2288 777 2329 testamento,
795 2288 847 2325 non

72 2329 110 2351 est
128 2328 199 2353 enini
220 2335 255 2366 ex
279 2328 337 2363 lege
360 2328 518 2366 prohibitus
536 2340 544 2365 ;
567 2339 621 2358 non
647 2332 740 2366 implet
759 2337 847 2360 autem

72 2363 292 2400 Sununatqillatn
306 2364 512 2398 perfectionem,
528 2363 588 2400 qua:
604 2363 694 2400 agitur
710 2375 742 2394 ex
760 2368 850 2395 Evan-

73 2395 147 2435 gelio.
166 2406 175 2422 ›
193 2397 275 2436 Quid,
293 2395 407 2436 obsecro
423 2405 458 2434 te,
473 2395 510 2427 ad
523 2395 753 2436 falsamuduplicis
769 2411 848 2431 erro—

72 2434 106 2456 ris
130 2434 262 2459 maculam
278 2453 286 2466 ,
302 2434 433 2461 Clementi
460 2443 554 2464 nostro
574 2444 589 2463 a
612 2434 850 2467 Centurialoribus

73 2469 169 2505 temere
184 2468 297 2499 illatam,
315 2471 421 2503 penilus
437 2471 577 2498 eluendum
593 2472 635 2499 his
651 2473 741 2499 verbis
757 2474 849 2501 efﬁca-

71 2507 123 2541 cuts
139 2507 218 2536 atque
245 2505 402 2541 expressius
418 2506 568 2533 desiderari
591 2508 702 2541 potest?
727 2508 848 2536 Primum

71 2542 137 2563 ennn
149 2544 265 2571 quonam
277 2540 386 2566 clariori
403 2542 482 2567 modo
494 2541 571 2569 nobis
583 2540 740 2576 significare
755 2550 850 2572 auctor

71 2576 157 2614 noster
181 2578 290 2607 poterat
311 2576 451 2614 secundas
471 2577 578 2614 nuptias
603 2586 663 2605 esse
682 2587 691 2601 ε
712 2579 773 2606 sine
787 2587 850 2614 pec-

72 2612 138 2649 cem,
158 2616 168 2632 ι
186 2616 268 2648 quam
282 2617 341 2636 cum
359 2610 538 2649 disertissime
549 2613 647 2640 scribit
662 2613 723 2640 illas
734 2614 768 2641 ab
778 2610 851 2649 Apo-

71 2641 154 2682 stolo_,
179 2643 219 2682 sic
249 2651 284 2682 εις
311 2645 391 2682 venia
423 2647 535 2682 concedi
563 2656 570 2674 :
601 2653 630 2674 ut.
660 2649 706 2682 qtti
732 2641 852 2677 secundo

71 2678 238 2721 matrimonio
250 2698 258 2710 ,
272 2679 399 2721 esurépog
409 2681 508 2721 jépou
521 2701 528 2713 ,
550 2678 691 2718 illigatnr',
714 2681 791 2716 οὗτος
805 2685 854 2721 οὐχ

71 2710 253 2755 ᾖμαρτάιεςιη(
273 2715 297 2742 is
307 2710 363 2755 non
381 2710 464 2752 199'
475 2710 569 2752 peccat.
580 2710 616 2751 ;“’»
633 2710 852 2755 quandoquidem

72 2747 131 2775 illud
146 2748 218 2776 uuua
232 2749 291 2784 lege
306 2747 483 2779 iuterJiEtEui
499 2758 550 2782 est.

503 2823 614 2890 pi-sfifii
645 2824 769 2896 l.pl'tiii'

618 2881 644 2895 .,
681 2882 687 2888 .
762 2882 769 2890 .

107 2826 120 2856 ζν
136 2821 154 2846 l.
171 2829 201 2852 ιι,
213 2830 242 2856 p.
257 2821 319 2849 ω.
359 2823 379 2838 ¹¹
395 2823 415 2850 Ι.
430 2831 475 2856 tv,

73 2854 150 2892 filii).
165 2863 194 2883 ιιι
210 2854 328 2890 Strom.,
343 2865 406 2892 pag.
420 2854 483 2887 428.

73 2887 114 2916 lib.
129 2898 164 2923 ll,
184 2899 241 2927 cap.
259 2887 326 2928 uit.,
343 2887 446 2928 ΞΗ.

645 2825 666 2841 ¹¹
683 2824 701 2852 l.
720 2833 749 2853 lll
763 2847 770 2860 ,
783 2834 808 2862 p.
825 2827 886 2855 430.
927 2828 946 2844 "

662 2868 687 2890 ι).
708 2861 769 2890 461.
809 2863 828 2879 "
849 2872 875 2890 ι).
896 2863 946 2890 421

849 2872 875 2898 p.
896 2867 960 2891 4‘21.

925 255 1016 283 monio
1040 262 1102 281 esse
1123 261 1219 289 reapse
1238 255 1469 287 iniperfectionem
1486 260 1531 280 aut
1545 261 1704 290 peccatum;

922 291 968 318 sed
986 291 1030 324 qui
1049 290 1171 317 secundo
1195 290 1369 316 matrimonio
1391 289 1549 324 copulatur,
1566 290 1636 318 hunc
1652 299 1705 319 non

921 327 1055 358 attingere
1081 325 1296 361 commendatam
1321 325 1346 351 in
1376 324 1521 360 Evangelia
1550 333 1706 361 snpretnam

920 361 982 388 vita:
993 360 1155 387 Christiana:
1171 360 1377 394 perfectionem.

956 396 1125 432 Quapropter
1142 396 1190 432 ubi
1207 395 1524 432 matriinouiutnabillo,
1537 400 1565 422 ut
1577 395 1705 432 vidimus,

920 429 1046 458 deﬁnitur
1059 432 1079 447 ¹⁷
1096 440 1102 458 :
1119 439 1128 455 t
1148 429 1237 457 Prima
1253 431 1302 456 viri
1319 435 1345 456 et
1362 430 1485 457 mulieris
1501 431 1647 458 secundum
1664 429 1704 460 le;

920 474 980 501 gem
1000 466 1174 499 conjunctio;
1196 466 1266 502 invel
1284 465 1327 502 ubi
1345 467 1379 492 ab
1399 466 1456 499 ipso
1471 473 1578 499 quoque
1592 467 1703 502 scriptis

920 499 1050 528 traditum
1065 506 1104 527 est
1119 501 1160 526 ηε
1180 510 1189 526 ‹
1207 499 1397 534 Unusquisque
1418 506 1540 537 nostrum
1561 499 1703 537 habetpo—

919 541 1044 563 tcstalem
1061 536 1174 563 ducendi
1192 543 1315 567 uxorem,
1333 536 1480 562 secundum
1497 536 1593 570 legem,
1604 536 1628 563 in
1644 536 1702 571 pri-

919 572 989 604 mis,
1008 572 1118 605 inquatn
1130 592 1137 604 ,
1153 572 1269 605 nuptiis;
1292 580 1301 596 ι
1319 571 1360 598 vel
1380 571 1424 597 tibi
1441 572 1549 598 tandem
1572 578 1702 606 monoga-

919 607 1000 634 miam
1023 607 1056 633 ab
1074 614 1107 633 eo
1135 607 1234 633 dicitur
1255 607 1276 622 ιθ
1302 606 1430 632 constitui
1454 606 1576 640 Apostoli
1599 609 1702 640 verbis.

918 643 1018 676 quibus
1033 642 1152 672 mulieri,
1168 642 1227 668 viro
1241 649 1290 668 suo
1304 646 1422 672 mortuo,
1435 649 1530 668 rursus
1548 642 1572 668 in
1590 641 1703 671 Domino

917 677 1036 704 nubendi
1062 681 1222 712 potestatem
1247 676 1332 707 facit,
1353 677 1402 712 sed
1429 677 1451 703 si
1474 677 1552 703 vidua
1573 684 1701 711 perman-

917 713 1003 743 serit,
1030 711 1137 739 beatam
1169 712 1297 745 praedicat
1319 719 1325 742 ;
1353 711 1395 738 his
1420 712 1547 738 omnibus
1574 712 1700 746 loquendi

917 748 1004 774 modis
1026 747 1094 774 nihil
1123 747 1199 773 aliud
1232 747 1345 780 ipsemet
1376 746 1446 773 idem
1478 752 1575 774 auctor
1607 752 1700 777 noster

916 783 967 809 sibi
989 782 1085 814 voluit,
1106 783 1160 811 nisi
1185 782 1318 810 secundas
1333 782 1462 816 nuptias,
1479 787 1589 815 propter
1610 782 1700 810 homi-

916 818 959 844 nis
974 817 1210 849 iucontinentiam,
1230 816 1378 850 apostolica
1398 817 1561 851 indulgentia
1575 822 1604 844 et
1619 819 1700 846 venia

917 852 1001 880 fuisse
1023 853 1179 886 permissas,
1205 860 1306 886 easque
1328 852 1435 878 etiamsi
1458 860 1510 879 non
1531 854 1587 880 sint
1602 860 1699 887 pecca-

915 892 972 914 tum
989 908 997 920 ,
1026 888 1098 922 quod
1127 887 1236 921 quidem
1271 887 1306 914 ab
1332 887 1461 921 Apostolo
1494 888 1614 921 permitti
1644 897 1699 917 non

915 924 1016 958 potuit,
1034 928 1116 950 tantae
1132 928 1220 950 tamen
1237 931 1290 950 non
1306 929 1366 949 esse
1381 922 1554 956 perfectionis
1565 943 1573 956 ,
1589 929 1699 958 quanta

913 963 956 984 est
969 958 1118 990 viduitatis,
1129 958 1392 994 virginitatisque,et
1408 962 1510 985 sanctae
1525 959 1698 988 continentiae

913 997 1009 1021 status.

948 1029 983 1055 At
994 1033 1088 1056 contra
1106 1034 1194 1055 tamen
1211 1028 1334 1063 insurget
1345 1028 1453 1062 aliquis.
1470 1035 1520 1055 nec
1533 1028 1625 1064 aliqua
1638 1030 1698 1058 sine

913 1063 976 1091 elati
999 1065 1082 1091 animi
1109 1064 1311 1095 concitatione,
1334 1065 1413 1091 nobis
1428 1064 1542 1098 objiciet
1562 1063 1699 1098 ipsissima

912 1099 1063 1128 Clementis
1079 1101 1164 1126 nostri
1180 1099 1263 1125 verba
1274 1119 1282 1131 ,
1301 1099 1399 1132 quibus
1422 1099 1601 1127 disertissime
1624 1107 1700 1128 asse-

912 1134 967 1162 ruit
980 1143 1039 1161 eum
1055 1139 1109 1161 tam
1125 1134 1258 1161 catholico
1272 1134 1385 1166 sentire,
1398 1135 1442 1167 qui
1459 1134 1493 1161 ab
1508 1141 1562 1160 uno
1575 1135 1607 1162 ad
1621 1135 1697 1169 plura

912 1170 1086 1197 matrimonia
1109 1169 1308 1204 prolapsiouetu
1333 1169 1434 1196 dixerit
1461 1176 1521 1196 esse
1536 1169 1697 1197 fornicatio-

912 1212 983 1233 netn.
1000 1213 1081 1239 quam
1096 1205 1141 1232 ille
1161 1205 1303 1232 haereticus
1321 1209 1381 1236 est,
1399 1205 1445 1238 qui
1466 1204 1582 1238 primum
1604 1206 1698 1232 matri-

912 1241 1030 1266 monium
1049 1241 1255 1267 fornicationem
1272 1239 1364 1266 dicere
1386 1240 1494 1266 audeat.
1515 1240 1597 1273 Atqui
1611 1239 1698 1268 forni-

911 1275 983 1302 catio
1000 1276 1091 1310 procul
1109 1276 1192 1302 dubio
1208 1279 1249 1302 est
1267 1279 1418 1308 peceatum.
1433 1275 1503 1307 Ergo
1517 1278 1545 1301 et
1559 1276 1697 1309 secundae,

913 1314 995 1344 atque
1011 1319 1025 1336 ιι
1040 1311 1146 1337 fortiori
1166 1311 1226 1337 aliae
1241 1310 1367 1344 deinceps
1385 1310 1484 1344 nuptia:
1505 1310 1539 1337 ab
1556 1317 1590 1337 eo
1606 1311 1698 1345 reipsa

912 1345 1039 1372 dicuntur
1051 1353 1111 1373 esse
1127 1350 1279 1379 peccatum.

947 1381 1000 1408 Sed
1017 1386 1107 1407 utrum
1124 1378 1180 1407 haec
1193 1388 1258 1408 vera
1273 1379 1309 1406 sit
1328 1378 1476 1406 Clementis
1492 1387 1568 1407 mens
1584 1384 1609 1406 et
1635 1387 1696 1408 sen-

912 1417 1010 1448 tentia,
1026 1421 1056 1442 ut
1071 1417 1255 1450 dignoscatur,
1271 1415 1361 1441 omnia
1383 1414 1455 1441 illius
1476 1416 1556 1442 verba
1582 1415 1627 1443 hic
1649 1416 1697 1443 de-

911 1451 1054 1478 scribenda
1072 1456 1133 1478 sunt
1147 1460 1153 1476 :
1173 1460 1182 1477 (
1200 1452 1240 1478 Ad
1256 1457 1303 1477 eos
1319 1454 1421 1481 autetn,
1440 1450 1574 1483 inquit",
1590 1451 1696 1484 pudore

911 1486 1067 1514 alliciendos
1086 1491 1113 1513 et
1130 1486 1332 1519 reprimendos.
1352 1485 1398 1518 qui
1424 1491 1487 1512 sunt
1506 1485 1641 1519 proclives
1660 1486 1696 1513 ad

911 1522 1045 1548 secundas
1060 1522 1180 1556 nuptias,
1193 1527 1255 1556 apte
1267 1520 1414 1556 Apostolus
1428 1520 1483 1547 alto
1498 1522 1613 1554 quodatn
1633 1526 1697 1548 tono

910 1557 1057 1590 eloquitur.
1082 1555 1171 1591 luquit
1191 1555 1284 1583 enim:
1309 1555 1379 1581 Ecce
1403 1563 1483 1582 ounte
1496 1561 1635 1589 peccatum
1651 1561 1696 1583 est

909 1597 986 1619 extra
1002 1600 1102 1625 corpus
1123 1600 1131 1624 ;
1150 1593 1195 1626 qui
1216 1597 1305 1618 autem
1321 1591 1484 1621 fornicatur,
1507 1591 1533 1617 in
1555 1591 1695 1626 proprium

907 1635 1007 1662 corpus
1023 1632 1128 1662 peccat.
1144 1627 1171 1654 Si
1190 1627 1252 1661 quis
1271 1631 1362 1652 autem
1387 1626 1589 1662 matrimonium
1613 1627 1696 1654 audet

907 1661 999 1690 dicere
1024 1663 1251 1694 fornicationem,
1278 1668 1372 1688 rursus
1398 1661 1483 1694 legem
1507 1666 1535 1687 et
1551 1661 1695 1688 Dominum

908 1698 1055 1729 insectans,
1071 1698 1222 1724 maledictis
1240 1697 1355 1730 impetit.
1373 1696 1604 1729 Quemadmodum
1621 1697 1694 1723 enim

906 1734 1033 1765 avaritia,
1051 1738 1077 1760 et
1102 1733 1177 1767 plura
1198 1732 1314 1763 habendi
1331 1731 1466 1767 cupiditas
1482 1731 1582 1758 dicitur
1606 1732 1695 1758 forni-

905 1768 989 1801 catio,
1014 1773 1042 1795 ut
1066 1766 1126 1802 qua:
1150 1769 1312 1795 adversetur
1331 1766 1524 1802 sullieientim;
1550 1771 1577 1792 et
1591 1771 1621 1793 ut
1634 1767 1695 1793 ido-

905 1803 1015 1830 lolatria
1032 1801 1080 1830 est?
1099 1811 1130 1830 ex
1156 1810 1210 1830 uno
1234 1803 1260 1829 in
1283 1801 1383 1829 multos
1408 1801 1456 1828 Dei
1477 1801 1618 1829 altributio
1634 1809 1642 1833 ;
1657 1802 1695 1828 ita

905 1838 1051 1866 fornicatio
1073 1844 1115 1865 est
1141 1839 1174 1865 ab
1194 1845 1247 1865 uno
1274 1837 1449 1863 matrinionio
1472 1837 1506 1863 ad
1528 1838 1607 1871 plura
1630 1843 1696 1871 pro-

905 1874 1001 1908 lapsio.
1030 1884 1040 1900 ›
1072 1876 1108 1900 At
1136 1872 1364 1908 quomodoruti
1402 1871 1459 1908 jam
1488 1873 1623 1904 diximus,
1651 1879 1696 1899 se-

904 1907 1000 1936 cundm
1018 1910 1121 1943 nuptize
1141 1909 1175 1935 ab
1201 1907 1339 1942 Apostolo,
1365 1914 1397 1933 ac
1417 1907 1546 1942 deinceps
1571 1915 1585 1934 a
1601 1911 1695 1934 nostro

904 1944 1044 1972 Clemente
1057 1952 1090 1971 ex
1107 1943 1273 1978 indulgentia
1290 1943 1401 1969 concedi
1417 1947 1445 1968 et
1458 1943 1580 1978 permitti
1599 1947 1695 1978 potue—

904 1984 986 2012 runt,
1006 1980 1029 2006 si
1053 1986 1117 2006 vere
1139 1977 1194 2006 sint
1216 1978 1372 2010 fornicatio,
1397 1981 1424 2003 et
1447 1985 1479 2004 ea
1495 1977 1641 2004 fornicatio
1659 1977 1695 2004 sit

904 2015 1095 2052 peecatuttli_
1254 2049 1260 2052 _
1307 2048 1313 2052 Α
1464 2048 1514 2052 ___
1569 2048 1575 2052 .
1624 2047 1629 2052 .
1671 2046 1677 2052 .

939 2049 1144 2087 Attenteigitur
1156 2048 1414 2087 etpendendunLest
1425 2049 1488 2082 quid
1503 2048 1694 2087 fornicationis

903 2087 1014 2114 nomine
1027 2083 1153 2112 Cleinens
1174 2084 1347 2112 intellexerit.
1359 2084 1458 2110 Tribus
1469 2088 1572 2112 autem.
1583 2083 1620 2109 uti
1636 2083 1697 2115 ipse

903 2124 952 2153 ait,
968 2121 1056 2148 modis
1071 2119 1228 2150 fornicatio,
1245 2120 1299 2145 imo
1312 2124 1340 2146 et
1354 2119 1535 2149 adulterium,
1550 2117 1568 2152 ἦ
1579 2125 1609 2143 τε
1626 2125 1694 2153 trop-

902 2152 971 2188 νείὲι,
991 2157 1008 2192 ἦ
1024 2165 1054 2182 τε
1077 2154 1184 2192 μοιχείᾳ
1207 2154 1456 2192 apudAposlolum
1479 2153 1603 2180 stnnitur.
1624 2152 1692 2179 Nam

904 2189 1020 2219 avaritia
1037 2189 1146 2224 abripso
1162 2190 1307 2217 fornicatio
1327 2189 1498 2223 appellatur;
1520 2193 1612 2222 utpote
1632 2195 1693 2222 qua:

903 2227 1029 2264 opposita
1046 2227 1081 2253 sit
1095 2223 1258 2264 ῥιύταρκείᾳ,
1274 2232 1333 2259 qua:
1347 2230 1390 2251 est
1404 2225 1523 2255 habitus,
1543 2225 1579 2250 ita
1594 2223 1639 2250 ille
1652 2224 1693 2264 lo:

903 2261 995 2297 quitur
1009 2262 1044 2294 “,
1064 2271 1073 2287 ι
1094 2261 1127 2288 iis
1143 2262 1242 2295 quibus
1262 2265 1388 2297 oportet,
1412 2263 1620 2297 contentustet
1645 2261 1692 2293 qui

903 2294 990 2332 perse
1005 2297 1122 2332 acquirit
1139 2294 1181 2328 ea,
1191 2304 1251 2330 qum
1264 2297 1297 2332 ad
1311 2296 1417 2332 beatam
1427 2296 1510 2332 vitam
1519 2294 1689 2332 conferunt.»

904 2329 1028 2360 Secundo
1049 2329 1115 2359 dicit
1136 2329 1318 2358 idololatriam
1336 2330 1370 2357 ab
1380 2331 1474 2357 eodem
1498 2329 1627 2364 Apostolo
1643 2336 1692 2356 vo.

902 2369 958 2395 cari
976 2368 1186 2395 fornicationem
1199 2387 1206 2395 ,
1231 2367 1294 2400 quia
1315 2371 1356 2393 est
1385 2375 1393 2390 ι
1414 2372 1446 2391 ex
1472 2374 1524 2392 llltU
1543 2365 1568 2391 itt
1593 2364 1692 2400 multos

903 2404 949 2430 Dei
968 2403 1128 2429 altributio:
1149 2411 1159 2427 ι
1177 2399 1312 2436 εἰνεψιὶιι
1331 2409 1379 2427 nos
1394 2401 1428 2427 ab
1443 2408 1496 2427 ttno
1516 2405 1543 2427 et
1557 2407 1621 2427 vero
1634 2399 1692 2427 Deo

903 2443 1030 2464 avertens
1041 2458 1047 2469 ,
1063 2440 1095 2464 ad
1115 2437 1214 2463 tnttltos
1229 2441 1350 2471 adeoque
1365 2435 1447 2462 falsos
1462 2436 1527 2463 deos
1542 2436 1689 2462 convertit.

904 2474 1005 2501 Eadem
1033 2473 1123 2506 itaque
1150 2473 1253 2498 ratione
1276 2472 1402 2498 secunda:
1416 2477 1444 2497 et
1464 2472 1522 2498 alia:
1540 2471 1639 2505 nuptiae
1655 2471 1690 2497 ab

904 2510 950 2536 illo
971 2509 1079 2535 tertium
1104 2516 1135 2534 ac
1159 2509 1247 2534 simile
1268 2507 1459 2534 fornicationis
1478 2514 1563 2540 genus
1576 2513 1636 2533 esse
1648 2506 1690 2533 di-

905 2549 1003 2572 cuntur
1017 2552 1024 2576 ;
1039 2544 1166 2578 qnouiatn
1185 2543 1323 2568 hominem
1339 2542 1373 2568 ab
1388 2550 1419 2568 ea
1435 2543 1615 2578 perfectione,
1630 2549 1690 2576 quae

905 2580 934 2606 in
958 2577 1055 2614 primo
1066 2578 1241 2605 matrimonio
1263 2582 1321 2609 est,
1336 2582 1445 2611 propter
1469 2577 1555 2612 ipsius
1573 2578 1690 2604 inconti-

905 2616 1037 2645 nentiam,
1055 2614 1193 2641 abducunt.
1210 2621 1242 2639 ac
1257 2617 1407 2640 removent.
1708 2616 1710 2620 '

943 2652 1076 2678 Cteterum
1087 2649 1213 2682 quamvis
1221 2648 1346 2675 Clemens
1359 2648 1494 2676 secundas
1509 2653 1589 2684 atque
1601 2656 1616 2674 a
1633 2647 1690 2675 for-

907 2687 970 2715 tiori
998 2685 1066 2712 alias
1090 2685 1218 2718 deinceps
1241 2683 1349 2718 nuptias
1376 2689 1468 2718 aperte
1489 2683 1628 2718 cujusdam
1646 2684 1707 2710 ar-’

907 2726 1002 2758 gueret
1018 2720 1242 2758 itttperl'ectioliis,
1257 2726 1271 2745 a
1287 2719 1404 2754 pluriutn
1427 2725 1516 2758 tamen
1532 2718 1689 2758 antiquissi-
1710 2739 1713 2743 .

907 2754 1013 2785 inorum
1036 2754 1165 2783 Ecclesiae
1178 2754 1290 2782 Patrqu
1318 2763 1373 2783 noti
1397 2756 1534 2783 recederet
1549 2754 1688 2790 opinione.

1701 2796 1705 2817 l

1204 2826 1225 2842 ’³
1242 2827 1354 2855 Dissert.
1373 2835 1483 2861 super.,
1497 2834 1523 2854 c.
1537 2827 1570 2857 5,
1587 2831 1639 2853 art.
1658 2827 1685 2854 5.

927 2828 948 2844 "
963 2827 1040 2860 ibid.,
1058 2834 1083 2862 p.
1100 2826 1164 2854 456.
1204 2826 1225 2842 ’⁵
1242 2827 1354 2855 Dissert.
1373 2835 1483 2861 super.,
1497 2834 1523 2854 c.
1537 2827 1570 2857 5,
1587 2831 1639 2853 art.
1658 2827 1685 2854 5.

927 2863 960 2891 ll.
999 2863 1019 2878 ”
1034 2872 1060 2897 ιι.
1075 2863 1138 2890 457.
1179 2863 1199 2878 ¹³
1216 2869 1243 2897 p.
1260 2862 1322 2890 459.
1376 2863 1399 2878 ²⁰
1415 2870 1442 2897 p.
1459 2862 1521 2890 464.
1560 2861 1581 2878 ¹¹
1600 2861 1686 2896 Pard,

999 2863 1019 2878 η
1034 2872 1060 2898 ιι.
1075 2863 1138 2890 457.
