1924 3072
216 145 285 174 “79

552 145 587 173 IN
602 145 816 176 CLEMENTEM
833 133 936 174 ALEX.
957 146 989 174 D.
1011 145 1054 173 LE
1074 145 1217 173 NOURRY
1238 143 1465 174 DlSSERTATlO
1484 145 1516 172 ll.

1783 145 1851 174 μω

215 205 249 232 de
272 212 324 240 qua
342 211 392 232 nos
411 209 477 232 tom.
508 205 528 232 ll
546 206 672 240 Apparut.
686 228 694 238 ,
713 206 821 233 dissert.
837 206 854 232 5
867 226 874 238 ,
891 213 951 239 cap.
967 205 983 232 5
997 226 1004 237 ,
1021 207 1041 235 Α
1057 205 1155 232 mirum
1168 204 1308 240 Mosaica),
1319 209 1349 231 ut
1361 205 1492 239 reprimat
1503 203 1536 231 ad
1545 203 1611 240 vitia
1624 202 1848 239 propensionem,

215 240 269 275 ξι.
285 240 338 267 Sed
351 244 449 274 praeter
465 241 568 275 multos
579 249 594 267 a
611 241 691 268 nobis
707 241 761 268 illic
777 241 900 268 laudatos
912 261 919 271 .
937 241 1005 268 alios

215 274 230 302 ἐι
242 275 379 303 Cotelerio
393 275 420 302 in
435 276 492 303 suis
507 276 540 302 ad
555 274 676 303 Pastoris
696 277 794 303 librum
808 275 1006 304 observationi-

214 310 278 339 bus.
293 318 356 345 pag.
371 310 416 343 64,
434 311 520 338 adhuc
538 311 636 338 citatos
650 311 782 339 invenies.

253 345 516 382 Clementemporro
533 346 566 373 de
580 347 709 374 secundis
724 351 784 380 post
799 346 923 382 conjugis
937 354 1005 373 mor-

216 385 270 408 tem
285 381 387 415 nuptiis
404 381 588 415 disputantem
606 382 737 408 hactenus
755 381 918 409 audivimus.
935 382 1004 415 Quid

216 421 307 443 autem
320 416 364 443 ille
377 416 412 443 de
425 416 525 443 veteris
540 417 695 444 testamenti
712 417 941 451 patriarcharum,
958 418 1003 451 qui

216 451 307 488 plures
320 451 399 488 simul
415 458 516 488 uxores
532 451 676 488 habebant.
692 452 857 488 polygantia,
869 453 1003 484 docuerit,

215 486 332 512 strictim
347 486 424 520 juvat
449 487 591 521 attingere.
615 486 729 514 Fatetur
752 486 842 515 autem
859 488 944 520 illaut,
964 493 1005 514 ta-

216 521 295 548 metsi
309 521 476 557 Christianis
504 522 616 548 outttiuo
638 523 720 550 vetita
742 523 798 554 sit,
823 522 896 557 justa
913 528 1003 550 tamen

215 563 298 583 causa
323 555 408 592 fuisse
431 557 594 590 patriarcbis
617 557 668 584 illis
689 557 724 583 ab
739 555 856 592 ipsumet
872 557 926 585 Deo
939 566 1005 585 con-

215 598 331 627 cessam.
353 600 362 617 ι
382 591 457 618 Tunc
482 592 553 619 enim
567 611 576 624 ,
599 592 685 626 inquit
704 593 747 621 ille
760 594 782 609 ¹²
795 613 802 625 ,
829 594 855 620 id
878 594 1004 627 erigebat

215 625 296 663 Deus,
310 627 419 663 quando
435 628 578 663 Oportebat
592 625 676 662 genus
692 629 841 656 ltuutanum
859 625 954 663 augeri
977 634 1004 655 et

215 661 400 695 multiplicari.
420 671 429 687 ι
451 663 486 689 De
502 661 658 689 Abraltamo
671 669 759 690 autem
777 661 937 690 nominatim
954 671 1002 690 eo-

214 695 275 722 dem
293 697 371 729 plane
386 698 464 723 tnodo
479 698 637 731 pronuntiat
649 698 691 725 ":
711 707 721 724 ‹
740 699 777 725 Ex
798 699 885 725 tribus
909 699 1002 725 uxori-

215 731 267 767 bus
283 731 382 759 liberos
399 737 567 765 susceperat,
581 740 633 759 non
651 738 679 759 ut
696 733 835 761 frueretur
852 734 1002 767 voluptate.

214 766 349 804 sedquod
363 772 496 804 speraret,
511 772 538 804 ut
553 772 628 804 puto,
643 769 669 794 in
684 769 817 803 principio
834 766 922 804 genus
934 769 1002 795 inul-

213 800 349 836 tiplicare.
367 811 377 827 t
394 802 479 835 Quam
494 800 602 836 quidem
618 800 809 836 ratio-nemini
825 800 937 831 minime
951 805 1002 830 du-

214 835 299 871 biant,
316 844 348 863 ac
362 838 473 864 omnino
486 835 588 864 certam
615 838 718 871 profert
733 840 893 866 Ambrosius
909 840 943 869 ⁵³,
960 839 1003 865 fu-

1053 240 1131 274 jubet
1145 242 1179 267 de
1192 240 1281 267 medio
1296 240 1353 267 tolli
1371 247 1444 272 eam,
1457 246 1518 273 qua
1534 239 1705 274 adulterata,
1721 244 1752 266 et
1775 241 1849 268 adut-

1057 275 1118 302 terii
1133 275 1218 305 fuerit
1230 275 1353 302 convicta
1368 282 1376 308 ;
1392 275 1434 302 sin
1449 278 1540 301 autem
1564 273 1652 302 fuerit
1668 281 1743 301 uxor
1757 282 1849 303 sacer-

1056 310 1138 342 dotis,
1151 310 1227 344 jubet
1238 318 1298 336 eam
1311 310 1364 344 igni
1382 309 1475 337 tradi?
1489 309 1622 336 Obruitur
1635 315 1729 344 autem
1746 310 1851 339 adulter

1055 352 1164 385 quoque
1177 343 1331 385 lapidibus,
1344 345 1392 373 sed
1409 353 1462 385 non
1479 344 1617 385 in_eodem
1634 343 1708 376 loco,
1719 351 1763 385 _ne
1778 353 1850 375 mors

1055 381 1164 414 quidem
1190 379 1225 408 sit
1249 381 1289 408 eis
1319 380 1482 408 communis.
1507 380 1600 414 Neque
1624 387 1692 406 vero
1719 379 1766 407 lex
1791 390 1849 410 cum

1055 415 1203 450 Evangelio
1219 419 1339 450 pugnat,
1358 415 1407 443 sed
1427 416 1452 442 ei
1469 414 1626 447 consentit;
1651 414 1750 450 quidni
1766 417 1848 448 enim,

1055 458 1116 478 cum
1131 449 1168 477 sit
1181 449 1323 485 utriusque
1337 450 1524 485 suppeditator
1533 449 1684 477 Dominus?
1695 449 1766 483 Quae
1781 452 1849 479 enim

1055 491 1098 513 est
1111 486 1256 516 fornicata.
1271 485 1338 513 vivit
1351 486 1461 520 quidem
1473 489 1597 520 peccato,
1612 486 1660 512 sed
1682 490 1798 512 mortua
1812 493 1851 514 est

1055 521 1189 548 mandatis
1203 530 1211 552 ;
1228 528 1288 556 qua!
1302 525 1392 548 autem
1407 521 1489 548 ducta
1505 525 1547 548 est
1560 520 1739 556 penitentia,
1752 526 1783 548 ttt
1793 529 1851 556 quat

1055 558 1092 583 sit
1109 561 1269 591 regenerata
1286 563 1335 591 per
1349 556 1412 583 vitae
1428 555 1769 591 conversionemtbabet
1790 555 1851 585 vita

1054 590 1183 626 regenéra
1189 592 1301 624 tionem,
1313 596 1420 618 mortua
1431 591 1540 625 quidem
1553 596 1645 618 vetere
1657 590 1850 626 fornicatrice,

1055 626 1082 653 in
1097 627 1180 654 vitam
1195 632 1284 654 autem
1303 634 1398 654 rursus
1414 626 1535 661 ingressa
1550 633 1598 659 ea,
1616 633 1679 660 quae
1700 630 1745 653 est
1760 628 1850 661 genita

1073 669 1102 689 er
1117 662 1316 696 paenitentiam.
1331 670 1341 687 t
1357 660 1470 688 Planuin
1483 662 1519 688 ibi
1534 660 1660 688 Clemens
1674 661 1744 688 facit
1762 660 1789 688 in
1803 663 1852 690 hoc

1064 705 1140 730 egctn
1155 702 1277 725 veterem
1291 704 1353 724 cum
1369 697 1526 731 evangelica
1543 697 1720 728 consentire,
1737 702 1770 723 ut
1783 706 1850 724 uxor

1054 732 1181 759 adulterii
1203 733 1330 760 convicta
1353 732 1386 759 de
1410 733 1498 759 medio
1523 731 1646 758 tollatur.
1662 731 1724 759 Lex
1749 733 1851 767 quippe

1053 767 1218 800 vetusjubet
1233 775 1294 794 eain
1308 767 1387 794 obrui
1403 767 1555 802 lapidibus,
1568 771 1615 793 aut
1628 767 1651 793 si
1665 774 1742 793 uxor
1756 769 1794 794 sit
1807 776 1851 795 sa-

1053 803 1189 835 cerdotis,
1211 803 1274 837 igne
1293 801 1497 830 comburi.'Lex
1514 809 1578 829 vero
1594 802 1764 836 evangelica
1779 804 1850 830 illam

1054 837 1191 865 ntattdatis
1210 842 1239 865 ct
1253 838 1316 865 vita:
1331 837 1465 872 spirituali
1482 841 1615 864 mortuatn
1640 837 1781 865 declarat.
1799 839 1850 866 Sed

214 870 326 909 eiusque
339 873 467 905 explicat.
482 872 598 909 Videsis,
612 870 633 900 si
653 874 741 906 placet
756 880 783 900 et
798 880 886 906 vacat,
903 883 964 909 qua:
977 875 1003 900 in
1021 878 1042 905 Β
1057 873 1115 909 haec
1129 881 1196 900 nova
1212 870 1441 909 lex,rquaa'veteri
1458 872 1536 909 longe
1551 871 1706 909 plurimum
1722 880 1851 901 mansue-

214 906 335 944 ejusdent
357 908 492 944 Ambrosii
520 907 604 935 libros
619 909 823 936 ειιὺιιυωνίιηυς
834 929 841 941 ,
856 916 882 936 et
896 906 956 944 qua:
972 911 1004 936 de

212 941 563 980 A_bralta_mialiorumque
595 945 812 980 patriarcharum
849 941 1001 980 poligamia

213 976 329 1011 theologi
346 977 500 1004 scholastici
514 976 538 1004 tu
552 986 578 1004 tv
591 978 723 1011 Sen!enl.,
735 976 857 1006 distinct:
871 976 958 1011 ὖὸξθι
975 980 1002 1006 iit

212 1011 244 1038 Ι).
258 1011 356 1039 Thom.
371 1013 505 1046 supplent.
516 1019 612 1046 quaest.
629 1014 674 1044 65,
691 1020 745 1041 art.
759 1017 791 1046 2,
814 1016 1000 1049 disputarunt.

475 1059 673 1088 AltTlCULUS
695 1061 738 1089 Ill.

265 1102 305 1130 De
319 1106 480 1132 matrimonii
494 1106 595 1133 vinculo
613 1115 748 1142 nunquam
770 1108 948 1136 dissolvendo.

247 1149 334 1183 Quam
350 1156 454 1178 arctum
468 1158 495 1179 et
512 1153 700 1181 indissolubilc
714 1155 750 1182 sit
765 1156 932 1183 matrimonii
947 1156 1004 1183 vin-

211 1185 303 1212 euluut
315 1186 357 1213 his
368 1186 495 1224 Clemens
504 1194 596 1215 noster
610 1190 728 1224 explicat
739 1191 831 1217 vernis
841 1191 883 1217 ":
900 1201 908 1217 ι
926 1191 1001 1224 Quod

211 1222 455 1260 autetn_cousuluit
473 1222 615 1258 Scriptura
641 1222 754 1252 uxorem
771 1226 871 1253 ducere
884 1246 891 1258 ,
905 1222 1002 1254 cfnec

211 1262 226 1281 a
256 1257 381 1290 conjugio
406 1260 687 1296 unquaut__pertnittit
713 1257 888 1293 discedere,
909 1261 996 1296 lcgem

210 1295 304 1324 aperte
329 1292 495 1331 constituit:
520 1293 714 1331 Nondimittes
736 1292 872 1331 uxorem,
889 1292 1001 1331 prtitor-

210 1332 292 1359 qttant
317 1331 427 1361 propter
462 1327 681 1357 fornicationem.
712 1327 999 1359 Adulterium-autent

210 1360 355 1401 existimat
366 1360 490 1401 conjungi
506 1365 690 1401 matrimonio,
707 1366 768 1392 vivo
780 1366 866 1392 altero
878 1375 910 1394 ex
923 1375 1001 1401 sepa-

210 1396 290 1423 ratis.
310 1405 320 1421 ι
339 1396 421 1424 Docet
436 1396 526 1430 itaque
542 1400 678 1427 nentinent
691 1401 724 1427 ad
747 1401 893 1428 ineundum
910 1396 1001 1430 matri-

210 1431 330 1470 monium
348 1432 400 1459 ulla
417 1433 565 1470 Scripturte
583 1434 641 1470 lege
656 1436 769 1470 astringi
786 1444 793 1467 ;
812 1436 859 1463 sed
876 1437 919 1464 ubi
947 1438 1000 1465 itii-

211 1469 267 1492 tunt
283 1470 334 1498 est,
353 1469 528 1508 ti_t_nc_coujux
550 1469 641 1497 divina
658 1471 716 1506 lege
731 1469 839 1499 tenetur
855 1472 998 1508 coniugem

209 1508 347 1535 nunquam
361 1503 506 1531 dimittere.

1060 908 1152 935 tudine
1166 907 1486 944 antecellitkadulteram
1506 907 1623 944 interﬁci
1639 915 1696 934 non
1713 910 1849 944 pmcipit,

1056 947 1085 970 ut
1099 944 1178 979 detur
1191 943 1242 978 ipsi
1266 942 1539 979 pmnitendiﬂlocus,
1551 950 1584 979 ac
1599 943 1712 979 sincera
1732 942 1850 979 veraque

1055 978 1213 1012 poenitentia
1230 979 1263 1005 ad
1279 979 1362 1005 vitam
1382 978 1487 1005 scilicet
1500 978 1672 1013 spiritualem
1692 978 1847 1007 revocetur.

1054 1013 1118 1040 Post
1132 1017 1220 1041 actam
1235 1021 1316 1048 porro
1330 1013 1442 1041 sceleris
1452 1013 1493 1040 sui
1508 1013 1702 1047 ptenitentiam
1714 1015 1751 1040 ad
1764 1016 1848 1041 virum

1054 1056 1133 1075 suum
1150 1047 1260 1079 reverti,
1276 1054 1303 1076 et
1318 1049 1352 1075 ab
1369 1049 1426 1083 ipso
1441 1048 1539 1082 suscipi
1555 1053 1657 1082 potest.
1672 1047 1736 1076 Non
1757 1051 1848 1077 existi-

1055 1085 1139 1111 mavit
1154 1091 1219 1119 ergo
1235 1084 1359 1112 Clemens
1374 1083 1576 1119 matrimonium
1596 1083 1741 1111 adulterio
1756 1086 1792 1111 ita
1807 1086 1848 1111 di-

1054 1119 1127 1151 riuti,
1150 1123 1179 1146 ut
1190 1118 1320 1146 secundo
1334 1123 1428 1152 postea
1445 1118 1571 1153 conjugio
1592 1119 1679 1146 etiant
1705 1119 1845 1147 innocenti

1054 1154 1163 1190 conjugi
1177 1154 1298 1188 copulari
1321 1154 1363 1181 fas
1387 1153 1480 1181 fuerit.
1494 1153 1616 1190 Alteram
1632 1154 1710 1181 enittt
1735 1163 1846 1181 uxorem

1053 1190 1075 1217 si
1092 1189 1282 1222 vir’duxisset,
1297 1196 1351 1217 non
1372 1190 1467 1224 utique
1481 1189 1616 1224 potuisset
1630 1190 1754 1223 amplius
1769 1191 1843 1224 prio-

1053 1232 1110 1252 rem
1135 1225 1285 1252 adulteram
1310 1224 1459 1259 recipere;
1479 1232 1560 1259 quant
1589 1229 1683 1251 tamen
1699 1230 1846 1259 postquam

1053 1260 1242 1293 paenitentiam
1258 1260 1329 1294 egit,
1351 1260 1387 1286 ab
1407 1260 1465 1294 ipso
1482 1259 1687 1295 suscipiendam
1704 1268 1769 1288 esse
1787 1260 1847 1288 Cle-

1052 1302 1130 1323 nteus
1150 1296 1322 1323 testificatur.

1087 1330 1143 1358 Nec
1157 1336 1199 1358 est
1220 1338 1297 1361 sane.
1316 1331 1387 1365 quod
1405 1331 1466 1366 quis
1479 1329 1558 1358 nobis
1568 1329 1684 1365 objiciat
1699 1329 1844 1363 Clementi,

1051 1370 1079 1393 et
1092 1366 1292 1401 antiquissimis
1307 1366 1433 1394 Ecclesiae
1447 1366 1586 1397 Patribus,
1595 1366 1707 1399 penitus
1722 1366 1846 1401 incogni-

1052 1406 1105 1428 tam
1124 1400 1208 1428 fuisse
1220 1402 1402 1436 excogitatam
1414 1410 1428 1428 a
1444 1401 1617 1429 scholasticis
1632 1401 1773 1436 theologis
1790 1410 1846 1427 uta—

1050 1436 1172 1464 trimouii
1193 1437 1281 1471 quoad
1307 1442 1395 1464 torum
1422 1441 1449 1464 et
1471 1436 1560 1471 quoad
1581 1437 1723 1462 vinculum
1739 1436 1847 1470 disjuu-

1050 1471 1182 1498 ctionem.
1198 1471 1237 1499 Ex
1267 1471 1382 1506 ipsemet
1400 1470 1534 1506 siquidem
1556 1470 1689 1505 Apostolo
1713 1472 1755 1498 sic
1773 1473 1846 1498 illam

1050 1507 1177 1534 Clemens
1186 1507 1311 1541 probavit
1320 1507 1359 1534 ’δι
1376 1515 1386 1532 t
1400 1507 1475 1540 Quod
1488 1514 1521 1533 cx
1536 1513 1672 1533 consensu
1686 1506 1721 1533 ad
1734 1512 1846 1541 tempus

248 1535 346 1577 verum
359 1538 468 1578 quidem
483 1544 542 1578 est,
559 1540 684 1578 inquiunt
696 1541 780 1576 aliqui
791 1562 798 1574 ,
811 1543 996 1571 arctissimum
1012 1549 1033 1578 ο
1050 1542 1169 1578 orationi
1184 1535 1263 1578 vacat
1276 1535 1443 1578 conjugiuin,
1458 1541 1583 1569 doctrina
1598 1545 1640 1568 est
1653 1535 1844 1569 continendae.

208 1570 333 1612 coniugii
348 1570 541 1612 vinculunribi:
551 1583 565 1601 a
580 1570 722 1612 Clemente
737 1570 907 1612 sttttitttttpcre
921 1570 997 1606 com;

210 1607 394 1649 tuendarum
409 1610 471 1649 quia
488 1610 586 1649 ibidem
603 1611 702 1645 adjecit
717 1612 787 1649 πλὴν
804 1614 828 1640 εἰ
844 1607 881 1649 μὴ
900 1616 947 1641 ὲπὶ
959 1615 998 1641 λό-

208 1649 251 1684 γῳ
264 1642 402 1684 πορνείαξγ
413 1644 474 1684 inde
485 1645 615 1684 colligere
629 1642 658 1674 se
671 1655 750 1684 posse
760 1642 855 1682 putaui
864 1642 997 1678 Clementi

210 1683 370 1717 persuasum
386 1680 469 1706 fuisse
495 1680 548 1717 hoc
572 1682 642 1709 idem
664 1680 830 1709 ιίιςιιτὶιῐιοηίἰ
859 1685 995 1713 vinculum

210 1711 460 1755 adulterionrevera
477 1719 505 1741 et
522 1716 651 1755 dissolvi,
675 1722 702 1743 et
728 1718 865 1755 innocenti
888 1711 994 1755 conjitgi

208 1745 320 1787 licuisse
333 1747 491 1788 ali_ud,_cutn
502 1750 598 1788 vellet,
612 1745 680 1778 inire
696 1745 915 1781 matrimonium.
924 1745 998 1788 σὰὃᾷ

209 1783 282 1822 circa
300 1783 372 1816 quod
386 1785 666 1822 subnectitClemens
682 1788 842 1815 adulterium
869 1783 947 1822 esse:
957 1783 997 1818 vi-

209 1820 296 1856 vente
308 1824 433 1852 conjuge,
452 1820 628 1856 matrimonio
642 1823 773 1856 copulari,
789 1823 825 1850 ibi
841 1825 915 1851 aittnt
931 1820 996 1854 sub-

208 1852 308 1891 audiri,
326 1859 439 1891 excepta
465 1854 655 1884 fornicationis
670 1852 751 1885 causa
788 1860 822 1886 ob
840 1867 900 1886 cam
922 1852 995 1889 enim

208 1885 294 1927 spiam
322 1885 470 1916 secundum
485 1911 492 1920 ,
509 1891 616 1927 vivente
640 1885 776 1927 conjuge;
792 1885 994 1924 matritttodiuiii

208 1919 400 1966 lifitutnﬁesse
422 1919 550 1966 putavit:
568 1935 623 1961 qua
644 1919 754 1962 quide‘itt

208 1961 280 1983 esset
294 1961 379 1991 reipsa
394 1961 568 1988 adulterium.

244 1991 296 2033 Sed
313 2000 438 2033 veremur
454 2003 494 2033 ne
514 1996 540 2033 hi
562 1997 711 2026 Clementis
735 2005 853 2028 mentem
875 2004 993 2030 assecuti

208 2033 261 2070 non
276 2028 469 2070 maritandum
480 2031 566 2064 enim,
575 2041 678 2070 quaeso,
688 2035 751 2069 quid
764 2042 856 2070 postea
874 2028 995 2066 ilies‘ub;

208 2063 346 2106 texuit
365 2073 374 2089 t
389 2065 443 2106 'Qui
459 2063 563 2106 'auteut
584 2063 724 2106 diutissain
750 2063 849 2106 accipit
869 2063 992 2105 uxorem,

207 2097 498 2141 ttimchatur.'ittquit_:
514 2102 542 2128 Si
558 2103 618 2137 quis
632 2104 704 2141 enim
720 2097 855 2133 diutisérit

207 2133 360 2176 moechatur
374 2135 469 2176 ipsam,
480 2133 589 2176 l_tpc_est
616 2139 688 2173 cogit
702 2147 762 2166 eam
779 2133 992 2171 inuechal'itﬁd‘ti

206 2168 294 2208 solum
311 2168 400 2196 autem
413 2172 459 2209 qui
479 2171 592 2209 dimisit,
606 2168 721 2207 estvejus
735 2168 828 2209 causa,
845 2179 891 2204 sed
904 2168 990 2206 etiam

1049 1577 1156 1612 Adjecit
1179 1577 1252 1604 enim
1275 1577 1340 1604 illud
1362 1578 1490 1612 quidem,
1504 1585 1537 1604 ex
1554 1583 1689 1604 consensu
1702 1597 1710 1608 ,
1728 1584 1767 1604 ne
1784 1578 1847 1611 quis

1050 1611 1211 1640 dissolveret
1225 1611 1439 1640 matrimonium.
1452 1612 1493 1639 Ad
1512 1617 1618 1646 tempus
1634 1616 1739 1644 autem,
1759 1620 1797 1638 ne
1812 1620 1846 1639 ex

1049 1647 1214 1675 necessitate
1230 1655 1362 1675 exercens
1379 1647 1576 1675 continentiam
1598 1647 1641 1679 is,
1663 1647 1710 1681 qui
1728 1655 1845 1674 uxorem

1049 1683 1167 1714 duxerit,
1179 1682 1327 1717 aliquando
1338 1683 1443 1709 labatur
1457 1683 1483 1709 in
1498 1688 1654 1716 peccatum,
1667 1687 1698 1708 ut
1710 1683 1758 1717 qui
1775 1683 1804 1709 in
1820 1683 1846 1709 id

1049 1719 1170 1749 incidat,
1197 1722 1226 1744 ut
1242 1725 1292 1745 suo
1306 1719 1416 1752 quidem
1440 1717 1566 1752 conjugio
1585 1722 1682 1752 parcat
1694 1736 1703 1749 ,
1720 1717 1845 1744 alienum

1048 1759 1138 1780 autem
1154 1753 1342 1788 concupiscat.
1362 1763 1372 1780 ι
1390 1752 1496 1780 Nemini
1512 1752 1636 1786 profecto
1650 1753 1767 1780 dubiutn
1784 1760 1847 1780 esse

1048 1793 1138 1824 potest
1155 1788 1323 1816 Clementem
1350 1788 1387 1815 ibi
1413 1788 1488 1824 loqui
1505 1789 1539 1815 de
1559 1788 1724 1822 conjugibus
1750 1789 1844 1822 quoad

1048 1829 1137 1852 t0rum
1161 1824 1312 1855 duntaxat,
1336 1828 1364 1851 et
1376 1824 1410 1851 ad
1436 1823 1545 1857 aliquod
1567 1824 1698 1857 temporis
1710 1824 1844 1857 spatium,

1048 1865 1077 1886 ut
1091 1859 1207 1886 orationi
1219 1859 1327 1886 facilius
1341 1864 1482 1892 vacarent,
1498 1867 1512 1884 a
1526 1866 1556 1885 se
1572 1860 1691 1885 invicem
1708 1866 1844 1892 separan-

1048 1895 1101 1922 dis.
1116 1894 1151 1921 At
1167 1902 1228 1922 cum
1247 1894 1337 1925 addit,
1355 1902 1365 1920 t
1385 1901 1417 1921 ex
1433 1901 1570 1921 consettsu
1581 1914 1590 1927 ,
1605 1902 1615 1918 t
1634 1894 1767 1920 nimirum
1786 1902 1845 1920 tnu—

1050 1934 1095 1957 tuo
1108 1952 1115 1963 ,
1135 1939 1145 1955 σ
1163 1937 1197 1956 ne
1214 1930 1277 1964 quis
1299 1929 1460 1956 dissolveret
1482 1929 1687 1956 matrimonium
1700 1949 1708 1962 ,
1732 1938 1742 1954 ι
1767 1930 1843 1956 aliud

1047 1965 1166 1992 ostendit
1180 1971 1240 1991 esse
1255 1965 1420 1996 divortium,
1435 1971 1488 1998 quo
1511 1964 1679 1990 matrimonii
1697 1964 1842 1990 vinculum

1046 2002 1154 2035 penitus
1168 2000 1329 2027 dissolvitur
1341 2007 1373 2027 ac
1384 2000 1530 2026 dirimitur.
1544 1999 1613 2026 illud
1626 2006 1719 2033 porro,
1729 2000 1843 2026 vivente

1046 2034 1170 2070 conjuge,
1186 2035 1254 2062 solvi
1270 2035 1381 2062 ontnino
1394 2042 1427 2062 ac
1440 2034 1530 2061 dirimi
1542 2041 1664 2070 unquam
1678 2041 1762 2067 posse
1773 2035 1841 2061 satis

1045 2069 1140 2105 aperte
1159 2070 1285 2097 Clemens
1304 2070 1441 2097 inliciatus
1463 2075 1514 2097 est.
1540 2069 1641 2097 Eadem
1666 2076 1780 2104 quoque
1801 2075 1842 2096 est

1045 2106 1180 2133 sententia
1190 2105 1363 2137 Tertulliani,
1375 2106 1422 2140 qui
1434 2105 1467 2131 ad
1479 2112 1592 2132 uxorem
1601 2112 1680 2132 suam
1693 2105 1792 2132 scribit
1802 2106 1839 2132 ²¹;

1048 2150 1058 2167 ι
1077 2141 1149 2174 Quot
1162 2147 1235 2173 sunt,
1245 2141 1291 2176 qui
1308 2142 1400 2168 statim
1416 2149 1430 2166 a
1447 2140 1555 2167 lavacro
1567 2147 1679 2176 carnem
1695 2147 1777 2167 suam
1793 2141 1841 2167 ob—

1044 2176 1176 2211 signant?
1190 2176 1261 2208 Quot
1275 2177 1351 2207 item,
1361 2175 1407 2210 qui
1425 2182 1559 2211 consettsu
1576 2176 1634 2210 pari
1653 2175 1727 2203 inter
1738 2184 1772 2204 se
1787 2185 1840 2202 uta-

205 2206 330 2248 qzuineaut
351 2206 474 2246 suscipit,
493 2208 615 2240 prathens
636 2209 744 2248 mulieri
764 2206 893 2245 peccandi
911 2221 988 2241 occa-
1007 2221 1029 2248 υ
1046 2206 1165 2239 ιτῖιηυηίἰ
1180 2206 1320 2248 debitum
1339 2206 1456 2248 tollunt?
1478 2206 1647 2248 Volunt-ariis
1669 2211 1838 2248 spadonibus

206 2240 309 2265 siautem
322 2240 470 2280 ;"S'i_eltl_ln
495 2249 548 2268 non
573 2244 714 2278 suscipiat,
729 2240 879 2274 revertetur
900 2249 933 2275 ad
948 2250 990 2276 vi-

206 2280 278 2315 rum.
296 2282 306 2299 t
325 2275 534 2315 Quid,_obse_crq
551 2282 587 2310 te,
607 2275 677 2315 haec
689 2275 740 2307 sibi
765 2281 878 2309 volunt?
895 2275 990 2312 Nonne

205 2307 332 2349 Clemens
348 2309 385 2349 ibi
401 2307 727 2349 disertissinte'signiftcat
748 2307 990 2346 matrimonii-viii:

204 2343 297 2369 culutn
311 2344 399 2382 etiam
415 2345 497 2381 200
520 2343 631 2382 propter
646 2343 855 2380 fornicationem
863 2343 926 2381 1313}.
936 2343 987 2382 ita

204 2385 266 2418 esse
277 2378 396 2406 solutum
407 2378 442 2418 nit
451 2378 576 2410 Iit—missas
597 2384 701 2412 mulieri
723 2378 803 2415 liceat
814 2378 990 2418 'aite’iﬁiié

204 2413 317 2443 nubere.
333 2420 379 2457 aut
404 2416 432 2457 in
453 2420 627 2457 ltleI‘ettluflb
652 2420 739 2448 altero
763 2413 991 2457 accipir'lﬁ‘NotiI-te

203 2450 434 2493 expressetradit
451 2450 551 2493 forent
567 2453 623 2493 illa,
637 2456 659 2482 si
676 2457 742 2493 nulli
757 2450 891 2493 nupserit,
905 2450 993 2487 adnvi;

204 2489 264 2525 rum
287 2490 439 2525 revertatur
493 2486 551 2515 Hoc
577 2489 660 2523 igitur
681 2486 802 2520 divortio'
827 2486 896 2521 nihil
919 2496 992 2523 aliud

202 2516 511 2563 Eleinensntntisilsolani
539 2516 633 2552 uxouris
655 2534 669 2552 a

203 2556 278 2598 ξῙΪξν
295 2559 334 2598 Ψῄ
348 2556 462 2598 ¹¹¹θοίοβὶ
473 2592 477 2597 _
488 2557 645 2598 lo(linuntur,
661 2556 815 2596 conjugum'
837 2565 926 2598 quoad
939 2556 993 2593 ilo;

205 2595 338 2649 :lil‘lllgiliiron
351 2593 440 2625 quoad
454 2593 590 2621 vinculum
606 2593 807 2631 separationeut
821 2593 989 2628 intellexisse

279 2632 321 2651 ur.

239 2658 272 2685 Et
297 2666 325 2686 re
349 2661 459 2698 quidem
486 2663 544 2696 ipsa
568 2665 640 2692 hunc
663 2673 724 2694 esse
740 2667 885 2696 Clementis
903 2671 988 2698 nostri

201 2700 310 2735 sensum
326 2701 357 2721 ea
374 2697 472 2735 adhuc,
483 2705 543 2735 qua:
556 2701 770 2735 subsequuntur,
784 2704 855 2731 haud
872 2697 989 2733 obscure

202 2729 398 2761 demonstrant.
415 2729 506 2767 Pergit
524 2735 597 2762 enitn
609 2736 630 2751 ³⁷
647 2729 654 2764 Ξ
672 2746 680 2762 ι
702 2729 772 2771 Quid
785 2729 855 2766 vero
870 2729 989 2776 ié'x'iﬁil

274 2799 376 2843 Sirena:
393 2800 412 2827 Ι.
428 2809 482 2843 εει...
496 2810 526 2843 'p_.
541 2806 624 2843 sbi.“
639 2807 668 2843 7“
687 2807 704 2836 l.
723 2816 761 2840 ιι,
778 2817 804 2843 p.
825 2810 887 2838 495.

203 2831 222 2870 ι,
239 2840 270 2867 ιι,
286 2841 313 2868 ρ.
326 2835 390 2865 tat.
428 2837 452 2852 ἰ
466 2831 532 2868 ibid.
548 2831 674 2870 etiam.

201 2867 310 2897 dissert.
326 2871 353 2906 ι,
367 2877 418 2901 art.
434 2873 479 2901 24.

925 2812 948 2827 ’⁸
963 2812 1089 2840 Ambros.
1100 2832 1108 2845 ,
1127 2812 1145 2839 l.
1163 2820 1169 2838 l
1186 2813 1219 2838 de
1235 2811 1349 2843 Abrah.,
1364 2818 1389 2838 c.
1405 2811 1437 2843 4,
1454 2810 1532 2846 ξὲι,
1545 2819 1572 2846 p.
1585 2810 1650 2840 291.

713 2845 735 2860 ³⁸
751 2846 853 2873 b'tt'ont.
870 2847 888 2875 l.
907 2855 948 2882 in,
965 2855 992 2883 p.
1005 2849 1066 2877 458.

1044 2255 1092 2282 pro
1106 2247 1254 2282 cupiditate
1271 2246 1388 2282 cgelesti,
1402 2246 1478 2272 salvo
1491 2246 1679 2278 matrimonio,
1694 2246 1838 2274 abstinen-

1045 2284 1080 2309 tia
1098 2282 1239 2310 toleratur.
1260 2292 1269 2308 t
1287 2281 1382 2309 Eidem
1395 2282 1538 2308 sententiae
1555 2282 1675 2309 maximo
1690 2289 1758 2308 sane
1771 2290 1839 2309 con-

1043 2325 1125 2345 sensu
1158 2316 1343 2352 suﬁ‘ragantur
1375 2321 1403 2343 et
1432 2316 1477 2342 alii
1511 2316 1626 2349 Patres,
1649 2324 1719 2351 quos
1747 2317 1777 2344 in
1809 2325 1837 2345 re

1045 2352 1200 2380 certissima
1214 2351 1372 2381 nominibus
1384 2351 1521 2387 appellare
1531 2352 1589 2379 suis
1601 2359 1836 2387 supervacaneum

1044 2388 1181 2416 duximus.

1079 2423 1166 2451 Porro
1179 2428 1269 2451 autem
1290 2430 1352 2450 cum
1368 2430 1402 2449 ex
1418 2422 1548 2457 Apostolo
1564 2421 1691 2450 Clemens
1712 2422 1835 2450 docuerit

1044 2460 1175 2493 conjuges
1187 2466 1266 2493 posse
1281 2458 1390 2493 quidem
1404 2465 1419 2485 a
1433 2466 1463 2485 se
1477 2458 1594 2484 invicem
1608 2459 1643 2484 ad
1664 2463 1773 2492 tempus
1790 2467 1832 2486 se-

1044 2495 1146 2528 parari,
1158 2496 1204 2521 sed
1221 2499 1327 2521 tantum
1339 2501 1372 2521 ex
1388 2498 1483 2520 tnutuo
1500 2501 1509 2518 (
1523 2500 1672 2525 consensu,
1686 2503 1696 2519 ›
1714 2494 1834 2520 δηίωυώ

1045 2534 1129 2560 verte,
1147 2537 1255 2564 quaeso,
1268 2537 1301 2555 an
1315 2529 1378 2555 inde
1392 2528 1453 2563 jure
1470 2529 1568 2555 uterito
1583 2529 1669 2563 possit
1686 2529 1778 2564 colligi
1795 2537 1834 2556 so-

1045 2565 1099 2592 lam
1115 2564 1305 2592 fornicationis
1317 2571 1427 2591 causam
1447 2564 1480 2590 ad
1498 2571 1612 2591 uxorem
1631 2566 1832 2599 quomodocuu-

1044 2607 1098 2635 quc
1123 2599 1311 2627 dimittendum
1341 2599 1368 2625 in
1393 2599 1547 2635 Evangelio
1570 2600 1631 2627 ideo
1662 2601 1829 2631 memorari;

1043 2634 1107 2670 quia
1131 2635 1166 2662 ob
1193 2642 1252 2662 cant
1270 2634 1355 2661 solam
1375 2634 1417 2661 vir
1438 2641 1552 2662 uxorem
1571 2641 1674 2668 suam,
1697 2635 1829 2667 adulterii,

1043 2669 1129 2702 ream,
1142 2670 1224 2698 etiam
1237 2670 1443 2702 reclamantem,
1462 2669 1574 2697 invitatu
1592 2674 1620 2697 et
1636 2676 1829 2705 repugnantem

1044 2706 1181 2733 dimittere
1195 2710 1310 2740 poterat.
1325 2705 1379 2732 Sed
1391 2705 1424 2733 de
1433 2707 1484 2732 hac
1495 2705 1646 2739 quaestione
1660 2706 1726 2733 alibi
1739 2706 1829 2740 dispu-

1043 2743 1161 2769 tavitnus
1173 2741 1207 2768 ".

1696 2811 1719 2827 ”
1731 2811 1826 2839 Stront.

1105 2848 1127 2864 ¹⁹
1142 2847 1256 2881 'l'ettul.,
1276 2846 1292 2873 l.
1311 2847 1372 2875 IAd
1385 2854 1475 2881 uxor.,
1486 2857 1511 2875 ς.
1528 2849 1553 2874 ti.
1593 2846 1616 2864 '°
1630 2848 1678 2876 lib.
1694 2855 1702 2874 l
1717 2848 1824 2883 Appar.,
