  <div class='ocr_page' id='page_1' title='image "/cluster/home/n/w/nwhite01/storage/ocr_20150623/9/njp.32101077772398/718.png"; bbox 0 0 1924 3072; ppageno 0'>
   <div class='ocr_carea' id='block_1_1' title="bbox 45 158 109 187">
    <p class='ocr_par' dir='ltr' id='par_1_1' title="bbox 45 158 109 187">
     <span class='ocr_line' id='line_1_1' title="bbox 45 158 109 187; baseline 0.031 -2"><span class='ocrx_word' id='word_1_1' title='bbox 45 158 109 187; x_wconf 84' lang='grc'><strong>1181</strong></span> 
     </span>
    </p>
   </div>
   <div class='ocr_carea' id='block_1_2' title="bbox 308 218 567 248">
    <p class='ocr_par' dir='ltr' id='par_1_2' title="bbox 308 218 567 248">
     <span class='ocr_line' id='line_1_2' title="bbox 308 218 567 248; baseline 0.008 -2"><span class='ocrx_word' id='word_1_2' title='bbox 308 218 507 248; x_wconf 71' lang='grc' dir='ltr'>Αιιτιειιιυε</span> <span class='ocrx_word' id='word_1_3' title='bbox 522 221 567 248; x_wconf 84' lang='lat' dir='ltr'><strong>1V.</strong></span> 
     </span>
    </p>
   </div>
   <div class='ocr_carea' id='block_1_3' title="bbox 62 269 812 338">
    <p class='ocr_par' dir='ltr' id='par_1_3' title="bbox 62 269 812 338">
     <span class='ocr_line' id='line_1_3' title="bbox 62 269 812 338; baseline 0.005 -36"><span class='ocrx_word' id='word_1_4' title='bbox 62 276 99 302; x_wconf 77' lang='lat' dir='ltr'><strong>De</strong></span> <span class='ocrx_word' id='word_1_5' title='bbox 126 282 250 311; x_wconf 77' lang='lat' dir='ltr'><strong>perpetuo</strong></span> <span class='ocrx_word' id='word_1_6' title='bbox 271 277 479 338; x_wconf 59' lang='lat' dir='ltr'><strong>uirginitatis‘u</strong></span> <span class='ocrx_word' id='word_1_7' title='bbox 504 277 670 305; x_wconf 72' lang='lat' dir='ltr'><strong>continentia:</strong></span> <span class='ocrx_word' id='word_1_8' title='bbox 697 269 768 305; x_wconf 71' lang='lat' dir='ltr'><strong>staiu</strong></span> <span class='ocrx_word' id='word_1_9' title='bbox 786 284 812 306; x_wconf 79' lang='lat' dir='ltr'><strong>et</strong></span> 
     </span>
     <span class='ocr_line' id='line_1_4' title="bbox 401 320 468 338; baseline 0 0"><span class='ocrx_word' id='word_1_10' title='bbox 401 321 430 338; x_wconf 84' lang='grc' dir='ltr'>υο</span> <span class='ocrx_word' id='word_1_11' title='bbox 443 320 468 338; x_wconf 89' lang='grc' dir='ltr'>ο.</span> 
     </span>
    </p>
   </div>
   <div class='ocr_carea' id='block_1_4' title="bbox 401 320 468 339">
    <p class='ocr_par' dir='ltr' id='par_1_4' title="bbox 401 320 468 339">
     <span class='ocr_line' id='line_1_5' title="bbox 401 320 468 339; baseline -0.015 0"><span class='ocrx_word' id='word_1_12' title='bbox 401 320 468 339; x_wconf 84' lang='grc' dir='ltr'>υοιο.</span> 
     </span>
    </p>
   </div>
   <div class='ocr_carea' id='block_1_5' title="bbox 79 357 828 393">
    <p class='ocr_par' dir='ltr' id='par_1_5' title="bbox 79 357 828 393">
     <span class='ocr_line' id='line_1_6' title="bbox 79 357 828 393; baseline 0.004 -8"><span class='ocrx_word' id='word_1_13' title='bbox 79 357 220 393; x_wconf 57' lang='lat' dir='ltr'><strong>Perpetua</strong></span> <span class='ocrx_word' id='word_1_14' title='bbox 235 358 407 385; x_wconf 64' lang='lat' dir='ltr'><strong>continentiae</strong></span> <span class='ocrx_word' id='word_1_15' title='bbox 423 362 452 384; x_wconf 90' lang='lat' dir='ltr'><strong>et</strong></span> <span class='ocrx_word' id='word_1_16' title='bbox 475 358 610 386; x_wconf 83' lang='lat' dir='ltr'><strong>castitatis</strong></span> <span class='ocrx_word' id='word_1_17' title='bbox 635 366 667 385; x_wconf 89' lang='lat' dir='ltr'><strong>ac</strong></span> <span class='ocrx_word' id='word_1_18' title='bbox 685 359 828 388; x_wconf 66' lang='lat' dir='ltr'><strong>caelibatus</strong></span> 
     </span>
    </p>
   </div>
   <div class='ocr_carea' id='block_1_6' title="bbox 45 393 828 430">
    <p class='ocr_par' dir='ltr' id='par_1_6' title="bbox 45 393 828 430">
     <span class='ocr_line' id='line_1_7' title="bbox 45 393 828 430; baseline 0.003 -10"><span class='ocrx_word' id='word_1_19' title='bbox 45 398 144 420; x_wconf 84' lang='lat' dir='ltr'><strong>statum</strong></span> <span class='ocrx_word' id='word_1_20' title='bbox 161 401 214 420; x_wconf 90' lang='lat' dir='ltr'><strong>non</strong></span> <span class='ocrx_word' id='word_1_21' title='bbox 230 393 320 420; x_wconf 89' lang='lat' dir='ltr'><strong>minus</strong></span> <span class='ocrx_word' id='word_1_22' title='bbox 334 401 414 430; x_wconf 80' lang='lat' dir='ltr'><strong>quam</strong></span> <span class='ocrx_word' id='word_1_23' title='bbox 428 394 766 430; x_wconf 79' lang='lat' dir='ltr'><strong>matrimoniumClemens</strong></span> <span class='ocrx_word' id='word_1_24' title='bbox 780 403 828 430; x_wconf 89' lang='lat' dir='ltr'><strong>ap-</strong></span> 
     </span>
    </p>
   </div>
   <div class='ocr_carea' id='block_1_7' title="bbox 45 427 828 462">
    <p class='ocr_par' dir='ltr' id='par_1_7' title="bbox 45 427 828 462">
     <span class='ocr_line' id='line_1_8' title="bbox 45 427 828 462; baseline 0.005 -10"><span class='ocrx_word' id='word_1_25' title='bbox 45 430 142 462; x_wconf 85' lang='lat' dir='ltr'><strong>probat</strong></span> <span class='ocrx_word' id='word_1_26' title='bbox 155 433 183 455; x_wconf 91' lang='lat' dir='ltr'><strong>et</strong></span> <span class='ocrx_word' id='word_1_27' title='bbox 200 430 379 454; x_wconf 82' lang='lat' dir='ltr'><strong>commendat.</strong></span> <span class='ocrx_word' id='word_1_28' title='bbox 394 427 452 455; x_wconf 83' lang='lat' dir='ltr'><strong>Jam</strong></span> <span class='ocrx_word' id='word_1_29' title='bbox 467 429 539 455; x_wconf 90' lang='lat' dir='ltr'><strong>enim</strong></span> <span class='ocrx_word' id='word_1_30' title='bbox 556 429 590 454; x_wconf 88' lang='lat' dir='ltr'><strong>ab</strong></span> <span class='ocrx_word' id='word_1_31' title='bbox 609 429 654 455; x_wconf 90' lang='lat' dir='ltr'><strong>illo</strong></span> <span class='ocrx_word' id='word_1_32' title='bbox 677 427 828 456; x_wconf 76' lang='lat' dir='ltr'><strong>audivimus</strong></span> 
     </span>
    </p>
   </div>
   <div class='ocr_carea' id='block_1_8' title="bbox 45 463 828 497">
    <p class='ocr_par' dir='ltr' id='par_1_8' title="bbox 45 463 828 497">
     <span class='ocr_line' id='line_1_9' title="bbox 45 463 828 497; baseline 0.003 -8"><span class='ocrx_word' id='word_1_33' title='bbox 45 464 250 490; x_wconf 90' lang='lat' dir='ltr'><strong>matrimonium</strong></span> <span class='ocrx_word' id='word_1_34' title='bbox 267 463 415 497; x_wconf 70' lang='lat' dir='ltr'><strong>Scriptum</strong></span> <span class='ocrx_word' id='word_1_35' title='bbox 430 471 515 490; x_wconf 67' lang='lat' dir='ltr'><strong>sacra:</strong></span> <span class='ocrx_word' id='word_1_36' title='bbox 535 464 701 491; x_wconf 88' lang='lat' dir='ltr'><strong>auctoritate</strong></span> <span class='ocrx_word' id='word_1_37' title='bbox 713 465 828 491; x_wconf 83' lang='lat' dir='ltr'><strong>consuli.</strong></span> 
     </span>
    </p>
   </div>
   <div class='ocr_carea' id='block_1_9' title="bbox 44 498 828 534">
    <p class='ocr_par' dir='ltr' id='par_1_9' title="bbox 44 498 828 534">
     <span class='ocr_line' id='line_1_10' title="bbox 44 498 828 534; baseline 0.001 -10"><span class='ocrx_word' id='word_1_38' title='bbox 44 499 78 524; x_wconf 78' lang='lat' dir='ltr'><strong>At</strong></span> <span class='ocrx_word' id='word_1_39' title='bbox 95 499 117 525; x_wconf 90' lang='lat' dir='ltr'><strong>si</strong></span> <span class='ocrx_word' id='word_1_40' title='bbox 139 499 173 534; x_wconf 78' lang='lat' dir='ltr'><strong>ab</strong></span> <span class='ocrx_word' id='word_1_41' title='bbox 188 498 242 534; x_wconf 80' lang='lat' dir='ltr'><strong>illa</strong></span> <span class='ocrx_word' id='word_1_42' title='bbox 254 501 356 534; x_wconf 82' lang='lat' dir='ltr'><strong>tantum</strong></span> <span class='ocrx_word' id='word_1_43' title='bbox 372 498 521 525; x_wconf 69' lang='lat' dir='ltr'><strong>consulitur</strong></span> <span class='ocrx_word' id='word_1_44' title='bbox 541 503 569 524; x_wconf 87' lang='lat' dir='ltr'><strong>et</strong></span> <span class='ocrx_word' id='word_1_45' title='bbox 587 506 639 525; x_wconf 92' lang='lat' dir='ltr'><strong>non</strong></span> <span class='ocrx_word' id='word_1_46' title='bbox 663 500 828 534; x_wconf 70' lang='lat' dir='ltr'><strong>prazcipitur,</strong></span> 
     </span>
    </p>
   </div>
   <div class='ocr_carea' id='block_1_10' title="bbox 45 533 829 569">
    <p class='ocr_par' dir='ltr' id='par_1_10' title="bbox 45 533 829 569">
     <span class='ocr_line' id='line_1_11' title="bbox 45 533 829 569; baseline 0.003 -10"><span class='ocrx_word' id='word_1_47' title='bbox 45 533 207 569; x_wconf 17' lang='lat' dir='ltr'><strong>nonrminus</strong></span> <span class='ocrx_word' id='word_1_48' title='bbox 219 533 385 567; x_wconf 68' lang='lat' dir='ltr'><strong>virginitatis</strong></span> <span class='ocrx_word' id='word_1_49' title='bbox 397 538 425 560; x_wconf 84' lang='lat' dir='ltr'><strong>et</strong></span> <span class='ocrx_word' id='word_1_50' title='bbox 446 534 588 560; x_wconf 56' lang='lat' dir='ltr'><strong>caelibatus</strong></span> <span class='ocrx_word' id='word_1_51' title='bbox 612 541 692 568; x_wconf 85' lang='lat' dir='ltr'><strong>quant</strong></span> <span class='ocrx_word' id='word_1_52' title='bbox 710 533 829 569; x_wconf 81' lang='lat' dir='ltr'><strong>conjugii</strong></span> 
     </span>
    </p>
   </div>
   <div class='ocr_carea' id='block_1_11' title="bbox 47 568 829 603">
    <p class='ocr_par' dir='ltr' id='par_1_11' title="bbox 47 568 829 603">
     <span class='ocr_line' id='line_1_12' title="bbox 47 568 829 603; baseline 0.003 -9"><span class='ocrx_word' id='word_1_53' title='bbox 47 568 243 602; x_wconf 76' lang='lat' dir='ltr'><strong>professionem</strong></span> <span class='ocrx_word' id='word_1_54' title='bbox 261 569 385 602; x_wconf 90' lang='lat' dir='ltr'><strong>amplecti</strong></span> <span class='ocrx_word' id='word_1_55' title='bbox 404 569 515 595; x_wconf 89' lang='lat' dir='ltr'><strong>cuilibet</strong></span> <span class='ocrx_word' id='word_1_56' title='bbox 538 569 673 603; x_wconf 81' lang='lat' dir='ltr'><strong>integrum</strong></span> <span class='ocrx_word' id='word_1_57' title='bbox 700 568 829 603; x_wconf 85' lang='lat' dir='ltr'><strong>piumque</strong></span> 
     </span>
    </p>
   </div>
   <div class='ocr_carea' id='block_1_12' title="bbox 46 603 828 638">
    <p class='ocr_par' dir='ltr' id='par_1_12' title="bbox 46 603 828 638">
     <span class='ocr_line' id='line_1_13' title="bbox 46 603 828 638; baseline 0 -9"><span class='ocrx_word' id='word_1_58' title='bbox 46 608 96 630; x_wconf 85' lang='lat' dir='ltr'><strong>est.</strong></span> <span class='ocrx_word' id='word_1_59' title='bbox 109 604 163 630; x_wconf 82' lang='lat' dir='ltr'><strong>Sed</strong></span> <span class='ocrx_word' id='word_1_60' title='bbox 181 603 347 634; x_wconf 68' lang='lat' dir='ltr'><strong>argumentis</strong></span> <span class='ocrx_word' id='word_1_61' title='bbox 361 603 649 638; x_wconf 78' lang='lat' dir='ltr'><strong>miuimeindigemus.</strong></span> <span class='ocrx_word' id='word_1_62' title='bbox 659 604 828 638; x_wconf 86' lang='lat' dir='ltr'><strong>quandoqui-</strong></span> 
     </span>
    </p>
   </div>
   <div class='ocr_carea' id='block_1_13' title="bbox 46 637 830 672">
    <p class='ocr_par' dir='ltr' id='par_1_13' title="bbox 46 637 830 672">
     <span class='ocr_line' id='line_1_14' title="bbox 46 637 830 672; baseline 0 -7"><span class='ocrx_word' id='word_1_63' title='bbox 46 639 118 670; x_wconf 83' lang='lat' dir='ltr'><strong>dem,</strong></span> <span class='ocrx_word' id='word_1_64' title='bbox 137 638 181 665; x_wconf 88' lang='lat' dir='ltr'><strong>ttbi</strong></span> <span class='ocrx_word' id='word_1_65' title='bbox 202 638 327 665; x_wconf 86' lang='lat' dir='ltr'><strong>Clemens</strong></span> <span class='ocrx_word' id='word_1_66' title='bbox 351 637 530 665; x_wconf 73' lang='lat' dir='ltr'><strong>disertissime</strong></span> <span class='ocrx_word' id='word_1_67' title='bbox 561 639 745 672; x_wconf 80' lang='lat' dir='ltr'><strong>pronuntiavit</strong></span> <span class='ocrx_word' id='word_1_68' title='bbox 768 637 830 666; x_wconf 82' lang='lat' dir='ltr'><strong>uui-</strong></span> 
     </span>
    </p>
   </div>
   <div class='ocr_carea' id='block_1_14' title="bbox 45 672 828 708">
    <p class='ocr_par' dir='ltr' id='par_1_14' title="bbox 45 672 828 708">
     <span class='ocr_line' id='line_1_15' title="bbox 45 672 828 708; baseline 0.001 -9"><span class='ocrx_word' id='word_1_69' title='bbox 45 674 143 708; x_wconf 82' lang='lat' dir='ltr'><strong>cuique</strong></span> <span class='ocrx_word' id='word_1_70' title='bbox 162 673 188 700; x_wconf 92' lang='lat' dir='ltr'><strong>in</strong></span> <span class='ocrx_word' id='word_1_71' title='bbox 204 680 246 704; x_wconf 84' lang='lat' dir='ltr'><strong>eo,</strong></span> <span class='ocrx_word' id='word_1_72' title='bbox 261 680 340 707; x_wconf 87' lang='lat' dir='ltr'><strong>quem</strong></span> <span class='ocrx_word' id='word_1_73' title='bbox 355 673 446 707; x_wconf 79' lang='lat' dir='ltr'><strong>elegit,</strong></span> <span class='ocrx_word' id='word_1_74' title='bbox 463 674 520 700; x_wconf 87' lang='lat' dir='ltr'><strong>sive</strong></span> <span class='ocrx_word' id='word_1_75' title='bbox 536 672 670 708; x_wconf 72' lang='lat' dir='ltr'><strong>coniugii,</strong></span> <span class='ocrx_word' id='word_1_76' title='bbox 687 673 743 700; x_wconf 87' lang='lat' dir='ltr'><strong>sive</strong></span> <span class='ocrx_word' id='word_1_77' title='bbox 754 674 828 701; x_wconf 78' lang='lat' dir='ltr'><strong>caeli-</strong></span> 
     </span>
    </p>
   </div>
   <div class='ocr_carea' id='block_1_15' title="bbox 45 707 827 742">
    <p class='ocr_par' dir='ltr' id='par_1_15' title="bbox 45 707 827 742">
     <span class='ocr_line' id='line_1_16' title="bbox 45 707 827 742; baseline 0.001 -8"><span class='ocrx_word' id='word_1_78' title='bbox 45 708 122 734; x_wconf 77' lang='lat' dir='ltr'><strong>batus</strong></span> <span class='ocrx_word' id='word_1_79' title='bbox 136 712 209 735; x_wconf 88' lang='lat' dir='ltr'><strong>statu</strong></span> <span class='ocrx_word' id='word_1_80' title='bbox 226 716 285 735; x_wconf 83' lang='lat' dir='ltr'><strong>esse</strong></span> <span class='ocrx_word' id='word_1_81' title='bbox 306 707 563 742; x_wconf 73' lang='lat' dir='ltr'><strong>perseverandum&quot;</strong></span> <span class='ocrx_word' id='word_1_82' title='bbox 583 716 589 734; x_wconf 93' lang='lat'>:</span> <span class='ocrx_word' id='word_1_83' title='bbox 611 717 621 733; x_wconf 84' lang='grc' dir='ltr'><strong>ι</strong></span> <span class='ocrx_word' id='word_1_84' title='bbox 644 708 827 742; x_wconf 70' lang='lat' dir='ltr'><strong>Propositum,</strong></span> 
     </span>
    </p>
   </div>
   <div class='ocr_carea' id='block_1_16' title="bbox 46 742 830 777">
    <p class='ocr_par' dir='ltr' id='par_1_16' title="bbox 46 742 830 777">
     <span class='ocr_line' id='line_1_17' title="bbox 46 742 830 777; baseline 0.001 -8"><span class='ocrx_word' id='word_1_85' title='bbox 46 743 151 777; x_wconf 88' lang='lat' dir='ltr'><strong>inquit,</strong></span> <span class='ocrx_word' id='word_1_86' title='bbox 169 743 379 777; x_wconf 84' lang='lat' dir='ltr'><strong>uniuscujusque</strong></span> <span class='ocrx_word' id='word_1_87' title='bbox 390 763 397 773; x_wconf 85' lang='grc'><strong>,</strong></span> <span class='ocrx_word' id='word_1_88' title='bbox 416 749 469 769; x_wconf 89' lang='lat' dir='ltr'><strong>tam</strong></span> <span class='ocrx_word' id='word_1_89' title='bbox 489 743 548 776; x_wconf 88' lang='lat' dir='ltr'><strong>ejus</strong></span> <span class='ocrx_word' id='word_1_90' title='bbox 560 742 604 776; x_wconf 85' lang='lat' dir='ltr'><strong>qui</strong></span> <span class='ocrx_word' id='word_1_91' title='bbox 620 750 650 769; x_wconf 89' lang='lat' dir='ltr'><strong>se</strong></span> <span class='ocrx_word' id='word_1_92' title='bbox 662 744 790 770; x_wconf 86' lang='lat' dir='ltr'><strong>castravit</strong></span> <span class='ocrx_word' id='word_1_93' title='bbox 802 749 830 771; x_wconf 84' lang='lat' dir='ltr'><strong>et</strong></span> 
     </span>
    </p>
   </div>
   <div class='ocr_carea' id='block_1_17' title="bbox 46 778 829 812">
    <p class='ocr_par' dir='ltr' id='par_1_17' title="bbox 46 778 829 812">
     <span class='ocr_line' id='line_1_18' title="bbox 46 778 829 812; baseline 0.003 -9"><span class='ocrx_word' id='word_1_94' title='bbox 46 780 87 811; x_wconf 89' lang='lat' dir='ltr'><strong>qui</strong></span> <span class='ocrx_word' id='word_1_95' title='bbox 106 785 200 804; x_wconf 86' lang='lat' dir='ltr'><strong>rursus</strong></span> <span class='ocrx_word' id='word_1_96' title='bbox 225 783 335 811; x_wconf 89' lang='lat' dir='ltr'><strong>propter</strong></span> <span class='ocrx_word' id='word_1_97' title='bbox 360 778 504 805; x_wconf 83' lang='lat' dir='ltr'><strong>liberorum</strong></span> <span class='ocrx_word' id='word_1_98' title='bbox 539 778 758 812; x_wconf 80' lang='lat' dir='ltr'><strong>procreationem</strong></span> <span class='ocrx_word' id='word_1_99' title='bbox 784 785 829 805; x_wconf 85' lang='lat' dir='ltr'><strong>se-</strong></span> 
     </span>
    </p>
   </div>
   <div class='ocr_carea' id='block_1_18' title="bbox 46 812 827 846">
    <p class='ocr_par' dir='ltr' id='par_1_18' title="bbox 46 812 827 846">
     <span class='ocr_line' id='line_1_19' title="bbox 46 812 827 846; baseline 0.001 -8"><span class='ocrx_word' id='word_1_100' title='bbox 46 813 130 845; x_wconf 87' lang='lat' dir='ltr'><strong>ipsum</strong></span> <span class='ocrx_word' id='word_1_101' title='bbox 156 812 298 845; x_wconf 81' lang='lat' dir='ltr'><strong>conjunxit</strong></span> <span class='ocrx_word' id='word_1_102' title='bbox 321 813 506 844; x_wconf 88' lang='lat' dir='ltr'><strong>matrimonio,</strong></span> <span class='ocrx_word' id='word_1_103' title='bbox 530 813 611 840; x_wconf 89' lang='lat' dir='ltr'><strong>debet</strong></span> <span class='ocrx_word' id='word_1_104' title='bbox 632 819 827 846; x_wconf 77' lang='lat' dir='ltr'><strong>perseverare.</strong></span> 
     </span>
    </p>
   </div>
   <div class='ocr_carea' id='block_1_19' title="bbox 46 847 829 882">
    <p class='ocr_par' dir='ltr' id='par_1_19' title="bbox 46 847 829 882">
     <span class='ocr_line' id='line_1_20' title="bbox 46 847 829 882; baseline 0 -8"><span class='ocrx_word' id='word_1_105' title='bbox 46 855 97 874; x_wconf 91' lang='lat' dir='ltr'><strong>non</strong></span> <span class='ocrx_word' id='word_1_106' title='bbox 126 849 227 874; x_wconf 74' lang='lat' dir='ltr'><strong>cedens</strong></span> <span class='ocrx_word' id='word_1_107' title='bbox 256 852 282 874; x_wconf 86' lang='lat' dir='ltr'><strong>et</strong></span> <span class='ocrx_word' id='word_1_108' title='bbox 311 848 488 882; x_wconf 87' lang='lat' dir='ltr'><strong>acquiescens</strong></span> <span class='ocrx_word' id='word_1_109' title='bbox 505 847 541 879; x_wconf 83' lang='lat' dir='ltr'><strong>ei,</strong></span> <span class='ocrx_word' id='word_1_110' title='bbox 569 849 640 881; x_wconf 88' lang='lat' dir='ltr'><strong>quod</strong></span> <span class='ocrx_word' id='word_1_111' title='bbox 670 852 712 874; x_wconf 87' lang='lat' dir='ltr'><strong>est</strong></span> <span class='ocrx_word' id='word_1_112' title='bbox 739 848 829 875; x_wconf 81' lang='lat' dir='ltr'><strong>minus</strong></span> 
     </span>
    </p>
   </div>
   <div class='ocr_carea' id='block_1_20' title="bbox 46 882 866 929">
    <p class='ocr_par' dir='ltr' id='par_1_20' title="bbox 46 882 866 929">
     <span class='ocr_line' id='line_1_21' title="bbox 46 882 866 929; baseline 0 0"><span class='ocrx_word' id='word_1_113' title='bbox 98 882 227 929; x_wconf 58' lang='grc' dir='ltr'><strong>Ξυῖθξίῗῗ·</strong></span> <span class='ocrx_word' id='word_1_114' title='bbox 238 893 269 929; x_wconf 81' lang='lat'><strong>_&#39;._</strong></span> <span class='ocrx_word' id='word_1_115' title='bbox 278 882 654 929; x_wconf 58' lang='grc' dir='ltr'><strong>..Νίῗῗὶ..δθΕεὶ¹..-ίί¹η⁴Ῐῖἱ⁵Ξῗ9.</strong></span> <span class='ocrx_word' id='word_1_116' title='bbox 672 887 827 929; x_wconf 60' lang='grc' dir='ltr'><strong>ἳίῖἓίὲξῖίῗὲο</strong></span> <span class='ocrx_word' id='word_1_117' title='bbox 845 901 866 929; x_wconf 79' lang='grc' dir='ltr'><strong>Β</strong></span> 
     </span>
    </p>
   </div>
   <div class='ocr_carea' id='block_1_21' title="bbox 46 917 828 952">
    <p class='ocr_par' dir='ltr' id='par_1_21' title="bbox 46 917 828 952">
     <span class='ocr_line' id='line_1_22' title="bbox 46 917 828 952; baseline 0.003 -9"><span class='ocrx_word' id='word_1_118' title='bbox 46 917 114 943; x_wconf 88' lang='lat' dir='ltr'><strong>idem</strong></span> <span class='ocrx_word' id='word_1_119' title='bbox 133 918 217 952; x_wconf 86' lang='lat' dir='ltr'><strong>paulo</strong></span> <span class='ocrx_word' id='word_1_120' title='bbox 238 923 297 952; x_wconf 87' lang='lat' dir='ltr'><strong>post</strong></span> <span class='ocrx_word' id='word_1_121' title='bbox 321 925 373 944; x_wconf 91' lang='lat' dir='ltr'><strong>non</strong></span> <span class='ocrx_word' id='word_1_122' title='bbox 397 918 486 944; x_wconf 86' lang='lat' dir='ltr'><strong>minus</strong></span> <span class='ocrx_word' id='word_1_123' title='bbox 512 918 655 951; x_wconf 84' lang='lat' dir='ltr'><strong>perspicue</strong></span> <span class='ocrx_word' id='word_1_124' title='bbox 680 918 828 952; x_wconf 77' lang='lat' dir='ltr'><strong>repetit”:</strong></span> 
     </span>
    </p>
   </div>
   <div class='ocr_carea' id='block_1_22' title="bbox 49 952 829 987">
    <p class='ocr_par' dir='ltr' id='par_1_22' title="bbox 49 952 829 987">
     <span class='ocr_line' id='line_1_23' title="bbox 49 952 829 987; baseline 0.003 -9"><span class='ocrx_word' id='word_1_125' title='bbox 49 961 58 978; x_wconf 78' lang='grc' dir='ltr'><strong>ι</strong></span> <span class='ocrx_word' id='word_1_126' title='bbox 78 952 180 980; x_wconf 90' lang='lat' dir='ltr'><strong>Omnes</strong></span> <span class='ocrx_word' id='word_1_127' title='bbox 205 953 324 987; x_wconf 83' lang='lat' dir='ltr'><strong>Apostoli</strong></span> <span class='ocrx_word' id='word_1_128' title='bbox 338 973 346 984; x_wconf 87' lang='lat'><strong>,</strong></span> <span class='ocrx_word' id='word_1_129' title='bbox 376 953 501 986; x_wconf 82' lang='lat' dir='ltr'><strong>inquiens</strong></span> <span class='ocrx_word' id='word_1_130' title='bbox 513 972 520 984; x_wconf 96' lang='lat'><strong>,</strong></span> <span class='ocrx_word' id='word_1_131' title='bbox 555 952 678 986; x_wconf 71' lang='lat' dir='ltr'><strong>Epistola:</strong></span> <span class='ocrx_word' id='word_1_132' title='bbox 696 971 704 978; x_wconf 89' lang='lat'><strong>.</strong></span> <span class='ocrx_word' id='word_1_133' title='bbox 724 972 731 979; x_wconf 92' lang='lat'><strong>.</strong></span> <span class='ocrx_word' id='word_1_134' title='bbox 749 973 757 980; x_wconf 90' lang='lat'><strong>.</strong></span> <span class='ocrx_word' id='word_1_135' title='bbox 774 971 781 978; x_wconf 93' lang='lat'><strong>.</strong></span> <span class='ocrx_word' id='word_1_136' title='bbox 799 971 806 979; x_wconf 88' lang='lat'><strong>.</strong></span> <span class='ocrx_word' id='word_1_137' title='bbox 821 972 829 980; x_wconf 88' lang='lat'><strong>.</strong></span> 
     </span>
    </p>
   </div>
   <div class='ocr_carea' id='block_1_23' title="bbox 46 987 832 1022">
    <p class='ocr_par' dir='ltr' id='par_1_23' title="bbox 46 987 832 1022">
     <span class='ocr_line' id='line_1_24' title="bbox 46 987 832 1022; baseline 0 -8"><span class='ocrx_word' id='word_1_138' title='bbox 46 993 193 1022; x_wconf 87' lang='lat' dir='ltr'><strong>utrumque</strong></span> <span class='ocrx_word' id='word_1_139' title='bbox 204 988 369 1020; x_wconf 84' lang='lat' dir='ltr'><strong>admittunt,</strong></span> <span class='ocrx_word' id='word_1_140' title='bbox 382 992 409 1014; x_wconf 90' lang='lat' dir='ltr'><strong>et</strong></span> <span class='ocrx_word' id='word_1_141' title='bbox 425 995 487 1014; x_wconf 88' lang='lat' dir='ltr'><strong>eutn</strong></span> <span class='ocrx_word' id='word_1_142' title='bbox 502 987 548 1021; x_wconf 93' lang='lat' dir='ltr'><strong>qui</strong></span> <span class='ocrx_word' id='word_1_143' title='bbox 572 988 626 1014; x_wconf 83' lang='lat' dir='ltr'><strong>Deo</strong></span> <span class='ocrx_word' id='word_1_144' title='bbox 646 989 750 1021; x_wconf 77' lang='lat' dir='ltr'><strong>agendo</strong></span> <span class='ocrx_word' id='word_1_145' title='bbox 770 996 832 1021; x_wconf 66' lang='lat' dir='ltr'><strong>gra-</strong></span> 
     </span>
    </p>
   </div>
   <div class='ocr_carea' id='block_1_24' title="bbox 47 1022 831 1056">
    <p class='ocr_par' dir='ltr' id='par_1_24' title="bbox 47 1022 831 1056">
     <span class='ocr_line' id='line_1_25' title="bbox 47 1022 831 1056; baseline 0.004 -9"><span class='ocrx_word' id='word_1_146' title='bbox 47 1023 98 1049; x_wconf 87' lang='lat' dir='ltr'><strong>tias</strong></span> <span class='ocrx_word' id='word_1_147' title='bbox 114 1023 256 1050; x_wconf 89' lang='lat' dir='ltr'><strong>moderate</strong></span> <span class='ocrx_word' id='word_1_148' title='bbox 281 1023 368 1049; x_wconf 90' lang='lat' dir='ltr'><strong>utitur</strong></span> <span class='ocrx_word' id='word_1_149' title='bbox 390 1022 580 1051; x_wconf 82' lang='lat' dir='ltr'><strong>matrimonio.</strong></span> <span class='ocrx_word' id='word_1_150' title='bbox 597 1026 625 1049; x_wconf 89' lang='lat' dir='ltr'><strong>et</strong></span> <span class='ocrx_word' id='word_1_151' title='bbox 639 1030 701 1049; x_wconf 88' lang='lat' dir='ltr'><strong>etnn</strong></span> <span class='ocrx_word' id='word_1_152' title='bbox 725 1023 787 1056; x_wconf 89' lang='lat' dir='ltr'><strong>qui,</strong></span> <span class='ocrx_word' id='word_1_153' title='bbox 802 1027 831 1050; x_wconf 89' lang='lat' dir='ltr'><strong>ut</strong></span> 
     </span>
    </p>
   </div>
   <div class='ocr_carea' id='block_1_25' title="bbox 46 1057 831 1091">
    <p class='ocr_par' dir='ltr' id='par_1_25' title="bbox 46 1057 831 1091">
     <span class='ocr_line' id='line_1_26' title="bbox 46 1057 831 1091; baseline 0 -6"><span class='ocrx_word' id='word_1_154' title='bbox 46 1059 97 1085; x_wconf 71' lang='lat' dir='ltr'><strong>Vult</strong></span> <span class='ocrx_word' id='word_1_155' title='bbox 115 1058 260 1088; x_wconf 81' lang='lat' dir='ltr'><strong>Dominus.</strong></span> <span class='ocrx_word' id='word_1_156' title='bbox 277 1057 342 1084; x_wconf 85' lang='lat' dir='ltr'><strong>vivit</strong></span> <span class='ocrx_word' id='word_1_157' title='bbox 355 1057 381 1084; x_wconf 95' lang='lat' dir='ltr'><strong>in</strong></span> <span class='ocrx_word' id='word_1_158' title='bbox 395 1058 533 1089; x_wconf 85' lang='lat' dir='ltr'><strong>castitate,</strong></span> <span class='ocrx_word' id='word_1_159' title='bbox 549 1057 685 1091; x_wconf 75' lang='grc' dir='ltr'><strong>εὑνουχίᾳ,</strong></span> <span class='ocrx_word' id='word_1_160' title='bbox 699 1058 831 1091; x_wconf 87' lang='lat' dir='ltr'><strong>quemad-</strong></span> 
     </span>
    </p>
   </div>
   <div class='ocr_carea' id='block_1_26' title="bbox 47 1092 831 1127">
    <p class='ocr_par' dir='ltr' id='par_1_26' title="bbox 47 1092 831 1127">
     <span class='ocr_line' id='line_1_27' title="bbox 47 1092 831 1127; baseline 0.001 -9"><span class='ocrx_word' id='word_1_161' title='bbox 47 1093 152 1119; x_wconf 83' lang='lat' dir='ltr'><strong>modum</strong></span> <span class='ocrx_word' id='word_1_162' title='bbox 170 1098 283 1120; x_wconf 88' lang='lat' dir='ltr'><strong>vocatus</strong></span> <span class='ocrx_word' id='word_1_163' title='bbox 297 1098 339 1120; x_wconf 89' lang='lat' dir='ltr'><strong>est</strong></span> <span class='ocrx_word' id='word_1_164' title='bbox 362 1092 562 1127; x_wconf 85' lang='lat' dir='ltr'><strong>unusquisque,</strong></span> <span class='ocrx_word' id='word_1_165' title='bbox 578 1092 707 1120; x_wconf 84' lang='lat' dir='ltr'><strong>inoernse</strong></span> <span class='ocrx_word' id='word_1_166' title='bbox 721 1097 749 1120; x_wconf 86' lang='lat' dir='ltr'><strong>et</strong></span> <span class='ocrx_word' id='word_1_167' title='bbox 770 1101 831 1127; x_wconf 88' lang='lat' dir='ltr'><strong>per-</strong></span> 
     </span>
    </p>
   </div>
   <div class='ocr_carea' id='block_1_27' title="bbox 47 1127 274 1163">
    <p class='ocr_par' dir='ltr' id='par_1_27' title="bbox 47 1127 274 1163">
     <span class='ocr_line' id='line_1_28' title="bbox 47 1127 274 1163; baseline -0.009 -9"><span class='ocrx_word' id='word_1_168' title='bbox 47 1127 115 1154; x_wconf 68' lang='lat' dir='ltr'><strong>ferte</strong></span> <span class='ocrx_word' id='word_1_169' title='bbox 127 1128 244 1163; x_wconf 83' lang='lat' dir='ltr'><strong>eligens.</strong></span> <span class='ocrx_word' id='word_1_170' title='bbox 265 1137 274 1152; x_wconf 77' lang='grc' dir='ltr'><strong>ι</strong></span> 
     </span>
    </p>
   </div>
   <div class='ocr_carea' id='block_1_28' title="bbox 81 1161 825 1197">
    <p class='ocr_par' dir='ltr' id='par_1_28' title="bbox 81 1161 825 1197">
     <span class='ocr_line' id='line_1_29' title="bbox 81 1161 825 1197; baseline 0.001 -9"><span class='ocrx_word' id='word_1_171' title='bbox 81 1161 179 1190; x_wconf 68' lang='lat' dir='ltr'><strong>Visne&#39;</strong></span> <span class='ocrx_word' id='word_1_172' title='bbox 198 1163 299 1197; x_wconf 77' lang='lat' dir='ltr'><strong>aliquid</strong></span> <span class='ocrx_word' id='word_1_173' title='bbox 332 1161 488 1196; x_wconf 73' lang='lat' dir='ltr'><strong>expressius</strong></span> <span class='ocrx_word' id='word_1_174' title='bbox 506 1161 518 1188; x_wconf 85' lang='lat'><strong>?</strong></span> <span class='ocrx_word' id='word_1_175' title='bbox 540 1162 667 1189; x_wconf 84' lang='lat' dir='ltr'><strong>Ausculta</strong></span> <span class='ocrx_word' id='word_1_176' title='bbox 682 1182 689 1194; x_wconf 92' lang='lat'><strong>,</strong></span> <span class='ocrx_word' id='word_1_177' title='bbox 716 1169 825 1196; x_wconf 76' lang='lat' dir='ltr'><strong>quaeso,</strong></span> 
     </span>
    </p>
   </div>
   <div class='ocr_carea' id='block_1_29' title="bbox 47 1197 830 1231">
    <p class='ocr_par' dir='ltr' id='par_1_29' title="bbox 47 1197 830 1231">
     <span class='ocr_line' id='line_1_30' title="bbox 47 1197 830 1231; baseline 0.001 -8"><span class='ocrx_word' id='word_1_178' title='bbox 47 1197 94 1231; x_wconf 87' lang='lat' dir='ltr'><strong>ipsi</strong></span> <span class='ocrx_word' id='word_1_179' title='bbox 118 1198 209 1224; x_wconf 88' lang='lat' dir='ltr'><strong>adlmc</strong></span> <span class='ocrx_word' id='word_1_180' title='bbox 227 1206 257 1224; x_wconf 73' lang='lat' dir='ltr'><strong>ex</strong></span> <span class='ocrx_word' id='word_1_181' title='bbox 280 1197 400 1231; x_wconf 87' lang='lat' dir='ltr'><strong>ejusdem</strong></span> <span class='ocrx_word' id='word_1_182' title='bbox 424 1197 571 1230; x_wconf 76' lang='lat' dir='ltr'><strong>Scriptura:</strong></span> <span class='ocrx_word' id='word_1_183' title='bbox 588 1198 749 1224; x_wconf 86' lang='lat' dir='ltr'><strong>auctoritate</strong></span> <span class='ocrx_word' id='word_1_184' title='bbox 772 1197 830 1224; x_wconf 90' lang='lat' dir='ltr'><strong>dis-</strong></span> 
     </span>
    </p>
   </div>
   <div class='ocr_carea' id='block_1_30' title="bbox 46 1231 832 1265">
    <p class='ocr_par' dir='ltr' id='par_1_30' title="bbox 46 1231 832 1265">
     <span class='ocr_line' id='line_1_31' title="bbox 46 1231 832 1265; baseline 0.001 -8"><span class='ocrx_word' id='word_1_185' title='bbox 46 1233 149 1265; x_wconf 84' lang='lat' dir='ltr'><strong>putanti</strong></span> <span class='ocrx_word' id='word_1_186' title='bbox 169 1233 210 1259; x_wconf 75' lang='grc' dir='ltr'><strong>³³ε</strong></span> <span class='ocrx_word' id='word_1_187' title='bbox 227 1243 235 1257; x_wconf 81' lang='grc' dir='ltr'><strong>ι</strong></span> <span class='ocrx_word' id='word_1_188' title='bbox 247 1233 350 1259; x_wconf 78' lang='lat' dir='ltr'><strong>Rursus</strong></span> <span class='ocrx_word' id='word_1_189' title='bbox 360 1232 426 1258; x_wconf 90' lang='lat' dir='ltr'><strong>dicit</strong></span> <span class='ocrx_word' id='word_1_190' title='bbox 437 1231 582 1259; x_wconf 86' lang='lat' dir='ltr'><strong>Dominus:</strong></span> <span class='ocrx_word' id='word_1_191' title='bbox 597 1232 647 1265; x_wconf 93' lang='lat' dir='ltr'><strong>Qui</strong></span> <span class='ocrx_word' id='word_1_192' title='bbox 662 1239 771 1259; x_wconf 82' lang='lat' dir='ltr'><strong>uxorem</strong></span> <span class='ocrx_word' id='word_1_193' title='bbox 782 1231 832 1258; x_wconf 85' lang='lat' dir='ltr'><strong>dit-</strong></span> 
     </span>
    </p>
   </div>
   <div class='ocr_carea' id='block_1_31' title="bbox 47 1267 828 1302">
    <p class='ocr_par' dir='ltr' id='par_1_31' title="bbox 47 1267 828 1302">
     <span class='ocr_line' id='line_1_32' title="bbox 47 1267 828 1302; baseline -0.001 -8"><span class='ocrx_word' id='word_1_194' title='bbox 47 1268 93 1298; x_wconf 78' lang='lat' dir='ltr'><strong>xit.</strong></span> <span class='ocrx_word' id='word_1_195' title='bbox 107 1276 141 1294; x_wconf 88' lang='lat' dir='ltr'><strong>ne</strong></span> <span class='ocrx_word' id='word_1_196' title='bbox 154 1268 293 1302; x_wconf 74' lang='lat' dir='ltr'><strong>expellat;</strong></span> <span class='ocrx_word' id='word_1_197' title='bbox 307 1273 333 1294; x_wconf 88' lang='lat' dir='ltr'><strong>et</strong></span> <span class='ocrx_word' id='word_1_198' title='bbox 347 1267 391 1301; x_wconf 88' lang='lat' dir='ltr'><strong>qui</strong></span> <span class='ocrx_word' id='word_1_199' title='bbox 407 1274 460 1302; x_wconf 87' lang='lat' dir='ltr'><strong>non</strong></span> <span class='ocrx_word' id='word_1_200' title='bbox 473 1267 560 1298; x_wconf 81' lang='lat' dir='ltr'><strong>duxit,</strong></span> <span class='ocrx_word' id='word_1_201' title='bbox 576 1274 609 1294; x_wconf 85' lang='lat' dir='ltr'><strong>ne</strong></span> <span class='ocrx_word' id='word_1_202' title='bbox 620 1267 712 1295; x_wconf 87' lang='lat' dir='ltr'><strong>ducat.</strong></span> <span class='ocrx_word' id='word_1_203' title='bbox 735 1267 763 1293; x_wconf 83' lang='lat'><strong>&#39;0</strong></span> <span class='ocrx_word' id='word_1_204' title='bbox 777 1275 828 1294; x_wconf 79' lang='grc' dir='ltr'><strong>κα‹</strong></span> 
     </span>
    </p>
   </div>
   <div class='ocr_carea' id='block_1_32' title="bbox 47 1301 832 1337">
    <p class='ocr_par' dir='ltr' id='par_1_32' title="bbox 47 1301 832 1337">
     <span class='ocr_line' id='line_1_33' title="bbox 47 1301 832 1337; baseline -0.001 -8"><span class='ocrx_word' id='word_1_205' title='bbox 47 1303 78 1328; x_wconf 77' lang='grc' dir='ltr'><strong>τὰ</strong></span> <span class='ocrx_word' id='word_1_206' title='bbox 90 1303 220 1337; x_wconf 79' lang='grc' dir='ltr'><strong>πρόθεσιν</strong></span> <span class='ocrx_word' id='word_1_207' title='bbox 231 1302 368 1337; x_wconf 78' lang='grc' dir='ltr'><strong>εὑνουχῐας</strong></span> <span class='ocrx_word' id='word_1_208' title='bbox 379 1301 546 1336; x_wconf 84' lang='grc' dir='ltr'><strong>ὁμολογήσας</strong></span> <span class='ocrx_word' id='word_1_209' title='bbox 562 1302 599 1337; x_wconf 85' lang='grc' dir='ltr'>μὴ</span> <span class='ocrx_word' id='word_1_210' title='bbox 612 1302 710 1337; x_wconf 78' lang='grc' dir='ltr'><strong>γῆμαι,</strong></span> <span class='ocrx_word' id='word_1_211' title='bbox 726 1301 832 1337; x_wconf 74' lang='grc' dir='ltr'><strong>ἄγαμος</strong></span> 
     </span>
    </p>
   </div>
   <div class='ocr_carea' id='block_1_33' title="bbox 46 1337 831 1373">
    <p class='ocr_par' dir='ltr' id='par_1_33' title="bbox 46 1337 831 1373">
     <span class='ocr_line' id='line_1_34' title="bbox 46 1337 831 1373; baseline 0 -9"><span class='ocrx_word' id='word_1_212' title='bbox 46 1338 207 1373; x_wconf 55' lang='lat' dir='ltr'><strong>Sagave-rw.</strong></span> <span class='ocrx_word' id='word_1_213' title='bbox 221 1338 272 1371; x_wconf 86' lang='lat' dir='ltr'><strong>Qui</strong></span> <span class='ocrx_word' id='word_1_214' title='bbox 289 1346 323 1365; x_wconf 83' lang='lat' dir='ltr'><strong>ex</strong></span> <span class='ocrx_word' id='word_1_215' title='bbox 340 1337 476 1372; x_wconf 87' lang='lat' dir='ltr'><strong>proposito</strong></span> <span class='ocrx_word' id='word_1_216' title='bbox 490 1337 624 1373; x_wconf 79' lang='lat' dir='ltr'><strong>castitatis</strong></span> <span class='ocrx_word' id='word_1_217' title='bbox 636 1337 775 1373; x_wconf 75' lang='lat' dir='ltr'><strong>professus</strong></span> <span class='ocrx_word' id='word_1_218' title='bbox 789 1341 831 1364; x_wconf 88' lang='lat' dir='ltr'><strong>est</strong></span> 
     </span>
    </p>
   </div>
   <div class='ocr_carea' id='block_1_34' title="bbox 47 1371 831 1405">
    <p class='ocr_par' dir='ltr' id='par_1_34' title="bbox 47 1371 831 1405">
     <span class='ocr_line' id='line_1_35' title="bbox 47 1371 831 1405; baseline 0 -7"><span class='ocrx_word' id='word_1_219' title='bbox 47 1371 156 1400; x_wconf 78' lang='lat' dir='ltr'><strong>uxorem</strong></span> <span class='ocrx_word' id='word_1_220' title='bbox 178 1381 230 1399; x_wconf 91' lang='lat' dir='ltr'><strong>non</strong></span> <span class='ocrx_word' id='word_1_221' title='bbox 245 1371 352 1405; x_wconf 76' lang='lat' dir='ltr'><strong>ducere,</strong></span> <span class='ocrx_word' id='word_1_222' title='bbox 369 1376 477 1398; x_wconf 88' lang='lat' dir='ltr'><strong>maneat</strong></span> <span class='ocrx_word' id='word_1_223' title='bbox 493 1371 599 1399; x_wconf 73' lang='lat' dir='ltr'><strong>caelebs.</strong></span> <span class='ocrx_word' id='word_1_224' title='bbox 614 1381 624 1398; x_wconf 71' lang='grc' dir='ltr'><strong>ι</strong></span> <span class='ocrx_word' id='word_1_225' title='bbox 637 1371 753 1399; x_wconf 81' lang='lat' dir='ltr'><strong>Videant</strong></span> <span class='ocrx_word' id='word_1_226' title='bbox 766 1379 831 1399; x_wconf 83' lang='lat' dir='ltr'><strong>sane</strong></span> 
     </span>
    </p>
   </div>
   <div class='ocr_carea' id='block_1_35' title="bbox 47 1406 832 1439">
    <p class='ocr_par' dir='ltr' id='par_1_35' title="bbox 47 1406 832 1439">
     <span class='ocr_line' id='line_1_36' title="bbox 47 1406 832 1439; baseline 0.001 -7"><span class='ocrx_word' id='word_1_227' title='bbox 47 1413 171 1435; x_wconf 82' lang='lat' dir='ltr'><strong>votorum</strong></span> <span class='ocrx_word' id='word_1_228' title='bbox 200 1408 336 1434; x_wconf 88' lang='lat' dir='ltr'><strong>castitatis</strong></span> <span class='ocrx_word' id='word_1_229' title='bbox 360 1411 387 1434; x_wconf 89' lang='lat' dir='ltr'><strong>et</strong></span> <span class='ocrx_word' id='word_1_230' title='bbox 404 1406 596 1439; x_wconf 66' lang='lat' dir='ltr'><strong>continentiae,</strong></span> <span class='ocrx_word' id='word_1_231' title='bbox 614 1414 627 1433; x_wconf 89' lang='lat' dir='ltr'><strong>a</strong></span> <span class='ocrx_word' id='word_1_232' title='bbox 644 1407 784 1434; x_wconf 84' lang='lat' dir='ltr'><strong>monachis</strong></span> <span class='ocrx_word' id='word_1_233' title='bbox 805 1411 832 1433; x_wconf 91' lang='lat' dir='ltr'><strong>et</strong></span> 
     </span>
    </p>
   </div>
   <div class='ocr_carea' id='block_1_36' title="bbox 47 1442 831 1476">
    <p class='ocr_par' dir='ltr' id='par_1_36' title="bbox 47 1442 831 1476">
     <span class='ocr_line' id='line_1_37' title="bbox 47 1442 831 1476; baseline 0 -8"><span class='ocrx_word' id='word_1_234' title='bbox 47 1443 182 1476; x_wconf 77' lang='lat' dir='ltr'><strong>religiosis</strong></span> <span class='ocrx_word' id='word_1_235' title='bbox 193 1443 259 1470; x_wconf 88' lang='lat' dir='ltr'><strong>viris</strong></span> <span class='ocrx_word' id='word_1_236' title='bbox 275 1443 449 1474; x_wconf 82' lang='lat' dir='ltr'><strong>emissorum,</strong></span> <span class='ocrx_word' id='word_1_237' title='bbox 466 1448 560 1469; x_wconf 89' lang='lat' dir='ltr'><strong>osores</strong></span> <span class='ocrx_word' id='word_1_238' title='bbox 573 1442 637 1475; x_wconf 90' lang='lat' dir='ltr'><strong>quid</strong></span> <span class='ocrx_word' id='word_1_239' title='bbox 652 1448 746 1469; x_wconf 87' lang='lat' dir='ltr'><strong>contra</strong></span> <span class='ocrx_word' id='word_1_240' title='bbox 761 1442 831 1468; x_wconf 89' lang='lat' dir='ltr'><strong>hanc</strong></span> 
     </span>
    </p>
   </div>
   <div class='ocr_carea' id='block_1_37' title="bbox 47 1476 830 1511">
    <p class='ocr_par' dir='ltr' id='par_1_37' title="bbox 47 1476 830 1511">
     <span class='ocr_line' id='line_1_38' title="bbox 47 1476 830 1511; baseline -0.003 -7"><span class='ocrx_word' id='word_1_241' title='bbox 47 1478 148 1504; x_wconf 83' lang='lat' dir='ltr'><strong>claram</strong></span> <span class='ocrx_word' id='word_1_242' title='bbox 171 1483 199 1505; x_wconf 88' lang='lat' dir='ltr'><strong>et</strong></span> <span class='ocrx_word' id='word_1_243' title='bbox 219 1483 342 1511; x_wconf 87' lang='lat' dir='ltr'><strong>apertam</strong></span> <span class='ocrx_word' id='word_1_244' title='bbox 366 1476 515 1504; x_wconf 83' lang='lat' dir='ltr'><strong>Clementis</strong></span> <span class='ocrx_word' id='word_1_245' title='bbox 540 1477 625 1503; x_wconf 90' lang='lat' dir='ltr'><strong>nostri</strong></span> <span class='ocrx_word' id='word_1_246' title='bbox 646 1476 830 1504; x_wconf 88' lang='lat' dir='ltr'><strong>definitionent</strong></span> 
     </span>
    </p>
   </div>
   <div class='ocr_carea' id='block_1_38' title="bbox 47 1511 831 1547">
    <p class='ocr_par' dir='ltr' id='par_1_38' title="bbox 47 1511 831 1547">
     <span class='ocr_line' id='line_1_39' title="bbox 47 1511 831 1547; baseline 0 -9"><span class='ocrx_word' id='word_1_247' title='bbox 47 1512 88 1539; x_wconf 88' lang='lat' dir='ltr'><strong>vel</strong></span> <span class='ocrx_word' id='word_1_248' title='bbox 104 1513 256 1547; x_wconf 87' lang='lat' dir='ltr'><strong>obgannire</strong></span> <span class='ocrx_word' id='word_1_249' title='bbox 271 1513 313 1539; x_wconf 86' lang='lat' dir='ltr'><strong>vel</strong></span> <span class='ocrx_word' id='word_1_250' title='bbox 329 1512 429 1545; x_wconf 71' lang='lat' dir='ltr'><strong>latrare</strong></span> <span class='ocrx_word' id='word_1_251' title='bbox 441 1511 559 1539; x_wconf 84' lang='lat' dir='ltr'><strong>valeant.</strong></span> <span class='ocrx_word' id='word_1_252' title='bbox 576 1511 645 1544; x_wconf 86' lang='lat' dir='ltr'><strong>Quid</strong></span> <span class='ocrx_word' id='word_1_253' title='bbox 666 1512 738 1547; x_wconf 85' lang='lat' dir='ltr'><strong>enim</strong></span> <span class='ocrx_word' id='word_1_254' title='bbox 749 1511 831 1547; x_wconf 68' lang='lat' dir='ltr'><strong>inter</strong></span> 
     </span>
    </p>
   </div>
   <div class='ocr_carea' id='block_1_39' title="bbox 47 1545 831 1582">
    <p class='ocr_par' dir='ltr' id='par_1_39' title="bbox 47 1545 831 1582">
     <span class='ocr_line' id='line_1_40' title="bbox 47 1545 831 1582; baseline 0 -9"><span class='ocrx_word' id='word_1_255' title='bbox 47 1545 152 1573; x_wconf 54' lang='lat' dir='ltr'><strong>vomm‘</strong></span> <span class='ocrx_word' id='word_1_256' title='bbox 165 1548 303 1574; x_wconf 79' lang='lat' dir='ltr'><strong>castitatis</strong></span> <span class='ocrx_word' id='word_1_257' title='bbox 330 1550 533 1582; x_wconf 73' lang='lat' dir='ltr'><strong>nuncupantem</strong></span> <span class='ocrx_word' id='word_1_258' title='bbox 558 1551 585 1574; x_wconf 93' lang='lat' dir='ltr'><strong>et</strong></span> <span class='ocrx_word' id='word_1_259' title='bbox 608 1546 678 1573; x_wconf 85' lang='grc' dir='ltr'><strong>κατὰ</strong></span> <span class='ocrx_word' id='word_1_260' title='bbox 702 1545 831 1582; x_wconf 57' lang='grc' dir='ltr'><strong>πρόθεσιν</strong></span> 
     </span>
    </p>
   </div>
   <div class='ocr_carea' id='block_1_40' title="bbox 48 1581 832 1618">
    <p class='ocr_par' dir='ltr' id='par_1_40' title="bbox 48 1581 832 1618">
     <span class='ocr_line' id='line_1_41' title="bbox 48 1581 832 1618; baseline 0 -10"><span class='ocrx_word' id='word_1_261' title='bbox 48 1582 188 1617; x_wconf 69' lang='grc' dir='ltr'><strong>εὐνουχίας</strong></span> <span class='ocrx_word' id='word_1_262' title='bbox 199 1582 403 1618; x_wconf 71' lang='grc' dir='ltr'><strong>ὁμολογήσαντα</strong></span> <span class='ocrx_word' id='word_1_263' title='bbox 414 1581 577 1618; x_wconf 82' lang='lat' dir='ltr'><strong>discriminis</strong></span> <span class='ocrx_word' id='word_1_264' title='bbox 588 1581 749 1618; x_wconf 77' lang='lat' dir='ltr'><strong>intercedit?</strong></span> <span class='ocrx_word' id='word_1_265' title='bbox 757 1581 832 1618; x_wconf 57' lang='lat' dir='ltr'><strong>Nyn-</strong></span> 
     </span>
    </p>
   </div>
   <div class='ocr_carea' id='block_1_41' title="bbox 48 1615 833 1652">
    <p class='ocr_par' dir='ltr' id='par_1_41' title="bbox 48 1615 833 1652">
     <span class='ocr_line' id='line_1_42' title="bbox 48 1615 833 1652; baseline -0.001 -8"><span class='ocrx_word' id='word_1_266' title='bbox 48 1618 111 1652; x_wconf 90' lang='lat' dir='ltr'><strong>quid</strong></span> <span class='ocrx_word' id='word_1_267' title='bbox 125 1615 295 1645; x_wconf 73' lang='lat' dir='ltr'><strong>Clementem</strong></span> <span class='ocrx_word' id='word_1_268' title='bbox 311 1615 346 1644; x_wconf 82' lang='lat' dir='ltr'><strong>de</strong></span> <span class='ocrx_word' id='word_1_269' title='bbox 364 1623 456 1644; x_wconf 89' lang='lat' dir='ltr'><strong>errore</strong></span> <span class='ocrx_word' id='word_1_270' title='bbox 472 1616 562 1649; x_wconf 82' lang='lat' dir='ltr'><strong>aliquo</strong></span> <span class='ocrx_word' id='word_1_271' title='bbox 578 1615 779 1652; x_wconf 80' lang='lat' dir='ltr'><strong>postulabunt?</strong></span> <span class='ocrx_word' id='word_1_272' title='bbox 797 1617 833 1643; x_wconf 86' lang='lat' dir='ltr'><strong>At</strong></span> 
     </span>
    </p>
   </div>
   <div class='ocr_carea' id='block_1_42' title="bbox 49 1651 832 1679">
    <p class='ocr_par' dir='ltr' id='par_1_42' title="bbox 49 1651 832 1679">
     <span class='ocr_line' id='line_1_43' title="bbox 49 1651 832 1679; baseline 0 -1"><span class='ocrx_word' id='word_1_273' title='bbox 49 1651 83 1678; x_wconf 91' lang='lat' dir='ltr'><strong>ibi</strong></span> <span class='ocrx_word' id='word_1_274' title='bbox 113 1653 160 1679; x_wconf 81' lang='lat' dir='ltr'><strong>ille</strong></span> <span class='ocrx_word' id='word_1_275' title='bbox 187 1657 283 1679; x_wconf 90' lang='lat' dir='ltr'><strong>contra</strong></span> <span class='ocrx_word' id='word_1_276' title='bbox 314 1651 459 1679; x_wconf 67' lang='lat' dir='ltr'><strong>haereticos</strong></span> <span class='ocrx_word' id='word_1_277' title='bbox 490 1658 522 1678; x_wconf 77' lang='lat' dir='ltr'><strong>ex</strong></span> <span class='ocrx_word' id='word_1_278' title='bbox 554 1651 692 1678; x_wconf 90' lang='lat' dir='ltr'><strong>communi</strong></span> <span class='ocrx_word' id='word_1_279' title='bbox 723 1656 750 1678; x_wconf 90' lang='lat' dir='ltr'><strong>et</strong></span> <span class='ocrx_word' id='word_1_280' title='bbox 782 1659 832 1678; x_wconf 84' lang='lat' dir='ltr'><strong>re-</strong></span> 
     </span>
    </p>
   </div>
   <div class='ocr_carea' id='block_1_43' title="bbox 49 1685 832 1720">
    <p class='ocr_par' dir='ltr' id='par_1_43' title="bbox 49 1685 832 1720">
     <span class='ocr_line' id='line_1_44' title="bbox 49 1685 832 1720; baseline 0.001 -8"><span class='ocrx_word' id='word_1_281' title='bbox 49 1693 124 1720; x_wconf 79' lang='lat' dir='ltr'><strong>cepto</strong></span> <span class='ocrx_word' id='word_1_282' title='bbox 150 1687 280 1714; x_wconf 65' lang='lat' dir='ltr'><strong>Eccli-siaa</strong></span> <span class='ocrx_word' id='word_1_283' title='bbox 304 1694 378 1714; x_wconf 86' lang='lat' dir='ltr'><strong>more</strong></span> <span class='ocrx_word' id='word_1_284' title='bbox 403 1691 430 1714; x_wconf 93' lang='lat' dir='ltr'><strong>et</strong></span> <span class='ocrx_word' id='word_1_285' title='bbox 449 1694 498 1712; x_wconf 91' lang='lat' dir='ltr'><strong>usu</strong></span> <span class='ocrx_word' id='word_1_286' title='bbox 520 1686 641 1713; x_wconf 86' lang='lat' dir='ltr'><strong>dimicat.</strong></span> <span class='ocrx_word' id='word_1_287' title='bbox 660 1686 712 1713; x_wconf 88' lang='lat' dir='ltr'><strong>Sed</strong></span> <span class='ocrx_word' id='word_1_288' title='bbox 736 1685 769 1713; x_wconf 89' lang='lat' dir='ltr'><strong>de</strong></span> <span class='ocrx_word' id='word_1_289' title='bbox 781 1686 832 1713; x_wconf 83' lang='lat' dir='ltr'><strong>hoc</strong></span> 
     </span>
    </p>
   </div>
   <div class='ocr_carea' id='block_1_44' title="bbox 50 1721 832 1756">
    <p class='ocr_par' dir='ltr' id='par_1_44' title="bbox 50 1721 832 1756">
     <span class='ocr_line' id='line_1_45' title="bbox 50 1721 832 1756; baseline 0 -8"><span class='ocrx_word' id='word_1_290' title='bbox 50 1724 223 1750; x_wconf 77' lang='lat' dir='ltr'><strong>continentia:</strong></span> <span class='ocrx_word' id='word_1_291' title='bbox 246 1727 273 1749; x_wconf 92' lang='lat' dir='ltr'><strong>et</strong></span> <span class='ocrx_word' id='word_1_292' title='bbox 287 1722 420 1756; x_wconf 83' lang='lat' dir='ltr'><strong>virginqu</strong></span> <span class='ocrx_word' id='word_1_293' title='bbox 438 1726 500 1756; x_wconf 84' lang='lat' dir='ltr'><strong>voto</strong></span> <span class='ocrx_word' id='word_1_294' title='bbox 525 1729 538 1747; x_wconf 86' lang='lat' dir='ltr'><strong>a</strong></span> <span class='ocrx_word' id='word_1_295' title='bbox 557 1722 634 1748; x_wconf 88' lang='lat' dir='ltr'><strong>nobis</strong></span> <span class='ocrx_word' id='word_1_296' title='bbox 657 1721 714 1755; x_wconf 82' lang='lat' dir='ltr'><strong>jam</strong></span> <span class='ocrx_word' id='word_1_297' title='bbox 740 1725 832 1748; x_wconf 82' lang='lat' dir='ltr'><strong>actum</strong></span> 
     </span>
    </p>
   </div>
   <div class='ocr_carea' id='block_1_45' title="bbox 50 1755 833 1791">
    <p class='ocr_par' dir='ltr' id='par_1_45' title="bbox 50 1755 833 1791">
     <span class='ocr_line' id='line_1_46' title="bbox 50 1755 833 1791; baseline 0 -8"><span class='ocrx_word' id='word_1_298' title='bbox 50 1763 88 1784; x_wconf 84' lang='lat' dir='ltr'><strong>est</strong></span> <span class='ocrx_word' id='word_1_299' title='bbox 103 1758 129 1784; x_wconf 91' lang='lat' dir='ltr'><strong>in</strong></span> <span class='ocrx_word' id='word_1_300' title='bbox 144 1762 237 1784; x_wconf 82' lang='lat' dir='ltr'><strong>nostra</strong></span> <span class='ocrx_word' id='word_1_301' title='bbox 255 1758 288 1784; x_wconf 89' lang='lat' dir='ltr'><strong>ad</strong></span> <span class='ocrx_word' id='word_1_302' title='bbox 303 1755 439 1784; x_wconf 75' lang='lat' dir='ltr'><strong>Ambrosii</strong></span> <span class='ocrx_word' id='word_1_303' title='bbox 461 1755 497 1782; x_wconf 87' lang='lat' dir='ltr'><strong>De</strong></span> <span class='ocrx_word' id='word_1_304' title='bbox 519 1756 662 1791; x_wconf 77' lang='lat' dir='ltr'><strong>virginibus</strong></span> <span class='ocrx_word' id='word_1_305' title='bbox 681 1756 765 1783; x_wconf 88' lang='lat' dir='ltr'><strong>libros</strong></span> <span class='ocrx_word' id='word_1_306' title='bbox 785 1757 833 1783; x_wconf 89' lang='lat' dir='ltr'><strong>ad-</strong></span> 
     </span>
    </p>
   </div>
   <div class='ocr_carea' id='block_1_46' title="bbox 51 1793 242 1820">
    <p class='ocr_par' dir='ltr' id='par_1_46' title="bbox 51 1793 242 1820">
     <span class='ocr_line' id='line_1_47' title="bbox 51 1793 242 1820; baseline 0.005 -2"><span class='ocrx_word' id='word_1_307' title='bbox 51 1793 199 1820; x_wconf 83' lang='lat' dir='ltr'><strong>monitione</strong></span> <span class='ocrx_word' id='word_1_308' title='bbox 210 1793 242 1819; x_wconf 72' lang='lat'><strong>&quot;.</strong></span> 
     </span>
    </p>
   </div>
   <div class='ocr_carea' id='block_1_47' title="bbox 84 1825 832 1862">
    <p class='ocr_par' dir='ltr' id='par_1_47' title="bbox 84 1825 832 1862">
     <span class='ocr_line' id='line_1_48' title="bbox 84 1825 832 1862; baseline -0.001 -9"><span class='ocrx_word' id='word_1_309' title='bbox 84 1827 278 1854; x_wconf 80' lang='lat' dir='ltr'><strong>Verumtamen</strong></span> <span class='ocrx_word' id='word_1_310' title='bbox 304 1826 401 1862; x_wconf 86' lang='lat' dir='ltr'><strong>aliquis</strong></span> <span class='ocrx_word' id='word_1_311' title='bbox 419 1825 532 1854; x_wconf 90' lang='lat' dir='ltr'><strong>forsitan</strong></span> <span class='ocrx_word' id='word_1_312' title='bbox 557 1825 667 1859; x_wconf 85' lang='lat' dir='ltr'><strong>objiciet</strong></span> <span class='ocrx_word' id='word_1_313' title='bbox 687 1830 789 1857; x_wconf 88' lang='lat' dir='ltr'><strong>votmu,</strong></span> <span class='ocrx_word' id='word_1_314' title='bbox 804 1829 832 1852; x_wconf 90' lang='lat' dir='ltr'><strong>ut</strong></span> 
     </span>
    </p>
   </div>
   <div class='ocr_carea' id='block_1_48' title="bbox 51 1861 834 1896">
    <p class='ocr_par' dir='ltr' id='par_1_48' title="bbox 51 1861 834 1896">
     <span class='ocr_line' id='line_1_49' title="bbox 51 1861 834 1896; baseline -0.003 -8"><span class='ocrx_word' id='word_1_315' title='bbox 51 1862 169 1896; x_wconf 70' lang='lat' dir='ltr'><strong>theologi</strong></span> <span class='ocrx_word' id='word_1_316' title='bbox 196 1863 291 1893; x_wconf 85' lang='lat' dir='ltr'><strong>aiunt,</strong></span> <span class='ocrx_word' id='word_1_317' title='bbox 309 1870 360 1889; x_wconf 92' lang='lat' dir='ltr'><strong>non</strong></span> <span class='ocrx_word' id='word_1_318' title='bbox 386 1869 463 1895; x_wconf 85' lang='lat' dir='ltr'><strong>posse</strong></span> <span class='ocrx_word' id='word_1_319' title='bbox 481 1862 533 1888; x_wconf 83' lang='lat' dir='ltr'><strong>nisi</strong></span> <span class='ocrx_word' id='word_1_320' title='bbox 554 1866 663 1896; x_wconf 89' lang='lat' dir='ltr'><strong>propter</strong></span> <span class='ocrx_word' id='word_1_321' title='bbox 687 1861 784 1887; x_wconf 82' lang='lat' dir='ltr'><strong>melius</strong></span> <span class='ocrx_word' id='word_1_322' title='bbox 806 1865 834 1896; x_wconf 81' lang='lat' dir='ltr'><strong>et</strong></span> 
     </span>
    </p>
   </div>
   <div class='ocr_carea' id='block_1_49' title="bbox 49 1895 829 1931">
    <p class='ocr_par' dir='ltr' id='par_1_49' title="bbox 49 1895 829 1931">
     <span class='ocr_line' id='line_1_50' title="bbox 49 1895 829 1931; baseline 0 -9"><span class='ocrx_word' id='word_1_323' title='bbox 49 1895 196 1931; x_wconf 68' lang='lat' dir='ltr'><strong>perfectius</strong></span> <span class='ocrx_word' id='word_1_324' title='bbox 211 1899 342 1931; x_wconf 84' lang='lat' dir='ltr'><strong>quoddam</strong></span> <span class='ocrx_word' id='word_1_325' title='bbox 364 1897 462 1923; x_wconf 89' lang='lat' dir='ltr'><strong>bomnn</strong></span> <span class='ocrx_word' id='word_1_326' title='bbox 484 1904 498 1923; x_wconf 89' lang='lat' dir='ltr'><strong>a</strong></span> <span class='ocrx_word' id='word_1_327' title='bbox 516 1903 650 1930; x_wconf 88' lang='lat' dir='ltr'><strong>quoquaut</strong></span> <span class='ocrx_word' id='word_1_328' title='bbox 668 1895 829 1929; x_wconf 86' lang='lat' dir='ltr'><strong>nuncupari.</strong></span> 
     </span>
    </p>
   </div>
   <div class='ocr_carea' id='block_1_50' title="bbox 50 1930 833 1966">
    <p class='ocr_par' dir='ltr' id='par_1_50' title="bbox 50 1930 833 1966">
     <span class='ocr_line' id='line_1_51' title="bbox 50 1930 833 1966; baseline -0.004 -7"><span class='ocrx_word' id='word_1_329' title='bbox 50 1930 127 1966; x_wconf 58' lang='lat' dir='ltr'><strong>Atqui</strong></span> <span class='ocrx_word' id='word_1_330' title='bbox 139 1933 267 1959; x_wconf 86' lang='lat' dir='ltr'><strong>Clemens</strong></span> <span class='ocrx_word' id='word_1_331' title='bbox 282 1932 483 1959; x_wconf 82' lang='lat' dir='ltr'><strong>matrimonium</strong></span> <span class='ocrx_word' id='word_1_332' title='bbox 500 1931 623 1958; x_wconf 69' lang='lat' dir='ltr'><strong>caelibatu</strong></span> <span class='ocrx_word' id='word_1_333' title='bbox 637 1936 665 1957; x_wconf 90' lang='lat' dir='ltr'><strong>et</strong></span> <span class='ocrx_word' id='word_1_334' title='bbox 676 1930 833 1966; x_wconf 71' lang='lat' dir='ltr'><strong>virginitate</strong></span> 
     </span>
    </p>
   </div>
   <div class='ocr_carea' id='block_1_51' title="bbox 51 1964 831 2001">
    <p class='ocr_par' dir='ltr' id='par_1_51' title="bbox 51 1964 831 2001">
     <span class='ocr_line' id='line_1_52' title="bbox 51 1964 831 2001; baseline -0.001 -9"><span class='ocrx_word' id='word_1_335' title='bbox 51 1964 225 2000; x_wconf 69' lang='lat' dir='ltr'><strong>praastaiititts</strong></span> <span class='ocrx_word' id='word_1_336' title='bbox 250 1974 331 2001; x_wconf 89' lang='lat' dir='ltr'><strong>atque</strong></span> <span class='ocrx_word' id='word_1_337' title='bbox 359 1966 539 1993; x_wconf 82' lang='lat' dir='ltr'><strong>excellentius</strong></span> <span class='ocrx_word' id='word_1_338' title='bbox 565 1973 625 1992; x_wconf 84' lang='lat' dir='ltr'><strong>esse</strong></span> <span class='ocrx_word' id='word_1_339' title='bbox 654 1965 778 1992; x_wconf 90' lang='lat' dir='ltr'><strong>decernit</strong></span> <span class='ocrx_word' id='word_1_340' title='bbox 798 1964 831 1991; x_wconf 80' lang='grc'><strong>³⁸.</strong></span> 
     </span>
    </p>
   </div>
   <div class='ocr_carea' id='block_1_52' title="bbox 54 2000 831 2036">
    <p class='ocr_par' dir='ltr' id='par_1_52' title="bbox 54 2000 831 2036">
     <span class='ocr_line' id='line_1_53' title="bbox 54 2000 831 2036; baseline -0.001 -9"><span class='ocrx_word' id='word_1_341' title='bbox 54 2011 62 2027; x_wconf 73' lang='grc' dir='ltr'><strong>ι</strong></span> <span class='ocrx_word' id='word_1_342' title='bbox 78 2002 126 2035; x_wconf 85' lang='lat' dir='ltr'><strong>Qui</strong></span> <span class='ocrx_word' id='word_1_343' title='bbox 148 2004 224 2029; x_wconf 88' lang='lat' dir='ltr'><strong>enim</strong></span> <span class='ocrx_word' id='word_1_344' title='bbox 243 2000 324 2029; x_wconf 75' lang='lat' dir='ltr'><strong>fuerit</strong></span> <span class='ocrx_word' id='word_1_345' title='bbox 346 2001 482 2036; x_wconf 82' lang='lat' dir='ltr'><strong>perfectus</strong></span> <span class='ocrx_word' id='word_1_346' title='bbox 496 2021 503 2033; x_wconf 97' lang='lat'><strong>,</strong></span> <span class='ocrx_word' id='word_1_347' title='bbox 529 2010 539 2027; x_wconf 75' lang='grc' dir='ltr'><strong>ι</strong></span> <span class='ocrx_word' id='word_1_348' title='bbox 570 2001 608 2028; x_wconf 86' lang='lat' dir='ltr'><strong>ita</strong></span> <span class='ocrx_word' id='word_1_349' title='bbox 632 2000 677 2027; x_wconf 85' lang='lat' dir='ltr'><strong>ille</strong></span> <span class='ocrx_word' id='word_1_350' title='bbox 696 2000 831 2034; x_wconf 87' lang='lat' dir='ltr'><strong>loquitur,</strong></span> 
     </span>
    </p>
   </div>
   <div class='ocr_carea' id='block_1_53' title="bbox 53 2036 832 2071">
    <p class='ocr_par' dir='ltr' id='par_1_53' title="bbox 53 2036 832 2071">
     <span class='ocr_line' id='line_1_54' title="bbox 53 2036 832 2071; baseline 0 -10"><span class='ocrx_word' id='word_1_351' title='bbox 53 2046 62 2061; x_wconf 84' lang='grc'><strong>‹</strong></span> <span class='ocrx_word' id='word_1_352' title='bbox 78 2037 203 2071; x_wconf 79' lang='lat' dir='ltr'><strong>exempla</strong></span> <span class='ocrx_word' id='word_1_353' title='bbox 219 2038 301 2064; x_wconf 83' lang='lat' dir='ltr'><strong>habet</strong></span> <span class='ocrx_word' id='word_1_354' title='bbox 320 2036 468 2071; x_wconf 87' lang='lat' dir='ltr'><strong>apostolos,</strong></span> <span class='ocrx_word' id='word_1_355' title='bbox 483 2041 509 2062; x_wconf 88' lang='lat' dir='ltr'><strong>et</strong></span> <span class='ocrx_word' id='word_1_356' title='bbox 525 2043 617 2063; x_wconf 81' lang='lat' dir='ltr'><strong>revera</strong></span> <span class='ocrx_word' id='word_1_357' title='bbox 630 2036 672 2062; x_wconf 91' lang='lat' dir='ltr'><strong>vir</strong></span> <span class='ocrx_word' id='word_1_358' title='bbox 692 2036 832 2069; x_wconf 84' lang='lat' dir='ltr'><strong>probatur,</strong></span> 
     </span>
    </p>
   </div>
   <div class='ocr_carea' id='block_1_54' title="bbox 52 2070 831 2107">
    <p class='ocr_par' dir='ltr' id='par_1_54' title="bbox 52 2070 831 2107">
     <span class='ocr_line' id='line_1_55' title="bbox 52 2070 831 2107; baseline -0.003 -9"><span class='ocrx_word' id='word_1_359' title='bbox 52 2079 101 2098; x_wconf 87' lang='lat' dir='ltr'><strong>non</strong></span> <span class='ocrx_word' id='word_1_360' title='bbox 118 2073 143 2098; x_wconf 90' lang='lat' dir='ltr'><strong>iu</strong></span> <span class='ocrx_word' id='word_1_361' title='bbox 158 2070 192 2099; x_wconf 74' lang='lat' dir='ltr'><strong>eo</strong></span> <span class='ocrx_word' id='word_1_362' title='bbox 205 2072 283 2107; x_wconf 79' lang='lat'><strong>201</strong></span> <span class='ocrx_word' id='word_1_363' title='bbox 307 2070 378 2106; x_wconf 82' lang='lat' dir='ltr'><strong>quod</strong></span> <span class='ocrx_word' id='word_1_364' title='bbox 396 2072 476 2099; x_wconf 81' lang='lat' dir='ltr'><strong>vitam</strong></span> <span class='ocrx_word' id='word_1_365' title='bbox 502 2071 614 2107; x_wconf 76' lang='lat' dir='ltr'><strong>elegerit</strong></span> <span class='ocrx_word' id='word_1_366' title='bbox 635 2070 831 2107; x_wconf 67' lang='lat' dir='ltr'><strong>monasticam;</strong></span> 
     </span>
    </p>
   </div>
   <div class='ocr_carea' id='block_1_55' title="bbox 51 2105 833 2140">
    <p class='ocr_par' dir='ltr' id='par_1_55' title="bbox 51 2105 833 2140">
     <span class='ocr_line' id='line_1_56' title="bbox 51 2105 833 2140; baseline -0.001 -8"><span class='ocrx_word' id='word_1_367' title='bbox 51 2114 141 2134; x_wconf 85' lang='lat' dir='ltr'><strong>verum</strong></span> <span class='ocrx_word' id='word_1_368' title='bbox 157 2105 293 2134; x_wconf 38' lang='lat' dir='ltr'><strong>illeilli-os</strong></span> <span class='ocrx_word' id='word_1_369' title='bbox 308 2105 411 2138; x_wconf 82' lang='lat' dir='ltr'><strong>vincit.</strong></span> <span class='ocrx_word' id='word_1_370' title='bbox 431 2107 475 2140; x_wconf 91' lang='lat' dir='ltr'><strong>qui</strong></span> <span class='ocrx_word' id='word_1_371' title='bbox 492 2107 519 2134; x_wconf 94' lang='lat' dir='ltr'><strong>in</strong></span> <span class='ocrx_word' id='word_1_372' title='bbox 537 2106 709 2133; x_wconf 87' lang='lat' dir='ltr'><strong>matrimonio</strong></span> <span class='ocrx_word' id='word_1_373' title='bbox 723 2110 750 2132; x_wconf 90' lang='lat' dir='ltr'><strong>et</strong></span> <span class='ocrx_word' id='word_1_374' title='bbox 765 2105 833 2131; x_wconf 89' lang='lat' dir='ltr'><strong>libe-</strong></span> 
     </span>
    </p>
   </div>
   <div class='ocr_carea' id='block_1_56' title="bbox 51 2140 832 2176">
    <p class='ocr_par' dir='ltr' id='par_1_56' title="bbox 51 2140 832 2176">
     <span class='ocr_line' id='line_1_57' title="bbox 51 2140 832 2176; baseline -0.003 -8"><span class='ocrx_word' id='word_1_375' title='bbox 51 2149 141 2168; x_wconf 89' lang='lat' dir='ltr'><strong>rorum</strong></span> <span class='ocrx_word' id='word_1_376' title='bbox 154 2143 355 2176; x_wconf 82' lang='lat' dir='ltr'><strong>procreatione.</strong></span> <span class='ocrx_word' id='word_1_377' title='bbox 373 2147 401 2169; x_wconf 88' lang='lat' dir='ltr'><strong>et</strong></span> <span class='ocrx_word' id='word_1_378' title='bbox 417 2142 513 2168; x_wconf 88' lang='lat' dir='ltr'><strong>domus</strong></span> <span class='ocrx_word' id='word_1_379' title='bbox 527 2149 591 2168; x_wconf 84' lang='lat' dir='ltr'><strong>cura</strong></span> <span class='ocrx_word' id='word_1_380' title='bbox 608 2148 639 2167; x_wconf 89' lang='lat' dir='ltr'><strong>ac</strong></span> <span class='ocrx_word' id='word_1_381' title='bbox 653 2140 832 2176; x_wconf 78' lang='lat' dir='ltr'><strong>providentia,</strong></span> 
     </span>
    </p>
   </div>
   <div class='ocr_carea' id='block_1_57' title="bbox 51 2175 832 2211">
    <p class='ocr_par' dir='ltr' id='par_1_57' title="bbox 51 2175 832 2211">
     <span class='ocr_line' id='line_1_58' title="bbox 51 2175 832 2211; baseline -0.001 -9"><span class='ocrx_word' id='word_1_382' title='bbox 51 2178 115 2204; x_wconf 83' lang='lat' dir='ltr'><strong>citra</strong></span> <span class='ocrx_word' id='word_1_383' title='bbox 134 2175 299 2211; x_wconf 82' lang='lat' dir='ltr'><strong>voluptatem</strong></span> <span class='ocrx_word' id='word_1_384' title='bbox 316 2182 344 2204; x_wconf 90' lang='lat' dir='ltr'><strong>et</strong></span> <span class='ocrx_word' id='word_1_385' title='bbox 359 2177 478 2203; x_wconf 82' lang='lat' dir='ltr'><strong>dolorem</strong></span> <span class='ocrx_word' id='word_1_386' title='bbox 498 2184 529 2203; x_wconf 86' lang='lat' dir='ltr'><strong>se</strong></span> <span class='ocrx_word' id='word_1_387' title='bbox 550 2181 677 2207; x_wconf 79' lang='lat' dir='ltr'><strong>exercet,</strong></span> <span class='ocrx_word' id='word_1_388' title='bbox 691 2180 718 2202; x_wconf 88' lang='lat' dir='ltr'><strong>et</strong></span> <span class='ocrx_word' id='word_1_389' title='bbox 730 2182 790 2202; x_wconf 89' lang='lat' dir='ltr'><strong>cum</strong></span> <span class='ocrx_word' id='word_1_390' title='bbox 806 2175 832 2201; x_wconf 91' lang='lat' dir='ltr'><strong>in</strong></span> 
     </span>
    </p>
   </div>
   <div class='ocr_carea' id='block_1_58' title="bbox 51 2211 832 2243">
    <p class='ocr_par' dir='ltr' id='par_1_58' title="bbox 51 2211 832 2243">
     <span class='ocr_line' id='line_1_59' title="bbox 51 2211 832 2243; baseline -0.001 -6"><span class='ocrx_word' id='word_1_391' title='bbox 51 2211 159 2239; x_wconf 73' lang='lat' dir='ltr'><strong>familia:</strong></span> <span class='ocrx_word' id='word_1_392' title='bbox 175 2218 300 2239; x_wconf 86' lang='lat' dir='ltr'><strong>versetur</strong></span> <span class='ocrx_word' id='word_1_393' title='bbox 315 2212 472 2243; x_wconf 83' lang='lat' dir='ltr'><strong>curatione;</strong></span> <span class='ocrx_word' id='word_1_394' title='bbox 491 2211 639 2237; x_wconf 88' lang='lat' dir='ltr'><strong>indivulsus</strong></span> <span class='ocrx_word' id='word_1_395' title='bbox 654 2214 744 2237; x_wconf 89' lang='lat' dir='ltr'><strong>tamen</strong></span> <span class='ocrx_word' id='word_1_396' title='bbox 760 2214 803 2236; x_wconf 83' lang='lat' dir='ltr'><strong>est</strong></span> <span class='ocrx_word' id='word_1_397' title='bbox 817 2217 832 2236; x_wconf 86' lang='lat' dir='ltr'><strong>a</strong></span> 
     </span>
    </p>
   </div>
   <div class='ocr_carea' id='block_1_59' title="bbox 660 162 1080 191">
    <p class='ocr_par' dir='ltr' id='par_1_59' title="bbox 660 162 1080 191">
     <span class='ocr_line' id='line_1_60' title="bbox 660 162 1080 191; baseline 0.007 -3"><span class='ocrx_word' id='word_1_398' title='bbox 660 162 705 189; x_wconf 78' lang='lat' dir='ltr'><strong>DE</strong></span> <span class='ocrx_word' id='word_1_399' title='bbox 725 162 835 190; x_wconf 84' lang='lat' dir='ltr'><strong>LlBRlS</strong></span> <span class='ocrx_word' id='word_1_400' title='bbox 855 162 1080 191; x_wconf 80' lang='lat' dir='ltr'><strong>STROMATU‘M.</strong></span> 
     </span>
    </p>
   </div>
   <div class='ocr_carea' id='block_1_60' title="bbox 845 220 1658 257">
    <p class='ocr_par' dir='ltr' id='par_1_60' title="bbox 845 220 1658 257">
     <span class='ocr_line' id='line_1_61' title="bbox 845 220 1658 257; baseline 0.001 -9"><span class='ocrx_word' id='word_1_401' title='bbox 845 227 867 252; x_wconf 71' lang='grc' dir='ltr'>Α</span> <span class='ocrx_word' id='word_1_402' title='bbox 883 222 994 254; x_wconf 82' lang='lat' dir='ltr'><strong>tionem,</strong></span> <span class='ocrx_word' id='word_1_403' title='bbox 1009 230 1069 256; x_wconf 67' lang='lat' dir='ltr'><strong>qua:</strong></span> <span class='ocrx_word' id='word_1_404' title='bbox 1082 220 1193 248; x_wconf 75' lang='lat' dir='ltr'><strong>affertur</strong></span> <span class='ocrx_word' id='word_1_405' title='bbox 1204 229 1253 256; x_wconf 90' lang='lat' dir='ltr'><strong>per</strong></span> <span class='ocrx_word' id='word_1_406' title='bbox 1265 221 1345 254; x_wconf 85' lang='lat' dir='ltr'><strong>filios.</strong></span> <span class='ocrx_word' id='word_1_407' title='bbox 1358 229 1481 254; x_wconf 84' lang='lat' dir='ltr'><strong>uxorem,</strong></span> <span class='ocrx_word' id='word_1_408' title='bbox 1496 225 1522 249; x_wconf 90' lang='lat' dir='ltr'><strong>et</strong></span> <span class='ocrx_word' id='word_1_409' title='bbox 1533 221 1658 257; x_wconf 84' lang='lat' dir='ltr'><strong>famulos,</strong></span> 
     </span>
    </p>
   </div>
   <div class='ocr_carea' id='block_1_61' title="bbox 1592 164 1661 192">
    <p class='ocr_par' dir='ltr' id='par_1_61' title="bbox 1592 164 1661 192">
     <span class='ocr_line' id='line_1_62' title="bbox 1592 164 1661 192; baseline -0.014 0"><span class='ocrx_word' id='word_1_410' title='bbox 1592 164 1661 192; x_wconf 71' lang='lat'><strong>“82</strong></span> 
     </span>
    </p>
   </div>
   <div class='ocr_carea' id='block_1_62' title="bbox 882 256 1657 292">
    <p class='ocr_par' dir='ltr' id='par_1_62' title="bbox 882 256 1657 292">
     <span class='ocr_line' id='line_1_63' title="bbox 882 256 1657 292; baseline 0.003 -9"><span class='ocrx_word' id='word_1_411' title='bbox 882 262 909 283; x_wconf 89' lang='lat' dir='ltr'><strong>et</strong></span> <span class='ocrx_word' id='word_1_412' title='bbox 927 258 1125 292; x_wconf 86' lang='lat' dir='ltr'><strong>possessiones.</strong></span> <span class='ocrx_word' id='word_1_413' title='bbox 1147 267 1155 282; x_wconf 76' lang='grc' dir='ltr'><strong>ι</strong></span> <span class='ocrx_word' id='word_1_414' title='bbox 1178 257 1228 289; x_wconf 88' lang='lat' dir='ltr'><strong>Qui</strong></span> <span class='ocrx_word' id='word_1_415' title='bbox 1245 264 1311 291; x_wconf 88' lang='lat' dir='ltr'><strong>ergo</strong></span> <span class='ocrx_word' id='word_1_416' title='bbox 1328 258 1463 284; x_wconf 88' lang='lat' dir='ltr'><strong>connubio</strong></span> <span class='ocrx_word' id='word_1_417' title='bbox 1477 256 1587 291; x_wconf 71' lang='lat' dir='ltr'><strong>ﬁtnctus</strong></span> <span class='ocrx_word' id='word_1_418' title='bbox 1605 264 1657 291; x_wconf 82' lang='lat' dir='ltr'><strong>est,</strong></span> 
     </span>
    </p>
   </div>
   <div class='ocr_carea' id='block_1_63' title="bbox 883 292 1658 326">
    <p class='ocr_par' dir='ltr' id='par_1_63' title="bbox 883 292 1658 326">
     <span class='ocr_line' id='line_1_64' title="bbox 883 292 1658 326; baseline 0 -8"><span class='ocrx_word' id='word_1_419' title='bbox 883 297 909 318; x_wconf 87' lang='lat' dir='ltr'><strong>et</strong></span> <span class='ocrx_word' id='word_1_420' title='bbox 935 293 1105 326; x_wconf 83' lang='lat' dir='ltr'><strong>insurgentes</strong></span> <span class='ocrx_word' id='word_1_421' title='bbox 1127 292 1244 325; x_wconf 87' lang='lat' dir='ltr'><strong>undique</strong></span> <span class='ocrx_word' id='word_1_422' title='bbox 1266 300 1298 319; x_wconf 83' lang='lat' dir='ltr'><strong>ex</strong></span> <span class='ocrx_word' id='word_1_423' title='bbox 1320 292 1396 324; x_wconf 81' lang='lat' dir='ltr'><strong>filiis,</strong></span> <span class='ocrx_word' id='word_1_424' title='bbox 1420 299 1521 325; x_wconf 82' lang='lat' dir='ltr'><strong>uxore,</strong></span> <span class='ocrx_word' id='word_1_425' title='bbox 1541 292 1658 325; x_wconf 81' lang='lat' dir='ltr'><strong>famulis,</strong></span> 
     </span>
    </p>
   </div>
   <div class='ocr_carea' id='block_1_64' title="bbox 883 327 1660 361">
    <p class='ocr_par' dir='ltr' id='par_1_64' title="bbox 883 327 1660 361">
     <span class='ocr_line' id='line_1_65' title="bbox 883 327 1660 361; baseline 0 -8"><span class='ocrx_word' id='word_1_426' title='bbox 883 327 1099 361; x_wconf 83' lang='lat' dir='ltr'><strong>possessionibus</strong></span> <span class='ocrx_word' id='word_1_427' title='bbox 1111 328 1276 354; x_wconf 85' lang='lat' dir='ltr'><strong>tentatiottes</strong></span> <span class='ocrx_word' id='word_1_428' title='bbox 1287 347 1294 356; x_wconf 91' lang='lat'><strong>.</strong></span> <span class='ocrx_word' id='word_1_429' title='bbox 1310 335 1324 353; x_wconf 90' lang='lat' dir='ltr'><strong>a</strong></span> <span class='ocrx_word' id='word_1_430' title='bbox 1343 327 1387 353; x_wconf 88' lang='lat' dir='ltr'><strong>Dei</strong></span> <span class='ocrx_word' id='word_1_431' title='bbox 1404 327 1535 354; x_wconf 83' lang='lat' dir='ltr'><strong>charitate</strong></span> <span class='ocrx_word' id='word_1_432' title='bbox 1549 328 1660 356; x_wconf 84' lang='lat' dir='ltr'><strong>minime</strong></span> 
     </span>
    </p>
   </div>
   <div class='ocr_carea' id='block_1_65' title="bbox 882 362 1652 396">
    <p class='ocr_par' dir='ltr' id='par_1_65' title="bbox 882 362 1652 396">
     <span class='ocr_line' id='line_1_66' title="bbox 882 362 1652 396; baseline 0 -8"><span class='ocrx_word' id='word_1_433' title='bbox 882 362 1002 389; x_wconf 76' lang='lat' dir='ltr'><strong>divulsus</strong></span> <span class='ocrx_word' id='word_1_434' title='bbox 1017 366 1044 396; x_wconf 76' lang='lat' dir='ltr'><strong>et</strong></span> <span class='ocrx_word' id='word_1_435' title='bbox 1064 362 1219 394; x_wconf 80' lang='lat' dir='ltr'><strong>distractus,</strong></span> <span class='ocrx_word' id='word_1_436' title='bbox 1243 362 1392 394; x_wconf 84' lang='lat' dir='ltr'><strong>superavit,</strong></span> <span class='ocrx_word' id='word_1_437' title='bbox 1410 362 1432 388; x_wconf 84' lang='lat' dir='ltr'><strong>is</strong></span> <span class='ocrx_word' id='word_1_438' title='bbox 1448 362 1524 389; x_wconf 83' lang='lat' dir='ltr'><strong>alteri</strong></span> <span class='ocrx_word' id='word_1_439' title='bbox 1540 362 1652 396; x_wconf 83' lang='lat' dir='ltr'><strong>virgini-</strong></span> 
     </span>
    </p>
   </div>
   <div class='ocr_carea' id='block_1_66' title="bbox 883 395 1659 432">
    <p class='ocr_par' dir='ltr' id='par_1_66' title="bbox 883 395 1659 432">
     <span class='ocr_line' id='line_1_67' title="bbox 883 395 1659 432; baseline 0.004 -10"><span class='ocrx_word' id='word_1_440' title='bbox 883 401 964 422; x_wconf 86' lang='lat' dir='ltr'><strong>tatem</strong></span> <span class='ocrx_word' id='word_1_441' title='bbox 986 395 1193 430; x_wconf 68' lang='lat' dir='ltr'><strong>cteiibatumque</strong></span> <span class='ocrx_word' id='word_1_442' title='bbox 1216 396 1352 432; x_wconf 88' lang='lat' dir='ltr'><strong>profitenti</strong></span> <span class='ocrx_word' id='word_1_443' title='bbox 1376 405 1391 424; x_wconf 90' lang='lat' dir='ltr'><strong>a</strong></span> <span class='ocrx_word' id='word_1_444' title='bbox 1411 396 1549 424; x_wconf 88' lang='lat' dir='ltr'><strong>Clemente</strong></span> <span class='ocrx_word' id='word_1_445' title='bbox 1564 395 1659 425; x_wconf 83' lang='lat' dir='ltr'><strong>nostro</strong></span> 
     </span>
    </p>
   </div>
   <div class='ocr_carea' id='block_1_67' title="bbox 882 432 1065 466">
    <p class='ocr_par' dir='ltr' id='par_1_67' title="bbox 882 432 1065 466">
     <span class='ocr_line' id='line_1_68' title="bbox 882 432 1065 466; baseline -0.005 -8"><span class='ocrx_word' id='word_1_446' title='bbox 882 432 1065 466; x_wconf 85' lang='lat' dir='ltr'><strong>auteponilur.</strong></span> 
     </span>
    </p>
   </div>
   <div class='ocr_carea' id='block_1_68' title="bbox 918 465 1658 500">
    <p class='ocr_par' dir='ltr' id='par_1_68' title="bbox 918 465 1658 500">
     <span class='ocr_line' id='line_1_69' title="bbox 918 465 1658 500; baseline 0 -7"><span class='ocrx_word' id='word_1_447' title='bbox 918 465 970 493; x_wconf 71' lang='lat' dir='ltr'><strong>sed</strong></span> <span class='ocrx_word' id='word_1_448' title='bbox 987 466 1032 500; x_wconf 89' lang='lat' dir='ltr'><strong>qui</strong></span> <span class='ocrx_word' id='word_1_449' title='bbox 1051 466 1086 492; x_wconf 90' lang='lat' dir='ltr'><strong>ita</strong></span> <span class='ocrx_word' id='word_1_450' title='bbox 1106 466 1358 500; x_wconf 68' lang='lat' dir='ltr'><strong>argumentabitur,</strong></span> <span class='ocrx_word' id='word_1_451' title='bbox 1376 465 1421 493; x_wconf 86' lang='lat' dir='ltr'><strong>ille</strong></span> <span class='ocrx_word' id='word_1_452' title='bbox 1443 467 1562 493; x_wconf 74' lang='lat' dir='ltr'><strong>animum</strong></span> <span class='ocrx_word' id='word_1_453' title='bbox 1579 465 1611 493; x_wconf 88' lang='lat' dir='ltr'><strong>ad</strong></span> <span class='ocrx_word' id='word_1_454' title='bbox 1626 473 1658 493; x_wconf 88' lang='lat' dir='ltr'><strong>ea</strong></span> 
     </span>
    </p>
   </div>
   <div class='ocr_carea' id='block_1_69' title="bbox 882 500 1657 535">
    <p class='ocr_par' dir='ltr' id='par_1_69' title="bbox 882 500 1657 535">
     <span class='ocr_line' id='line_1_70' title="bbox 882 500 1657 535; baseline 0 -8"><span class='ocrx_word' id='word_1_455' title='bbox 882 500 1008 527; x_wconf 82' lang='lat' dir='ltr'><strong>advertat</strong></span> <span class='ocrx_word' id='word_1_456' title='bbox 1021 508 1080 533; x_wconf 68' lang='lat' dir='ltr'><strong>quae</strong></span> <span class='ocrx_word' id='word_1_457' title='bbox 1099 501 1222 528; x_wconf 82' lang='lat' dir='ltr'><strong>Clemens</strong></span> <span class='ocrx_word' id='word_1_458' title='bbox 1235 502 1404 528; x_wconf 87' lang='lat' dir='ltr'><strong>continenter</strong></span> <span class='ocrx_word' id='word_1_459' title='bbox 1417 501 1577 535; x_wconf 81' lang='lat' dir='ltr'><strong>subjunxit:</strong></span> <span class='ocrx_word' id='word_1_460' title='bbox 1599 510 1608 526; x_wconf 82' lang='grc' dir='ltr'><strong>ι</strong></span> <span class='ocrx_word' id='word_1_461' title='bbox 1626 501 1657 528; x_wconf 82' lang='lat' dir='ltr'><strong>Ei</strong></span> 
     </span>
    </p>
   </div>
   <div class='ocr_carea' id='block_1_70' title="bbox 881 536 1660 571">
    <p class='ocr_par' dir='ltr' id='par_1_70' title="bbox 881 536 1660 571">
     <span class='ocr_line' id='line_1_71' title="bbox 881 536 1660 571; baseline 0 -9"><span class='ocrx_word' id='word_1_462' title='bbox 881 541 971 562; x_wconf 84' lang='lat' dir='ltr'><strong>autem</strong></span> <span class='ocrx_word' id='word_1_463' title='bbox 988 536 1033 568; x_wconf 92' lang='lat' dir='ltr'><strong>qui</strong></span> <span class='ocrx_word' id='word_1_464' title='bbox 1047 536 1154 562; x_wconf 92' lang='lat' dir='ltr'><strong>domum</strong></span> <span class='ocrx_word' id='word_1_465' title='bbox 1172 544 1223 563; x_wconf 92' lang='lat' dir='ltr'><strong>non</strong></span> <span class='ocrx_word' id='word_1_466' title='bbox 1245 536 1334 569; x_wconf 78' lang='lat' dir='ltr'><strong>habet,</strong></span> <span class='ocrx_word' id='word_1_467' title='bbox 1352 544 1445 570; x_wconf 82' lang='lat' dir='ltr'><strong>magna</strong></span> <span class='ocrx_word' id='word_1_468' title='bbox 1464 544 1496 563; x_wconf 80' lang='lat' dir='ltr'><strong>ex</strong></span> <span class='ocrx_word' id='word_1_469' title='bbox 1511 541 1587 571; x_wconf 83' lang='lat' dir='ltr'><strong>parte</strong></span> <span class='ocrx_word' id='word_1_470' title='bbox 1600 543 1660 564; x_wconf 75' lang='lat' dir='ltr'><strong>eve-</strong></span> 
     </span>
    </p>
   </div>
   <div class='ocr_carea' id='block_1_71' title="bbox 882 571 1659 604">
    <p class='ocr_par' dir='ltr' id='par_1_71' title="bbox 882 571 1659 604">
     <span class='ocr_line' id='line_1_72' title="bbox 882 571 1659 604; baseline -0.001 -7"><span class='ocrx_word' id='word_1_471' title='bbox 882 571 934 602; x_wconf 84' lang='lat' dir='ltr'><strong>nit,</strong></span> <span class='ocrx_word' id='word_1_472' title='bbox 952 575 980 596; x_wconf 92' lang='lat' dir='ltr'><strong>ut</strong></span> <span class='ocrx_word' id='word_1_473' title='bbox 997 578 1049 596; x_wconf 92' lang='lat' dir='ltr'><strong>non</strong></span> <span class='ocrx_word' id='word_1_474' title='bbox 1071 575 1201 598; x_wconf 89' lang='lat' dir='ltr'><strong>tentetur.</strong></span> <span class='ocrx_word' id='word_1_475' title='bbox 1225 571 1274 604; x_wconf 91' lang='lat' dir='ltr'><strong>Qui</strong></span> <span class='ocrx_word' id='word_1_476' title='bbox 1288 578 1352 604; x_wconf 69' lang='lat' dir='ltr'><strong>ergo</strong></span> <span class='ocrx_word' id='word_1_477' title='bbox 1375 572 1416 598; x_wconf 91' lang='lat' dir='ltr'><strong>sui</strong></span> <span class='ocrx_word' id='word_1_478' title='bbox 1430 571 1597 598; x_wconf 85' lang='lat' dir='ltr'><strong>solummodo</strong></span> <span class='ocrx_word' id='word_1_479' title='bbox 1609 577 1659 597; x_wconf 89' lang='lat' dir='ltr'><strong>cu-</strong></span> 
     </span>
    </p>
   </div>
   <div class='ocr_carea' id='block_1_72' title="bbox 882 604 1659 640">
    <p class='ocr_par' dir='ltr' id='par_1_72' title="bbox 882 604 1659 640">
     <span class='ocr_line' id='line_1_73' title="bbox 882 604 1659 640; baseline 0 -8"><span class='ocrx_word' id='word_1_480' title='bbox 882 613 940 632; x_wconf 89' lang='lat' dir='ltr'><strong>ram</strong></span> <span class='ocrx_word' id='word_1_481' title='bbox 959 605 1039 639; x_wconf 81' lang='lat' dir='ltr'><strong>gerit.</strong></span> <span class='ocrx_word' id='word_1_482' title='bbox 1054 605 1169 632; x_wconf 87' lang='lat' dir='ltr'><strong>vincitur</strong></span> <span class='ocrx_word' id='word_1_483' title='bbox 1186 607 1220 632; x_wconf 90' lang='lat' dir='ltr'><strong>ab</strong></span> <span class='ocrx_word' id='word_1_484' title='bbox 1234 612 1276 637; x_wconf 85' lang='lat' dir='ltr'><strong>eo,</strong></span> <span class='ocrx_word' id='word_1_485' title='bbox 1290 606 1335 640; x_wconf 89' lang='lat' dir='ltr'><strong>qui</strong></span> <span class='ocrx_word' id='word_1_486' title='bbox 1352 613 1412 632; x_wconf 93' lang='lat' dir='ltr'><strong>cum</strong></span> <span class='ocrx_word' id='word_1_487' title='bbox 1428 606 1463 632; x_wconf 92' lang='lat' dir='ltr'><strong>sit</strong></span> <span class='ocrx_word' id='word_1_488' title='bbox 1476 605 1587 632; x_wconf 89' lang='lat' dir='ltr'><strong>inferior</strong></span> <span class='ocrx_word' id='word_1_489' title='bbox 1600 604 1659 639; x_wconf 88' lang='lat' dir='ltr'><strong>qui-</strong></span> 
     </span>
    </p>
   </div>
   <div class='ocr_carea' id='block_1_73' title="bbox 881 640 1660 676">
    <p class='ocr_par' dir='ltr' id='par_1_73' title="bbox 881 640 1660 676">
     <span class='ocr_line' id='line_1_74' title="bbox 881 640 1660 676; baseline 0.001 -10"><span class='ocrx_word' id='word_1_490' title='bbox 881 640 953 676; x_wconf 75' lang='lat' dir='ltr'><strong>dem.</strong></span> <span class='ocrx_word' id='word_1_491' title='bbox 963 640 988 676; x_wconf 72' lang='lat' dir='ltr'><strong>in</strong></span> <span class='ocrx_word' id='word_1_492' title='bbox 1003 640 1035 666; x_wconf 91' lang='lat' dir='ltr'><strong>iis</strong></span> <span class='ocrx_word' id='word_1_493' title='bbox 1049 647 1108 676; x_wconf 70' lang='lat' dir='ltr'><strong>qua:</strong></span> <span class='ocrx_word' id='word_1_494' title='bbox 1122 640 1258 674; x_wconf 88' lang='lat' dir='ltr'><strong>pertinent</strong></span> <span class='ocrx_word' id='word_1_495' title='bbox 1269 642 1301 667; x_wconf 86' lang='lat' dir='ltr'><strong>ad</strong></span> <span class='ocrx_word' id='word_1_496' title='bbox 1317 647 1392 667; x_wconf 76' lang='lat' dir='ltr'><strong>suam</strong></span> <span class='ocrx_word' id='word_1_497' title='bbox 1402 641 1515 676; x_wconf 81' lang='lat' dir='ltr'><strong>salutem</strong></span> <span class='ocrx_word' id='word_1_498' title='bbox 1529 640 1600 667; x_wconf 83' lang='grc' dir='ltr'>κατὰ</span> <span class='ocrx_word' id='word_1_499' title='bbox 1609 640 1660 676; x_wconf 64' lang='grc' dir='ltr'><strong>τὴν</strong></span> 
     </span>
    </p>
   </div>
   <div class='ocr_carea' id='block_1_74' title="bbox 881 674 1658 710">
    <p class='ocr_par' dir='ltr' id='par_1_74' title="bbox 881 674 1658 710">
     <span class='ocr_line' id='line_1_75' title="bbox 881 674 1658 710; baseline 0.003 -10"><span class='ocrx_word' id='word_1_500' title='bbox 881 674 978 701; x_wconf 81' lang='grc' dir='ltr'>ἑαυτοῦ</span> <span class='ocrx_word' id='word_1_501' title='bbox 996 674 1147 710; x_wconf 83' lang='grc' dir='ltr'><strong>σωτηρίαν.</strong></span> <span class='ocrx_word' id='word_1_502' title='bbox 1161 675 1285 709; x_wconf 86' lang='lat' dir='ltr'><strong>superior</strong></span> <span class='ocrx_word' id='word_1_503' title='bbox 1301 680 1390 702; x_wconf 88' lang='lat' dir='ltr'><strong>autem</strong></span> <span class='ocrx_word' id='word_1_504' title='bbox 1418 676 1445 703; x_wconf 91' lang='lat' dir='ltr'><strong>in</strong></span> <span class='ocrx_word' id='word_1_505' title='bbox 1470 675 1519 708; x_wconf 83' lang='lat' dir='ltr'><strong>iis,</strong></span> <span class='ocrx_word' id='word_1_506' title='bbox 1542 683 1601 710; x_wconf 65' lang='lat' dir='ltr'><strong>qua:</strong></span> <span class='ocrx_word' id='word_1_507' title='bbox 1624 674 1658 702; x_wconf 81' lang='lat' dir='ltr'><strong>ad</strong></span> 
     </span>
    </p>
   </div>
   <div class='ocr_carea' id='block_1_75' title="bbox 882 710 1658 744">
    <p class='ocr_par' dir='ltr' id='par_1_75' title="bbox 882 710 1658 744">
     <span class='ocr_line' id='line_1_76' title="bbox 882 710 1658 744; baseline 0.001 -9"><span class='ocrx_word' id='word_1_508' title='bbox 882 710 945 736; x_wconf 69' lang='lat' dir='ltr'><strong>vita:</strong></span> <span class='ocrx_word' id='word_1_509' title='bbox 957 714 1081 743; x_wconf 83' lang='lat' dir='ltr'><strong>spectant</strong></span> <span class='ocrx_word' id='word_1_510' title='bbox 1096 710 1334 744; x_wconf 86' lang='lat' dir='ltr'><strong>dispensationem,</strong></span> <span class='ocrx_word' id='word_1_511' title='bbox 1344 711 1468 744; x_wconf 81' lang='lat' dir='ltr'><strong>exiguam</strong></span> <span class='ocrx_word' id='word_1_512' title='bbox 1482 718 1575 737; x_wconf 87' lang='lat' dir='ltr'><strong>revera</strong></span> <span class='ocrx_word' id='word_1_513' title='bbox 1591 717 1658 737; x_wconf 82' lang='lat' dir='ltr'><strong>con-</strong></span> 
     </span>
    </p>
   </div>
   <div class='ocr_carea' id='block_1_76' title="bbox 882 745 1658 780">
    <p class='ocr_par' dir='ltr' id='par_1_76' title="bbox 882 745 1658 780">
     <span class='ocr_line' id='line_1_77' title="bbox 882 745 1658 780; baseline -0.001 -8"><span class='ocrx_word' id='word_1_514' title='bbox 882 745 1130 780; x_wconf 22' lang='lat' dir='ltr'><strong>servatrintraginettt</strong></span> <span class='ocrx_word' id='word_1_515' title='bbox 1144 764 1152 778; x_wconf 90' lang='lat'><strong>,</strong></span> <span class='ocrx_word' id='word_1_516' title='bbox 1170 745 1292 772; x_wconf 77' lang='lat' dir='ltr'><strong>veritatis</strong></span> <span class='ocrx_word' id='word_1_517' title='bbox 1306 745 1485 780; x_wconf 83' lang='lat' dir='ltr'><strong>providentia.</strong></span> <span class='ocrx_word' id='word_1_518' title='bbox 1504 754 1514 770; x_wconf 73' lang='grc' dir='ltr'><strong>ι</strong></span> <span class='ocrx_word' id='word_1_519' title='bbox 1530 745 1658 772; x_wconf 66' lang='grc' dir='ltr'><strong>Οειῑιηιη</strong></span> 
     </span>
    </p>
   </div>
   <div class='ocr_carea' id='block_1_77' title="bbox 883 779 1658 813">
    <p class='ocr_par' dir='ltr' id='par_1_77' title="bbox 883 779 1658 813">
     <span class='ocr_line' id='line_1_78' title="bbox 883 779 1658 813; baseline 0.001 -8"><span class='ocrx_word' id='word_1_520' title='bbox 883 779 966 813; x_wconf 82' lang='lat' dir='ltr'><strong>igitur</strong></span> <span class='ocrx_word' id='word_1_521' title='bbox 981 779 1006 805; x_wconf 90' lang='lat' dir='ltr'><strong>in</strong></span> <span class='ocrx_word' id='word_1_522' title='bbox 1023 779 1056 806; x_wconf 89' lang='lat' dir='ltr'><strong>iis</strong></span> <span class='ocrx_word' id='word_1_523' title='bbox 1071 783 1174 806; x_wconf 91' lang='lat' dir='ltr'><strong>tantum</strong></span> <span class='ocrx_word' id='word_1_524' title='bbox 1184 799 1191 812; x_wconf 82' lang='lat'><strong>,</strong></span> <span class='ocrx_word' id='word_1_525' title='bbox 1205 787 1265 813; x_wconf 66' lang='lat' dir='ltr'><strong>qua:</strong></span> <span class='ocrx_word' id='word_1_526' title='bbox 1279 781 1311 806; x_wconf 89' lang='lat' dir='ltr'><strong>ad</strong></span> <span class='ocrx_word' id='word_1_527' title='bbox 1326 780 1387 806; x_wconf 70' lang='lat' dir='ltr'><strong>vita:</strong></span> <span class='ocrx_word' id='word_1_528' title='bbox 1399 800 1406 812; x_wconf 88' lang='lat'><strong>,</strong></span> <span class='ocrx_word' id='word_1_529' title='bbox 1422 780 1472 807; x_wconf 92' lang='lat' dir='ltr'><strong>hoc</strong></span> <span class='ocrx_word' id='word_1_530' title='bbox 1485 784 1528 807; x_wconf 88' lang='lat' dir='ltr'><strong>est</strong></span> <span class='ocrx_word' id='word_1_531' title='bbox 1541 799 1549 812; x_wconf 85' lang='lat'><strong>,</strong></span> <span class='ocrx_word' id='word_1_532' title='bbox 1563 780 1658 806; x_wconf 85' lang='lat' dir='ltr'><strong>domus</strong></span> 
     </span>
    </p>
   </div>
   <div class='ocr_carea' id='block_1_78' title="bbox 881 813 1659 849">
    <p class='ocr_par' dir='ltr' id='par_1_78' title="bbox 881 813 1659 849">
     <span class='ocr_line' id='line_1_79' title="bbox 881 813 1659 849; baseline -0.001 -9"><span class='ocrx_word' id='word_1_533' title='bbox 881 818 908 840; x_wconf 86' lang='lat' dir='ltr'><strong>et</strong></span> <span class='ocrx_word' id='word_1_534' title='bbox 948 813 1059 849; x_wconf 68' lang='lat' dir='ltr'><strong>familiae</strong></span> <span class='ocrx_word' id='word_1_535' title='bbox 1100 815 1329 848; x_wconf 86' lang='lat' dir='ltr'><strong>dispensationem</strong></span> <span class='ocrx_word' id='word_1_536' title='bbox 1372 819 1517 849; x_wconf 80' lang='lat' dir='ltr'><strong>spectant,</strong></span> <span class='ocrx_word' id='word_1_537' title='bbox 1558 815 1659 848; x_wconf 73' lang='lat' dir='ltr'><strong>conju-</strong></span> 
     </span>
    </p>
   </div>
   <div class='ocr_carea' id='block_1_79' title="bbox 881 848 1659 884">
    <p class='ocr_par' dir='ltr' id='par_1_79' title="bbox 881 848 1659 884">
     <span class='ocr_line' id='line_1_80' title="bbox 881 848 1659 884; baseline 0.001 -10"><span class='ocrx_word' id='word_1_538' title='bbox 881 848 1141 884; x_wconf 17' lang='lat' dir='ltr'><strong>gibusrinferiorem</strong></span> <span class='ocrx_word' id='word_1_539' title='bbox 1165 856 1226 876; x_wconf 83' lang='lat' dir='ltr'><strong>esse</strong></span> <span class='ocrx_word' id='word_1_540' title='bbox 1250 848 1433 876; x_wconf 40' lang='lat' dir='ltr'><strong>affirutatJAt</strong></span> <span class='ocrx_word' id='word_1_541' title='bbox 1465 850 1538 876; x_wconf 89' lang='lat' dir='ltr'><strong>hunc</strong></span> <span class='ocrx_word' id='word_1_542' title='bbox 1570 850 1659 884; x_wconf 88' lang='lat' dir='ltr'><strong>ipsum</strong></span> 
     </span>
    </p>
   </div>
   <div class='ocr_carea' id='block_1_80' title="bbox 883 883 1658 918">
    <p class='ocr_par' dir='ltr' id='par_1_80' title="bbox 883 883 1658 918">
     <span class='ocr_line' id='line_1_81' title="bbox 883 883 1658 918; baseline 0.001 -9"><span class='ocrx_word' id='word_1_543' title='bbox 883 883 1078 910; x_wconf 85' lang='lat' dir='ltr'><strong>teutationibus</strong></span> <span class='ocrx_word' id='word_1_544' title='bbox 1113 884 1201 911; x_wconf 85' lang='lat' dir='ltr'><strong>minus</strong></span> <span class='ocrx_word' id='word_1_545' title='bbox 1232 884 1390 916; x_wconf 83' lang='lat' dir='ltr'><strong>obnoxium,</strong></span> <span class='ocrx_word' id='word_1_546' title='bbox 1423 890 1504 918; x_wconf 86' lang='lat' dir='ltr'><strong>atque</strong></span> <span class='ocrx_word' id='word_1_547' title='bbox 1534 883 1600 911; x_wconf 82' lang='lat' dir='ltr'><strong>adeo</strong></span> <span class='ocrx_word' id='word_1_548' title='bbox 1630 884 1658 910; x_wconf 94' lang='lat' dir='ltr'><strong>in</strong></span> 
     </span>
    </p>
   </div>
   <div class='ocr_carea' id='block_1_81' title="bbox 881 917 1661 954">
    <p class='ocr_par' dir='ltr' id='par_1_81' title="bbox 881 917 1661 954">
     <span class='ocr_line' id='line_1_82' title="bbox 881 917 1661 954; baseline 0.003 -10"><span class='ocrx_word' id='word_1_549' title='bbox 881 917 914 954; x_wconf 82' lang='lat' dir='ltr'><strong>iis</strong></span> <span class='ocrx_word' id='word_1_550' title='bbox 928 939 935 951; x_wconf 92' lang='lat'><strong>,</strong></span> <span class='ocrx_word' id='word_1_551' title='bbox 951 925 1010 952; x_wconf 72' lang='lat' dir='ltr'><strong>qua:</strong></span> <span class='ocrx_word' id='word_1_552' title='bbox 1032 918 1064 944; x_wconf 84' lang='lat' dir='ltr'><strong>ad</strong></span> <span class='ocrx_word' id='word_1_553' title='bbox 1082 919 1355 954; x_wconf 19' lang='lat' dir='ltr'><strong>salutetnrattineut,</strong></span> <span class='ocrx_word' id='word_1_554' title='bbox 1372 917 1529 954; x_wconf 73' lang='lat' dir='ltr'><strong>coniugibus</strong></span> <span class='ocrx_word' id='word_1_555' title='bbox 1547 923 1661 946; x_wconf 86' lang='lat' dir='ltr'><strong>conten-</strong></span> 
     </span>
    </p>
   </div>
   <div class='ocr_carea' id='block_1_82' title="bbox 882 953 1659 989">
    <p class='ocr_par' dir='ltr' id='par_1_82' title="bbox 882 953 1659 989">
     <span class='ocr_line' id='line_1_83' title="bbox 882 953 1659 989; baseline -0.001 -9"><span class='ocrx_word' id='word_1_556' title='bbox 882 953 997 989; x_wconf 19' lang='lat' dir='ltr'><strong>ditresse</strong></span> <span class='ocrx_word' id='word_1_557' title='bbox 1011 954 1190 987; x_wconf 84' lang='lat' dir='ltr'><strong>superiorem.</strong></span> <span class='ocrx_word' id='word_1_558' title='bbox 1205 953 1396 989; x_wconf 19' lang='lat' dir='ltr'><strong>Nemorautem</strong></span> <span class='ocrx_word' id='word_1_559' title='bbox 1418 953 1510 987; x_wconf 37' lang='lat' dir='ltr'><strong>de’iis,</strong></span> <span class='ocrx_word' id='word_1_560' title='bbox 1527 962 1587 989; x_wconf 67' lang='lat' dir='ltr'><strong>qua:</strong></span> <span class='ocrx_word' id='word_1_561' title='bbox 1603 958 1659 980; x_wconf 88' lang='lat' dir='ltr'><strong>ten-</strong></span> 
     </span>
    </p>
   </div>
   <div class='ocr_carea' id='block_1_83' title="bbox 882 988 1660 1024">
    <p class='ocr_par' dir='ltr' id='par_1_83' title="bbox 882 988 1660 1024">
     <span class='ocr_line' id='line_1_84' title="bbox 882 988 1660 1024; baseline 0 -10"><span class='ocrx_word' id='word_1_562' title='bbox 882 988 1011 1024; x_wconf 85' lang='lat' dir='ltr'><strong>tatiouem</strong></span> <span class='ocrx_word' id='word_1_563' title='bbox 1034 993 1175 1024; x_wconf 80' lang='lat' dir='ltr'><strong>removent</strong></span> <span class='ocrx_word' id='word_1_564' title='bbox 1199 988 1320 1022; x_wconf 86' lang='lat' dir='ltr'><strong>pericula</strong></span> <span class='ocrx_word' id='word_1_565' title='bbox 1333 1008 1342 1020; x_wconf 83' lang='lat'><strong><em>.</em></strong></span> <span class='ocrx_word' id='word_1_566' title='bbox 1361 994 1388 1016; x_wconf 88' lang='lat' dir='ltr'><strong>et</strong></span> <span class='ocrx_word' id='word_1_567' title='bbox 1409 997 1472 1024; x_wconf 55' lang='lat' dir='ltr'><strong>qua:</strong></span> <span class='ocrx_word' id='word_1_568' title='bbox 1492 988 1524 1016; x_wconf 86' lang='lat' dir='ltr'><strong>ad</strong></span> <span class='ocrx_word' id='word_1_569' title='bbox 1538 988 1660 1015; x_wconf 47' lang='lat' dir='ltr'><strong>&#39;salutem</strong></span> 
     </span>
    </p>
   </div>
   <div class='ocr_carea' id='block_1_84' title="bbox 881 1023 1661 1059">
    <p class='ocr_par' dir='ltr' id='par_1_84' title="bbox 881 1023 1661 1059">
     <span class='ocr_line' id='line_1_85' title="bbox 881 1023 1661 1059; baseline 0.001 -11"><span class='ocrx_word' id='word_1_570' title='bbox 881 1023 967 1059; x_wconf 81' lang='lat' dir='ltr'><strong>magis</strong></span> <span class='ocrx_word' id='word_1_571' title='bbox 994 1023 1168 1059; x_wconf 78' lang='lat' dir='ltr'><strong>conducunt,</strong></span> <span class='ocrx_word' id='word_1_572' title='bbox 1194 1028 1257 1051; x_wconf 90' lang='lat' dir='ltr'><strong>vota</strong></span> <span class='ocrx_word' id='word_1_573' title='bbox 1282 1024 1339 1051; x_wconf 86' lang='lat' dir='ltr'><strong>fieri</strong></span> <span class='ocrx_word' id='word_1_574' title='bbox 1366 1023 1445 1059; x_wconf 83' lang='lat' dir='ltr'><strong>posse</strong></span> <span class='ocrx_word' id='word_1_575' title='bbox 1465 1023 1527 1058; x_wconf 85' lang='lat' dir='ltr'><strong>jure</strong></span> <span class='ocrx_word' id='word_1_576' title='bbox 1541 1030 1661 1058; x_wconf 84' lang='lat' dir='ltr'><strong>unquam</strong></span> 
     </span>
    </p>
   </div>
   <div class='ocr_carea' id='block_1_85' title="bbox 881 1058 1111 1092">
    <p class='ocr_par' dir='ltr' id='par_1_85' title="bbox 881 1058 1111 1092">
     <span class='ocr_line' id='line_1_86' title="bbox 881 1058 1111 1092; baseline 0.009 -9"><span class='ocrx_word' id='word_1_577' title='bbox 881 1058 979 1084; x_wconf 88' lang='lat' dir='ltr'><strong>merito</strong></span> <span class='ocrx_word' id='word_1_578' title='bbox 994 1058 1111 1092; x_wconf 75' lang='lat' dir='ltr'><strong>negabit.</strong></span> 
     </span>
    </p>
   </div>
   <div class='ocr_carea' id='block_1_86' title="bbox 919 1092 1663 1127">
    <p class='ocr_par' dir='ltr' id='par_1_86' title="bbox 919 1092 1663 1127">
     <span class='ocr_line' id='line_1_87' title="bbox 919 1092 1663 1127; baseline -0.001 -8"><span class='ocrx_word' id='word_1_579' title='bbox 919 1092 1030 1127; x_wconf 82' lang='lat' dir='ltr'><strong>Urgebis</strong></span> <span class='ocrx_word' id='word_1_580' title='bbox 1051 1097 1138 1119; x_wconf 88' lang='lat' dir='ltr'><strong>tamen</strong></span> <span class='ocrx_word' id='word_1_581' title='bbox 1157 1092 1322 1120; x_wconf 80' lang='lat' dir='ltr'><strong>Clementem</strong></span> <span class='ocrx_word' id='word_1_582' title='bbox 1337 1093 1390 1120; x_wconf 90' lang='lat' dir='ltr'><strong>alio</strong></span> <span class='ocrx_word' id='word_1_583' title='bbox 1406 1093 1432 1120; x_wconf 93' lang='lat' dir='ltr'><strong>in</strong></span> <span class='ocrx_word' id='word_1_584' title='bbox 1449 1093 1519 1120; x_wconf 88' lang='lat' dir='ltr'><strong>libro</strong></span> <span class='ocrx_word' id='word_1_585' title='bbox 1530 1114 1536 1124; x_wconf 85' lang='grc'>,</span> <span class='ocrx_word' id='word_1_586' title='bbox 1548 1093 1594 1119; x_wconf 82' lang='lat' dir='ltr'><strong>tibi</strong></span> <span class='ocrx_word' id='word_1_587' title='bbox 1606 1092 1663 1118; x_wconf 91' lang='lat' dir='ltr'><strong>vir-</strong></span> 
     </span>
    </p>
   </div>
   <div class='ocr_carea' id='block_1_87' title="bbox 881 1127 1663 1162">
    <p class='ocr_par' dir='ltr' id='par_1_87' title="bbox 881 1127 1663 1162">
     <span class='ocr_line' id='line_1_88' title="bbox 881 1127 1663 1162; baseline 0.003 -10"><span class='ocrx_word' id='word_1_588' title='bbox 881 1127 970 1161; x_wconf 87' lang='lat' dir='ltr'><strong>ginem</strong></span> <span class='ocrx_word' id='word_1_589' title='bbox 986 1135 1046 1153; x_wconf 89' lang='lat' dir='ltr'><strong>cutn</strong></span> <span class='ocrx_word' id='word_1_590' title='bbox 1062 1128 1140 1153; x_wconf 89' lang='lat' dir='ltr'><strong>vidua</strong></span> <span class='ocrx_word' id='word_1_591' title='bbox 1158 1129 1315 1162; x_wconf 83' lang='lat' dir='ltr'><strong>componit,</strong></span> <span class='ocrx_word' id='word_1_592' title='bbox 1332 1128 1431 1155; x_wconf 74' lang='lat' dir='ltr'><strong>dixisse</strong></span> <span class='ocrx_word' id='word_1_593' title='bbox 1444 1128 1467 1144; x_wconf 79' lang='lat'><strong>&quot;</strong></span> <span class='ocrx_word' id='word_1_594' title='bbox 1485 1136 1492 1154; x_wconf 89' lang='lat'><strong>:</strong></span> <span class='ocrx_word' id='word_1_595' title='bbox 1508 1127 1578 1162; x_wconf 83' lang='grc' dir='ltr'><strong>Ἤδη</strong></span> <span class='ocrx_word' id='word_1_596' title='bbox 1591 1127 1663 1159; x_wconf 74' lang='grc' dir='ltr'>τινὲς</span> 
     </span>
    </p>
   </div>
   <div class='ocr_carea' id='block_1_88' title="bbox 881 1161 1662 1199">
    <p class='ocr_par' dir='ltr' id='par_1_88' title="bbox 881 1161 1662 1199">
     <span class='ocr_line' id='line_1_89' title="bbox 881 1161 1662 1199; baseline 0.001 -11"><span class='ocrx_word' id='word_1_597' title='bbox 881 1162 928 1199; x_wconf 53' lang='grc' dir='ltr'><strong>κα)</strong></span> <span class='ocrx_word' id='word_1_598' title='bbox 952 1162 1002 1197; x_wconf 76' lang='grc' dir='ltr'><strong>τῆς</strong></span> <span class='ocrx_word' id='word_1_599' title='bbox 1021 1161 1156 1197; x_wconf 82' lang='grc' dir='ltr'><strong>παρθένου</strong></span> <span class='ocrx_word' id='word_1_600' title='bbox 1175 1161 1227 1199; x_wconf 47' lang='grc' dir='ltr'><strong>τῂν⁷</strong></span> <span class='ocrx_word' id='word_1_601' title='bbox 1241 1164 1327 1199; x_wconf 81' lang='grc' dir='ltr'>χήραν</span> <span class='ocrx_word' id='word_1_602' title='bbox 1350 1163 1390 1194; x_wconf 84' lang='grc' dir='ltr'><strong>εἰς</strong></span> <span class='ocrx_word' id='word_1_603' title='bbox 1407 1161 1581 1199; x_wconf 30' lang='grc' dir='ltr'><strong>ὲιριράτειανζ</strong></span> <span class='ocrx_word' id='word_1_604' title='bbox 1593 1170 1662 1198; x_wconf 82' lang='grc' dir='ltr'>προ-</span> 
     </span>
    </p>
   </div>
   <div class='ocr_carea' id='block_1_89' title="bbox 880 1196 1663 1234">
    <p class='ocr_par' dir='ltr' id='par_1_89' title="bbox 880 1196 1663 1234">
     <span class='ocr_line' id='line_1_90' title="bbox 880 1196 1663 1234; baseline 0.001 -11"><span class='ocrx_word' id='word_1_605' title='bbox 880 1197 996 1234; x_wconf 59' lang='grc' dir='ltr'>τξίνῳσι</span> <span class='ocrx_word' id='word_1_606' title='bbox 1009 1217 1018 1234; x_wconf 83' lang='lat'><strong>,</strong></span> <span class='ocrx_word' id='word_1_607' title='bbox 1048 1196 1393 1234; x_wconf 63' lang='grc' dir='ltr'><strong>κᾳῖαμεγαλοφροὺήσασαν</strong></span> <span class='ocrx_word' id='word_1_608' title='bbox 1429 1196 1472 1234; x_wconf 30' lang='lat' dir='ltr'><strong>ﬁgi</strong></span> <span class='ocrx_word' id='word_1_609' title='bbox 1485 1196 1663 1234; x_wconf 34' lang='lat' dir='ltr'><strong>h‘i&#39;ts‘trsfpgi‘tal</strong></span> 
     </span>
    </p>
   </div>
   <div class='ocr_carea' id='block_1_90' title="bbox 880 1231 1660 1267">
    <p class='ocr_par' dir='ltr' id='par_1_90' title="bbox 880 1231 1660 1267">
     <span class='ocr_line' id='line_1_91' title="bbox 880 1231 1660 1267; baseline 0 -9"><span class='ocrx_word' id='word_1_610' title='bbox 880 1232 987 1267; x_wconf 78' lang='grc' dir='ltr'><strong>ἡδονῆς.</strong></span> <span class='ocrx_word' id='word_1_611' title='bbox 1001 1233 1076 1265; x_wconf 82' lang='lat' dir='ltr'><strong>Quod</strong></span> <span class='ocrx_word' id='word_1_612' title='bbox 1093 1231 1228 1267; x_wconf 80' lang='lat' dir='ltr'><strong>interpres</strong></span> <span class='ocrx_word' id='word_1_613' title='bbox 1242 1231 1355 1260; x_wconf 76' lang='lat' dir='ltr'><strong>Latinus</strong></span> <span class='ocrx_word' id='word_1_614' title='bbox 1372 1233 1408 1259; x_wconf 88' lang='lat' dir='ltr'><strong>ita</strong></span> <span class='ocrx_word' id='word_1_615' title='bbox 1428 1231 1560 1260; x_wconf 75' lang='lat' dir='ltr'><strong>reddidit:</strong></span> <span class='ocrx_word' id='word_1_616' title='bbox 1576 1231 1590 1258; x_wconf 21' lang='lat' dir='ltr'><strong>t7</strong></span> <span class='ocrx_word' id='word_1_617' title='bbox 1601 1231 1660 1259; x_wconf 67' lang='lat' dir='ltr'><strong>lam</strong></span> 
     </span>
    </p>
   </div>
   <div class='ocr_carea' id='block_1_91' title="bbox 882 1266 1661 1301">
    <p class='ocr_par' dir='ltr' id='par_1_91' title="bbox 882 1266 1661 1301">
     <span class='ocr_line' id='line_1_92' title="bbox 882 1266 1661 1301; baseline 0.001 -8"><span class='ocrx_word' id='word_1_618' title='bbox 882 1266 1002 1293; x_wconf 83' lang='lat' dir='ltr'><strong>nonnulli</strong></span> <span class='ocrx_word' id='word_1_619' title='bbox 1026 1274 1132 1300; x_wconf 87' lang='lat' dir='ltr'><strong>quoque</strong></span> <span class='ocrx_word' id='word_1_620' title='bbox 1158 1266 1304 1301; x_wconf 59' lang='lat' dir='ltr'><strong>praeferunt</strong></span> <span class='ocrx_word' id='word_1_621' title='bbox 1323 1267 1430 1294; x_wconf 88' lang='lat' dir='ltr'><strong>viduam</strong></span> <span class='ocrx_word' id='word_1_622' title='bbox 1454 1267 1551 1301; x_wconf 82' lang='lat' dir='ltr'><strong>virgini</strong></span> <span class='ocrx_word' id='word_1_623' title='bbox 1565 1287 1572 1298; x_wconf 93' lang='lat'><strong>,</strong></span> <span class='ocrx_word' id='word_1_624' title='bbox 1588 1267 1661 1300; x_wconf 90' lang='lat' dir='ltr'><strong>quod</strong></span> 
     </span>
    </p>
   </div>
   <div class='ocr_carea' id='block_1_92' title="bbox 882 1302 1662 1336">
    <p class='ocr_par' dir='ltr' id='par_1_92' title="bbox 882 1302 1662 1336">
     <span class='ocr_line' id='line_1_93' title="bbox 882 1302 1662 1336; baseline -0.001 -8"><span class='ocrx_word' id='word_1_625' title='bbox 882 1303 979 1328; x_wconf 88' lang='lat' dir='ltr'><strong>attinet</strong></span> <span class='ocrx_word' id='word_1_626' title='bbox 1002 1302 1035 1328; x_wconf 92' lang='lat' dir='ltr'><strong>ad</strong></span> <span class='ocrx_word' id='word_1_627' title='bbox 1057 1302 1273 1333; x_wconf 87' lang='lat' dir='ltr'><strong>continentiam,</strong></span> <span class='ocrx_word' id='word_1_628' title='bbox 1298 1308 1327 1329; x_wconf 93' lang='lat' dir='ltr'><strong>ut</strong></span> <span class='ocrx_word' id='word_1_629' title='bbox 1356 1310 1415 1336; x_wconf 72' lang='lat' dir='ltr'><strong>qua:</strong></span> <span class='ocrx_word' id='word_1_630' title='bbox 1443 1310 1523 1336; x_wconf 89' lang='lat' dir='ltr'><strong>quam</strong></span> <span class='ocrx_word' id='word_1_631' title='bbox 1549 1307 1662 1336; x_wconf 75' lang='lat' dir='ltr'><strong>experta</strong></span> 
     </span>
    </p>
   </div>
   <div class='ocr_carea' id='block_1_93' title="bbox 881 1337 1663 1370">
    <p class='ocr_par' dir='ltr' id='par_1_93' title="bbox 881 1337 1663 1370">
     <span class='ocr_line' id='line_1_94' title="bbox 881 1337 1663 1370; baseline -0.003 -6"><span class='ocrx_word' id='word_1_632' title='bbox 881 1341 923 1364; x_wconf 91' lang='lat' dir='ltr'><strong>est</strong></span> <span class='ocrx_word' id='word_1_633' title='bbox 938 1337 1125 1370; x_wconf 86' lang='lat' dir='ltr'><strong>voluptatem,</strong></span> <span class='ocrx_word' id='word_1_634' title='bbox 1142 1345 1240 1370; x_wconf 85' lang='lat' dir='ltr'><strong>magno</strong></span> <span class='ocrx_word' id='word_1_635' title='bbox 1257 1342 1285 1363; x_wconf 89' lang='lat' dir='ltr'><strong>et</strong></span> <span class='ocrx_word' id='word_1_636' title='bbox 1303 1338 1410 1364; x_wconf 79' lang='lat' dir='ltr'><strong>excelso</strong></span> <span class='ocrx_word' id='word_1_637' title='bbox 1425 1338 1516 1364; x_wconf 88' lang='lat' dir='ltr'><strong>animo</strong></span> <span class='ocrx_word' id='word_1_638' title='bbox 1541 1341 1663 1364; x_wconf 84' lang='lat' dir='ltr'><strong>contem-</strong></span> 
     </span>
    </p>
   </div>
   <div class='ocr_carea' id='block_1_94' title="bbox 881 1371 1663 1406">
    <p class='ocr_par' dir='ltr' id='par_1_94' title="bbox 881 1371 1663 1406">
     <span class='ocr_line' id='line_1_95' title="bbox 881 1371 1663 1406; baseline 0 -8"><span class='ocrx_word' id='word_1_639' title='bbox 881 1372 976 1406; x_wconf 86' lang='lat' dir='ltr'><strong>pserit.</strong></span> <span class='ocrx_word' id='word_1_640' title='bbox 996 1381 1005 1396; x_wconf 81' lang='grc' dir='ltr'><strong>ι</strong></span> <span class='ocrx_word' id='word_1_641' title='bbox 1025 1371 1096 1405; x_wconf 84' lang='lat' dir='ltr'><strong>Ergo</strong></span> <span class='ocrx_word' id='word_1_642' title='bbox 1109 1393 1116 1404; x_wconf 81' lang='lat'><strong>,</strong></span> <span class='ocrx_word' id='word_1_643' title='bbox 1133 1372 1249 1405; x_wconf 88' lang='lat' dir='ltr'><strong>inquies.</strong></span> <span class='ocrx_word' id='word_1_644' title='bbox 1266 1371 1391 1399; x_wconf 85' lang='lat' dir='ltr'><strong>Clemens</strong></span> <span class='ocrx_word' id='word_1_645' title='bbox 1404 1373 1526 1402; x_wconf 85' lang='lat' dir='ltr'><strong>viduam.</strong></span> <span class='ocrx_word' id='word_1_646' title='bbox 1543 1378 1604 1405; x_wconf 65' lang='lat' dir='ltr'><strong>qua</strong></span> <span class='ocrx_word' id='word_1_647' title='bbox 1622 1371 1663 1398; x_wconf 89' lang='lat' dir='ltr'><strong>vi-</strong></span> 
     </span>
    </p>
   </div>
   <div class='ocr_carea' id='block_1_95' title="bbox 882 1407 1663 1442">
    <p class='ocr_par' dir='ltr' id='par_1_95' title="bbox 882 1407 1663 1442">
     <span class='ocr_line' id='line_1_96' title="bbox 882 1407 1663 1442; baseline 0 -10"><span class='ocrx_word' id='word_1_648' title='bbox 882 1415 941 1442; x_wconf 80' lang='lat' dir='ltr'><strong>rum</strong></span> <span class='ocrx_word' id='word_1_649' title='bbox 955 1412 1067 1442; x_wconf 85' lang='lat' dir='ltr'><strong>experta</strong></span> <span class='ocrx_word' id='word_1_650' title='bbox 1082 1412 1125 1433; x_wconf 86' lang='lat' dir='ltr'><strong>est</strong></span> <span class='ocrx_word' id='word_1_651' title='bbox 1136 1426 1144 1438; x_wconf 82' lang='lat'><strong>.</strong></span> <span class='ocrx_word' id='word_1_652' title='bbox 1163 1407 1259 1442; x_wconf 83' lang='lat' dir='ltr'><strong>virgini</strong></span> <span class='ocrx_word' id='word_1_653' title='bbox 1275 1407 1403 1441; x_wconf 66' lang='lat' dir='ltr'><strong>praetulit.</strong></span> <span class='ocrx_word' id='word_1_654' title='bbox 1419 1407 1513 1442; x_wconf 83' lang='lat' dir='ltr'><strong>Neque</strong></span> <span class='ocrx_word' id='word_1_655' title='bbox 1523 1407 1663 1442; x_wconf 72' lang='lat' dir='ltr'><strong>patienter</strong></span> 
     </span>
    </p>
   </div>
   <div class='ocr_carea' id='block_1_96' title="bbox 881 1441 1663 1476">
    <p class='ocr_par' dir='ltr' id='par_1_96' title="bbox 881 1441 1663 1476">
     <span class='ocr_line' id='line_1_97' title="bbox 881 1441 1663 1476; baseline -0.001 -9"><span class='ocrx_word' id='word_1_656' title='bbox 881 1441 954 1468; x_wconf 88' lang='lat' dir='ltr'><strong>feres</strong></span> <span class='ocrx_word' id='word_1_657' title='bbox 978 1441 1026 1468; x_wconf 91' lang='lat' dir='ltr'><strong>tibi</strong></span> <span class='ocrx_word' id='word_1_658' title='bbox 1055 1441 1214 1475; x_wconf 83' lang='lat' dir='ltr'><strong>responderi</strong></span> <span class='ocrx_word' id='word_1_659' title='bbox 1237 1442 1264 1468; x_wconf 93' lang='lat' dir='ltr'><strong>in</strong></span> <span class='ocrx_word' id='word_1_660' title='bbox 1292 1442 1490 1476; x_wconf 86' lang='lat' dir='ltr'><strong>posterioribus</strong></span> <span class='ocrx_word' id='word_1_661' title='bbox 1515 1441 1663 1468; x_wconf 84' lang='lat' dir='ltr'><strong>Clementi-</strong></span> 
     </span>
    </p>
   </div>
   <div class='ocr_carea' id='block_1_97' title="bbox 882 1476 1662 1512">
    <p class='ocr_par' dir='ltr' id='par_1_97' title="bbox 882 1476 1662 1512">
     <span class='ocr_line' id='line_1_98' title="bbox 882 1476 1662 1512; baseline 0 -10"><span class='ocrx_word' id='word_1_662' title='bbox 882 1484 978 1512; x_wconf 82' lang='lat' dir='ltr'><strong>uorum</strong></span> <span class='ocrx_word' id='word_1_663' title='bbox 998 1476 1291 1512; x_wconf 88' lang='lat' dir='ltr'><strong>operumeditionibus</strong></span> <span class='ocrx_word' id='word_1_664' title='bbox 1317 1484 1366 1512; x_wconf 92' lang='lat' dir='ltr'><strong>pro</strong></span> <span class='ocrx_word' id='word_1_665' title='bbox 1384 1477 1436 1504; x_wconf 89' lang='lat' dir='ltr'><strong>illis</strong></span> <span class='ocrx_word' id='word_1_666' title='bbox 1450 1477 1560 1508; x_wconf 77' lang='lat' dir='ltr'><strong>verbis.</strong></span> <span class='ocrx_word' id='word_1_667' title='bbox 1578 1484 1590 1512; x_wconf 65' lang='grc' dir='ltr'><strong>ι</strong></span> <span class='ocrx_word' id='word_1_668' title='bbox 1607 1476 1662 1502; x_wconf 84' lang='lat' dir='ltr'><strong>vir-</strong></span> 
     </span>
    </p>
   </div>
   <div class='ocr_carea' id='block_1_98' title="bbox 882 1510 1663 1546">
    <p class='ocr_par' dir='ltr' id='par_1_98' title="bbox 882 1510 1663 1546">
     <span class='ocr_line' id='line_1_99' title="bbox 882 1510 1663 1546; baseline 0 -9"><span class='ocrx_word' id='word_1_669' title='bbox 882 1511 937 1546; x_wconf 87' lang='lat' dir='ltr'><strong>gini</strong></span> <span class='ocrx_word' id='word_1_670' title='bbox 953 1531 960 1542; x_wconf 85' lang='lat'><strong>,</strong></span> <span class='ocrx_word' id='word_1_671' title='bbox 983 1511 1055 1544; x_wconf 92' lang='lat' dir='ltr'><strong>quod</strong></span> <span class='ocrx_word' id='word_1_672' title='bbox 1073 1511 1169 1538; x_wconf 87' lang='lat' dir='ltr'><strong>attinet</strong></span> <span class='ocrx_word' id='word_1_673' title='bbox 1193 1513 1226 1538; x_wconf 88' lang='lat' dir='ltr'><strong>ad</strong></span> <span class='ocrx_word' id='word_1_674' title='bbox 1240 1510 1435 1539; x_wconf 85' lang='lat' dir='ltr'><strong>continentiam</strong></span> <span class='ocrx_word' id='word_1_675' title='bbox 1447 1532 1455 1544; x_wconf 95' lang='lat'><strong>,</strong></span> <span class='ocrx_word' id='word_1_676' title='bbox 1474 1521 1484 1537; x_wconf 72' lang='grc' dir='ltr'><strong>ι</strong></span> <span class='ocrx_word' id='word_1_677' title='bbox 1503 1512 1559 1538; x_wconf 55' lang='lat' dir='ltr'><strong>haec</strong></span> <span class='ocrx_word' id='word_1_678' title='bbox 1580 1510 1663 1537; x_wconf 86' lang='lat' dir='ltr'><strong>fuisse</strong></span> 
     </span>
    </p>
   </div>
   <div class='ocr_carea' id='block_1_99' title="bbox 845 1545 1663 1595">
    <p class='ocr_par' dir='ltr' id='par_1_99' title="bbox 845 1545 1663 1595">
     <span class='ocr_line' id='line_1_100' title="bbox 845 1545 1663 1595; baseline 0 0"><span class='ocrx_word' id='word_1_679' title='bbox 845 1567 865 1595; x_wconf 90' lang='lat' dir='ltr'><strong>c</strong></span> <span class='ocrx_word' id='word_1_680' title='bbox 882 1545 1663 1595; x_wconf 48' lang='grc' dir='ltr'><strong>ἑέἷὲῗὶῗᾞῗ.τ..1ηῗῖξεῗῗὲἱ..ῖῗθὲἾἮθὶἯῃᾷ,ΝΗἮΒΞΡΕΞ</strong></span> 
     </span>
    </p>
   </div>
   <div class='ocr_carea' id='block_1_100' title="bbox 882 1580 1663 1617">
    <p class='ocr_par' dir='ltr' id='par_1_100' title="bbox 882 1580 1663 1617">
     <span class='ocr_line' id='line_1_101' title="bbox 882 1580 1663 1617; baseline -0.001 -9"><span class='ocrx_word' id='word_1_681' title='bbox 882 1580 979 1608; x_wconf 64' lang='grc' dir='ltr'><strong>(ἔναξοο</strong></span> <span class='ocrx_word' id='word_1_682' title='bbox 993 1581 1140 1609; x_wconf 83' lang='lat' dir='ltr'><strong>Clementis</strong></span> <span class='ocrx_word' id='word_1_683' title='bbox 1155 1582 1241 1609; x_wconf 82' lang='lat' dir='ltr'><strong>textui</strong></span> <span class='ocrx_word' id='word_1_684' title='bbox 1258 1582 1344 1617; x_wconf 86' lang='lat' dir='ltr'><strong>magis</strong></span> <span class='ocrx_word' id='word_1_685' title='bbox 1357 1582 1525 1609; x_wconf 89' lang='lat' dir='ltr'><strong>contrarium</strong></span> <span class='ocrx_word' id='word_1_686' title='bbox 1546 1580 1663 1616; x_wconf 85' lang='lat' dir='ltr'><strong>proferri</strong></span> 
     </span>
    </p>
   </div>
   <div class='ocr_carea' id='block_1_101' title="bbox 901 1619 1000 1643">
    <p class='ocr_par' dir='ltr' id='par_1_101' title="bbox 901 1619 1000 1643">
     <span class='ocr_line' id='line_1_102' title="bbox 901 1619 1000 1643; baseline 0 -1"><span class='ocrx_word' id='word_1_687' title='bbox 901 1619 1000 1643; x_wconf 86' lang='lat' dir='ltr'><strong>oterat.</strong></span> 
     </span>
    </p>
   </div>
   <div class='ocr_carea' id='block_1_102' title="bbox 883 1624 1663 1686">
    <p class='ocr_par' dir='ltr' id='par_1_102' title="bbox 883 1624 1663 1686">
     <span class='ocr_line' id='line_1_103' title="bbox 883 1624 1663 1686; baseline 0 -9"><span class='ocrx_word' id='word_1_688' title='bbox 883 1624 1052 1684; x_wconf 54' lang='lat' dir='ltr'><strong>pogtigitirca</strong></span> <span class='ocrx_word' id='word_1_689' title='bbox 1065 1651 1173 1680; x_wconf 80' lang='lat' dir='ltr'><strong>difﬁteri</strong></span> <span class='ocrx_word' id='word_1_690' title='bbox 1186 1651 1296 1685; x_wconf 84' lang='lat' dir='ltr'><strong>quidem</strong></span> <span class='ocrx_word' id='word_1_691' title='bbox 1312 1658 1365 1679; x_wconf 90' lang='lat' dir='ltr'><strong>non</strong></span> <span class='ocrx_word' id='word_1_692' title='bbox 1378 1659 1521 1686; x_wconf 86' lang='lat' dir='ltr'><strong>possumus</strong></span> <span class='ocrx_word' id='word_1_693' title='bbox 1532 1651 1603 1678; x_wconf 88' lang='lat' dir='ltr'><strong>hanc</strong></span> <span class='ocrx_word' id='word_1_694' title='bbox 1614 1650 1663 1686; x_wconf 79' lang='lat' dir='ltr'><strong>ho-</strong></span> 
     </span>
    </p>
   </div>
   <div class='ocr_carea' id='block_1_103' title="bbox 883 1685 1664 1721">
    <p class='ocr_par' dir='ltr' id='par_1_103' title="bbox 883 1685 1664 1721">
     <span class='ocr_line' id='line_1_104' title="bbox 883 1685 1664 1721; baseline 0 -9"><span class='ocrx_word' id='word_1_695' title='bbox 883 1685 1005 1719; x_wconf 90' lang='lat' dir='ltr'><strong>minum,</strong></span> <span class='ocrx_word' id='word_1_696' title='bbox 1021 1691 1123 1713; x_wconf 76' lang='lat' dir='ltr'><strong>textum</strong></span> <span class='ocrx_word' id='word_1_697' title='bbox 1139 1687 1260 1715; x_wconf 85' lang='lat' dir='ltr'><strong>auctoris</strong></span> <span class='ocrx_word' id='word_1_698' title='bbox 1277 1687 1318 1714; x_wconf 89' lang='lat' dir='ltr'><strong>sui</strong></span> <span class='ocrx_word' id='word_1_699' title='bbox 1336 1685 1389 1714; x_wconf 83' lang='lat' dir='ltr'><strong>tam</strong></span> <span class='ocrx_word' id='word_1_700' title='bbox 1412 1694 1540 1721; x_wconf 89' lang='lat' dir='ltr'><strong>perverse</strong></span> <span class='ocrx_word' id='word_1_701' title='bbox 1559 1685 1664 1712; x_wconf 86' lang='lat' dir='ltr'><strong>adulte-</strong></span> 
     </span>
    </p>
   </div>
   <div class='ocr_carea' id='block_1_104' title="bbox 883 1720 1665 1754">
    <p class='ocr_par' dir='ltr' id='par_1_104' title="bbox 883 1720 1665 1754">
     <span class='ocr_line' id='line_1_105' title="bbox 883 1720 1665 1754; baseline -0.001 -7"><span class='ocrx_word' id='word_1_702' title='bbox 883 1721 1014 1752; x_wconf 84' lang='lat' dir='ltr'><strong>rantium,</strong></span> <span class='ocrx_word' id='word_1_703' title='bbox 1030 1727 1076 1748; x_wconf 88' lang='lat' dir='ltr'><strong>aut</strong></span> <span class='ocrx_word' id='word_1_704' title='bbox 1088 1722 1237 1753; x_wconf 83' lang='lat' dir='ltr'><strong>inscitiam,</strong></span> <span class='ocrx_word' id='word_1_705' title='bbox 1253 1727 1300 1749; x_wconf 88' lang='lat' dir='ltr'><strong>aut</strong></span> <span class='ocrx_word' id='word_1_706' title='bbox 1314 1720 1448 1754; x_wconf 87' lang='lat' dir='ltr'><strong>fraudein,</strong></span> <span class='ocrx_word' id='word_1_707' title='bbox 1467 1721 1618 1754; x_wconf 86' lang='lat' dir='ltr'><strong>malamque</strong></span> <span class='ocrx_word' id='word_1_708' title='bbox 1633 1720 1665 1747; x_wconf 83' lang='lat' dir='ltr'><strong>fi-</strong></span> 
     </span>
    </p>
   </div>
   <div class='ocr_carea' id='block_1_105' title="bbox 883 1755 1665 1791">
    <p class='ocr_par' dir='ltr' id='par_1_105' title="bbox 883 1755 1665 1791">
     <span class='ocr_line' id='line_1_106' title="bbox 883 1755 1665 1791; baseline 0 -9"><span class='ocrx_word' id='word_1_709' title='bbox 883 1756 943 1782; x_wconf 88' lang='lat' dir='ltr'><strong>dettt</strong></span> <span class='ocrx_word' id='word_1_710' title='bbox 957 1764 971 1782; x_wconf 88' lang='lat' dir='ltr'><strong>a</strong></span> <span class='ocrx_word' id='word_1_711' title='bbox 988 1756 1096 1784; x_wconf 87' lang='lat' dir='ltr'><strong>nemine</strong></span> <span class='ocrx_word' id='word_1_712' title='bbox 1112 1764 1191 1791; x_wconf 86' lang='lat' dir='ltr'><strong>posse</strong></span> <span class='ocrx_word' id='word_1_713' title='bbox 1205 1764 1324 1791; x_wconf 87' lang='lat' dir='ltr'><strong>unquam</strong></span> <span class='ocrx_word' id='word_1_714' title='bbox 1341 1756 1476 1784; x_wconf 82' lang='lat' dir='ltr'><strong>excusari.</strong></span> <span class='ocrx_word' id='word_1_715' title='bbox 1495 1755 1548 1783; x_wconf 89' lang='lat' dir='ltr'><strong>Sed</strong></span> <span class='ocrx_word' id='word_1_716' title='bbox 1563 1756 1600 1788; x_wconf 87' lang='lat' dir='ltr'><strong>hi,</strong></span> <span class='ocrx_word' id='word_1_717' title='bbox 1617 1762 1665 1782; x_wconf 88' lang='lat' dir='ltr'><strong>nc-</strong></span> 
     </span>
    </p>
   </div>
   <div class='ocr_carea' id='block_1_106' title="bbox 883 1791 1666 1826">
    <p class='ocr_par' dir='ltr' id='par_1_106' title="bbox 883 1791 1666 1826">
     <span class='ocr_line' id='line_1_107' title="bbox 883 1791 1666 1826; baseline 0 -10"><span class='ocrx_word' id='word_1_718' title='bbox 883 1797 935 1824; x_wconf 90' lang='lat' dir='ltr'><strong>que</strong></span> <span class='ocrx_word' id='word_1_719' title='bbox 949 1791 1054 1825; x_wconf 87' lang='lat' dir='ltr'><strong>primus</strong></span> <span class='ocrx_word' id='word_1_720' title='bbox 1067 1791 1149 1818; x_wconf 83' lang='lat' dir='ltr'><strong>etiam</strong></span> <span class='ocrx_word' id='word_1_721' title='bbox 1165 1792 1278 1819; x_wconf 84' lang='lat' dir='ltr'><strong>Latinus</strong></span> <span class='ocrx_word' id='word_1_722' title='bbox 1293 1793 1435 1826; x_wconf 82' lang='lat' dir='ltr'><strong>interpres,</strong></span> <span class='ocrx_word' id='word_1_723' title='bbox 1446 1791 1592 1819; x_wconf 87' lang='lat' dir='ltr'><strong>Clementis</strong></span> <span class='ocrx_word' id='word_1_724' title='bbox 1602 1797 1666 1826; x_wconf 84' lang='lat' dir='ltr'><strong>sen-</strong></span> 
     </span>
    </p>
   </div>
   <div class='ocr_carea' id='block_1_107' title="bbox 883 1825 1664 1860">
    <p class='ocr_par' dir='ltr' id='par_1_107' title="bbox 883 1825 1664 1860">
     <span class='ocr_line' id='line_1_108' title="bbox 883 1825 1664 1860; baseline 0 -9"><span class='ocrx_word' id='word_1_725' title='bbox 883 1833 941 1851; x_wconf 90' lang='lat' dir='ltr'><strong>sum</strong></span> <span class='ocrx_word' id='word_1_726' title='bbox 958 1833 1111 1860; x_wconf 83' lang='lat' dir='ltr'><strong>percepcre.</strong></span> <span class='ocrx_word' id='word_1_727' title='bbox 1123 1827 1208 1854; x_wconf 89' lang='lat' dir='ltr'><strong>Nobis</strong></span> <span class='ocrx_word' id='word_1_728' title='bbox 1223 1827 1296 1854; x_wconf 91' lang='lat' dir='ltr'><strong>enim</strong></span> <span class='ocrx_word' id='word_1_729' title='bbox 1313 1827 1356 1854; x_wconf 91' lang='lat' dir='ltr'><strong>hic</strong></span> <span class='ocrx_word' id='word_1_730' title='bbox 1365 1825 1428 1854; x_wconf 82' lang='lat' dir='ltr'><strong>esse</strong></span> <span class='ocrx_word' id='word_1_731' title='bbox 1440 1827 1545 1853; x_wconf 88' lang='lat' dir='ltr'><strong>videtur</strong></span> <span class='ocrx_word' id='word_1_732' title='bbox 1559 1835 1565 1852; x_wconf 91' lang='lat'><strong>:</strong></span> <span class='ocrx_word' id='word_1_733' title='bbox 1580 1834 1589 1850; x_wconf 79' lang='grc' dir='ltr'><strong>ι</strong></span> <span class='ocrx_word' id='word_1_734' title='bbox 1605 1825 1664 1852; x_wconf 80' lang='lat' dir='ltr'><strong>Jam</strong></span> 
     </span>
    </p>
   </div>
   <div class='ocr_carea' id='block_1_108' title="bbox 884 1861 1664 1896">
    <p class='ocr_par' dir='ltr' id='par_1_108' title="bbox 884 1861 1664 1896">
     <span class='ocr_line' id='line_1_109' title="bbox 884 1861 1664 1896; baseline 0 -10"><span class='ocrx_word' id='word_1_735' title='bbox 884 1867 949 1887; x_wconf 90' lang='lat' dir='ltr'><strong>vero</strong></span> <span class='ocrx_word' id='word_1_736' title='bbox 979 1861 1098 1888; x_wconf 88' lang='lat' dir='ltr'><strong>nonnulli</strong></span> <span class='ocrx_word' id='word_1_737' title='bbox 1132 1863 1240 1889; x_wconf 86' lang='lat' dir='ltr'><strong>viduam</strong></span> <span class='ocrx_word' id='word_1_738' title='bbox 1276 1863 1309 1888; x_wconf 89' lang='lat' dir='ltr'><strong>ad</strong></span> <span class='ocrx_word' id='word_1_739' title='bbox 1332 1862 1446 1896; x_wconf 80' lang='lat' dir='ltr'><strong>virginis</strong></span> <span class='ocrx_word' id='word_1_740' title='bbox 1470 1861 1664 1888; x_wconf 89' lang='lat' dir='ltr'><strong>continentiam</strong></span> 
     </span>
    </p>
   </div>
   <div class='ocr_carea' id='block_1_109' title="bbox 883 1896 1664 1931">
    <p class='ocr_par' dir='ltr' id='par_1_109' title="bbox 883 1896 1664 1931">
     <span class='ocr_line' id='line_1_110' title="bbox 883 1896 1664 1931; baseline 0 -10"><span class='ocrx_word' id='word_1_741' title='bbox 883 1896 1042 1927; x_wconf 79' lang='lat' dir='ltr'><strong>extendunt,</strong></span> <span class='ocrx_word' id='word_1_742' title='bbox 1069 1901 1160 1931; x_wconf 88' lang='lat' dir='ltr'><strong>utpote</strong></span> <span class='ocrx_word' id='word_1_743' title='bbox 1178 1904 1237 1930; x_wconf 65' lang='lat' dir='ltr'><strong>quae</strong></span> <span class='ocrx_word' id='word_1_744' title='bbox 1250 1897 1415 1931; x_wconf 89' lang='lat' dir='ltr'><strong>voluptatem</strong></span> <span class='ocrx_word' id='word_1_745' title='bbox 1428 1917 1436 1929; x_wconf 93' lang='lat'><strong>,</strong></span> <span class='ocrx_word' id='word_1_746' title='bbox 1453 1903 1534 1930; x_wconf 90' lang='lat' dir='ltr'><strong>quam</strong></span> <span class='ocrx_word' id='word_1_747' title='bbox 1554 1900 1664 1928; x_wconf 77' lang='lat' dir='ltr'><strong>experta</strong></span> 
     </span>
    </p>
   </div>
   <div class='ocr_carea' id='block_1_110' title="bbox 883 1930 1664 1965">
    <p class='ocr_par' dir='ltr' id='par_1_110' title="bbox 883 1930 1664 1965">
     <span class='ocr_line' id='line_1_111' title="bbox 883 1930 1664 1965; baseline 0 -9"><span class='ocrx_word' id='word_1_748' title='bbox 883 1934 942 1965; x_wconf 78' lang='lat' dir='ltr'><strong>est,</strong></span> <span class='ocrx_word' id='word_1_749' title='bbox 956 1938 1061 1957; x_wconf 88' lang='lat' dir='ltr'><strong>summe</strong></span> <span class='ocrx_word' id='word_1_750' title='bbox 1087 1931 1227 1965; x_wconf 80' lang='lat' dir='ltr'><strong>despiciat.</strong></span> <span class='ocrx_word' id='word_1_751' title='bbox 1247 1941 1256 1957; x_wconf 76' lang='grc' dir='ltr'><strong>ι</strong></span> <span class='ocrx_word' id='word_1_752' title='bbox 1276 1930 1369 1965; x_wconf 82' lang='lat' dir='ltr'><strong>Neque</strong></span> <span class='ocrx_word' id='word_1_753' title='bbox 1384 1938 1450 1958; x_wconf 86' lang='lat' dir='ltr'><strong>sane</strong></span> <span class='ocrx_word' id='word_1_754' title='bbox 1476 1931 1555 1957; x_wconf 84' lang='lat' dir='ltr'><strong>aliam</strong></span> <span class='ocrx_word' id='word_1_755' title='bbox 1579 1930 1664 1956; x_wconf 81' lang='lat' dir='ltr'><strong>fuisse</strong></span> 
     </span>
    </p>
   </div>
   <div class='ocr_carea' id='block_1_111' title="bbox 883 1964 1664 2001">
    <p class='ocr_par' dir='ltr' id='par_1_111' title="bbox 883 1964 1664 2001">
     <span class='ocr_line' id='line_1_112' title="bbox 883 1964 1664 2001; baseline -0.003 -9"><span class='ocrx_word' id='word_1_756' title='bbox 883 1964 956 2001; x_wconf 84' lang='lat' dir='ltr'><strong>illitis</strong></span> <span class='ocrx_word' id='word_1_757' title='bbox 979 1971 1115 1998; x_wconf 81' lang='lat' dir='ltr'><strong>tuentem,</strong></span> <span class='ocrx_word' id='word_1_758' title='bbox 1132 1964 1194 1993; x_wconf 85' lang='lat' dir='ltr'><strong>inde</strong></span> <span class='ocrx_word' id='word_1_759' title='bbox 1218 1964 1340 2001; x_wconf 84' lang='lat' dir='ltr'><strong>profecto</strong></span> <span class='ocrx_word' id='word_1_760' title='bbox 1366 1967 1481 2001; x_wconf 87' lang='lat' dir='ltr'><strong>probare</strong></span> <span class='ocrx_word' id='word_1_761' title='bbox 1509 1972 1664 2001; x_wconf 76' lang='lat' dir='ltr'><strong>possumus,</strong></span> 
     </span>
    </p>
   </div>
   <div class='ocr_carea' id='block_1_112' title="bbox 883 1999 1666 2035">
    <p class='ocr_par' dir='ltr' id='par_1_112' title="bbox 883 1999 1666 2035">
     <span class='ocr_line' id='line_1_113' title="bbox 883 1999 1666 2035; baseline 0 -10"><span class='ocrx_word' id='word_1_762' title='bbox 883 2000 954 2035; x_wconf 87' lang='lat' dir='ltr'><strong>quod</strong></span> <span class='ocrx_word' id='word_1_763' title='bbox 969 2001 1003 2027; x_wconf 90' lang='lat' dir='ltr'><strong>ab</strong></span> <span class='ocrx_word' id='word_1_764' title='bbox 1018 2001 1064 2027; x_wconf 90' lang='lat' dir='ltr'><strong>illo</strong></span> <span class='ocrx_word' id='word_1_765' title='bbox 1081 2001 1146 2027; x_wconf 86' lang='lat' dir='ltr'><strong>alibi</strong></span> <span class='ocrx_word' id='word_1_766' title='bbox 1161 1999 1293 2034; x_wconf 85' lang='lat' dir='ltr'><strong>scriptum</strong></span> <span class='ocrx_word' id='word_1_767' title='bbox 1310 1999 1408 2035; x_wconf 77' lang='lat' dir='ltr'><strong>legitur</strong></span> <span class='ocrx_word' id='word_1_768' title='bbox 1420 2001 1439 2016; x_wconf 83' lang='lat'><strong>&quot;</strong></span> <span class='ocrx_word' id='word_1_769' title='bbox 1453 2008 1460 2027; x_wconf 92' lang='lat'><strong>:</strong></span> <span class='ocrx_word' id='word_1_770' title='bbox 1482 2001 1510 2026; x_wconf 91' lang='lat'><strong>&#39;0</strong></span> <span class='ocrx_word' id='word_1_771' title='bbox 1528 1999 1582 2035; x_wconf 84' lang='grc' dir='ltr'><strong>γὰρ</strong></span> <span class='ocrx_word' id='word_1_772' title='bbox 1604 2000 1666 2035; x_wconf 61' lang='grc' dir='ltr'><strong>ἑπι-</strong></span> 
     </span>
    </p>
   </div>
   <div class='ocr_carea' id='block_1_113' title="bbox 884 2034 1664 2071">
    <p class='ocr_par' dir='ltr' id='par_1_113' title="bbox 884 2034 1664 2071">
     <span class='ocr_line' id='line_1_114' title="bbox 884 2034 1664 2071; baseline 0 -11"><span class='ocrx_word' id='word_1_773' title='bbox 884 2034 1025 2071; x_wconf 12' lang='grc' dir='ltr'><strong>ςὺυὲμήσας,</strong></span> <span class='ocrx_word' id='word_1_774' title='bbox 1039 2035 1086 2071; x_wconf 62' lang='lat' dir='ltr'><strong>xei.</strong></span> <span class='ocrx_word' id='word_1_775' title='bbox 1103 2035 1244 2071; x_wconf 62' lang='grc' dir='ltr'><strong>κατεισχὼν</strong></span> <span class='ocrx_word' id='word_1_776' title='bbox 1268 2034 1363 2071; x_wconf 58' lang='lat' dir='ltr'><strong>gmw</strong></span> <span class='ocrx_word' id='word_1_777' title='bbox 1374 2055 1381 2067; x_wconf 91' lang='lat'><strong>,</strong></span> <span class='ocrx_word' id='word_1_778' title='bbox 1403 2035 1527 2070; x_wconf 81' lang='grc' dir='ltr'><strong>καθάπερ</strong></span> <span class='ocrx_word' id='word_1_779' title='bbox 1546 2034 1571 2069; x_wconf 56' lang='grc' dir='ltr'><strong>ή⁷</strong></span> <span class='ocrx_word' id='word_1_780' title='bbox 1582 2034 1664 2069; x_wconf 85' lang='grc' dir='ltr'><strong>χήρα,</strong></span> 
     </span>
    </p>
   </div>
   <div class='ocr_carea' id='block_1_114' title="bbox 882 2068 1665 2106">
    <p class='ocr_par' dir='ltr' id='par_1_114' title="bbox 882 2068 1665 2106">
     <span class='ocr_line' id='line_1_115' title="bbox 882 2068 1665 2106; baseline 0 -11"><span class='ocrx_word' id='word_1_781' title='bbox 882 2068 1119 2106; x_wconf 20' lang='grc' dir='ltr'><strong>διὰνάωφροσύνης</strong></span> <span class='ocrx_word' id='word_1_782' title='bbox 1131 2068 1208 2102; x_wconf 49' lang='lat' dir='ltr'><strong>abet:</strong></span> <span class='ocrx_word' id='word_1_783' title='bbox 1225 2070 1367 2106; x_wconf 77' lang='grc' dir='ltr'><strong>παρθένος.</strong></span> <span class='ocrx_word' id='word_1_784' title='bbox 1389 2079 1397 2095; x_wconf 79' lang='grc' dir='ltr'><strong>ι</strong></span> <span class='ocrx_word' id='word_1_785' title='bbox 1417 2070 1468 2103; x_wconf 87' lang='lat' dir='ltr'><strong>Qui</strong></span> <span class='ocrx_word' id='word_1_786' title='bbox 1481 2068 1665 2097; x_wconf 73' lang='lat' dir='ltr'><strong>enimcoucu-</strong></span> 
     </span>
    </p>
   </div>
   <div class='ocr_carea' id='block_1_115' title="bbox 884 2105 1665 2140">
    <p class='ocr_par' dir='ltr' id='par_1_115' title="bbox 884 2105 1665 2140">
     <span class='ocr_line' id='line_1_116' title="bbox 884 2105 1665 2140; baseline -0.003 -9"><span class='ocrx_word' id='word_1_787' title='bbox 884 2105 951 2138; x_wconf 93' lang='lat' dir='ltr'><strong>pivit</strong></span> <span class='ocrx_word' id='word_1_788' title='bbox 967 2111 993 2132; x_wconf 89' lang='lat' dir='ltr'><strong>et</strong></span> <span class='ocrx_word' id='word_1_789' title='bbox 1006 2107 1124 2140; x_wconf 78' lang='lat' dir='ltr'><strong>seipsqu</strong></span> <span class='ocrx_word' id='word_1_790' title='bbox 1144 2105 1295 2138; x_wconf 86' lang='lat' dir='ltr'><strong>continuit,</strong></span> <span class='ocrx_word' id='word_1_791' title='bbox 1311 2107 1398 2133; x_wconf 86' lang='lat' dir='ltr'><strong>instar</strong></span> <span class='ocrx_word' id='word_1_792' title='bbox 1418 2110 1460 2132; x_wconf 84' lang='lat' dir='ltr'><strong>est</strong></span> <span class='ocrx_word' id='word_1_793' title='bbox 1476 2105 1562 2132; x_wconf 69' lang='lat' dir='ltr'><strong>vidua:</strong></span> <span class='ocrx_word' id='word_1_794' title='bbox 1574 2123 1581 2135; x_wconf 86' lang='lat'><strong>,</strong></span> <span class='ocrx_word' id='word_1_795' title='bbox 1604 2112 1665 2139; x_wconf 72' lang='lat' dir='ltr'><strong>qua:</strong></span> 
     </span>
    </p>
   </div>
   <div class='ocr_carea' id='block_1_116' title="bbox 884 2140 1666 2175">
    <p class='ocr_par' dir='ltr' id='par_1_116' title="bbox 884 2140 1666 2175">
     <span class='ocr_line' id='line_1_117' title="bbox 884 2140 1666 2175; baseline 0 -10"><span class='ocrx_word' id='word_1_796' title='bbox 884 2145 926 2166; x_wconf 85' lang='lat' dir='ltr'><strong>est</strong></span> <span class='ocrx_word' id='word_1_797' title='bbox 950 2148 1046 2167; x_wconf 83' lang='lat' dir='ltr'><strong>rursus</strong></span> <span class='ocrx_word' id='word_1_798' title='bbox 1062 2141 1137 2174; x_wconf 85' lang='lat' dir='ltr'><strong>virgo</strong></span> <span class='ocrx_word' id='word_1_799' title='bbox 1162 2148 1210 2174; x_wconf 89' lang='lat' dir='ltr'><strong>per</strong></span> <span class='ocrx_word' id='word_1_800' title='bbox 1233 2140 1451 2175; x_wconf 86' lang='lat' dir='ltr'><strong>temperantiam.</strong></span> <span class='ocrx_word' id='word_1_801' title='bbox 1471 2149 1481 2166; x_wconf 82' lang='lat'><strong>)</strong></span> <span class='ocrx_word' id='word_1_802' title='bbox 1510 2140 1546 2166; x_wconf 80' lang='lat' dir='ltr'><strong>At</strong></span> <span class='ocrx_word' id='word_1_803' title='bbox 1575 2140 1666 2175; x_wconf 81' lang='lat' dir='ltr'><strong>nullus</strong></span> 
     </span>
    </p>
   </div>
   <div class='ocr_carea' id='block_1_117' title="bbox 885 2173 1665 2210">
    <p class='ocr_par' dir='ltr' id='par_1_117' title="bbox 885 2173 1665 2210">
     <span class='ocr_line' id='line_1_118' title="bbox 885 2173 1665 2210; baseline 0 -10"><span class='ocrx_word' id='word_1_804' title='bbox 885 2179 960 2201; x_wconf 86' lang='lat' dir='ltr'><strong>certe</strong></span> <span class='ocrx_word' id='word_1_805' title='bbox 981 2176 1042 2202; x_wconf 86' lang='lat' dir='ltr'><strong>sani</strong></span> <span class='ocrx_word' id='word_1_806' title='bbox 1069 2173 1169 2210; x_wconf 78' lang='lat' dir='ltr'><strong>capitis</strong></span> <span class='ocrx_word' id='word_1_807' title='bbox 1187 2176 1266 2202; x_wconf 89' lang='lat' dir='ltr'><strong>bonto</strong></span> <span class='ocrx_word' id='word_1_808' title='bbox 1288 2173 1353 2202; x_wconf 80' lang='lat' dir='ltr'><strong>inde</strong></span> <span class='ocrx_word' id='word_1_809' title='bbox 1377 2182 1495 2210; x_wconf 87' lang='lat' dir='ltr'><strong>unquam</strong></span> <span class='ocrx_word' id='word_1_810' title='bbox 1522 2173 1665 2210; x_wconf 76' lang='lat' dir='ltr'><strong>conciudet</strong></span> 
     </span>
    </p>
   </div>
   <div class='ocr_carea' id='block_1_118' title="bbox 886 2209 1666 2245">
    <p class='ocr_par' dir='ltr' id='par_1_118' title="bbox 886 2209 1666 2245">
     <span class='ocr_line' id='line_1_119' title="bbox 886 2209 1666 2245; baseline 0 -10"><span class='ocrx_word' id='word_1_811' title='bbox 886 2215 987 2236; x_wconf 86' lang='lat' dir='ltr'><strong>statum</strong></span> <span class='ocrx_word' id='word_1_812' title='bbox 1007 2210 1172 2245; x_wconf 82' lang='lat' dir='ltr'><strong>virginitatis</strong></span> <span class='ocrx_word' id='word_1_813' title='bbox 1185 2211 1357 2237; x_wconf 85' lang='lat' dir='ltr'><strong>matrimonio</strong></span> <span class='ocrx_word' id='word_1_814' title='bbox 1371 2209 1555 2238; x_wconf 39' lang='lat' dir='ltr'><strong>aut’viduitati</strong></span> <span class='ocrx_word' id='word_1_815' title='bbox 1570 2209 1605 2237; x_wconf 90' lang='lat' dir='ltr'><strong>ab</strong></span> <span class='ocrx_word' id='word_1_816' title='bbox 1619 2217 1666 2235; x_wconf 87' lang='lat' dir='ltr'><strong>au-</strong></span> 
     </span>
    </p>
   </div>
   <div class='ocr_carea' id='block_1_119' title="bbox 52 2240 1373 2282">
    <p class='ocr_par' dir='ltr' id='par_1_119' title="bbox 52 2240 1373 2282">
     <span class='ocr_line' id='line_1_120' title="bbox 52 2240 1373 2282; baseline 0 -9"><span class='ocrx_word' id='word_1_817' title='bbox 52 2246 96 2274; x_wconf 82' lang='lat' dir='ltr'><strong>Dei</strong></span> <span class='ocrx_word' id='word_1_818' title='bbox 111 2249 259 2281; x_wconf 83' lang='lat' dir='ltr'><strong>charitate,</strong></span> <span class='ocrx_word' id='word_1_819' title='bbox 283 2248 452 2282; x_wconf 75' lang='lat' dir='ltr'><strong>insurgitque</strong></span> <span class='ocrx_word' id='word_1_820' title='bbox 465 2240 597 2273; x_wconf 80' lang='lat' dir='ltr'><strong>adversus</strong></span> <span class='ocrx_word' id='word_1_821' title='bbox 614 2253 723 2273; x_wconf 90' lang='lat' dir='ltr'><strong>onmem</strong></span> <span class='ocrx_word' id='word_1_822' title='bbox 743 2249 832 2272; x_wconf 88' lang='lat' dir='ltr'><strong>tenta-</strong></span> <span class='ocrx_word' id='word_1_823' title='bbox 849 2240 872 2268; x_wconf 88' lang='lat' dir='ltr'><strong>D</strong></span> <span class='ocrx_word' id='word_1_824' title='bbox 886 2249 963 2272; x_wconf 85' lang='lat' dir='ltr'><strong>ctore</strong></span> <span class='ocrx_word' id='word_1_825' title='bbox 978 2240 1072 2272; x_wconf 53' lang='lat' dir='ltr'><strong>nostri)</strong></span> <span class='ocrx_word' id='word_1_826' title='bbox 1090 2244 1174 2273; x_wconf 86' lang='lat' dir='ltr'><strong>fuisse</strong></span> <span class='ocrx_word' id='word_1_827' title='bbox 1184 2246 1373 2281; x_wconf 82' lang='lat' dir='ltr'><strong>postpositunt.</strong></span> 
     </span>
    </p>
   </div>
   <div class='ocr_carea' id='block_1_120' title="bbox 703 2346 1008 2390">
    <p class='ocr_par' dir='ltr' id='par_1_120' title="bbox 703 2346 1008 2390">
     <span class='ocr_line' id='line_1_121' title="bbox 703 2346 1008 2390; baseline -0.003 0"><span class='ocrx_word' id='word_1_828' title='bbox 703 2346 894 2390; x_wconf 86' lang='lat' dir='ltr'><strong>CAPUT</strong></span> <span class='ocrx_word' id='word_1_829' title='bbox 917 2346 1008 2390; x_wconf 86' lang='lat' dir='ltr'><strong>XI.</strong></span> 
     </span>
    </p>
   </div>
   <div class='ocr_carea' id='block_1_121' title="bbox 282 2409 1551 2449">
    <p class='ocr_par' dir='ltr' id='par_1_121' title="bbox 282 2409 1551 2449">
     <span class='ocr_line' id='line_1_122' title="bbox 282 2409 1551 2449; baseline -0.001 -6"><span class='ocrx_word' id='word_1_830' title='bbox 282 2414 326 2443; x_wconf 84' lang='lat' dir='ltr'><strong>De</strong></span> <span class='ocrx_word' id='word_1_831' title='bbox 342 2411 531 2444; x_wconf 85' lang='lat' dir='ltr'><strong>Christianis</strong></span> <span class='ocrx_word' id='word_1_832' title='bbox 547 2411 736 2447; x_wconf 84' lang='lat' dir='ltr'><strong>virtutibus,</strong></span> <span class='ocrx_word' id='word_1_833' title='bbox 752 2413 783 2440; x_wconf 88' lang='lat' dir='ltr'><strong>et</strong></span> <span class='ocrx_word' id='word_1_834' title='bbox 797 2409 991 2449; x_wconf 81' lang='lat' dir='ltr'><strong>quibusdam</strong></span> <span class='ocrx_word' id='word_1_835' title='bbox 1007 2409 1260 2442; x_wconf 84' lang='lat' dir='ltr'><strong>Christianorum</strong></span> <span class='ocrx_word' id='word_1_836' title='bbox 1275 2409 1428 2442; x_wconf 87' lang='lat' dir='ltr'><strong>moribus.</strong></span> <span class='ocrx_word' id='word_1_837' title='bbox 1523 2430 1551 2449; x_wconf 63' lang='grc' dir='ltr'><strong>α,</strong></span> 
     </span>
    </p>
   </div>
   <div class='ocr_carea' id='block_1_122' title="bbox 324 2506 561 2535">
    <p class='ocr_par' dir='ltr' id='par_1_122' title="bbox 324 2506 561 2535">
     <span class='ocr_line' id='line_1_123' title="bbox 324 2506 561 2535; baseline -0.008 0"><span class='ocrx_word' id='word_1_838' title='bbox 324 2506 522 2535; x_wconf 79' lang='lat' dir='ltr'><strong>ARTICULUS</strong></span> <span class='ocrx_word' id='word_1_839' title='bbox 540 2507 561 2534; x_wconf 93' lang='grc'><strong>1.</strong></span> 
     </span>
    </p>
   </div>
   <div class='ocr_carea' id='block_1_123' title="bbox 53 2551 833 2586">
    <p class='ocr_par' dir='ltr' id='par_1_123' title="bbox 53 2551 833 2586">
     <span class='ocr_line' id='line_1_124' title="bbox 53 2551 833 2586; baseline -0.008 -3"><span class='ocrx_word' id='word_1_840' title='bbox 53 2556 87 2583; x_wconf 82' lang='lat' dir='ltr'><strong>De</strong></span> <span class='ocrx_word' id='word_1_841' title='bbox 102 2555 296 2586; x_wconf 70' lang='lat' dir='ltr'><strong>cardinalibnx,</strong></span> <span class='ocrx_word' id='word_1_842' title='bbox 313 2555 351 2580; x_wconf 83' lang='lat' dir='ltr'><strong>uti</strong></span> <span class='ocrx_word' id='word_1_843' title='bbox 364 2555 449 2584; x_wconf 79' lang='lat' dir='ltr'><strong>aiunt,</strong></span> <span class='ocrx_word' id='word_1_844' title='bbox 472 2554 619 2583; x_wconf 71' lang='lat' dir='ltr'><strong>uirtutibus,</strong></span> <span class='ocrx_word' id='word_1_845' title='bbox 640 2557 717 2586; x_wconf 78' lang='lat' dir='ltr'><strong>atque</strong></span> <span class='ocrx_word' id='word_1_846' title='bbox 736 2552 763 2578; x_wconf 85' lang='lat' dir='ltr'><strong>in</strong></span> <span class='ocrx_word' id='word_1_847' title='bbox 778 2551 833 2585; x_wconf 85' lang='lat' dir='ltr'><strong>pri-</strong></span> 
     </span>
    </p>
   </div>
   <div class='ocr_carea' id='block_1_124' title="bbox 84 2587 833 2621">
    <p class='ocr_par' dir='ltr' id='par_1_124' title="bbox 84 2587 833 2621">
     <span class='ocr_line' id='line_1_125' title="bbox 84 2587 833 2621; baseline -0.007 -4"><span class='ocrx_word' id='word_1_848' title='bbox 84 2592 132 2617; x_wconf 71' lang='lat' dir='ltr'><strong>mis</strong></span> <span class='ocrx_word' id='word_1_849' title='bbox 153 2591 185 2617; x_wconf 82' lang='lat' dir='ltr'><strong>de</strong></span> <span class='ocrx_word' id='word_1_850' title='bbox 198 2590 356 2616; x_wconf 70' lang='lat' dir='ltr'><strong>continentia</strong></span> <span class='ocrx_word' id='word_1_851' title='bbox 375 2589 502 2615; x_wconf 77' lang='lat' dir='ltr'><strong>servantia</strong></span> <span class='ocrx_word' id='word_1_852' title='bbox 521 2593 545 2614; x_wconf 79' lang='lat' dir='ltr'><strong>et</strong></span> <span class='ocrx_word' id='word_1_853' title='bbox 566 2587 745 2621; x_wconf 81' lang='lat' dir='ltr'><strong>impugnanda</strong></span> <span class='ocrx_word' id='word_1_854' title='bbox 760 2587 833 2613; x_wconf 85' lang='lat' dir='ltr'><strong>valu-</strong></span> 
     </span>
    </p>
   </div>
   <div class='ocr_carea' id='block_1_125' title="bbox 84 2625 516 2660">
    <p class='ocr_par' dir='ltr' id='par_1_125' title="bbox 84 2625 516 2660">
     <span class='ocr_line' id='line_1_126' title="bbox 84 2625 516 2660; baseline -0.012 -7"><span class='ocrx_word' id='word_1_855' title='bbox 84 2632 164 2660; x_wconf 82' lang='lat' dir='ltr'><strong>ptate,</strong></span> <span class='ocrx_word' id='word_1_856' title='bbox 180 2629 322 2659; x_wconf 65' lang='lat' dir='ltr'><strong>motusque</strong></span> <span class='ocrx_word' id='word_1_857' title='bbox 337 2625 516 2650; x_wconf 77' lang='lat' dir='ltr'><strong>meditatione.</strong></span> 
     </span>
    </p>
   </div>
   <div class='ocr_carea' id='block_1_126' title="bbox 84 2678 833 2708">
    <p class='ocr_par' dir='ltr' id='par_1_126' title="bbox 84 2678 833 2708">
     <span class='ocr_line' id='line_1_127' title="bbox 84 2678 833 2708; baseline -0.004 0"><span class='ocrx_word' id='word_1_858' title='bbox 84 2683 123 2708; x_wconf 81' lang='lat' dir='ltr'><strong>Ad</strong></span> <span class='ocrx_word' id='word_1_859' title='bbox 150 2688 309 2708; x_wconf 82' lang='lat' dir='ltr'><strong>communes</strong></span> <span class='ocrx_word' id='word_1_860' title='bbox 330 2680 455 2707; x_wconf 83' lang='lat' dir='ltr'><strong>omnibus</strong></span> <span class='ocrx_word' id='word_1_861' title='bbox 479 2678 643 2706; x_wconf 83' lang='lat' dir='ltr'><strong>Christianis</strong></span> <span class='ocrx_word' id='word_1_862' title='bbox 665 2678 781 2705; x_wconf 87' lang='lat' dir='ltr'><strong>virtutes</strong></span> <span class='ocrx_word' id='word_1_863' title='bbox 803 2684 833 2706; x_wconf 90' lang='lat' dir='ltr'><strong>ut</strong></span> 
     </span>
    </p>
   </div>
   <div class='ocr_carea' id='block_1_127' title="bbox 49 2713 831 2752">
    <p class='ocr_par' dir='ltr' id='par_1_127' title="bbox 49 2713 831 2752">
     <span class='ocr_line' id='line_1_128' title="bbox 49 2713 831 2752; baseline -0.004 -10"><span class='ocrx_word' id='word_1_864' title='bbox 49 2717 101 2752; x_wconf 81' lang='lat' dir='ltr'><strong>jzuu</strong></span> <span class='ocrx_word' id='word_1_865' title='bbox 139 2717 300 2746; x_wconf 79' lang='lat' dir='ltr'><strong>veniamus,</strong></span> <span class='ocrx_word' id='word_1_866' title='bbox 335 2716 422 2752; x_wconf 76' lang='lat' dir='ltr'><strong>prium</strong></span> <span class='ocrx_word' id='word_1_867' title='bbox 441 2714 647 2752; x_wconf 55' lang='lat' dir='ltr'><strong>_atlti_ota_mlttt_t_t_</strong></span> <span class='ocrx_word' id='word_1_868' title='bbox 670 2718 710 2752; x_wconf 74' lang='lat' dir='ltr'><strong>est</strong></span> <span class='ocrx_word' id='word_1_869' title='bbox 735 2713 831 2752; x_wconf 74' lang='lat' dir='ltr'><strong>_vir_ltt_~</strong></span> 
     </span>
    </p>
   </div>
   <div class='ocr_carea' id='block_1_128' title="bbox 52 2747 834 2784">
    <p class='ocr_par' dir='ltr' id='par_1_128' title="bbox 52 2747 834 2784">
     <span class='ocr_line' id='line_1_129' title="bbox 52 2747 834 2784; baseline -0.008 -5"><span class='ocrx_word' id='word_1_870' title='bbox 52 2747 101 2780; x_wconf 75' lang='lat' dir='ltr'><strong>ictu</strong></span> <span class='ocrx_word' id='word_1_871' title='bbox 119 2760 134 2778; x_wconf 93' lang='lat' dir='ltr'><strong>a</strong></span> <span class='ocrx_word' id='word_1_872' title='bbox 150 2752 290 2779; x_wconf 85' lang='lat' dir='ltr'><strong>Clemente</strong></span> <span class='ocrx_word' id='word_1_873' title='bbox 315 2747 413 2777; x_wconf 82' lang='lat' dir='ltr'><strong>alicubi</strong></span> <span class='ocrx_word' id='word_1_874' title='bbox 431 2750 536 2776; x_wconf 87' lang='lat' dir='ltr'><strong>definiri</strong></span> <span class='ocrx_word' id='word_1_875' title='bbox 551 2749 593 2775; x_wconf 63' lang='lat'><strong>&#39;3:</strong></span> <span class='ocrx_word' id='word_1_876' title='bbox 615 2749 647 2774; x_wconf 82' lang='lat' dir='ltr'><strong>&#39;H</strong></span> <span class='ocrx_word' id='word_1_877' title='bbox 665 2747 748 2783; x_wconf 82' lang='grc' dir='ltr'>ἀρετὴ</span> <span class='ocrx_word' id='word_1_878' title='bbox 765 2748 834 2784; x_wconf 80' lang='grc' dir='ltr'><strong>αὐτὴ</strong></span> 
     </span>
    </p>
   </div>
   <div class='ocr_carea' id='block_1_129' title="bbox 85 2831 340 2866">
    <p class='ocr_par' dir='ltr' id='par_1_129' title="bbox 85 2831 340 2866">
     <span class='ocr_line' id='line_1_130' title="bbox 85 2831 340 2866; baseline -0.008 -7"><span class='ocrx_word' id='word_1_879' title='bbox 85 2833 105 2848; x_wconf 88' lang='grc'><strong>²¹</strong></span> <span class='ocrx_word' id='word_1_880' title='bbox 125 2832 145 2859; x_wconf 90' lang='grc'><strong>1.</strong></span> <span class='ocrx_word' id='word_1_881' title='bbox 169 2840 216 2864; x_wconf 84' lang='grc' dir='ltr'>ιιι,</span> <span class='ocrx_word' id='word_1_882' title='bbox 236 2840 262 2866; x_wconf 87' lang='lat' dir='ltr'><strong>p.</strong></span> <span class='ocrx_word' id='word_1_883' title='bbox 278 2831 340 2858; x_wconf 68' lang='lat'><strong>459.</strong></span> 
     </span>
    </p>
   </div>
   <div class='ocr_carea' id='block_1_130' title="bbox 55 2865 575 2901">
    <p class='ocr_par' dir='ltr' id='par_1_130' title="bbox 55 2865 575 2901">
     <span class='ocr_line' id='line_1_131' title="bbox 55 2865 575 2901; baseline -0.004 -8"><span class='ocrx_word' id='word_1_884' title='bbox 55 2868 98 2894; x_wconf 69' lang='lat' dir='ltr'><strong>lib.</strong></span> <span class='ocrx_word' id='word_1_885' title='bbox 119 2876 157 2894; x_wconf 86' lang='lat' dir='ltr'><strong>vn</strong></span> <span class='ocrx_word' id='word_1_886' title='bbox 172 2889 179 2898; x_wconf 87' lang='grc'>,</span> <span class='ocrx_word' id='word_1_887' title='bbox 199 2876 224 2901; x_wconf 87' lang='lat' dir='ltr'><strong>p.</strong></span> <span class='ocrx_word' id='word_1_888' title='bbox 237 2865 300 2893; x_wconf 74' lang='lat' dir='ltr'><strong>7M.</strong></span> <span class='ocrx_word' id='word_1_889' title='bbox 337 2866 359 2882; x_wconf 83' lang='lat'><strong>&quot;</strong></span> <span class='ocrx_word' id='word_1_890' title='bbox 375 2865 465 2892; x_wconf 86' lang='lat' dir='ltr'><strong>Strom</strong></span> <span class='ocrx_word' id='word_1_891' title='bbox 498 2865 516 2893; x_wconf 91' lang='grc' dir='ltr'><strong>Ι,</strong></span> <span class='ocrx_word' id='word_1_892' title='bbox 538 2873 575 2897; x_wconf 81' lang='lat' dir='ltr'><strong>tv,</strong></span> 
     </span>
    </p>
   </div>
   <div class='ocr_carea' id='block_1_131' title="bbox 392 2830 642 2864">
    <p class='ocr_par' dir='ltr' id='par_1_131' title="bbox 392 2830 642 2864">
     <span class='ocr_line' id='line_1_132' title="bbox 392 2830 642 2864; baseline 0 -7"><span class='ocrx_word' id='word_1_893' title='bbox 392 2831 414 2846; x_wconf 75' lang='grc' dir='ltr'>ι·</span> <span class='ocrx_word' id='word_1_894' title='bbox 437 2830 514 2863; x_wconf 65' lang='grc' dir='ltr'>ιδιά..</span> <span class='ocrx_word' id='word_1_895' title='bbox 538 2838 564 2864; x_wconf 88' lang='lat' dir='ltr'><strong>p.</strong></span> <span class='ocrx_word' id='word_1_896' title='bbox 581 2830 642 2857; x_wconf 71' lang='lat'><strong>462.</strong></span> 
     </span>
    </p>
   </div>
   <div class='ocr_carea' id='block_1_132' title="bbox 596 2865 699 2900">
    <p class='ocr_par' dir='ltr' id='par_1_132' title="bbox 596 2865 699 2900">
     <span class='ocr_line' id='line_1_133' title="bbox 596 2865 699 2900; baseline 0 -8"><span class='ocrx_word' id='word_1_897' title='bbox 596 2873 620 2900; x_wconf 89' lang='lat' dir='ltr'><strong>p.</strong></span> <span class='ocrx_word' id='word_1_898' title='bbox 638 2865 699 2892; x_wconf 67' lang='lat'><strong>469.</strong></span> 
     </span>
    </p>
   </div>
   <div class='ocr_carea' id='block_1_133' title="bbox 710 2829 826 2861">
    <p class='ocr_par' dir='ltr' id='par_1_133' title="bbox 710 2829 826 2861">
     <span class='ocr_line' id='line_1_134' title="bbox 710 2829 826 2861; baseline 0.009 -6"><span class='ocrx_word' id='word_1_899' title='bbox 710 2829 734 2845; x_wconf 83' lang='grc'><strong><em>³³</em></strong></span> <span class='ocrx_word' id='word_1_900' title='bbox 750 2829 826 2861; x_wconf 86' lang='lat' dir='ltr'><strong>ibid.,</strong></span> 
     </span>
    </p>
   </div>
   <div class='ocr_carea' id='block_1_134' title="bbox 843 2827 948 2864">
    <p class='ocr_par' dir='ltr' id='par_1_134' title="bbox 843 2827 948 2864">
     <span class='ocr_line' id='line_1_135' title="bbox 843 2827 948 2864; baseline 0 -8"><span class='ocrx_word' id='word_1_901' title='bbox 843 2837 871 2864; x_wconf 90' lang='lat' dir='ltr'><strong>p.</strong></span> <span class='ocrx_word' id='word_1_902' title='bbox 885 2827 948 2856; x_wconf 66' lang='lat'><strong>467.</strong></span> 
     </span>
    </p>
   </div>
   <div class='ocr_carea' id='block_1_135' title="bbox 747 2863 1107 2897">
    <p class='ocr_par' dir='ltr' id='par_1_135' title="bbox 747 2863 1107 2897">
     <span class='ocr_line' id='line_1_136' title="bbox 747 2863 1107 2897; baseline -0.006 -5"><span class='ocrx_word' id='word_1_903' title='bbox 747 2865 768 2880; x_wconf 89' lang='lat'><strong>&quot;</strong></span> <span class='ocrx_word' id='word_1_904' title='bbox 786 2863 886 2892; x_wconf 78' lang='lat' dir='ltr'><strong>Strom.</strong></span> <span class='ocrx_word' id='word_1_905' title='bbox 904 2864 922 2890; x_wconf 93' lang='lat' dir='ltr'><strong>I.</strong></span> <span class='ocrx_word' id='word_1_906' title='bbox 940 2871 988 2895; x_wconf 90' lang='lat' dir='ltr'><strong>vtt,</strong></span> <span class='ocrx_word' id='word_1_907' title='bbox 1003 2871 1029 2897; x_wconf 94' lang='lat' dir='ltr'><strong>p.</strong></span> <span class='ocrx_word' id='word_1_908' title='bbox 1044 2863 1107 2891; x_wconf 75' lang='lat'><strong>752.</strong></span> 
     </span>
    </p>
   </div>
   <div class='ocr_carea' id='block_1_136' title="bbox 844 2473 881 2482">
    <p class='ocr_par' dir='ltr' id='par_1_136' title="bbox 844 2473 881 2482">
     <span class='ocr_line' id='line_1_137' title="bbox 844 2473 881 2482; baseline -0.027 0"><span class='ocrx_word' id='word_1_909' title='bbox 844 2473 881 2482; x_wconf 70' lang='lat'><strong>.—</strong></span> 
     </span>
    </p>
   </div>
   <div class='ocr_carea' id='block_1_137' title="bbox 887 2500 1668 2539">
    <p class='ocr_par' dir='ltr' id='par_1_137' title="bbox 887 2500 1668 2539">
     <span class='ocr_line' id='line_1_138' title="bbox 887 2500 1668 2539; baseline -0.005 -8"><span class='ocrx_word' id='word_1_910' title='bbox 887 2504 1005 2535; x_wconf 83' lang='grc' dir='ltr'><strong>διάθεσίς</strong></span> <span class='ocrx_word' id='word_1_911' title='bbox 1026 2505 1083 2531; x_wconf 76' lang='grc' dir='ltr'>ἐστι</span> <span class='ocrx_word' id='word_1_912' title='bbox 1103 2504 1191 2539; x_wconf 75' lang='grc' dir='ltr'><strong>ψυχῆς</strong></span> <span class='ocrx_word' id='word_1_913' title='bbox 1211 2503 1353 2539; x_wconf 84' lang='grc' dir='ltr'><strong>σύμφωνος</strong></span> <span class='ocrx_word' id='word_1_914' title='bbox 1370 2503 1422 2539; x_wconf 69' lang='grc' dir='ltr'><strong>ὑπὸ</strong></span> <span class='ocrx_word' id='word_1_915' title='bbox 1443 2502 1488 2529; x_wconf 82' lang='grc' dir='ltr'><strong>τοῦ</strong></span> <span class='ocrx_word' id='word_1_916' title='bbox 1507 2501 1586 2536; x_wconf 77' lang='grc' dir='ltr'>λόγου</span> <span class='ocrx_word' id='word_1_917' title='bbox 1605 2500 1668 2539; x_wconf 73' lang='grc' dir='ltr'>περὶ</span> 
     </span>
    </p>
   </div>
   <div class='ocr_carea' id='block_1_138' title="bbox 887 2538 1669 2574">
    <p class='ocr_par' dir='ltr' id='par_1_138' title="bbox 887 2538 1669 2574">
     <span class='ocr_line' id='line_1_139' title="bbox 887 2538 1669 2574; baseline -0.001 -8"><span class='ocrx_word' id='word_1_918' title='bbox 887 2540 947 2567; x_wconf 84' lang='grc' dir='ltr'>ὃλον</span> <span class='ocrx_word' id='word_1_919' title='bbox 959 2540 1004 2566; x_wconf 80' lang='grc' dir='ltr'><strong>τὸν</strong></span> <span class='ocrx_word' id='word_1_920' title='bbox 1026 2539 1091 2574; x_wconf 84' lang='grc' dir='ltr'><strong>βίον.</strong></span> <span class='ocrx_word' id='word_1_921' title='bbox 1109 2538 1119 2565; x_wconf 64' lang='grc' dir='ltr'><strong><em>ε</em></strong></span> <span class='ocrx_word' id='word_1_922' title='bbox 1136 2538 1193 2574; x_wconf 72' lang='lat' dir='ltr'><strong>lpSa</strong></span> <span class='ocrx_word' id='word_1_923' title='bbox 1210 2538 1295 2566; x_wconf 83' lang='lat' dir='ltr'><strong>virtus</strong></span> <span class='ocrx_word' id='word_1_924' title='bbox 1318 2544 1358 2566; x_wconf 81' lang='lat' dir='ltr'><strong>est</strong></span> <span class='ocrx_word' id='word_1_925' title='bbox 1379 2538 1485 2565; x_wconf 79' lang='lat' dir='ltr'><strong>affectio</strong></span> <span class='ocrx_word' id='word_1_926' title='bbox 1509 2539 1605 2564; x_wconf 65' lang='lat' dir='ltr'><strong>animae</strong></span> <span class='ocrx_word' id='word_1_927' title='bbox 1619 2539 1669 2565; x_wconf 88' lang='lat' dir='ltr'><strong>sub</strong></span> 
     </span>
    </p>
   </div>
   <div class='ocr_carea' id='block_1_139' title="bbox 890 2575 1668 2636">
    <p class='ocr_par' dir='ltr' id='par_1_139' title="bbox 890 2575 1668 2636">
     <span class='ocr_line' id='line_1_140' title="bbox 890 2575 1668 2636; baseline -0.001 -35"><span class='ocrx_word' id='word_1_928' title='bbox 890 2575 1006 2636; x_wconf 56' lang='lat' dir='ltr'><strong>impeJ-io</strong></span> <span class='ocrx_word' id='word_1_929' title='bbox 1023 2575 1137 2602; x_wconf 90' lang='lat' dir='ltr'><strong>rationis</strong></span> <span class='ocrx_word' id='word_1_930' title='bbox 1151 2582 1199 2609; x_wconf 89' lang='lat' dir='ltr'><strong>per</strong></span> <span class='ocrx_word' id='word_1_931' title='bbox 1216 2579 1300 2602; x_wconf 89' lang='lat' dir='ltr'><strong>totatu</strong></span> <span class='ocrx_word' id='word_1_932' title='bbox 1313 2575 1397 2601; x_wconf 89' lang='lat' dir='ltr'><strong>vitam</strong></span> <span class='ocrx_word' id='word_1_933' title='bbox 1410 2581 1562 2601; x_wconf 85' lang='lat' dir='ltr'><strong>consonans</strong></span> <span class='ocrx_word' id='word_1_934' title='bbox 1579 2579 1606 2601; x_wconf 92' lang='lat' dir='ltr'><strong>et</strong></span> <span class='ocrx_word' id='word_1_935' title='bbox 1624 2581 1668 2600; x_wconf 88' lang='lat' dir='ltr'><strong>re-</strong></span> 
     </span>
     <span class='ocr_line' id='line_1_141' title="bbox 890 2617 1066 2636; baseline 0.006 -1"><span class='ocrx_word' id='word_1_936' title='bbox 890 2617 956 2636; x_wconf 83' lang='lat' dir='ltr'><strong>soou</strong></span> <span class='ocrx_word' id='word_1_937' title='bbox 977 2618 1035 2636; x_wconf 89' lang='lat' dir='ltr'><strong>ens.</strong></span> <span class='ocrx_word' id='word_1_938' title='bbox 1057 2620 1066 2636; x_wconf 76' lang='grc' dir='ltr'><strong>ι</strong></span> 
     </span>
    </p>
   </div>
   <div class='ocr_carea' id='block_1_140' title="bbox 889 2617 1066 2637">
    <p class='ocr_par' dir='ltr' id='par_1_140' title="bbox 889 2617 1066 2637">
     <span class='ocr_line' id='line_1_142' title="bbox 889 2617 1066 2637; baseline -0.006 0"><span class='ocrx_word' id='word_1_939' title='bbox 889 2617 1035 2637; x_wconf 73' lang='grc' dir='ltr'>δυίιιιίιοιιε.</span> <span class='ocrx_word' id='word_1_940' title='bbox 1057 2620 1066 2636; x_wconf 80' lang='grc' dir='ltr'><strong>Ι</strong></span> 
     </span>
    </p>
   </div>
   <div class='ocr_carea' id='block_1_141' title="bbox 905 2618 1669 2678">
    <p class='ocr_par' dir='ltr' id='par_1_141' title="bbox 905 2618 1669 2678">
     <span class='ocr_line' id='line_1_143' title="bbox 905 2618 1669 2678; baseline -0.003 -7"><span class='ocrx_word' id='word_1_941' title='bbox 905 2618 1108 2672; x_wconf 54' lang='lat' dir='ltr'><strong>p‘i’liiifalsauiem</strong></span> <span class='ocrx_word' id='word_1_942' title='bbox 1122 2645 1155 2671; x_wconf 84' lang='lat' dir='ltr'><strong>de</strong></span> <span class='ocrx_word' id='word_1_943' title='bbox 1171 2643 1316 2671; x_wconf 88' lang='lat' dir='ltr'><strong>virtutibus</strong></span> <span class='ocrx_word' id='word_1_944' title='bbox 1331 2643 1487 2678; x_wconf 85' lang='lat' dir='ltr'><strong>singulatim</strong></span> <span class='ocrx_word' id='word_1_945' title='bbox 1505 2642 1550 2670; x_wconf 92' lang='lat' dir='ltr'><strong>ille</strong></span> <span class='ocrx_word' id='word_1_946' title='bbox 1562 2648 1669 2678; x_wconf 82' lang='lat' dir='ltr'><strong>pertra-</strong></span> 
     </span>
    </p>
   </div>
   <div class='ocr_carea' id='block_1_142' title="bbox 888 2677 1669 2714">
    <p class='ocr_par' dir='ltr' id='par_1_142' title="bbox 888 2677 1669 2714">
     <span class='ocr_line' id='line_1_144' title="bbox 888 2677 1669 2714; baseline -0.004 -8"><span class='ocrx_word' id='word_1_947' title='bbox 888 2683 943 2706; x_wconf 82' lang='lat' dir='ltr'><strong>ctat</strong></span> <span class='ocrx_word' id='word_1_948' title='bbox 957 2680 990 2711; x_wconf 84' lang='grc'><strong>³⁹,</strong></span> <span class='ocrx_word' id='word_1_949' title='bbox 1007 2688 1069 2714; x_wconf 58' lang='lat' dir='ltr'><strong>quia</strong></span> <span class='ocrx_word' id='word_1_950' title='bbox 1085 2680 1192 2714; x_wconf 86' lang='lat' dir='ltr'><strong>quidem</strong></span> <span class='ocrx_word' id='word_1_951' title='bbox 1211 2686 1271 2706; x_wconf 89' lang='lat' dir='ltr'><strong>cum</strong></span> <span class='ocrx_word' id='word_1_952' title='bbox 1295 2679 1384 2706; x_wconf 85' lang='lat' dir='ltr'><strong>facilia</strong></span> <span class='ocrx_word' id='word_1_953' title='bbox 1401 2679 1464 2711; x_wconf 88' lang='lat' dir='ltr'><strong>sint,</strong></span> <span class='ocrx_word' id='word_1_954' title='bbox 1482 2677 1515 2714; x_wconf 81' lang='lat' dir='ltr'><strong>iis</strong></span> <span class='ocrx_word' id='word_1_955' title='bbox 1528 2677 1669 2714; x_wconf 57' lang='lat' dir='ltr'><strong>explican—</strong></span> 
     </span>
    </p>
   </div>
   <div class='ocr_carea' id='block_1_143' title="bbox 887 2713 1670 2743">
    <p class='ocr_par' dir='ltr' id='par_1_143' title="bbox 887 2713 1670 2743">
     <span class='ocr_line' id='line_1_145' title="bbox 887 2713 1670 2743; baseline -0.004 -2"><span class='ocrx_word' id='word_1_956' title='bbox 887 2715 929 2741; x_wconf 91' lang='lat' dir='ltr'><strong>dis</strong></span> <span class='ocrx_word' id='word_1_957' title='bbox 943 2715 1012 2741; x_wconf 88' lang='lat' dir='ltr'><strong>nihil</strong></span> <span class='ocrx_word' id='word_1_958' title='bbox 1038 2713 1148 2741; x_wconf 63' lang='lat' dir='ltr'><strong>necesse</strong></span> <span class='ocrx_word' id='word_1_959' title='bbox 1170 2719 1211 2741; x_wconf 81' lang='lat' dir='ltr'><strong>est</strong></span> <span class='ocrx_word' id='word_1_960' title='bbox 1238 2722 1287 2741; x_wconf 88' lang='lat' dir='ltr'><strong>nos</strong></span> <span class='ocrx_word' id='word_1_961' title='bbox 1305 2715 1349 2741; x_wconf 92' lang='lat' dir='ltr'><strong>diu</strong></span> <span class='ocrx_word' id='word_1_962' title='bbox 1375 2713 1522 2740; x_wconf 90' lang='lat' dir='ltr'><strong>immorari.</strong></span> <span class='ocrx_word' id='word_1_963' title='bbox 1541 2713 1670 2743; x_wconf 64' lang='lat' dir='ltr'><strong>Praeclare</strong></span> 
     </span>
    </p>
   </div>
   <div class='ocr_carea' id='block_1_144' title="bbox 887 2748 1671 2784">
    <p class='ocr_par' dir='ltr' id='par_1_144' title="bbox 887 2748 1671 2784">
     <span class='ocr_line' id='line_1_146' title="bbox 887 2748 1671 2784; baseline -0.001 -8"><span class='ocrx_word' id='word_1_964' title='bbox 887 2749 1019 2784; x_wconf 84' lang='lat' dir='ltr'><strong>siquidem</strong></span> <span class='ocrx_word' id='word_1_965' title='bbox 1038 2755 1062 2776; x_wconf 89' lang='lat' dir='ltr'><strong>et</strong></span> <span class='ocrx_word' id='word_1_966' title='bbox 1078 2754 1203 2776; x_wconf 81' lang='lat' dir='ltr'><strong>accurate</strong></span> <span class='ocrx_word' id='word_1_967' title='bbox 1214 2749 1307 2776; x_wconf 86' lang='lat' dir='ltr'><strong>definit</strong></span> <span class='ocrx_word' id='word_1_968' title='bbox 1320 2753 1348 2776; x_wconf 87' lang='lat' dir='ltr'><strong>et</strong></span> <span class='ocrx_word' id='word_1_969' title='bbox 1358 2749 1475 2783; x_wconf 81' lang='lat' dir='ltr'><strong>explicat</strong></span> <span class='ocrx_word' id='word_1_970' title='bbox 1488 2749 1551 2783; x_wconf 91' lang='lat' dir='ltr'><strong>quid</strong></span> <span class='ocrx_word' id='word_1_971' title='bbox 1563 2748 1599 2774; x_wconf 86' lang='lat' dir='ltr'><strong>sit</strong></span> <span class='ocrx_word' id='word_1_972' title='bbox 1611 2748 1671 2782; x_wconf 81' lang='lat' dir='ltr'><strong>pie-</strong></span> 
     </span>
    </p>
   </div>
   <div class='ocr_carea' id='block_1_145' title="bbox 1009 2824 1666 2867">
    <p class='ocr_par' dir='ltr' id='par_1_145' title="bbox 1009 2824 1666 2867">
     <span class='ocr_line' id='line_1_147' title="bbox 1009 2824 1666 2867; baseline -0.003 -14"><span class='ocrx_word' id='word_1_973' title='bbox 1009 2827 1031 2845; x_wconf 74' lang='grc'><strong>³⁸</strong></span> <span class='ocrx_word' id='word_1_974' title='bbox 1044 2828 1141 2867; x_wconf 57' lang='lat' dir='ltr'><strong>imp.&quot;</strong></span> <span class='ocrx_word' id='word_1_975' title='bbox 1157 2827 1360 2867; x_wconf 35' lang='lat' dir='ltr'><strong>nAm‘b.._p._H2</strong></span> <span class='ocrx_word' id='word_1_976' title='bbox 1374 2831 1401 2854; x_wconf 89' lang='lat' dir='ltr'><strong>et</strong></span> <span class='ocrx_word' id='word_1_977' title='bbox 1415 2834 1472 2861; x_wconf 87' lang='lat' dir='ltr'><strong>seq.</strong></span> <span class='ocrx_word' id='word_1_978' title='bbox 1498 2861 1514 2867; x_wconf 17' lang='lat'><strong>&#39;7</strong></span> <span class='ocrx_word' id='word_1_979' title='bbox 1527 2825 1550 2841; x_wconf 83' lang='lat'><strong>&quot;</strong></span> <span class='ocrx_word' id='word_1_980' title='bbox 1565 2824 1666 2867; x_wconf 55' lang='grc' dir='ltr'><strong>διεορ-</strong></span> 
     </span>
    </p>
   </div>
   <div class='ocr_carea' id='block_1_146' title="bbox 1163 2860 1679 2903">
    <p class='ocr_par' dir='ltr' id='par_1_146' title="bbox 1163 2860 1679 2903">
     <span class='ocr_line' id='line_1_148' title="bbox 1163 2860 1679 2903; baseline -0.008 -13"><span class='ocrx_word' id='word_1_981' title='bbox 1163 2863 1185 2903; x_wconf 61' lang='grc' dir='ltr'><strong>³ξ</strong></span> <span class='ocrx_word' id='word_1_982' title='bbox 1198 2860 1284 2903; x_wconf 42' lang='lat' dir='ltr'><strong>Ptcdi,</strong></span> <span class='ocrx_word' id='word_1_983' title='bbox 1299 2863 1317 2890; x_wconf 89' lang='lat' dir='ltr'><strong>l.</strong></span> <span class='ocrx_word' id='word_1_984' title='bbox 1334 2860 1460 2903; x_wconf 33' lang='grc' dir='ltr'><strong>νιῂεορζ</strong></span> <span class='ocrx_word' id='word_1_985' title='bbox 1479 2861 1581 2894; x_wconf 84' lang='grc' dir='ltr'>ιιΙι.,ι).</span> <span class='ocrx_word' id='word_1_986' title='bbox 1601 2860 1679 2903; x_wconf 45' lang='grc'><strong>156..</strong></span> 
     </span>
    </p>
   </div>
   <div class='ocr_carea' id='block_1_147' title="bbox 55 2897 830 2937">
    <p class='ocr_par' dir='ltr' id='par_1_147' title="bbox 55 2897 830 2937">
     <span class='ocr_line' id='line_1_149' title="bbox 55 2897 830 2937; baseline -0.003 -7"><span class='ocrx_word' id='word_1_987' title='bbox 55 2903 75 2918; x_wconf 67' lang='grc' dir='ltr'><strong>δ’</strong></span> <span class='ocrx_word' id='word_1_988' title='bbox 93 2897 230 2930; x_wconf 58' lang='lat' dir='ltr'><strong>suum.</strong></span> <span class='ocrx_word' id='word_1_989' title='bbox 249 2911 283 2936; x_wconf 86' lang='grc' dir='ltr'>ιι,</span> <span class='ocrx_word' id='word_1_990' title='bbox 299 2910 322 2937; x_wconf 88' lang='lat' dir='ltr'><strong>p.</strong></span> <span class='ocrx_word' id='word_1_991' title='bbox 337 2901 388 2929; x_wconf 68' lang='grc'><strong>501</strong></span> <span class='ocrx_word' id='word_1_992' title='bbox 401 2907 506 2936; x_wconf 80' lang='lat' dir='ltr'><strong>etseq;</strong></span> <span class='ocrx_word' id='word_1_993' title='bbox 523 2901 539 2927; x_wconf 86' lang='lat' dir='ltr'><strong>i.</strong></span> <span class='ocrx_word' id='word_1_994' title='bbox 558 2897 636 2936; x_wconf 68' lang='lat' dir='ltr'><strong>vx,&#39;p.</strong></span> <span class='ocrx_word' id='word_1_995' title='bbox 653 2900 714 2934; x_wconf 72' lang='lat'><strong>662,</strong></span> <span class='ocrx_word' id='word_1_996' title='bbox 730 2905 754 2928; x_wconf 86' lang='lat' dir='ltr'><strong>et</strong></span> <span class='ocrx_word' id='word_1_997' title='bbox 775 2900 791 2926; x_wconf 84' lang='lat' dir='ltr'><strong>i.</strong></span> <span class='ocrx_word' id='word_1_998' title='bbox 810 2908 830 2928; x_wconf 67' lang='grc' dir='ltr'>ι]</span> 
     </span>
    </p>
   </div>
   <div class='ocr_carea' id='block_1_148' title="bbox 884 2897 1651 2937">
    <p class='ocr_par' dir='ltr' id='par_1_148' title="bbox 884 2897 1651 2934">
     <span class='ocr_line' id='line_1_150' title="bbox 884 2897 1651 2934; baseline -0.003 -10"><span class='ocrx_word' id='word_1_999' title='bbox 884 2910 896 2926; x_wconf 66' lang='grc' dir='ltr'><strong>μ.</strong></span> <span class='ocrx_word' id='word_1_1000' title='bbox 912 2898 965 2928; x_wconf 79' lang='grc'><strong>709</strong></span> <span class='ocrx_word' id='word_1_1001' title='bbox 979 2904 1006 2926; x_wconf 87' lang='lat' dir='ltr'><strong>et</strong></span> <span class='ocrx_word' id='word_1_1002' title='bbox 1020 2906 1078 2934; x_wconf 80' lang='lat' dir='ltr'><strong>seq.</strong></span> <span class='ocrx_word' id='word_1_1003' title='bbox 1092 2903 1118 2926; x_wconf 91' lang='lat' dir='ltr'><strong>et</strong></span> <span class='ocrx_word' id='word_1_1004' title='bbox 1131 2897 1200 2931; x_wconf 75' lang='lat'><strong>738;</strong></span> <span class='ocrx_word' id='word_1_1005' title='bbox 1217 2898 1235 2925; x_wconf 93' lang='grc' dir='ltr'>Ι.</span> <span class='ocrx_word' id='word_1_1006' title='bbox 1250 2905 1285 2931; x_wconf 84' lang='grc' dir='ltr'>ιι,</span> <span class='ocrx_word' id='word_1_1007' title='bbox 1304 2905 1330 2932; x_wconf 88' lang='lat' dir='ltr'><strong>p.</strong></span> <span class='ocrx_word' id='word_1_1008' title='bbox 1347 2897 1396 2924; x_wconf 79' lang='lat'><strong>597</strong></span> <span class='ocrx_word' id='word_1_1009' title='bbox 1412 2901 1439 2924; x_wconf 83' lang='lat' dir='ltr'><strong>et</strong></span> <span class='ocrx_word' id='word_1_1010' title='bbox 1451 2902 1508 2930; x_wconf 79' lang='lat' dir='ltr'><strong>seq.</strong></span> <span class='ocrx_word' id='word_1_1011' title='bbox 1644 2906 1651 2915; x_wconf 65' lang='grc' dir='ltr'><strong>ι</strong></span> 
     </span>
    </p>
   </div>
  </div>
