1924 3072
292 168 359 196 1187

608 164 641 193 ΙΝ
661 162 871 192 CLEMENTEM
893 161 991 190 ALEX.
1014 162 1044 189 D.
1066 161 1071 187 l

1128 158 1270 187 Νουιιιιι
1296 157 1522 186 DlSSEﬁTATlO
1539 158 1573 188 ll.
1862 159 1901 186 iiii

291 227 336 254 ille
354 227 390 253 ait
410 226 444 256 ⁸⁵,
463 224 522 251 ﬁdei
537 223 713 250 meditatione
727 222 894 255 ﬁtscientia,
907 229 967 257 quae
984 220 1074 249 stabili
1089 223 1114 251 Α
1128 219 1193 257 dere
1207 223 1297 257 autem
1314 219 1448 257 __verita_t_i,
1474 219 1560 246 trahit
1577 218 1604 245 in
1622 218 1759 257 exitium.
1782 227 1792 244 ›
1804 218 1900 257 ’δεάμιξι

291 270 323 289 ac
335 261 412 289 ﬁrmo
429 262 490 287 nixa
515 264 557 287 est
573 259 758 285 fundamento.
779 258 870 291 Neque
896 256 985 284 tamen
1011 256 1076 283 sinit

292 298 355 325 inde
368 297 401 323 ab
420 293 625 330 aliquoﬂinl‘erri
647 294 755 330 aliquid
769 293 795 320 in
814 293 944 330 ﬁdeesse
965 291 1075 330 dubium

290 336 338 359 aut
352 327 494 358 incertum.
508 329 587 359 Nam,
598 337 608 354 ι
618 329 662 363 qui
674 329 772 356 divinis
786 328 901 355 credidit
917 327 1076 363 Scripturis,

290 367 379 401 inquit
391 366 425 398 ³⁸,
439 366 545 393 ﬁrmum
568 362 674 401 habens
693 364 835 401 judicium,
850 363 907 401 _cui_
924 362 1076 401 contradici

290 397 396 436 nequit,
410 399 668 436 demonstrationem
693 397 764 432 ejus,
785 397 1005 436 qui»Scrip_tu_ras
1031 398 1077 424 de-

291 433 342 468 dit,
356 444 449 464 vocem
467 435 575 469 accipit.
600 444 609 460 ι
636 434 806 469 Quapropter
833 434 904 461 haud
921 433 1076 460 dubitanter

291 475 431 499 asseverat
447 471 469 487 ⁸⁷
487 471 568 498 ﬁdem
583 470 694 497 scientia
716 476 776 496 esse
799 469 1025 504 praestantiorem,
1048 472 1076 494 et

289 507 363 535 illius
392 505 608 542 ZpttﬂptoV.HEl
636 504 663 532 id
689 503 805 540 quidem
830 503 1014 531 Theodoretus
1042 511 1074 531 ex

289 540 434 569 Aristotele
448 540 538 568 retulit
551 540 584 567 ³⁸.

324 577 428 610 Quanta
455 581 543 603 autem
560 576 594 602 sit
614 575 673 602 ﬁdei
690 575 731 602 vis
747 579 774 602 et
795 573 914 610 potentia
942 574 984 601 his
1012 573 1074 601 Cle-

289 609 367 639 mens
396 611 485 639 verbis
505 611 648 646 perspicue
664 610 791 646 ostendit
814 609 837 625 “
858 618 873 646 :_
891 618 900 634 ι
928 610 1074 646 Disciplina

287 655 354 681 ergo
368 651 409 674 est
424 643 521 681 parere
544 643 697 680 praeceptis,
714 645 786 680 quod
808 650 850 671 est
864 643 923 681 Deo
948 645 1073 679 credere,

287 679 393 709 etiides
405 679 450 708 Dei
468 679 601 715 potentia,
616 688 675 713 quae
698 679 739 707 est
758 680 799 706 vis
814 679 953 712 veritatis,
980 680 1073 706 statim

289 723 379 744 autem
394 717 461 744 dicit
477 727 482 743 :
498 716 527 744 Si
542 716 666 743 habeatis
678 716 770 746 ﬁdem,
785 719 942 750 utrgranum
958 715 1072 750 sinapis,

288 757 396 779 montes
424 752 602 779 transferetis.
628 751 660 778 Et
686 757 779 777 rursus
797 758 803 776 :
819 749 972 776 Secundum
993 750 1072 777 ﬁdem

289 791 363 814 tuam
379 787 495 814 ﬁattihi.
523 786 556 813 Et
578 793 647 813 unus
672 785 780 820 quidem
801 789 924 816 curatur.
945 790 1072 820 suscepta

288 829 337 857 per
353 823 432 849 ﬁdem
458 821 621 852 curatione;
642 826 764 848 mortutts
780 825 869 857 autem
888 821 1005 854 resurgit
1025 828 1073 855 per

287 858 342 884 vim
360 857 438 891 ejus,
459 857 506 892 qui
522 856 692 888 crediderat,
717 856 788 890 quod
809 859 883 882 esset
900 861 1071 883 resurrectu—

288 900 345 920 ῐιιε.
359 901 368 917 I

325 927 445 961 Denique
457 934 518 953 cum
532 926 666 957 Clemens,
679 931 709 954 ut
718 926 845 958 diximus,
858 926 980 953 docuerit
992 925 1072 953 ﬁdem

287 969 348 990 esse
361 963 483 989 veritatis
495 963 580 990 basltu
596 962 619 978 θ’
634 971 640 994 ;
659 963 720 989 hinc
737 962 847 996 planum
869 961 913 987 ille
930 961 994 988 facit
1011 962 1073 996 qui-

289 999 339 1025 bus
358 997 484 1031 gradibus
497 998 529 1024 ab
544 1005 576 1024 ea
589 998 622 1024 ad
637 995 798 1024 charitatem
814 1001 842 1024 et
861 995 963 1031 γνῶσιν
978 995 1074 1023 ascen-

289 1033 385 1060 damus
401 1041 409 1060 :
429 1042 439 1058 ι
458 1032 545 1059 Prima
557 1033 590 1059 ad
607 1033 732 1064 salutem,
752 1042 761 1058 ι
779 1031 862 1059 verba
881 1032 952 1058 illttts
962 1035 1025 1058 sunt
1038 1031 1072 1064 ",

290 1077 301 1094 ι
321 1068 459 1095 inclinatio
474 1068 551 1095 nobis
569 1067 634 1094 fides
659 1073 780 1102 apparet,
812 1072 953 1101 postquam
981 1066 1073 1099 timor,

290 1108 321 1130 et
337 1110 411 1138 spes,
429 1107 456 1130 et
469 1103 642 1138 paenitentia.
658 1101 719 1130 cum
732 1102 898 1138 continentia
909 1107 938 1128 et
952 1101 1073 1129 toleran-

287 1138 326 1165 tia
347 1137 528 1172 proﬁcietites.
553 1145 601 1166 nos
618 1138 721 1165 ducunt
741 1137 773 1164 ad
793 1137 952 1164 charitatem
976 1142 1003 1164 et
1027 1144 1074 1164 co-

288 1173 447 1210 gnitionem.
469 1182 478 1200 I

319 1208 454 1236 Cteterum
471 1208 669 1243 qurehaetenus
686 1207 719 1235 de
738 1207 791 1235 llde
808 1214 841 1235 ex
865 1206 1004 1234 Clemente
1019 1207 1074 1235 dis-

287 1248 380 1276 putata
396 1249 470 1276 sunt,
483 1244 540 1271 inec
556 1248 582 1270 te
598 1251 649 1270 non
667 1243 758 1278 pigeat
773 1251 835 1270 curn
848 1243 881 1269 iis
896 1243 1071 1276 contendere,

285 1284 348 1312 quae
364 1279 397 1305 de
415 1278 458 1305 illa
476 1278 663 1306 Theodoretus
675 1279 773 1305 litteris
791 1278 928 1304 mandavit
942 1278 976 1309 “,
991 1283 1073 1312 atque

285 1313 402 1349 siﬂvelis,
420 1321 480 1348 qum.
497 1314 613 1349 theologi
631 1314 657 1349 in
675 1314 733 1341 suis
746 1313 779 1341 de
795 1313 853 1349 ﬁde
864 1314 1073 1349 commentatio-

285 1348 375 1380 nibus,
405 1355 432 1376 et
449 1349 475 1376 iu
495 1349 544 1376 lib.
573 1357 603 1375 ιιι
630 1348 764 1381 Sentent.,
792 1348 912 1375 distinct.
933 1348 980 1381 25,
997 1353 1025 1376 et
1045 1349 1073 1375 in

285 1383 320 1411 D.
337 1383 434 1411 Thom.
447 1383 506 1416 2-2,
525 1388 620 1419 qutest.
637 1384 649 1410 l
669 1388 697 1410 et
715 1385 744 1418 2,
767 1384 906 1418 copiosius
920 1388 1074 1418 pertracta-

285 1423 359 1446 runt.

546 1463 744 1492 ARTICULUS
764 1462 809 1492 lll.

285 1509 324 1537 De
343 1510 512 1544 inﬁdelitate,
532 1515 558 1537 et
577 1515 665 1551 utrum
683 1518 770 1537 omnes
791 1510 939 1545 inﬁdelium
957 1511 1072 1538 actiones

586 1550 637 1572 strtl
657 1551 774 1580 peccata.

325 1590 483 1626 Oppositum
494 1589 554 1617 ﬁdei
568 1591 664 1618 vitium
680 1595 721 1617 est
736 1590 891 1621 inﬁdelitas,
906 1599 966 1626 quae
986 1599 999 1618 a
1013 1591 1073 1619 Cle-

285 1631 379 1663 mente
402 1627 425 1663 οξ
453 1626 607 1663 p_er_lidei_
624 1626 821 1663 oppositiottent
840 1627 975 1663 _d_icitnr,
1001 1628 1018 1663 ή
1043 1627 1072 1654 δὲ

285 1661 399 1688 ἀπιστία
415 1660 548 1696 ὑπόληψις
563 1661 609 1687 τσιῦ
630 1660 816 1696 ἀντικειμένου
834 1661 949 1696 ἀσθενὴς
964 1660 1072 1697 ἀπόφα-

284 1697 360 1731 τική.
379 1698 444 1729 Qua:
461 1698 569 1730 qttulctn
593 1697 625 1722 ad
653 1697 764 1722 verbum
782 1696 848 1723 niltil
862 1697 935 1723 aliud
962 1696 1072 1731 sonant,

285 1739 366 1766 quam
387 1740 397 1757 ι
418 1731 563 1766 inﬁdelitas
585 1736 627 1758 est
648 1731 738 1764 opinio
754 1731 881 1758 contrarii
905 1732 1010 1759 ittﬁrma
1027 1741 1074 1760 tte-

285 1765 386 1802 gativa.
416 1775 426 1792 ι
459 1765 556 1802 Verum
584 1766 716 1802 llervetus
738 1766 853 1802 ctnnriu
879 1766 974 1794 Graeco
997 1772 1073 1796 textu

285 1801 336 1837 pro
352 1801 510 1838 ἀπιιφατική
527 1801 787 1838 γΐοιείιιιιινΙαείςςει
803 1801 973 1838 ἀγποφαντική
985 1823 992 1834 ,
1017 1804 1074 1838 lure

286 1836 370 1864 'verba
394 1837 489 1863 Latine
511 1837 549 1863 sic
574 1836 716 1872 reddidit:
742 1845 752 1862 ι
779 1837 928 1864 lulidelitas
948 1836 990 1864 est
1013 1837 1073 1872 ejus

285 1873 359 1907 quod
385 1872 545 1907 oppositum?
562 1871 695 1898 imbecilla
721 1872 887 1898 enuntiativa
911 1873 1003 1906 opinio
1025 1871 1072 1900 Seu

285 1906 463 1935 existimatio.
495 1916 505 1933 ι
535 1906 588 1934 Sed
612 1914 666 1933 non
693 1907 755 1934 inde
771 1907 857 1942 magis
871 1913 943 1941 patet
959 1909 1020 1943 quis
1039 1911 1074 1935 sit

285 1943 382 1970 horum
403 1943 550 1970 Clementis
576 1943 718 1969 verborum
742 1950 846 1969 sensus.
875 1943 958 1970 Nobis
982 1950 1072 1971 autem

285 1978 357 2004 idem
386 1979 499 2004 onmiuo
526 1978 551 2004 in
576 1978 760 2011 manuscriplo
788 1976 1001 2005 Claroruontauo
1025 1987 1071 2005 co-

285 2013 345 2039 dice
363 2013 399 2046 ",
416 2018 498 2046 atque
520 2013 546 2039 itt
568 2012 660 2039 Graeca
689 2012 810 2038 editione
834 2013 993 2048 legentibus,
1014 2014 1072 2040 [nec

284 2049 391 2074 videtur
407 2056 467 2075 esse
480 2048 601 2074 auctoris
615 2048 699 2074 nostri
716 2054 793 2074 mens
809 2052 836 2074 et
857 2049 991 2074 sententia
1005 2057 1012 2080 ;
1029 2050 1072 2074 in~

285 2083 405 2120 ﬁdelitas
429 2088 471 2110 est
491 2083 584 2120 debilis
605 2087 631 2120 et
655 2082 766 2120 inﬁrma
786 2083 890 2120 opinio,
914 2090 973 2117 qute
991 2083 1072 2120 204

284 2119 465 2150 contrarium,
480 2119 537 2145 sive
551 2118 616 2144 illud
630 2118 702 2152 quod
718 2125 732 2143 a
751 2117 805 2144 Deo
823 2118 848 2143 iu
866 2119 1015 2152 Scripturis
1028 2117 1072 2145 Sa:

285 2154 341 2179 cris
356 2154 484 2179 traditum
497 2159 548 2184 est,
571 2154 698 2187 quodque
719 2160 775 2186 pra;
790 2153 949 2180 iuﬁrtttitate
969 2155 1073 2188 perspi—

284 2195 349 2215 cere
363 2189 465 2222 uequit,
478 2196 572 2215 verum
589 2195 649 2215 esse
674 2192 765 2221 negat.
780 2187 855 2220 Quod
877 2188 899 2215 si
925 2187 1070 2222 legendum

284 2228 363 2257 putes
377 2223 560 2258 ἁποφαντική,
584 2223 608 2250 is
626 2230 735 2256 quoque
750 2224 803 2249 erit
831 2224 901 2250 ident
924 2223 1070 2252 Clementis

284 2265 380 2285 sensus
398 2267 405 2286 :
424 2259 568 2285 lulidelitas
588 2263 629 2284 est
650 2258 755 2283 intiruta
781 2258 883 2292 opinio,
903 2266 962 2293 qua:
984 2266 1069 2286 enun-

285 2293 348 2325 tiat,
362 2298 389 2320 et
402 2301 456 2328 prae
469 2294 625 2320 inﬁrmitate
641 2293 738 2319 asserit
763 2293 799 2325 id,
826 2293 897 2326 quod
921 2294 1069 2328 Scripturis

286 2329 374 2355 sacris
387 2335 415 2355 et
432 2329 539 2356 veritati
562 2328 728 2356 contrarium
749 2333 800 2355 est.
823 2328 857 2355 Et
885 2329 942 2355 ltzec
958 2330 1068 2363 quidem

286 2363 429 2398 explicatio
448 2371 481 2390 ex
506 2364 539 2391 iis
561 2364 632 2391 haud
652 2363 769 2390 absurde
790 2363 947 2398 conﬁrmari
969 2369 1069 2398 potest,

286 2405 346 2435 qua
379 2399 551 2435 continenter
585 2398 786 2435 subiunguntur
808 2398 859 2424 ":
890 2397 1023 2435 Καθάπερ
1052 2400 1069 2435 ἠ

286 2432 429 2460 δυσπιστία
444 2433 500 2467 ἕξις
515 2433 736 2468 δυσπαράδεκτος
756 2433 882 2465 πίστεως.
904 2443 914 2460 ι
935 2432 1070 2466 Quem:th

287 2469 395 2504 modum
408 2469 556 2496 dillieultas
566 2469 694 2496 credendi
716 2473 760 2496 est
783 2470 901 2502 habitus,
919 2471 964 2504 qui
989 2469 1070 2496 ﬁdem

285 2502 430 2530 ditliciliter
441 2504 567 2531 admittit.
589 2513 599 2529 ι

324 2539 463 2573 Duplicem
480 2545 569 2566 autem
586 2539 710 2567 Clemens
727 2539 765 2566 ait
794 2546 855 2566 esse
882 2539 1070 2567 inﬁdelitatem

286 2582 333 2609 seu
354 2574 585 2606 incredulitatem,
604 2576 701 2601 bonam
719 2575 827 2609 quidem
845 2582 937 2606 unam,
955 2576 1071 2602 alteram

292 2616 353 2636 ιυΙὈ
372 2609 480 2645 malam.
498 2609 536 2636 De
553 2614 673 2645 utraque
683 2615 772 2636 autem
786 2611 824 2637 ait
840 2610 939 2636 ille":
957 2620 966 2635 ι
987 2609 1070 2637 Multa

288 2644 464 2671 incredulitas
482 2645 545 2671 fecit
563 2646 643 2675 bona,
662 2644 727 2672 ﬁdes
744 2645 849 2672 mala...
866 2645 925 2672 Jatn
940 2652 994 2672 non
1010 2652 1071 2673 cre-

287 2681 350 2706 dere
368 2679 476 2713 quidem
494 2681 599 2706 veritati
617 2680 698 2706 allert
715 2685 840 2711 tnortem,
872 2681 942 2707 sicut
959 2682 1071 2708 credere

286 2717 379 2742 vitant.
396 2714 497 2742 Contra
512 2720 600 2742 autem
624 2715 766 2742 mendacio
799 2715 922 2748 credere,
939 2724 992 2743 non
1009 2724 1071 2742 cre-

1129 255 1163 281 de
1178 262 1210 281 ea
1231 254 1388 281 inﬁdelitate
1403 255 1583 286 disputamus.
1602 262 1666 288 quae
1683 254 1752 288 quia
1768 255 1861 288 prima:
1877 254 1914 289 rei

1130 290 1217 321 ritati,
1235 297 1285 316 seu
1303 289 1366 321 Deo,
1385 289 1411 316 in
1427 290 1513 316 sacris
1535 289 1694 323 Scripturis
1714 290 1849 323 loquenti,
1870 288 1906 316 tot

1128 325 1233 356 credit;
1251 324 1355 361 idcirco
1372 325 1441 361 hanc
1455 325 1516 358 jure
1532 325 1651 361 merito“
1666 324 1804 361 Clemens
1829 323 1914 361 inferret

1128 364 1242 386 tnortem
1262 365 1290 386 et
1307 360 1332 386 in
1352 360 1464 386 exitium
1487 360 1597 386 trahere
1609 359 1742 386 aﬁirmat.
1764 359 1851 392 Quam
1864 367 1902 387 sane

1126 395 1162 422 ob
1179 402 1289 422 causam
1316 395 1361 421 ille
1383 402 1478 422 rursus
1495 400 1587 428 Postea
1599 394 1621 410 "
1642 403 1650 421 :
1671 404 1681 420 ι
1708 396 1748 422 De
1773 395 1914 426 incredulis

1128 430 1227 465 inquit,
1244 430 1307 465 περὶ
1321 430 1453 460 ἀπίστων.
1472 430 1574 457 dictmn
1588 435 1630 456 est
1641 437 1690 457 eos
1707 437 1773 457 esse
1788 435 1901 464 reputater

1127 464 1257 500 tanquam
1275 464 1428 499 pulverem,
1445 472 1525 499 quam
1553 466 1662 499 projicit
1692 471 1800 492 ventus
1826 473 1841 491 a
1861 464 1902 492 facit

1127 504 1217 536 terrae.
1232 505 1260 527 et
1275 504 1377 536 guttam
1394 507 1454 534 qua:
1469 507 1502 526 ex
1519 502 1586 527 cado
1603 500 1722 527 excidit.
1744 509 1754 526 ι
1774 500 1901 536 Cujusan

1127 535 1187 562 dem
1204 537 1273 562 hanc
1286 536 1342 570 ipse
1355 536 1473 562 insinuat
1490 536 1666 570 suggeritque
1675 535 1902 562 rationem":ttn

1127 570 1215 604 ipsum
1232 571 1355 605 (verhum
1373 571 1478 597 scilicet
1492 571 1625 602 divinum)
1643 575 1671 597 et
1687 579 1741 605 per
1760 571 1852 605 ipsum
1867 578 1902 598 trc-

1126 606 1201 637 dere.
1221 605 1363 641 μοναδικόν
1389 605 1609 641 ἐπιγενέσθαι,
1640 610 1683 632 est
1705 606 1825 633 unicum
1850 606 1901 639 fieri;

1125 640 1230 668 scilicet
1247 642 1273 668 in
1289 641 1348 675 ipso
1367 640 1504 668 indivulse
1522 642 1647 673 unitum;
1671 649 1727 668 non
1747 641 1865 668 credere
1874 650 1902 668 att-

1126 677 1389 738 :iqeséﬁubitare,
1407 677 1552 711 spatioque
1577 683 1610 703 ac
1627 676 1782 704 iutenallo
1807 676 1900 711 disjungi

1185 719 1218 738 IVI
1241 720 1258 738 Ι.
1281 720 1290 737 ι

1124 715 1152 738 et
1163 711 1258 738 dividi.
1281 720 1290 737 ι

1160 746 1227 779 Quia
1246 754 1309 773 vero
1323 746 1460 778 Clemens,
1478 745 1517 772 uti
1545 746 1646 773 dictum
1673 750 1730 779 est,
1763 751 1902 773 constanter

1125 782 1244 809 asseruit
1257 781 1337 809 ﬁdem
1351 789 1411 808 esse
1426 781 1630 808 fundamentum
1651 782 1734 809 bonae
1752 782 1870 808 actionis
1885 789 1901 808 el

1123 817 1267 851 prudentis
1291 817 1444 847 electionis.
1478 817 1540 843 sine
1560 824 1612 851 qua
1638 817 1725 843 vitam
1748 817 1901 851 spiritualem

1124 853 1218 879 vivere
1245 851 1332 879 nullus
1355 857 1452 886 potest,
1479 855 1560 885 atque
1575 852 1735 880 econtrario
1760 852 1903 878 inﬁdelitate

1088 895 1111 924 Β
1124 886 1272 924 quemlibet
1287 887 1366 924 trahi
1381 887 1408 914 in
1429 886 1557 924 exitium,
1575 888 1645 924 etei
1662 893 1787 914 mortem
1807 886 1899 917 aﬁ‘ern;

1125 922 1188 949 inde
1200 923 1267 949 scite
1278 922 1381 957 colligit
1392 922 1521 957 cuiusvis
1537 922 1644 955 gentilis
1661 925 1817 954 actionem,
1837 930 1901 956 quin.

1123 957 1270 992 doquidem
1284 956 1371 984 bonus
1384 965 1436 984 non
1453 961 1494 984 est
1506 956 1578 984 illius
1594 957 1666 988 ﬁnis,
1680 965 1781 984 revera
1797 965 1901 991 peccare,

1123 998 1152 1020 et
1168 1000 1228 1020 esse
1252 992 1362 1020 malam.
1389 992 1442 1019 Sed
1471 996 1582 1026 praestat
1611 993 1764 1025 ipsummet
1782 993 1903 1019 lncdert

1124 1028 1299 1062 apertissime
1323 1028 1483 1062 loquentem
1508 1028 1603 1054 audire
1611 1027 1634 1043 "
1653 1037 1660 1054 :
1679 1036 1689 1052 ι
1708 1027 1857 1060 Quomodo
1868 1028 1902 1054 ab-

1123 1061 1213 1091 solute
1227 1063 1335 1097 quidem
1351 1061 1453 1090 salvum
1474 1061 1565 1089 facere
1580 1067 1624 1089 est
1645 1070 1680 1090 ex
1704 1064 1751 1094 iis,
1779 1070 1842 1097 qua:
1857 1068 1903 1089 sunt

1123 1099 1227 1130 media,
1246 1103 1319 1125 recte
1335 1104 1437 1130 autem,
1449 1101 1485 1128 et,
1499 1098 1627 1130 utdecel,
1645 1098 1808 1132 perfectum
1828 1104 1866 1125 est
1874 1098 1902 1123 otl

1124 1134 1226 1165 ﬁcium,
1239 1132 1416 1169 κατόρθωμα,
1433 1133 1458 1159 id
1471 1137 1522 1164 est,
1533 1141 1543 1158 ι
1554 1137 1583 1169 ut
1593 1133 1691 1160 Cicero
1706 1134 1900 1167 interpretatur,

1125 1173 1228 1196 rectum
1242 1173 1288 1196 aut
1306 1167 1382 1195 recte
1393 1169 1496 1195 factum
1514 1176 1521 1194 :
1541 1177 1551 1193 ι
1575 1167 1614 1194 ita
1632 1169 1720 1194 etiam
1746 1169 1840 1195 omnis
1852 1169 1902 1194 actia

1123 1204 1241 1240 gnostici
1258 1208 1361 1231 rectum
1374 1208 1401 1240 et
1414 1203 1564 1240 perfectum
1576 1202 1775 1240 espofﬁeium,
1789 1203 1838 1230 καὶ
1848 1204 1903 1229 aia:

1124 1237 1222 1275 ἱερᾶξις
1237 1238 1387 1275 γνωστικοῦ
1411 1237 1591 1275 κατόρθωμαξ
1611 1239 1683 1275 Ejus
1705 1243 1800 1275 autem
1820 1239 1905 1272 quiest

1125 1273 1313 1302 tantummodo
1326 1273 1427 1305 ﬁdelis.
1439 1274 1525 1301 inedia
1540 1274 1593 1301 diei
1610 1274 1699 1308 possit
1715 1274 1803 1305 actio,
1819 1278 1846 1300 ut
1859 1281 1903 1308 qu

1123 1310 1194 1337 κατὰ
1210 1309 1299 1344 λόγον,
1317 1317 1351 1337 ex
1381 1309 1486 1336 ratione
1513 1309 1633 1344 nondum
1659 1309 1815 1341 efﬁciatur,
1832 1314 1904 1343 nequ

1124 1350 1199 1372 recte
1214 1345 1320 1380 geritur
1334 1351 1367 1371 ex
1393 1344 1518 1371 scientia.
1547 1343 1650 1380 Contra
1679 1349 1777 1380 autem
1802 1344 1905 1380 cujusvis

1123 1378 1234 1414 gentilis
1250 1384 1344 1413 peccat
1367 1380 1455 1411 actio,
1475 1378 1575 1410 παντὸς
1590 1379 1618 1406 δὲ
1634 1379 1756 1414 ἔμπαλιν
1779 1378 1828 1405 τοῦ
1850 1379 1904 1404 ἐδηι-

1123 1413 1172 1441 ὰιοῦ
1189 1413 1371 1451 ἀμαρτητική.
1392 1415 1449 1442 Non
1473 1415 1545 1441 ettim
1573 1413 1700 1451 absolute
1726 1417 1800 1441 bene
1818 1421 1906 1451 ρεξτε,

1123 1450 1170 1477 sed
1183 1449 1298 1484 scopum
1306 1451 1448 1485 quemdam
1461 1450 1609 1483 spectando
1620 1449 1905 1485 actionesprodueere,

1122 1491 1151 1512 et
1175 1493 1209 1512 ex
1234 1484 1339 1512 ratione
1370 1485 1477 1519 operari
1503 1490 1628 1518 oponere
1664 1485 1820 1512 ostendunt
1849 1484 1906 1510 Scri-

1123 1524 1221 1555 pturaa.
1244 1528 1254 1544 ι
1271 1520 1367 1547 Nescio
1392 1527 1458 1546 sane
1472 1525 1568 1555 utrum
1586 1520 1620 1546 ad
1639 1520 1711 1547 hanc
1737 1521 1906 1554 qumstiomu

1124 1554 1310 1589 explicandam
1336 1555 1435 1582 clarius
1454 1554 1556 1588 aliquid
1579 1560 1607 1581 et
1624 1556 1775 1582 enodatius
1805 1554 1905 1588 proferri

1124 1595 1216 1624 queat.
1230 1590 1322 1625 Neque
1335 1591 1406 1618 enim
1424 1591 1611 1617 tantummodo
1631 1591 1761 1617 CIL-tuens
1795 1592 1905 1617 άίὲεηιγ

1123 1629 1192 1653 sime
1205 1629 1343 1653 asseverat
1359 1632 1467 1652 omnem
1481 1625 1597 1651 inﬁdelis
1613 1626 1736 1652 hominis
1751 1632 1876 1659 peccare.
1888 1630 1909 1649 et

1124 1661 1222 1688 malam
1236 1668 1297 1688 esse
1311 1661 1444 1687 actionem
1457 1668 1464 1692 ;
1479 1667 1573 1687 verum
1589 1660 1671 1688 etiam
1684 1666 1794 1688 certam
1810 1668 1841 1685 ac
1858 1666 1907 1692 per-

1123 1697 1243 1730 spicuam
1259 1696 1331 1722 illius
1348 1695 1438 1722 reddit
1452 1695 1583 1722 rationem
1597 1704 1603 1728 ;
1621 1697 1683 1730 quia
1697 1696 1833 1722 nimirum
1843 1702 1907 1728 ψη-

1123 1731 1190 1758 libet
1212 1731 1255 1758 illa
1273 1731 1390 1758 infidelis
1411 1730 1531 1758 hominis
1553 1732 1626 1758 actio
1645 1731 1678 1757 ad
1708 1732 1813 1758 b0uum
1839 1732 1908 1756 linem

1123 1775 1177 1794 non
1198 1767 1325 1794 refertur.

1158 1802 1254 1838 Obiter
1271 1801 1384 1838 observa
1402 1801 1462 1828 haec
1479 1799 1572 1838 Graeca
1589 1801 1674 1838 verba
1685 1822 1694 1834 ,
1711 1802 1775 1829 οὐδὲ
1794 1803 1848 1838 μὴν
1864 1803 1909 1831 ταῖς

1123 1837 1247 1873 ἀπείροις
1273 1836 1319 1862 τοῦ
1341 1837 1443 1869 αὐλεῖν,
1465 1835 1563 1870 αὐλῶν,
1583 1837 1609 1863 in
1627 1837 1725 1873 Latina
1755 1835 1910 1872 inter-preta-

1125 1872 1198 1899 tione
1215 1873 1298 1899 fuisse
1309 1873 1419 1899 omnino
1435 1873 1635 1906 praetermissa;
1654 1872 1774 1900 fortasse
1797 1877 1859 1907 quia
1874 1881 1908 1898 su-

1123 1915 1256 1942 pervacua
1274 1907 1445 1934 videbantur.
1467 1907 1514 1933 Sic
1540 1913 1630 1933 autem
1661 1906 1762 1935 Latine
1786 1914 1881 1935 sonant
1901 1915 1907 1932 :

1126 1952 1136 1968 ι
1155 1943 1189 1970 Et
1204 1943 1268 1969 tibia
1282 1949 1380 1969 canere
1394 1943 1536 1976 imperitis,
1557 1943 1622 1969 tibia
1643 1950 1698 1969 non
1714 1945 1877 1970 canendum.
1898 1951 1904 1965 ι

1161 1978 1213 2005 Sed
1230 1978 1263 2004 iis
1279 1977 1447 2012 perstrictis,
1474 1985 1563 2004 nonne
1587 1978 1696 2009 eodem,
1724 1979 1763 2004 uti
1793 1979 1907 2005 vidimus.

1124 2014 1206 2040 modo
1222 2013 1254 2039 de
1267 2012 1415 2039 inﬁdelium
1431 2013 1582 2039 actionibus
1595 2013 1684 2039 adhuc
1713 2019 1909 2047 argumenti-nar

1123 2050 1259 2081 Clemens,
1275 2048 1320 2074 ubi
1342 2048 1398 2074 haec
1414 2048 1515 2074 habet‘
1534 2057 1540 2074 :
1561 2057 1570 2073 ι
1587 2048 1767 2081 Quaecunque
1802 2055 1866 2082 ergo
1886 2047 1909 2071 tit

1124 2085 1196 2110 actio
1209 2091 1224 2110 a
1240 2082 1354 2115 sciente,
1371 2090 1402 2109 ea
1417 2086 1458 2109 est
1478 2089 1552 2109 recta
1572 2084 1656 2110 actio.
1674 2084 1854 2117 Quaecunque
1867 2090 1909 2107 m-

1125 2123 1177 2145 tetn
1190 2119 1223 2145 ab
1235 2119 1376 2149 insciente,
1392 2117 1461 2144 mala
1478 2124 1534 2151 est;
1552 2119 1661 2145 etiamsi
1690 2120 1809 2145 maxime
1828 2125 1909 2151 perst—

1122 2158 1188 2186 stat,
1203 2154 1268 2181 etin
1285 2153 1336 2180 hoc
1360 2153 1502 2188 proposito
1531 2159 1659 2186 maneat;
1677 2154 1807 2188 quoniam
1819 2160 1873 2179 non
1885 2152 1909 2188 tit

1123 2189 1203 2216 fortis
1214 2196 1246 2216 ex
1257 2186 1487 2219 consideratione,
1507 2195 1596 2222 neque
1611 2186 1706 2223 dirigit
1733 2189 1870 2215 actionem
1884 2186 1911 2212 ad

1123 2224 1225 2259 aliquid
1242 2224 1307 2250 utile
1330 2231 1364 2250 ex
1380 2222 1423 2255 iis,
1445 2230 1505 2257 quae
1519 2225 1553 2250 ad
1570 2222 1700 2250 virtutem
1733 2224 1866 2257 dirigunt.
1889 2227 1910 2247 τι

1123 2260 1273 2294 procedunt
1287 2265 1302 2285 a
1314 2259 1424 2285 virtute.
1440 2259 1541 2286 Eadem
1553 2263 1594 2285 est
1610 2264 1706 2285 autem
1722 2259 1792 2286 ratio
1805 2260 1840 2285 de
1854 2259 1907 2284 ali-5

1126 2293 1284 2321 virtutibus.
1302 2303 1311 2319 ι
1330 2294 1425 2321 Omnis
1440 2294 1531 2327 itaque
1542 2294 1613 2320 ratio
1624 2301 1685 2328 quae
1702 2293 1731 2320 ﬁt
1744 2295 1780 2320 ab
1796 2294 1910 2319 inscia-

1124 2334 1160 2362 te,
1176 2329 1220 2355 διὰ
1234 2328 1280 2356 τοῦ
1294 2329 1518 2364 ἀνεπιστήμονος,
1547 2329 1655 2356 etiamsi
1681 2336 1716 2356 cx
1738 2328 1905 2355 fortitudne

1123 2370 1171 2392 aut
1186 2365 1239 2391 alia
1253 2365 1376 2398 qualibet
1389 2365 1491 2392 virtute
1515 2364 1725 2398 proﬁciscatur;
1743 2364 1848 2390 ideineo
1875 2367 1910 2398 ta-

1124 2407 1186 2427 men
1201 2396 1273 2426 mala
1289 2404 1344 2431 est,
1359 2400 1423 2433 quia
1439 2406 1491 2426 non
1515 2396 1708 2433 proﬁciscitur
1721 2406 1754 2426 ex
1770 2396 1909 2432 λογιτξιεῖ,

1123 2442 1158 2462 ex
1173 2435 1405 2466 consideratione,
1423 2442 1470 2462 seu
1486 2435 1575 2468 ponus
1591 2435 1713 2467 ratione;
1730 2441 1816 2467 neque
1830 2434 1911 2459 mter-

1125 2475 1169 2497 tur
1189 2470 1222 2497 ad
1238 2469 1342 2504 aliquid
1355 2476 1388 2496 ex
1410 2469 1443 2496 iis
1458 2470 1534 2501 utile,
1549 2476 1611 2504 qua:
1624 2470 1745 2503 dirigunt
1768 2469 1800 2495 ad
1825 2469 1914 2504 vim:

1125 2511 1189 2537 tem,
1205 2510 1233 2532 et
1248 2502 1392 2531 ex‘virtute
1415 2502 1576 2538 procedunt.
1590 2502 1753 2539 Alquilales
1769 2510 1828 2530 esse
1854 2502 1914 2529 inti»

1124 2541 1224 2568 delium
1247 2540 1369 2567 actiones
1395 2540 1483 2567 nullus
1508 2540 1588 2574 plane
1619 2540 1744 2575 ambigit.
1764 2539 1813 2565 Eas
1843 2545 1906 2571 erg:

1124 2576 1249 2603 Clemens
1262 2579 1288 2602 et
1305 2582 1338 2602 ex
1368 2582 1463 2607 causa,
1490 2574 1597 2602 scilicet
1627 2574 1807 2610 ignoratione;
1826 2581 1914 2606 atqat-e:

1124 2618 1158 2637 ex
1182 2611 1246 2643 ﬁne,
1264 2610 1329 2645 quia
1344 2610 1378 2637 ad
1391 2617 1483 2636 veram
1510 2609 1651 2637 virtutetn’
1665 2618 1718 2638 non
1744 2609 1910 2637 reiemntug.

1125 2646 1211 2673 malas
1220 2653 1282 2673 esse
1296 2645 1447 2672 arbitratus
1462 2650 1514 2672 est.

1161 2681 1236 2708 Hauc
1247 2687 1328 2716 pcrro
1341 2687 1401 2716 esse
1413 2681 1575 2715 ipsissimam
1588 2680 1826 2716 Augttstinisenten
1833 2679 1914 2709 tiam,

1125 2724 1208 2751 quam
1222 2719 1352 2744 adversus
1375 2715 1546 2751 Pelagianos,
1565 2715 1648 2751 atque
1666 2718 1693 2743 in
1709 2717 1796 2751 primis
1808 2723 1914 2742 contra

322 2830 437 2867 milia"
450 2838 477 2866 ιι.
493 2830 616 2867 ὅθεκέ·
630 2831 694 2858 ibid.
733 2831 971 2867 "ibid.,p.365.
1007 2832 1071 2860 ωτι

1126 2832 1186 2864 lor.,
1199 2836 1220 2858 t.
1233 2830 1278 2867 ly,
1292 2830 1330 2858 De
1340 2830 1430 2867 Grzec.
1442 2828 1531 2867 affect.
1549 2833 1651 2867 citi-aL,
1664 2835 1743 2856 serm.
1754 2826 1781 2866 β,
1795 2826 1834 2852 de
1848 2826 1914 2867 Εῖέι-ἐξ

287 2866 386 2900 p.479.
422 2866 444 2903 ’ξ
459 2866 536 2899 ιωα..
551 2866 613 2894 38f.
651 2867 675 2883 ’°
689 2867 790 2903 Strom.
814 2868 832 2893 Ι.
854 2866 884 2899 ιι,
908 2875 936 2903 p.
954 2867 1019 2895 575.

288 2907 316 2929 et
327 2909 386 2937 seq.
423 2901 445 2918 ’³
463 2903 565 2929 Strom.
584 2904 602 2928 l.
624 2910 654 2934 tt,
668 2911 695 2939 p.
709 2902 774 2929 571.
810 2903 833 2918 ⁸⁵
849 2901 917 2930 ibid.‘
951 2904 974 2920 "
988 2904 1053 2932 ibid.

289 2937 312 2952 νν
333 2942 422 2952 ιηηιηι
455 2937 460 2952 Ι
489 2945 512 2952 ιιι
541 2945 556 2952 λ
587 2938 640 2952 (tua
690 2939 723 2952 II
752 2944 787 2952 ιιι.
823 2945 837 2952 η
865 2937 914 2952 ἸΖΙ

333 2942 434 2964 δινυιιι.
455 2937 472 2965 ι.
489 2945 524 2972 vt,
540 2945 567 2973 ρ.
587 2938 650 2966 669.
669 2937 674 2939 ’
690 2939 697 2954 ¹
716 2939 736 2967 ι.
752 2944 801 2972 vtt,
821 2945 848 2973 p.
865 2937 926 2965 754.

1059 2869 1081 2884 "
1099 2868 1163 2895 ibid.

1108 2903 1132 2920 “
1147 2903 1166 2931 l.
1179 2910 1217 2936 tv,
1229 2909 1255 2938 ι).
1270 2902 1333 2930 επ.

1201 2867 1224 2883 ⁹¹
1236 2861 1371 2894 Tlieodor.
1388 2866 1405 2893 Ι.
1424 2866 1486 2897 cit.,
1507 2865 1545 2892 De
1561 2863 1626 2897 ﬁde,
1645 2862 1785 2899 prtesertiut
1810 2861 1914 2899 p.37}

1389 2901 1410 2917 ’⁷
1427 2900 1493 2929 una.
1505 2907 1532 2935 p.
1550 2899 1614 2927 556.
1638 2897 1653 2937 ,ζ
1670 2898 1693 2929 οξ
1708 2898 1777 2928 tum.
1793 2903 1825 2930 ρ-
1846 2897 1914 2925 :37.
