1916 3071
256 145 323 174 H91

257 236 394 272 aeeeperit
408 238 533 264 mandata
548 241 575 262 et
588 236 759 272 custodierit,
776 237 800 263 is
814 241 856 263 est
870 236 966 272 fidelis.
990 237 1042 269 Qui

254 270 346 299 autem
361 280 409 307 pro
421 278 530 306 accepto
548 270 680 298 beneficio
694 279 743 305 pro
755 272 858 298 viribus
879 271 965 307 refert
979 280 1040 306 gra-

256 309 307 335 tias
325 306 373 342 per
392 308 563 337 charitateiu.
589 307 612 333 is
632 311 674 333 est
702 307 816 334 amicus.
846 315 856 332 ι
879 306 1042 333 Persuasum

255 350 323 378 ergo
335 343 460 370 Clemens
475 342 569 369 habuit
583 342 652 378 bona
674 349 757 376 opera
771 342 804 368 ad
820 347 950 368 interualli
965 343 1040 369 salu-

256 377 310 404 tent
326 379 536 412 comparandam
564 377 641 403 utilia
657 384 727 408 esse,
749 382 830 411 atque
846 377 878 404 iis
893 377 1039 410 hominem,

256 413 301 439 Bei
318 414 403 446 gratia
418 413 550 446 adiutum,
563 412 600 438 uti
618 420 651 438 ex
667 419 700 439 eo
715 413 821 439 abunde
835 412 977 446 probatum
986 417 1038 446 est,

253 455 362 474 aeterna:
375 448 510 475 fclicitatis
526 448 636 481 praemia
653 448 808 481 promereri.

291 483 414 518 Denique
430 491 463 510 ex
488 483 629 516 ipsiusmet
641 483 742 510 Christi
757 482 845 518 verbis
858 488 884 509 et
899 483 1038 518 proposita

255 519 289 545 ab
306 517 374 552 ipso
388 518 574 552 operariorum
592 518 731 551 parabola,
758 517 933 545 manifestum
952 519 1039 545 adhuc

253 553 320 580 facit
336 563 345 579 ι
362 559 443 580 rectze
459 553 522 579 vitae
535 553 707 586 assiduitate,
724 563 733 578 ι
749 553 799 580 hoc
813 558 866 586 est,
884 554 963 580 bonis
975 562 1040 587 ope-

255 589 329 615 ribus
342 596 392 616 nos
405 589 538 615 violenter
558 588 660 615 Christi
676 595 772 621 rapere
795 595 906 622 regnum
926 598 932 615 :
951 598 960 614 ι
988 589 1038 621 Qui

255 630 379 658 regnum,
397 623 527 658 inquit”,
544 623 663 657 rapiunt,
691 628 754 650 sunt
768 623 889 657 violenti,
906 631 958 650 non
975 631 1039 651 con-

253 659 379 685 tentiosis
390 658 569 690 orationibus,
584 659 630 684 sed
647 664 727 685 recue
738 659 799 686 vitze
810 659 970 685 assiduitate
987 667 993 690 ;
1012 663 1039 686 et

253 694 436 725 orationibus,
456 701 517 728 qua:
544 695 612 719 tiunt
642 694 700 720 sine
726 694 938 727 intermissione,
972 695 1038 721 dicti

252 734 315 755 sunt
330 729 382 755 vim
402 729 509 760 afferre,
523 733 552 754 ut
567 728 612 762 qui
628 735 661 754 ex
674 728 811 763 prioribus
832 731 952 763 peccatis
971 737 1037 757 con-

251 768 356 791 tractas
369 763 533 791 abstulerint
549 763 679 790 maculas.
697 773 706 789 ι

285 799 439 833 Antequam
450 806 532 833 porro
548 800 618 825 hunc
635 799 668 825 de
682 798 734 825 lide
749 803 893 826 tractatum
910 799 1036 826 absolva-

252 841 324 865 mus,
339 842 391 860 non
411 834 505 860 inutile
522 833 634 860 forsitan
650 834 702 860 erit
717 835 810 868 paucis
819 841 954 868 exponere
965 835 1035 868 quod

251 877 267 895 a
296 869 399 896 Griccis
426 869 594 904 philosophis
624 869 658 896 de
685 869 730 895 illa
757 869 883 896 traditum
909 869 1036 897 Clemens

251 904 424 931 memorat”.
440 905 480 930 Ab
495 904 641 931 Aristotele
670 908 761 931 autem
787 905 824 930 ita
841 904 886 931 ille
903 906 1008 932 orditur
1026 914 1033 931 :

254 947 263 963 ι
283 939 455 971 Aristoteles,
473 939 499 965 id
512 941 583 973 quod
598 940 776 973 consequitur
791 939 945 971 scientiam,
962 940 1036 974 judi-

252 974 335 1007 cium,
351 982 404 1008 quo
417 981 508 1001 verum
521 982 580 1001 esse
597 975 648 1001 ltoc
663 979 709 1001 aut
727 975 790 1001 illud
811 974 977 1008 jutlicamus,
994 976 1037 1002 di-

251 1009 288 1035 cit
304 1017 364 1037 esse
380 1010 469 1036 fidem.
489 1018 498 1034 ι
517 1009 593 1036 Unde
607 1010 676 1036 hanc
693 1010 807 1036 scientia
821 1018 883 1037 esse
904 1017 1038 1044 praistau-

252 1044 350 1071 tiorem
366 1045 513 1072 concludit.
529 1044 581 1071 Sed
599 1045 657 1071 haec
677 1045 779 1072 clarius
799 1052 814 1071 a
832 1045 1036 1072 Theodoreto”

249 1082 414 1114 transcripta
431 1080 551 1113 reperire
566 1084 618 1106 est.

285 1114 387 1141 Deinde
405 1115 530 1142 Clemens
551 1114 572 1150 ¹ν⁶
590 1120 681 1142 narrat
700 1115 846 1150 Epicurum
862 1115 1036 1142 existimasse

250 1149 329 1177 fidem
342 1157 401 1177 esse
411 1150 545 1185 πρόληψιν
555 1149 683 1182 διανοίας,
697 1149 785 1184 idest,
800 1157 828 1178 ut
841 1152 955 1178 reddidit
971 1152 1038 1177 lier-

249 1191 339 1217 vetus,
357 1195 366 1211 ‹
386 1186 559 1219 cogitationis
588 1187 821 1220 anticipationem.
841 1196 850 1212 ι
868 1186 920 1212 Sed
934 1187 967 1212 de
986 1187 1037 1213 hac

250 1220 312 1247 ﬁdei
324 1221 483 1248 deliiiitione
497 1228 603 1247 rursum
613 1221 740 1256 legendus
751 1227 791 1248 est
803 1221 990 1248 Tlieodoretus
1003 1222 1035 1254 ¹⁷,

248 1256 293 1289 qui
309 1263 367 1283 eam
385 1256 611 1291 variisyxctnplis
621 1257 749 1283 illustrat.
763 1257 886 1291 Denique
896 1256 1033 1289 Clemens,

247 1296 330 1326 atque
343 1292 441 1318 iterum
457 1289 645 1326 Tltﬁeodoretus
671 1292 748 1318 nobis
761 1289 891 1318 exhibent
913 1292 977 1325 qtiid
1003 1292 1037 1318 de

247 1325 294 1354 illa
309 1326 479 1357 Heraclitus,
493 1325 568 1354 Plato
584 1331 610 1353 et
628 1327 808 1361 Epicharmus
828 1327 998 1354 tradiderint.

457 1372 539 1408 206
558 1372 758 1400 AltTlCULUS
781 1371 814 1400 v.

510 1419 549 1446 De
568 1428 612 1453 spe
627 1424 651 1446 et
671 1420 774 1446 timore.

283 1466 408 1494 Secunda
426 1467 515 1494 virtus
531 1467 684 1501 theologica
701 1471 742 1493 est
760 1473 839 1500 spes,
863 1473 923 1500 quis
940 1473 953 1492 τι
975 1465 1036 1493 Cle-

246 1506 338 1529 mente
360 1502 400 1528 sic
421 1502 582 1529 deliniturm
608 1512 615 1528 ι
638 1501 731 1532 Ἐλπὶς
747 1501 894 1536 προσδοκία
913 1502 1036 1536 κτήσεως

245 1536 361 1572 ἀγαθοῦ.
378 1545 388 1561 ‹
406 1536 474 1570 Spes
488 1542 529 1564 est
554 1537 616 1564 boni
642 1537 798 1572 ucqtiit'ritdi
827 1539 1006 1572 exspectatio.
1023 1547 1032 1561 ι

249 1571 350 1599 Rursus
365 1577 456 1598 autent
473 1572 554 1606 paulo
567 1572 653 1605 post"
670 1581 676 1598 :
698 1571 791 1602 Ἐλπὶς
803 1571 950 1606 προσδοκία
964 1572 1033 1606 ἁγα-

246 1607 311 1639 θῶν,
327 1606 344 1642 ἢ
361 1606 476 1638 ἀπόντος
486 1607 589 1641 ἀγαθοῦ
604 1606 722 1638 εὔελπις·
741 1616 749 1631 ι
774 1608 844 1640 Spes
866 1612 908 1633 est
933 1615 1032 1641 exspe-

246 1643 332 1668 ctatio
347 1643 489 1674 bonorum,
507 1643 549 1669 vel
567 1643 689 1669 absentis
706 1642 769 1668 botii
785 1643 853 1668 bona
867 1645 998 1676 speratio.
1020 1652 1030 1669 ι

246 1678 366 1704 Cuilibet
381 1685 445 1704 vero
459 1678 515 1712 spei
525 1698 531 1709 ,
544 1686 590 1705 seu
605 1679 732 1704 humana!
743 1697 750 1709 ,
767 1684 814 1703 seu
836 1677 934 1704 divuite
945 1697 952 1708 ,
970 1678 1010 1704 vel
1024 1699 1031 1710 ,

246 1718 278 1738 ut
295 1713 385 1743 aitiiit,
413 1713 530 1739 naturali
547 1718 575 1739 et
596 1712 808 1746 sullel‘littttll'ﬂll,
829 1713 886 1738 haec
910 1713 1033 1740 definitio

246 1746 386 1774 convenit.
403 1747 440 1774 De
461 1755 515 1782 qua
532 1753 623 1774 autem
644 1749 830 1780 tlisptilttttius,
846 1755 877 1773 ea
887 1753 939 1779 est,
958 1757 967 1772 ι
985 1756 1033 1782 per

246 1789 340 1816 quam,
361 1790 371 1806 ι
384 1786 413 1808 ιιι
428 1782 551 1817 loquitur
568 1783 694 1810 Clemens
709 1783 842 1815 noster",
860 1790 870 1807 ι
894 1783 1033 1809 desidera-

245 1825 307 1844 mus
320 1824 380 1852 quie
392 1823 455 1844 stitit
467 1818 582 1852 optima,
600 1829 609 1844 ι
624 1817 657 1844 δι’
675 1817 709 1852 ἢν
721 1817 855 1853 ἐφιέμεθα
867 1817 922 1844 τῶν
944 1818 1031 1853 βελτί-

245 1859 316 1879 στων
327 1872 334 1884 ,
349 1853 456 1880 scilicot
475 1855 557 1880 Deum
573 1856 679 1888 ipsum,
697 1853 754 1880 sive
771 1860 901 1880 aeternam
913 1854 1030 1880 felicita-

245 1892 298 1914 tem
309 1896 361 1922 qua
374 1888 428 1914 Deo
437 1893 567 1916 aeternum
582 1891 714 1915 Iruainur.

279 1923 454 1958 Quapropter
469 1924 512 1950 ille
528 1929 623 1958 aperte
640 1925 719 1950 docet
730 1924 752 1939 ἰ
768 1931 816 1958 spe
828 1931 872 1951 res
888 1923 997 1951 futuras
1015 1933 1030 1952 τι

243 1959 324 1995 nobis
336 1959 505 1992 exspectari,
524 1959 753 1993 queinadttiodnm
780 1960 832 1986 lide
853 1967 895 1986 res
922 1968 1031 1995 quoque

243 1993 350 2021 futuras
371 1999 454 2028 atque
476 1994 559 2021 etiam
592 1995 749 2029 przeteritas
780 1993 938 2022 credimnsf
961 1993 1031 2023 llinc

243 2034 346 2063 quanta
365 2030 436 2056 inter
449 2034 591 2064 utramque
607 2029 680 2056 illam
702 2030 832 2056 virtutem
846 2048 854 2061 ,
869 2038 919 2058 nec
934 2038 986 2056 non
1005 2037 1032 2058 et

243 2065 404 2091 charitatem
429 2065 465 2090 sit
492 2066 639 2097 connexio,
657 2065 693 2091 ita
713 2066 770 2099 ipse
798 2066 879 2099 paulo
907 2066 1031 2099 superius

243 2099 441 2135 exposuerat“
455 2107 462 2126 :
479 2109 488 2126 ι
506 2100 574 2126 Cum
591 2101 666 2130 fides,
682 2100 754 2127 sicut
765 2107 849 2127 etiam
864 2107 980 2135 tempus,
995 2101 1031 2127 sit

243 2133 361 2170 duplex,
371 2135 541 2162 inveniemus
555 2136 634 2168 duas,
647 2142 707 2170 qua:
726 2136 809 2162 simul
822 2133 958 2168 habitant,
978 2137 1030 2162 vir-

245 2174 327 2196 tutes.
343 2169 470 2204 Temperi
483 2171 568 2202 enim,
582 2169 710 2204 quodest
721 2172 901 2205 printerituiit,
914 2177 956 2198 est
971 2179 1029 2198 me-

244 2206 330 2230 moria
343 2213 351 2237 ;
370 2206 394 2232 ei
412 2209 597 2240 autem,qnod
610 2206 730 2233 futurum
741 2210 792 2239 est,
806 2207 1029 2240 spes.Crediuius

242 2240 315 2275 enim
333 2240 419 2266 fuisse
434 2246 589 2274 praeterita,
608 2247 635 2268 et
646 2241 704 2268 fore
720 2249 752 2268 ea
772 2250 833 2275 qua:
846 2242 937 2268 futura
953 2247 1027 2269 sunt.

242 2274 277 2301 Et
303 2282 397 2302 rursus
414 2276 554 2311 diligimus
576 2277 618 2303 sic
636 2284 666 2304 se
687 2274 822 2311 przeterita
841 2277 956 2309 habere,
975 2277 1028 2303 lide

241 2316 366 2344 persuaSI
380 2330 387 2343 ,
407 2310 495 2337 futura
520 2319 567 2345 spe
583 2317 784 2345 exspectantes.
813 2321 823 2337 ι
849 2313 915 2338 Eam
933 2312 1027 2346 procul

242 2345 325 2372 dubio
337 2346 372 2373 ob
385 2354 494 2373 causam
510 2354 571 2380 spes
581 2349 614 2373 ab
636 2347 680 2374 illo
702 2348 755 2374 lide
776 2345 939 2374 consistere
950 2348 1026 2374 dice-

244 2380 336 2413 tur";
352 2382 414 2415 quia
428 2382 555 2408 nimirum
568 2389 649 2416 quam
661 2382 780 2409 futuram
794 2385 932 2410 credimus
951 2387 1029 2409 aeter-

243 2422 305 2441 nam
320 2415 527 2449 beatitudinem,
546 2415 617 2444 hanc
636 2418 795 2445 lirmiSsiina
811 2425 860 2452 spe
881 2423 1026 2453 exspecta-

243 2457 317 2488 ttius,
333 2459 540 2486 spei-annisque.
561 2454 617 2479 lino
640 2460 706 2479 vero
720 2462 729 2478 ι
745 2454 768 2479 is
782 2455 828 2487 qui
844 2459 951 2488 sperat,
975 2462 984 2478 ι
1000 2457 1029 2479 ιιι

240 2485 368 2513 Clemens
389 2488 446 2521 ipse
464 2485 630 2522 loquitur",
648 2497 657 2512 ‹
679 2489 749 2514 sicut
761 2485 844 2515 etiam
858 2485 908 2522 qui
922 2488 1026 2519 credit,

239 2526 334 2548 tuente
348 2523 419 2549 videt
432 2530 474 2554 ea,
489 2530 548 2557 quae
565 2523 768 2558 prospiciuntur
783 2523 963 2558 intelligentia
975 2542 982 2555 ,
1000 2528 1027 2550 et.

238 2564 270 2582 ea
287 2564 347 2591 quae
365 2563 426 2584 sunt
440 2558 543 2584 futura.
560 2567 570 2583 t

277 2591 372 2618 Tantae
387 2600 470 2627 porro
484 2594 645 2620 constantiae
658 2598 685 2620 et
703 2593 843 2621 ﬁrmitatis
853 2599 895 2621 est
905 2601 937 2622 ea
950 2601 1024 2629 spes,

277 2670 300 2686 η
315 2670 332 2697 ι.
351 2679 378 2704 ν,
393 2678 420 2705 ρ.
435 2670 497 2697 555.

242 2706 264 2722 ¹⁶
280 2706 346 2734 locis
361 2708 462 2734 citatis.
487 2706 596 2738 ibitlent,
619 2714 644 2742 p.
656 2707 718 2734 566.

242 2749 268 2770 ι).
284 2743 346 2768 577.
386 2743 408 2757 ²⁰
420 2742 521 2768 Stroiti.
537 2743 555 2769 l.
581 2749 622 2770 tv.
642 2750 668 2770 υ.
689 2743 742 2770 495

240 2749 268 2792 εἴ
280 2743 354 2811 ῗῖἶνί,
366 2743 521 2812 ρῗθιιξὲιῗωῗέ
531 2743 752 2812 iltlidlx'pi'sgf'

790 2744 811 2758 "
831 2746 849 2770 Ι.
866 2751 893 2775 ιι,
913 2751 939 2778 p.
953 2743 1015 2770 584.

240 2848 264 2863 ³³
280 2850 388 2885 ibiti.,p.
402 2849 463 2875 560.
501 2848 523 2863 "
538 2849 658 2885 ibidqp.
678 2850 744 2883 575;
771 2859 796 2885 ι).
811 2850 881 2883 584ς
910 2859 937 2885 p.
963 2849 1025 2879 577.

242 2891 269 2917 p.
293 2884 354 2910 ιιι.
395 2885 417 2901 η
434 2885 511 2918 ibid.,
534 2892 559 2918 p.
583 2884 645 2911 584.

590 141 624 169 IN
637 141 849 169 CLEMENTEM
869 140 972 169 ALEX.
994 140 1025 168 D.
1046 140 1089 168 LE
1109 140 1252 169 NOURRY
1273 141 1499 170 DlSSEﬁTATlO
1515 141 1547 169 ll.

255 206 374 237 oportet,
393 200 658 229 considerationibus
672 205 797 235 prompto
809 205 837 228 et
853 200 937 237 alacri
948 201 1040 227 animo
1055 203 1079 231 Α
1093 201 1164 228 sicut
1178 207 1205 227 et
1222 201 1357 232 charitas,
1379 206 1517 236 laniatque
1545 200 1696 237 utriusque
1713 203 1781 237 sunt
1798 201 1870 231 vires.
1904 200 1905 210 ‘

1054 2744 1077 2760 ιι
1094 2745 1172 2774 ibid..
1191 2753 1217 2778 μ.
1237 2745 1299 2771 585.

771 2780 792 2794 ’⁷
807 2779 872 2806 ibid.
887 2784 915 2806 et
929 2779 947 2804 l.
965 2787 990 2811 v,
1005 2787 1031 2813 p.
1050 2778 1112 2806 552.

241 2812 259 2839 Ι.
272 2821 356 2847 vii,p.
375 2813 436 2840 7M).
462 2813 484 2828 ³ο
498 2812 583 2839 Eccli.
595 2820 614 2845 i,
630 2814 675 2842 16.
711 2815 744 2830 δι”
762 2815 844 2846 ibid.,
861 2822 888 2848 p.
901 2814 964 2842 5'16.
999 2812 1020 2829 3"

241 2848 264 2863 ³³
280 2850 388 2886 ibi_d_.,p.
402 2849 463 2886 .360.
483 2848 523 2886 7"
538 2849 658 2886 tbitl.,_p.
678 2850 744 2883 575;
771 2859 796 2885 ι).
811 2850 881 2883 584ς
910 2859 937 2885 p.
963 2849 1025 2879 577.

1097 2812 1334 2886 ’ίυξιῗῖξῗέἔέει
1345 2815 1409 2879 ζέικ

1816 142 1870 170 “92

1095 241 1124 262 ut
1139 236 1220 262 nullis
1235 237 1314 269 plane
1329 237 1436 264 casibus
1446 258 1454 269 ,
1473 235 1529 263 inec
1544 235 1700 263 dirissimis
1724 235 1806 262 etiam
1821 244 1869 262 crti-

1093 271 1210 298 eiatibns
1221 273 1370 305 expugnari
1380 279 1498 305 unquam
1511 271 1637 305 possint:
1650 279 1660 294 ι
1673 269 1776 304 Neque
1805 276 1869 303 erga.

1093 305 1181 343 inquit
1195 306 1360 343 Clemens",
1389 315 1451 343 spes
1478 306 1630 337 felicitatis.
1648 313 1745 340 neque
1765 308 1791 332 in
1804 305 1868 332 Deum

1092 341 1215 368 Charitas
1226 349 1296 376 aegre
1316 341 1369 368 fert
1383 341 1416 369 ea
1429 349 1489 376 qua:
1510 342 1659 372 accidunt;
1680 345 1780 367 manet
1799 345 1868 367 autem

1092 376 1192 408 libera,
1207 377 1315 404 etiamsi
1333 377 1359 403 in
1378 378 1478 404 bestias
1493 377 1595 404 incidat
1608 376 1837 407 immanissimas,
1850 382 1870 402 et

1091 411 1118 438 in
1135 412 1223 447 ignem
1240 412 1462 439 voracissimuut:
1485 419 1513 440 et
1530 412 1593 438 licet
1612 412 1779 446 tyraitnicis
1802 412 1867 437 conti-

1091 447 1180 473 ciatur
1194 447 1345 479 tormentis,
1358 456 1372 474 a
1387 448 1477 474 divina
1489 448 1610 482 pendens
1623 446 1768 478 amicitia,
1779 447 1869 472 minime

1091 483 1199 508 redacta
1215 482 1241 508 in
1258 483 1415 510 servitutem
1428 501 1436 513 ,
1452 491 1565 517 superas
1576 483 1636 508 obit
1660 482 1809 516 regiones,
1824 489 1869 508 cor-

1091 524 1158 550 pore
1170 518 1203 545 iis
1220 519 1316 544 tradito
1331 518 1375 551 qui
1393 518 1419 545 id
1438 518 1524 545 solum
1545 521 1662 552 possunt
1678 522 1790 543 tenere.
1808 525 1817 542 ι

1126 552 1213 585 Quam
1231 558 1305 580 recte
1326 553 1408 587 igitur
1432 551 1578 587 Apostolus
1595 555 1631 579 ad
1654 551 1803 578 Romanos
1817 552 1870 579 scri-

1090 588 1178 622 pserit
1189 589 1260 614 hanc
1273 596 1348 622 spem
1364 596 1416 615 non
1428 587 1607 618 confundere,
1618 590 1660 615 sic
1675 587 1722 613 ille
1739 587 1831 620 probat
1842 587 1868 612 ²ε;

1092 632 1102 648 ι
1120 623 1234 657 Propter
1247 630 1322 657 spem
1343 624 1416 650 enim
1432 623 1549 649 futuram
1575 629 1618 650 est
1645 623 1799 657 patientia.
1819 623 1869 654 Spes

1090 662 1179 684 autent
1196 663 1237 684 est
1254 659 1336 685 etiam
1366 658 1504 693 mquivoce
1518 659 1576 693 spei
1590 658 1717 684 redditio
1731 662 1760 683 et
1778 658 1870 684 restitu-

1091 693 1138 724 tio,
1153 700 1213 727 qua:
1230 701 1283 720 non
1297 694 1457 726 confundit,
1474 697 1502 720 ut
1518 701 1579 728 quae
1604 693 1721 728 probris
1742 697 1774 719 et
1795 698 1871 719 contis

1089 729 1178 755 meliis
1192 735 1245 755 non
1258 729 1373 762 aitiplius
1388 728 1528 755 afﬁciatur.
1545 737 1555 754 ›

1126 763 1199 789 lianc
1214 771 1295 797 porro
1306 764 1484 798 eamdemque
1495 771 1569 797 spem
1580 763 1701 798 paganis
1717 762 1872 797 philosophis

1088 802 1115 824 et
1128 798 1212 832 poetis
1224 800 1388 833 incognitam
1404 806 1456 825 non
1471 799 1554 826 fuisse
1570 798 1705 825 Clemens
1722 803 1816 824 noster
1831 806 1870 824 non

1088 833 1175 859 solum
1192 834 1288 860 ibidem
1300 853 1307 864 ,
1324 835 1371 861 sed
1386 834 1509 868 sequenti
1525 835 1610 861 etiam
1628 835 1657 860 iii
1677 833 1754 860 libro
1770 833 1874 860 luculen-

1089 872 1130 894 ter
1146 869 1264 895 ostendit
1275 869 1308 896 "’.

1126 902 1212 930 Porro
1230 910 1320 931 autem
1336 903 1565 938 quemadmodum
1577 904 1604 930 id
1623 903 1703 938 quod
1718 903 1780 937 spei
1794 903 1873 937 objici-

1089 943 1134 965 iur
1150 944 1192 966 est
1206 939 1322 972 ipsemet
1348 940 1420 966 Deus
1451 940 1623 969 misericors.
1654 939 1713 972 piis
1732 938 1874 965 hominibus

1088 979 1218 1000 a-ternam
1228 975 1378 1002 mercedem
1387 975 1614 1001 etbeatitudinem
1627 973 1807 1008 persolvens;
1817 975 1873 1000 itaet

1091 1009 1180 1035 tiutori
1192 1009 1320 1042 olijicitur
1335 1010 1405 1036 idem
1422 1011 1478 1043 ipse
1493 1010 1563 1036 Deus
1585 1009 1690 1042 impios
1707 1013 1737 1035 et
1752 1009 1872 1043 improbos

1088 1044 1264 1077 sempiternis
1277 1044 1450 1079 suppliciiset
1462 1045 1548 1079 νωιιίε
1561 1043 1747 1070 aﬂicicits.At
1757 1051 1790 1070 eo
1799 1050 1873 1070 tamen

1090 1079 1198 1110 timore,
1215 1085 1244 1106 ut
1257 1079 1383 1106 Clemens
1400 1084 1492 1106 uoster
1503 1079 1637 1113 explicat,
1653 1087 1714 1106 non
1734 1083 1789 1105 tam
1802 1080 1872 1105 Deum

1091 1113 1193 1147 ipsum,
1206 1123 1288 1149 quam
1304 1123 1318 1141 ει
1333 1115 1388 1141 Deo
1404 1115 1532 1149 excidere
1555 1114 1712 1141 metuimus
1737 1129 1743 1141 ;
1767 1123 1777 1139 ‹
1799 1114 1873 1141 Timet

1088 1149 1172 1181 enim,
1197 1148 1236 1177 ait
1267 1148 1394 1177 Clemens
1415 1148 1448 1183 ",
1480 1150 1541 1184 quis
1553 1157 1607 1176 non
1620 1150 1725 1180 Deum,
1741 1150 1813 1176 scda
1831 1150 1873 1174 beo

1088 1184 1223 1211 excidere.
1246 1194 1255 1210 ι
1274 1185 1377 1211 Βοιιιιιιι
1400 1191 1488 1211 autem
1509 1192 1569 1211 esse
1590 1192 1655 1211 eum
1687 1185 1817 1211 timorem
1834 1184 1874 1210 iti-

1089 1219 1148 1245 dem
1164 1219 1208 1246 ille
1223 1219 1345 1253 probat"
1360 1228 1411 1246 non
1426 1221 1506 1246 modo
1518 1228 1606 1246 sacra:
1618 1220 1780 1252 Scriptura:
1794 1224 1873 1246 aucto-

1091 1254 1183 1289 ritate,
1196 1257 1243 1281 sed
1254 1255 1335 1281 etiam
1351 1255 1430 1289 paulo
1446 1256 1573 1289 superius
1589 1262 1625 1281 ex
1641 1256 1693 1281 illo
1714 1255 1818 1282 celebri

1088 1287 1206 1316 lomouis
1219 1296 1302 1316 εωιιι
1319 1299 1326 1316 :
1347 1287 1357 1315 ε
1379 1287 1487 1316 luitiuni
1507 1291 1649 1324 sapientia:
1670 1295 1716 1316 est
1737 1291 1819 1316 timor
1833 1289 1874 1315 Do-

1089 1323 1198 1352 mini”.
1229 1334 1238 1350 ι
1269 1325 1395 1352 lbieuint
1416 1323 1688 1359 pulclire'obs'ervat
1720 1326 1874 1359 sapientiam

1087 1360 1179 1386 vocari
1196 1359 1379 1392 elTectioneni,
1391 1368 1451 1394 quae
1461 1366 1503 1387 est
1514 1361 1594 1386 timor
1608 1359 1726 1387 Domini
1746 1361 1874 1387 deducens

1088 1395 1122 1420 ad
1145 1396 1319 1429 sapientiam.
1347 1395 1415 1422 'l‘uin
1444 1403 1508 1423 vero
1537 1395 1670 1422 Basilidis
1703 1401 1733 1422 et
1748 1394 1874 1422 Valentini

1089 1435 1239 1457 sectatores
1257 1431 1365 1465 egregie
1382 1431 1498 1463 refellit,
1515 1431 1560 1464 qui
1585 1431 1637 1457 hoe
1665 1431 1875 1457 i‘roverhiorum

1088 1466 1200 1492 oraculo
1221 1466 1252 1492 ad
1271 1467 1429 1492 stabilienda
1455 1467 1653 1493 absurdissuna
1668 1474 1803 1492 errorum
1821 1474 1875 1492 suo-

1090 1507 1148 1536 I‘illll
1164 1507 1318 1528 commenta
1341 1502 1453 1528 omnino
1482 1507 1650 1536 praepostere
1677 1506 1707 1527 et
1740 1508 1876 1535 perperam

1087 1535 1278 1563 abntebantur.
1295 1536 1412 1563 Timoris
1424 1535 1514 1564 autem
1528 1544 1587 1562 eam
1601 1536 1656 1562 illic
1674 1538 1814 1570 patciacit
1827 1545 1877 1563 esse

1087 1570 1291 1604 utilitatem”,
1320 1581 1329 1597 ι
1347 1576 1453 1605 utquos
1479 1579 1532 1598 non
1561 1577 1703 1606 expugnat
1732 1575 1819 1603 ratio,
1839 1580 1876 1599 eo:

1087 1607 1288 1634 nutusuelaciat
1307 1612 1407 1634 metus.
1423 1616 1432 1632 ι

1119 1640 1212 1675 Neque
1237 1642 1330 1670 leviori
1357 1642 1410 1669 ictu
1428 1649 1522 1669 eorum
1550 1641 1876 1675 retunditperviezeiam

1085 1675 1286 1712 litereticorum,
1302 1678 1348 1712 qui
1370 1677 1472 1704 insulse
1481 1677 1657 1704 somniarent
1674 1678 1810 1704 timorem
1824 1684 1876 1703 ease

1084 1711 1285 1745 alienationem,
1303 1711 1346 1739 vel
1376 1721 1389 1738 a
1415 1717 1531 1744 ratione,
1559 1712 1602 1739 vel
1619 1712 1654 1738 ab
1670 1712 1785 1744 auinio,
1801 1720 1877 1746 atque

1084 1747 1151 1773 adeo
1167 1755 1227 1774 esse
1242 1749 1360 1781 malum,
1377 1755 1408 1774 ac
1420 1748 1535 1782 proinde
1559 1747 1647 1781 legem
1671 1751 1801 1774 veterem
1823 1748 1879 1781 τεμ-
1904 1762 1905 1782 λ

1084 1782 1206 1809 ciendam
1216 1782 1248 1809 ³¹.
1266 1783 1401 1816 Quocirca
1419 1784 1540 1810 omnitnti
1564 1782 1653 1809 oculis
1673 1782 1812 1810 Clemens
1834 1783 1878 1809 ibi-

1085 1818 1146 1854 dem
1165 1817 1304 1854 subjicit“
1318 1819 1382 1852 quid
1396 1820 1453 1845 haec
1473 1818 1627 1854 eadeinqles
1641 1824 1715 1854 verer
1734 1823 1765 1844 et
1788 1824 1879 1844 merito
1904 1839 1905 1854 ξ

1085 1852 1234 1880 timendunt
1248 1854 1400 1885 anuuntiet,
1418 1860 1444 1880 et
1461 1852 1598 1888 quomodo
1614 1853 1766 1880 Barnabas
1785 1861 1834 1881 nos
1850 1855 1877 1879 ad

1083 1888 1268 1915 meditandum
1284 1889 1330 1915 Dei
1349 1889 1473 1915 timorem
1488 1889 1663 1915 adhortetur.

1119 1922 1255 1950 Prteterca
1283 1932 1293 1948 ι
1321 1924 1368 1951 Dei
1395 1926 1488 1955 timor,
1519 1933 1528 1948 ι
1550 1929 1579 1949 ut
1594 1923 1640 1950 ille
1665 1923 1801 1957 docet“,
1817 1933 1826 1949 ι
1844 1928 1878 1950 est

1083 1959 1148 1985 mali
1162 1958 1318 1991 declinatio,
1339 1968 1348 1984 ι
1365 1959 1501 1993 iidemque
1522 1959 1653 1992 adjuvat,
1673 1964 1764 1993 atque
1779 1966 1840 1994 post
1852 1962 1876 1984 ιιι
1904 1959 1905 1990 ξ

1083 1995 1145 2021 dein
1163 1994 1250 2027 prima
1266 2001 1352 2021 estex
1376 1995 1409 2021 iis
1427 1995 1592 2025 virtutibus,
1620 2002 1683 2028 qua:
1702 1996 1743 2020 ad
1761 1996 1877 2021 charitz—

1085 2034 1150 2062 tein,
1165 2032 1221 2061 aut,
1240 2034 1269 2055 ut
1279 2030 1343 2057 alibi
1364 2029 1541 2060 adliucait“,
1558 2038 1567 2054 ι
1586 2030 1619 2056 ad
1640 2033 1842 2063 putuitentiam
1855 2034 1877 2055 et
1904 2043 1905 2048 η

1083 2071 1159 2098 Spem
1180 2073 1189 2090 ι
1211 2072 1258 2091 nos
1274 2066 1387 2092 ducunt.
1408 2065 1478 2096 Quid
1495 2064 1594 2099 plura?
1612 2066 1723 2091 Alicubi
1744 2064 1875 2092 asserit”

1083 2101 1208 2126 timorem
1222 2100 1329 2126 Domini
1344 2107 1405 2127 esse
1426 2100 1599 2134 disciplinain
1614 2107 1642 2126 et
1659 2100 1826 2131 scientiam,
1842 2106 1866 2126 at

1082 2142 1135 2169 que
1159 2136 1254 2161 eodem
1271 2137 1368 2161 tintore
1392 2142 1503 2170 peccata
1526 2143 1541 2161 a
1568 2135 1696 2168 quolibet
1724 2136 1875 2162 tleciinan:
1904 2139 1905 2170 ί

1082 2170 1148 2196 alibi
1165 2170 1259 2197 vero‘6
1274 2172 1429 2198 doctrinam
1450 2171 1486 2197 illi
1503 2170 1660 2203 adjunctam
1679 2177 1746 2197 esse
1763 2172 1877 2205 prinum.
1904 2170 1905 2203 l

1083 2206 1115 2232 atl
1144 2206 1326 2232 Christianam
1350 2206 1545 2240 perfectionem
1573 2207 1702 2238 gradum.
1735 2206 1877 2233 Postremo

1083 2249 1136 2267 non
1153 2242 1240 2267 solum
1255 2243 1362 2268 timoris
1374 2242 1521 2268 utilitatem
1534 2260 1541 2272 ,
1563 2241 1610 2267 sed
1624 2241 1780 2274 quamdam
1798 2247 1872 2268 eius

1081 2276 1140 2310 ejus
1153 2277 1343 2303 necessitatem
1355 2277 1418 2303 inde
1437 2277 1536 2310 repetit
1546 2275 1581 2308 ³⁷,
1594 2277 1668 2310 quod
1682 2277 1728 2302 lex
1748 2277 1878 2303 dit-inith~
1904 2275 1905 2310 l

1084 2321 1094 2336 ι
1113 2311 1230 2338 voluisse
1245 2313 1382 2344 videatur,
1399 2317 1428 2337 ut
1443 2317 1532 2338 ineius
1552 2312 1715 2338 necessario
1738 2312 1876 2344 impetuc-

1082 2352 1141 2380 ret;
1164 2355 1174 2372 ι
1192 2355 1247 2381 quo
1261 2348 1357 2382 majori
1376 2348 1506 2374 cautione
1528 2351 1556 2373 et
1577 2352 1733 2382 attentione
1758 2348 1876 2382 philurr—

1082 2384 1154 2416 phus
1174 2391 1188 2408 a
1202 2387 1277 2416 tapsu
1293 2381 1322 2409 et
1341 2388 1456 2416 peccato
1471 2388 1544 2408 esset
1560 2381 1678 2408 alienus.

1121 2419 1259 2451 Duplicein
1281 2425 1380 2452 porro,
1397 2425 1445 2444 seu
1466 2417 1715 2452 potiusﬂtripliceni
1735 2417 1784 2444 ille
1798 2418 1875 2444 tiniae

1082 2461 1138 2480 i‘ent
1154 2461 1206 2479 non
1221 2451 1336 2480 obscure
1352 2451 1536 2486 distinguit”.
1554 2451 1621 2478 Nam
1633 2457 1784 2486 postquam
1796 2454 1875 2480 dixis—

1081 2493 1124 2516 Set
1138 2497 1147 2513 t
1164 2489 1328 2523 principium
1349 2488 1506 2515 dilectionis
1528 2495 1590 2514 esse
1615 2488 1747 2513 timorem
1760 2508 1768 2519 ,
1783 2490 1830 2521 qui
1851 2493 1878 2514 ut

1082 2531 1131 2559 per
1148 2525 1344 2559 incrementum
1364 2525 1443 2552 fidei.
1463 2523 1563 2549 deinde
1578 2523 1712 2559 dilectior;
1738 2532 1747 2548 I
1778 2524 1814 2549 ita
1834 2525 1877 2549 illc

1080 2560 1253 2594 prosequitur
1271 2568 1277 2585 :
1291 2568 1300 2583 ι
1317 2558 1370 2585 Sed
1384 2567 1437 2585 non
1453 2560 1522 2585 sicut
1536 2559 1624 2584 lerant
1636 2563 1665 2584 et
1678 2558 1767 2584 timeo
1779 2564 1805 2584 et
1821 2565 1878 2589 odi.
1904 2558 1905 2594 l

1081 2591 1118 2622 ita
1136 2591 1218 2622 etiam
1231 2600 1336 2628 patrem
1352 2601 1461 2626 vereor,
1476 2601 1558 2628 quem
1574 2596 1658 2620 timeo
1669 2598 1697 2620 et
1711 2601 1787 2620 amo.
1808 2594 1878 2620 iiur-
1904 2591 1905 2628 ᾖ

535 2670 558 2686 ιι
571 2670 674 2698 Strom.
687 2671 747 2706 Lit,
757 2680 783 2707 p.
798 2671 860 2699 565.
889 2672 911 2688 ¹⁵
927 2671 1029 2700 Theod.

1092 2671 1136 2705 lV,
1151 2673 1188 2699 De
1203 2671 1386 2700 Graic.aii‘ect.
1396 2675 1494 2703 curat.,
1508 2679 1593 2699 serin.
1609 2671 1633 2703 Ι,
1644 2671 1679 2698 de
1694 2670 1759 2704 lide,
1774 2679 1801 2705 p.
1812 2670 1877 2697 ΠΡ.

767 2708 788 2723 ¹⁷
804 2707 919 2740 'l'lieod.,
934 2716 960 2742 p.
979 2709 1030 2735 47:)
1045 2714 1073 2735 et
1084 2709 1146 2735 485.
1165 2710 1242 2740 ibim,
1254 2717 1279 2742 ν.
1293 2708 1354 2735 569.

1773 2707 1793 2721 "
1808 2707 1875 2732 ihic.

1395 2708 1416 2723 ’δ
1426 2706 1527 2734 Stront.
1540 2708 1558 2733 l.
1572 2715 1604 2740 tt,
1618 2714 1644 2740 p.
1662 2707 1727 2733 571.

1765 2750 1795 2776 p.
1813 2740 1873 2767 53:.

1339 2744 1361 2760 ει
1377 2744 1454 2774 ibid.,
1476 2751 1502 2777 p.
1520 2743 1583 2769 57L

1152 2780 1174 2794 ³⁸
1186 2780 1265 2811 ibid.,
1281 2788 1306 2811 ι).
1322 2780 1384 2806 577.

1636 2743 1659 2758 ³⁸
1677 2743 1695 2768 Ι.
1713 2750 1740 2773 ν,

1468 2849 1522 2876 ³σι.
1543 2855 1586 2882 ιν,
1609 2857 1636 2884 μ.
1651 2849 1715 2876 ινδ.
1759 2849 1778 2863 ιτ
1797 2847 1817 2875 i.
1837 2854 1873 2875 ιι,

1439 2775 1571 2815 "Strotn.
1585 2778 1604 2815 l.
1617 2785 1648 2809 it.
1658 2775 1788 2815 p.575et
1802 2775 1870 2815 3_7_b_.
1904 2793 1905 2815 ᾖ

1345 2816 1368 2831 ³²
1381 2815 1398 2842 l.
1412 2822 1448 2849 iv,
1462 2822 1490 2848 p.
1502 2813 1574 2844 478;
1589 2813 1608 2840 l.
1624 2811 1698 2846 itfp.
1710 2811 1870 2849 371et37:
