1916 3071
48 176 120 205 1193

649 179 693 206 DE
711 178 824 206 LlBRlS
845 177 1072 206 STROMATUM.

1609 182 1677 210 “Si

45 247 94 277 sus
112 239 211 277 timens
226 244 267 277 _ne_
283 238 412 277 castigem
424 238 563 277 ‘meipsum
588 239 681 277 diligo,
709 239 834 277 timorem
851 239 873 268 A
889 238 1027 277 tritionem
1047 238 1244 277 itnperljectam:
1260 246 1322 273 qua:
1343 239 1448 277 attritio
1459 239 1584 277 dicitur.
1608 251 1678 277 quo-

45 275 163 309 eligens.
182 273 231 306 Qui
250 274 324 300 timet
343 273 479 309 oll'endere
495 278 599 309 patrem
613 295 620 307 ,
638 273 756 309 Seipsttm
773 275 836 301 tlili-

44 308 96 342 ;zit;
116 319 126 335 1
142 309 251 336 Primus
263 309 355 344 itaque
370 308 538 341 timorjuxta
554 310 704 337 Clementis
717 315 835 337 mentem

45 345 93 371 ille
111 350 165 374 est,
179 352 232 378 quo
246 345 308 377 quis
322 344 424 378 aliquid
444 345 513 372 sicut
532 345 616 372 feram
635 346 749 377 metuit,
772 353 836 379 pro-

45 387 109 414 pter
122 387 229 414 poenam
245 380 373 406 nimirum
389 379 575 414 inﬂigentlam.
591 381 625 407 At
639 381 683 407 hic
694 381 775 407 timor
791 388 834 414 pc-

45 418 121 442 nilus
137 414 242 442 servilis
257 420 309 447 est,
321 419 405 448 atque
421 415 495 442 illum
512 415 638 443 Clemens
649 416 712 443 odio
727 415 836 442 mistum

44 458 107 478 esse
120 451 252 478 declarat.

79 486 159 512 Alter
176 485 257 512 timor
271 489 322 515 est,
338 492 390 519 quo
405 485 466 519 quis
479 489 587 520 patrem
604 493 681 512 suum
697 486 836 514 offendere

44 527 168 558 veretur.
181 521 234 547 lslc
245 525 339 558 autem
354 521 436 558 timor
449 528 522 548 mere
541 521 632 548 lilialis
647 526 705 553 est,
721 521 767 558 qui
781 541 789 553 ,
808 526 837 549 ut

44 557 81 583 ait
104 557 241 585 Clemens.
254 556 340 583 amori
354 557 537 591 conjungitur.

80 591 204 618 Tertium
220 591 336 625 denique
350 592 475 619 timorem
490 597 517 619 et
530 592 600 619 inter
614 596 761 626 utrumque
778 601 835 619 me—

44 628 134 659 dium,
148 628 206 654 sive
223 627 313 662 potius
326 628 519 654 secundarium
538 628 638 662 prioris
651 628 757 654 timoris
772 627 836 654 elle-

45 667 119 689 ctum
132 670 195 689 eum
211 668 270 689 esse
282 661 408 689 Clemens
423 663 487 688 dicit
501 672 507 689 :
525 672 535 688 1
555 663 614 696 Quo
628 671 720 690 rursus
737 664 835 690 timens

46 706 79 723 nt:
100 697 237 732 castiger,
262 698 401 732 rmeipsum
423 697 525 732 diligo,
546 699 672 725 timorem
687 698 797 732 eligens.
824 710 833 724 ι

45 732 139 766 itaque
163 731 209 766 qui
240 731 286 759 illo
305 734 402 759 timore
423 732 551 763 adicitur,
569 734 605 760 ita
625 731 831 768 castigationem

45 768 142 794 metuit
155 789 162 800 ,
179 772 206 794 ut
221 769 309 802 potius
325 769 453 803 seipsum,
470 776 551 802 quam
567 768 678 798 illum.a
695 776 748 803 quo
763 769 834 795 haud

45 804 127 830 dubie
144 809 255 837 propter
272 803 380 837 culpam
395 807 420 829 et
439 804 573 830 ollensam
590 804 720 838 castigari
739 804 814 830 timet
826 824 833 836 ,

45 846 141 865 revera
161 839 268 872 diligat.
282 838 320 866 De
334 840 385 865 hoc
403 844 492 865 autem
509 838 610 872 duplici
625 846 671 866 seu
686 839 785 873 triplici
799 840 834 865 ti—

45 874 131 900 mntis
147 880 249 908 genere
270 874 369 908 legcsis
382 874 454 908 quod
472 881 584 901 sanctus
602 874 721 901 Thomas
746 874 833 900 tradi—

888 274 960 301 niam
976 273 1017 300 vel
1031 281 1064 301 ex
1079 274 1256 309 turpitudinis
1268 275 1372 309 peccati
1388 273 1623 308 consideratione:
1636 281 1676 307 vel

887 316 920 336 ex
935 309 1063 343 gehennae
1079 313 1107 337 et
1129 317 1271 344 ptnnarum
1294 315 1365 337 metu
1390 312 1572 339 communiter
1584 317 1679 344 conci-

888 344 1315 382 01101..δί’10111111111010110001111
1333 345 1470 382 excludat,
1486 354 1547 374 cum
1566 355 1614 382 spe
1631 357 1679 377 ve-

889 379 949 419 niae,
964 379 1083 406 declarat
1099 388 1152 419 non
1168 380 1254 408 solum
1273 388 1324 408 non
1343 379 1679 419 10001000011001011γι10-

889 415 985 441 critam
998 420 1026 441 et
1042 417 1126 448 magis
1138 419 1326 448 peccatorem,
1350 424 1445 443 verum
1468 417 1552 444 etiam
1575 415 1676 446 donum

890 449 935 476 Dei
951 456 1011 476 esse
1027 455 1054 476 et
1072 450 1191 484 Spiritus
1203 451 1289 478 sancti
1311 451 1457 486 impulsum
1468 471 1476 483 ,
1507 460 1559 479 non
1585 454 1677 482 adlmc

888 485 996 525 quidem
1020 486 1220 525 inhabitantis,
1249 487 1313 525 sed__
1323 491 1428 525 tantum
1448 489 1582 525 moventis
1595 509 1602 519 .
1621 498 1677 525 quo

888 520 1024 581 “enitens
1050 521 1160 554 adjutus
1186 523 1257 548 viam
1282 522 1332 548 sibi
1345 522 1378 548 ad
1401 521 1534 556 justitiam
1550 520 1639 557 parat:
1661 535 1670 552 1

912 563 982 581 mine
1008 556 1080 581 enim
1107 556 1165 581 htec
1187 556 1324 581 insissima
1347 561 1389 581 est
1413 556 1562 581 Clementis
1587 562 1670 581 nnctri

912 563 982 582 oune
1008 556 1080 582 enim
1107 556 1165 583 hrec
1187 556 1324 590 ipsissima
1347 561 1389 584 est
1413 556 1562 585 Clementis
1587 562 1673 587 nostri

888 590 1023 628 doctrina,
1040 591 1097 624 qui,
1117 596 1147 617 ut
1159 592 1291 628 _vitlimus,
1306 593 1405 627 saepius
1422 593 1522 627 repetit
1536 599 1563 620 et
1577 596 1675 628 prohat

889 625 1013 652 timoretn
1031 634 1092 653 esse
1108 626 1249 660 sapientia:
1261 647 1269 658 ,
1291 625 1440 660 disciplina:
1455 625 1484 655 et
1497 625 1595 656 divinae
1605 630 1674 657 dile-

887 661 988 688 ctionis
1004 661 1220 697 initium,atqne
1230 662 1305 689 illum
1317 664 1348 689 ad
1361 663 1563 697 paenitentiam,
1581 664 1672 697 fidem,

887 703 963 756 spIem
977 701 1005 723 et
1017 696 1248 750 perfectissimam
1265 696 1428 725 charitatetn
1444 699 1515 725 viam
1531 700 1611 727 nobis
1625 696 1673 735 pa-

888 736 914 756 10
928 738 1008 756 acere
1019 752 1025 756 .

888 736 1025 758 tetacerei

924 766 1023 793 Verum
1036 767 1134 802 aliquis
1147 766 1262 795 forsitan
1278 768 1389 802 objiciet
1402 768 1571 797 Clementem
1587 770 1675 798 diser-

888 801 1000 838 tissime
1013 801 1192 837 111-011110ιί1110
1206 810 1279 834 eum,
1296 801 1341 837 qui
1357 803 1396 831 vel
1410 803 1547 838 supplicii,
1562 805 1604 832 vel
1618 806 1671 833 im-

887 837 1018 864 minentis
1033 838 1157 875 pericul_i,
1173 838 1215 865 vel
1229 839 1282 866 odii
1296 844 1370 875 metu
1381 859 1389 870 ,
1405 837 1540 875 imofvero
1560 846 1672 875 propter

887 873 1085 906 consequendaa
1099 880 1113 898 a
1128 873 1183 900 Deo
1197 873 1330 901 mercedis
1345 882 1433 908 spem,
1447 874 1481 901 ab
1498 873 1630 908 injusmia
1641 884 1672 904 se

45 909 135 941 dit";
150 907 215 936 inde
232 907 456 945 quippelux’non
475 909 585 935 minima
608 909 671 936 huic
685 909 834 937 Clementis
850 915 871 943 Β
887 908 1015 945 ψξιίῃει,
1047 907 1118 935 hunc
1143 916 1191 945 sua
1217 915 1314 943 sponte
1331 907 1383 935 non
1399 909 1513 942 bonum,
1526 907 1568 937 iac
1582 912 1673 945 potius

46 945 132 971 nostri
151 946 294 972 sententia:
307 943 397 971 allerri
412 949 511 978 potest.

80 979 181 1007 Utrum
199 987 264 1007 vero
281 979 406 1007 Clemens
423 979 564 1016 quodlibet
583 979 648 1016 illud
667 979 773 1007 timoris
787 988 834 1016 ge-

46 1023 96 1042 nus
113 1016 216 1041 bonum
231 1022 291 1050 esse
309 1015 460 1048 putaverit,
479 1016 500 1042 si
517 1015 655 1050 inquiras,
678 1015 831 1050 perpende.

46 1058 154 1086 quaeso,
172 1049 244 1085 quotl
260 1051 305 1077 ille
321 1050 400 1086 paulo
416 1055 475 1084 post
485 1058 518 1077 ex
533 1049 636 1086 llermte
645 1049 756 1077 Pustove
773 1051 830 1078 col-

48 1085 159 1120 ligit“:
182 1095 191 1111 1
212 1086 281 1114 Dicit
297 1085 446 1112 tituendnm
462 1093 522 1112 esse
541 1085 684 1112 Dominunt
703 1086 735 1112 ad
748 1087 832 1113 aedili-

46 1122 195 1154 cationem,
206 1122 254 1149 sed
269 1128 322 1148 non
336 1121 471 1147 diabolum
487 1121 520 1148 ad
534 1121 713 1148 eversionem.
731 1121 830 1148 Contra

46 1162 135 1184 autem
154 1164 237 1190 opera
259 1156 366 1192 quidem
393 1156 514 1192 Domini,
542 1157 591 1183 hoc
620 1162 660 1183 est
680 1163 829 1190 111-0111011111,

46 1200 103 1219 esse
131 1190 276 1225 diligenda
296 1195 323 1218 ct
349 1190 488 1223 facienda;
508 1198 590 1224 opera
617 1196 708 1218 atttcm
726 1192 829 1219 diaboli

46 1234 103 1254 esse
120 1228 241 1254 timenda
255 1231 282 1254 et
296 1234 348 1253 11011
366 1225 501 1253 facientia.
515 1226 607 1253 Tin‘mr
620 1232 709 1253 autetn
726 1227 830 1255 Domitii

46 1262 183 1294 erudit,et
194 1263 322 1297 castigat,
334 1265 361 1288 et
376 1261 402 1297 in
415 1261 587 1289 dilectionem
602 1263 735 1289 restituit:
750 1263 831 1289 timor

47 1302 134 1324 autem
153 1296 278 1331 opernm’
292 1296 392 1323 diaboli
410 1297 491 1323 habet
506 1297 589 1323 etiam
603 1297 695 1324 odiutn
718 1298 830 1326 cohabi-

47 1338 118 1360 laus.
131 1344 142 1359 1
161 1333 198 1359 Ex
215 1333 255 1359 his
266 1336 358 1359 autem
371 1336 399 1359 et
411 1331 597 1366 superioribus
609 1333 727 1360 auctOris
741 1334 829 1361 nostri

46 1369 134 1396 verbis
147 1368 230 1403 207
251 1368 347 1399 facile,
363 1367 401 1393 uti
423 1367 588 1394 arbitramur
600 1387 607 1399 ,
625 1368 751 1402 intelligis
769 1376 830 1402 per-

45 1411 158 1431 suasum
180 1404 229 1438 ipsi
245 1403 329 1430 fuisse
343 1403 469 1429 timorem
491 1403 610 1438 diaboli,
624 1409 671 1429 aut
689 1403 806 1430 ferarum
819 1424 827 1436 ,

47 1439 94 1465 hoc
109 1444 152 1466 est
177 1437 264 1474 ptume
276 1444 304 1465 et
317 1437 454 1472 supplicii,
471 1437 497 1474 isi
514 1438 550 1464 ibi
572 1443 676 1464 tantum
695 1440 838 1474 consistat.

46 1482 97 1500 non
111 1473 287 1502 essebonum
300 1493 306 1505 ,
322 1479 413 1507 utpote
431 1473 477 1508 qui
497 1481 549 1500 non
563 1481 695 1504 amorem,
714 1473 761 1500 sed
779 1482 827 1508 po-

45 1510 97 1536 tius
120 1511 214 1537 odium
238 1509 395 1544 adjunctum
414 1509 524 1536 halicat.
540 1509 640 1544 Contra
654 1515 717 1535 vero
733 1508 777 1535 Dei
796 1510 829 1535 ti<

46 1553 158 1577 morem,
176 1553 229 1580 quo
244 1545 317 1571 illum
329 1545 399 1571 sicut
414 1549 518 1578 patrem
537 1543 675 1580 oll'endere
688 1544 825 1576 timemus,

44 1588 104 1607 esse
121 1588 219 1607 revera
233 1580 351 1612 bonum;
365 1580 467 1613 quippe
481 1579 526 1614 qui
539 1579 702 1614 principiqu
717 1580 828 1606 51111110-

45 1616 143 1643 ctionis
160 1621 188 1643 et
201 1616 234 1642 ad
251 1622 310 1642 eam
324 1622 373 1641 nos
388 1615 513 1642 adducat.

79 1651 175 1685 Neque
189 1655 278 1678 tamen
293 1650 318 1676 in
334 1655 408 1676 tuum
419 1670 426 1683 ,
443 1657 537 1684 quaeso
549 1669 556 1680 ,
578 1649 691 1676 inducas
706 1649 826 1677 animum

44 1688 76 1714 ah
93 1687 138 1713 illo
151 1694 259 1713 omnem
274 1692 384 1719 prorsus
404 1685 531 1712 Scrvilem
552 1690 653 1711 utetqu
677 1687 826 1719 proscribi,

45 1731 75 1750 ac
87 1728 220 1756 tanquam
234 1721 333 1747 malum
351 1720 458 1753 penitus
472 1721 619 1754 repudiari.
634 1720 699 1746 Nam
716 1727 828 1753 praster-

45 1765 123 1792 quam
140 1757 216 1791 quod
237 1756 393 1792 illercontra
411 1756 564 1792 haereticos,
586 1757 623 1782 uti
637 1755 765 1792 diximus,
783 1763 827 1783 os-

46 1791 128 1820 tendit
147 1798 269 1820 veterem
285 1791 381 1825 legem.
400 1791 580 1824 timoremque
593 1791 627 1817 ab
643 1798 676 1817 eo
689 1791 826 1818 incussum

46 1829 156 1854 nunime
172 1834 234 1854 esse
250 1827 331 1857 mala,
349 1826 456 1860 quando
477 1833 509 1852 ex
531 1826 580 1852 ltoc
599 1827 695 1853 timore
708 1826 741 1852 ad
760 1826 828 1852 lilia—

45 1863 93 1889 letu
108 1868 226 1893 metum,
243 1869 363 1888 amorem
376 1865 403 1887 et
417 1861 577 1887 charitatem
593 1861 782 1893 ascendimus;
801 1862 826 1888 id

45 1906 107 1925 sane
123 1898 228 1925 clarius
248 1899 435 1929 demonstrat,
453 1896 497 1922 ubi
517 1896 614 1930 quibus
635 1896 764 1930 gradibus
776 1897 827 1924 hoc

44 1933 100 1964 ﬁat,
116 1934 153 1960 ita
170 1931 327 1960 edisserit“
348 1942 354 1959 :
376 1940 385 1957 1
400 1931 477 1958 Licet
497 1939 549 1958 non
564 1938 625 1958 esse
639 1931 722 1958 tilium
739 1932 827 1958 incre-

45 1969 175 2000 dulitalis,
192 1969 238 1995 sed
257 1967 374 1994 transire
392 1974 408 1993 a
425 1967 584 1993 teuebrisad
600 1968 694 1999 vitam,
714 1971 742 1992 et
759 1974 827 1994 aure

44 2004 184 2038 Sapientia:
205 2002 426 2038 accommodata,
445 2009 506 2038 esse
531 2002 577 2029 Dei
597 2002 748 2038 legitimum
764 2002 827 2038 ενό-

45 2036 124 2075 μιμον
144 2036 217 2075 sive}
238 2037 316 2070 θεοῦ,
335 2037 568 2075 servumquitletn
585 2038 717 2075 primum,
735 2036 826 2075 δοῦλρν

45 2071 91 2109 11ὲῦ
103 2075 136 2101 τὰ
152 2073 261 2109 πρῶτα,
279 2073 377 2109 deinde
395 2071 499 2099 litleletn
517 2072 646 2109 famulum
662 2093 669 2103 ,
682 2071 782 2109 ἔπειτα
797 2074 826 2100 δὲ

44 2107 134 2141 ξυστὸν
163 2107 297 2141 γενέσθαι
316 2107 488 2140 θεράποντα,
518 2108 656 2134 timentem
682 2107 824 2135 Doutiuutu

45 2139 136 2166 Deum.
154 2139 232 2173 Quod
249 2143 271 2168 si
285 2139 354 2175 quis
364 2141 476 2168 ulterius
495 2142 656 2171 ascenderit,
671 2142 787 2169 refertur
805 2142 832 2170 in

44 2176 331 2212 numerumrﬁliorum.
356 2176 502 2210 Postquam
523 2181 613 2203 autem
630 2177 746 2204 charitas
766 2185 833 2212 ope-

45 2210 127 2246 ruerit
143 2211 346 2238 multitudinem
368 2216 540 2246 peccatorum
552 2233 558 2242 ,
573 2212 658 2239 beatae
673 2212 729 2246 spei
745 2210 833 2246 perfe-

44 2245 148 2283 ctione,
169 2246 232 2283 licet
246 2254 307 2283 eum
328 2245 393 2283 tunc
407 2252 515 2274 auctum
533 2248 664 2275 charitatc
684 2245 831 2283 suscipere,

45 2280 158 2308 relatum
185 2281 211 2308 in
229 2282 341 2309 electam
366 2282 481 2317 tiliorum
504 2283 694 2317 adoptionem,
710 2280 770 2317 qua:
786 2284 833 2310 Dci

45 2321 136 2352 {orata
162 2321 205 2343 est
226 2317 322 2344 amica.
343 2326 351 2342 1
365 2316 441 2344 Servi
465 2325 529 2352 ergo
552 2316 578 2345 et
600 2318 691 2345 famuli
709 2316 834 2346 timorem

45 2349 170 2388 Clemens
194 2357 259 2388 tunc
282 2352 384 2388 bonum
406 2360 465 2380 esse
488 2349 660 2383 Existimavit,
676 2354 783 2388 quando
802 2362 834 2380 eo

46 2385 139 2424 timore
156 2387 367 2424 pedetentintad
380 2388 426 2414 Dei
439 2396 558 2415 amorem
570 2394 596 2416 ct
611 2385 834 2424 perfectissimam

46 2421 203 2448 charitatem
220 2422 402 2456 perducimur.

75 2459 139 2490 Quis
156 2455 246 2492 itaque
262 2467 315 2486 nou
329 2459 419 2486 videat
432 2457 500 2485 hanc
511 2457 659 2485 Clementis
674 2459 707 2485 de
722 2459 822 2487 timore

41 2492 85 2519 Dei
117 2494 269 2521 doctrinam
295 2494 437 2521 sententia:
463 2493 684 2521 Tridentinoruut
711 2494 820 2521 Patrum

40 2530 149 2556 omnino
169 2536 230 2555 esse
244 2533 467 2558 consentaneam.
482 2537 512 2556 ac
528 2532 606 2562 plane
619 2530 740 2556 eamdeut
757 2538 818 2557 cum

41 2562 89 2599 hac
105 2565 215 2590 illortttn
230 2564 397 2596 deliuttionc,
413 2572 467 2599 qua
481 2571 581 2591 nostrae
598 2566 687 2591 anatis
699 2566 817 2592 haeretici

41 2598 88 2625 huc
106 2602 280 2626 anathemate
301 2598 539 2634 percelluntur“?
559 2609 568 2625 t
586 2599 614 2626 Si
634 2601 696 2634 quis
719 2601 819 2627 dixerit

39 2635 166 2665 gehennte
181 2641 297 2666 metum,
315 2642 364 2668 per
379 2642 459 2668 quem
487 2635 752 2662 ati'misericordiam
772 2635 818 2662 Dei

39 2675 69 2695 tte
84 2670 203 2703 peccatis
218 2671 334 2696 dolendo
348 2670 582 2705 conl’ugimus,vel
595 2680 608 2697 a
625 2676 737 2704 peccato
753 2676 819 2697 abs—

40 2708 165 2740 illtclllus,
192 2710 333 2738 1100001010
364 2713 435 2735 esse,
456 2710 504 2731 aut
525 2713 682 2740 peccatores
703 2707 819 2740 majores

39 2738 134 2771 facere,
149 2743 291 2767 anathema
303 2741 348 2766 sit.
369 2750 378 2766 1
408 2738 590 2772 Quamobrem
604 2742 667 2768 alibi
692 2738 754 2768 haec»
775 2750 821 2768 00-

38 2778 157 2801 rumdetn
172 2775 282 2802 Patrum
294 2776 443 2809 synodus’l
461 2784 468 2802 :
484 2785 494 2801 1
514 2776 588 2804 Illam
602 2796 609 2810 ,
627 2777 717 2811 inquit.
751 2784 823 2804 con-

68 2877 90 2893 ι’
103 2878 163 2907 2-2.
179 2886 205 2913 q.
222 2879 270 2916 l9,
286 2880 376 2916 arca.
433 2879 455 2896 ιο
475 2880 562 2912 ibid.,
581 2889 608 2916 ι).
628 2881 691 2908 581.

36 2911 57 2928 ⁸⁸
70 2922 139 2941 cess.
160 2911 202 2944 N.
217 2923 242 2941 c.
259 2915 286 2942 4.
325 2914 348 2930 ""‘
363 2918 465 2942 a‘trom.
485 2918 502 2943 Ι,
521 2923 557 2948 tv,
617 2917 679 2944 551.

189 2963 324 2994 Ρλπιυι..
348 2964 394 2994 (in
431 2964 487 2994 111.

842 1595 862 1624 C

841 2270 861 2296 D

746 2880 767 2896 δι
790 2879 894 2907 Strom.
909 2881 926 2908 l.
945 2889 965 2911 t.

718 2917 740 2932 “’
755 2915 853 2944 lJoau.
866 2924 904 2950 tv,
921 2917 964 2944 18.

887 942 985 979 videri,
1014 949 1097 979 quam
1123 944 1211 977 reipsa
1232 942 1300 972 resse
1323 945 1438 978 justum.
1455 945 1524 979 Ergo
1547 942 1673 974 Cletneus

885 977 1059 1004 existimabat
1077 979 1202 1015 supplicii
1217 977 1329 1009 metum,
1346 985 1374 1006 et
1388 977 1522 1007 mercedis
1535 988 1609 1015 spem
1632 981 1673 1008 fa-

885 1020 956 1043 cere,
985 1013 1214 1047 quemadmodum
1236 1015 1357 1042 haeretici
1371 1015 1468 1046 aiunt,
1499 1023 1509 1040 1
1533 1013 1671 1043 hominem

885 1048 1053 1082 hypocritam
1081 1052 1108 1084 et
1133 1049 1220 1084 magis
1235 1054 1418 1083 peccatorem.
1439 1059 1448 1075 1
1468 1050 1579 1078 Siccine
1606 1060 1671 1078 vero

884 1084 1059 1110 doctissimus
1070 1083 1113 1110 ille
1129 1084 1170 1110 vir
1183 1083 1212 1111 in
1228 1092 1348 1112 errorem
1365 1093 1380 1111 a
1395 1092 1424 1112 sc
1441 1086 1522 1113 toties
1537 1105 1543 1116 ,
1560 1090 1589 1113 ut
1602 1087 1672 1114 vidi-

884 1126 956 1150 mus,
973 1118 1166 1154 Vproscﬁptum
1192 1120 1300 1146 tandem
1328 1120 1472 1154 prolapsus
1493 1121 1560 1149 est?
1577 1121 1672 1149 Nullus

884 1153 979 1187 procul
995 1153 1078 1180 dubio
1089 1161 1162 1181 sana:
1178 1156 1276 1181 mentis
1291 1153 1371 1181 hoino
1389 1153 1415 1182 id
1432 1157 1460 1182 iu
1481 1156 1603 1183 animum
1626 1157 1670 1183 1·οο

884 1188 938 1225 cile
949 1188 1000 1215 sibi
1020 1189 1168 1216 induxerit.
1182 1188 1276 1224 Neque
1289 1197 1354 1217 vero
1367 1190 1424 1217 11ωο
1441 1199 1560 1225 unquam
1577 1192 1672 1220 1111111-

884 1223 936 1260 lius
953 1231 1034 1260 meus
1049 1228 1195 1260 etsensus.
1207 1223 1248 1252 Ab
1262 1226 1321 1260 ipso
1330 1225 1402 1252 enim
1419 1225 1477 1252 haec
1486 1223 1603 1260 scriptis
1616 1232 1672 1254 tra-

883 1258 938 1285 dita
951 1259 1066 1296 legimus
1076 1258 1117 1296 ξδε
1134 1269 1143 1285 1
1160 1260 1214 1287 Nos
1227 1258 1317 1288 autem
1330 1267 1404 1292 eum,
1418 1262 1464 1295 qui
1478 1258 1586 1296 semper
1599 1267 1626 1289 et
1645 1265 1671 1289 in

882 1294 1009 1321 omnibus
1020 1298 1062 1321 est
1076 1294 1175 1328 justus,
1193 1296 1264 1323 scire
1281 1296 1417 1330 cupimus,
1428 1294 1481 1329 ’qui
1509 1294 1558 1324 nec
1571 1297 1672 1325 timens

882 1330 1026 1363 supplicia.
1042 1337 1103 1364 qua:
1117 1338 1131 1357 a
1149 1331 1207 1364 lege
1224 1334 1394 1362 statuuntur,
1412 1338 1462 1358 nec
1493 1339 1587 1358 eorutn
1608 1340 1670 1359 cum

883 1366 980 1401 quibus
990 1370 1125 1396 versatur,
1138 1366 1217 1400 etqui
1231 1371 1341 1400 peccata
1355 1368 1668 1401 persequuntur,odiutn

883 1400 973 1435 vitans
990 1402 1015 1426 in
1030 1400 1177 1433 improbos,
1192 1409 1242 1428 nec
1255 1401 1327 1435 quod
1345 1409 1377 1428 ex
1397 1402 1464 1435 ip5ts
1478 1402 1627 1429 sceleribus
1641 1408 1666 1429 et

880 1434 992 1470 ﬂagitiis
1012 1436 1159 1472 impendet,
1181 1434 1334 1470 periculum
1359 1434 1544 1464 refermidans
1557 1457 1564 1468 ,
1580 1437 1670 1472 justus

882 1476 1036 1507 permanet.
1049 1471 1102 1504 Qui
1114 1472 1187 1498 enim
1202 1477 1312 1507 propter
1321 1472 1378 1499 haec
1387 1471 1506 1499 abstinet
1519 1480 1532 1499 a
1545 1471 1669 1500 faciendo

882 1505 985 1539 aliquid
1001 1513 1035 1533 ex
1051 1508 1084 1532 iis
1100 1513 1160 1540 quae
1180 1505 1367 1541 suntinjusta.
1386 1515 1438 1534 1100
1449 1514 1490 1534 est
1501 1515 1550 1535 sua
1560 1514 1668 1542 sponte,

881 1542 929 1568 Sed
948 1546 1019 1568 metu
1038 1542 1182 1569 bonus.....
1198 1541 1226 1569 Si
1243 1547 1333 1570 autent
1350 1543 1383 1570 ab
1400 1542 1532 1576 injustitia
1543 1541 1669 1572 facienda

882 1576 1051 1612 abstinuerit
1074 1582 1187 1611 propter
1210 1585 1284 1612 spent
1311 1578 1542 1605 remunerationis
1569 1586 1584 1605 a
1613 1578 1670 1606 Deo

880 1611 1091 1646 consequeudte,
1106 1612 1140 1638 ob
1150 1620 1181 1639 ea
1193 1611 1252 1646 qua:
1266 1613 1337 1648 iuste
1356 1613 1462 1646 fecerit,
1485 1621 1534 1641 nec
1554 1614 1669 1648 sic,qut-

880 1649 940 1674 detn
956 1654 1003 1674 sua
1016 1653 1114 1681 sponte
1126 1648 1213 1675 bonus
1221 1654 1273 1676 est.
1290 1647 1368 1675 Sicut
1380 1649 1453 1676 enim
1471 1648 1544 1675 illum
1559 1647 1646 1676 metus
1660 1670 1667 1679 ,

879 1683 918 1708 sic
934 1683 1006 1709 hunc
1019 1690 1127 1717 qttoque
1139 1691 1243 1710 tnerces
1254 1682 1357 1717 justum
1373 1684 1448 1714 facit,
1463 1684 1504 1711 vel
1513 1685 1603 1718 potius
1616 1683 1670 1711 elli-

879 1717 927 1748 cit,
954 1722 984 1743 ut
1009 1718 1133 1745 vudeatur
1151 1718 1254 1752 jUstus.
1283 1728 1292 1744 1
1312 1718 1384 1746 Nulli
1405 1724 1478 1746 certe
1497 1717 1608 1746 dubium
1623 1724 1670 1747 aut

879 1752 1024 1789 obscurum
1035 1761 1096 1781 esse
1112 1759 1201 1789 potest
1216 1754 1386 1781 Clementem
1405 1755 1440 1781 ibi
1461 1754 1534 1787 loqui
1550 1755 1583 1781 de
1593 1755 1668 1787 justo

879 1788 1057 1822 perlectoque
1073 1788 1193 1820 homine,
1207 1797 1288 1824 quem
1301 1798 1310 1815 t
1331 1791 1485 1823 gnosticum
1505 1799 1514 1815 1
1537 1790 1667 1824 appellat.

878 1828 906 1860 et
926 1824 971 1858 qui
990 1824 1139 1860 perfectam
1165 1825 1255 1860 attigit
1271 1825 1452 1857 charitatem;
1470 1826 1532 1857 vel,
1549 1831 1578 1852 ut
1603 1825 1670 1859 ipsis

878 1858 1028 1885 Clementis
1043 1859 1129 1885 nostri
1143 1858 1233 1888 verbis
1248 1864 1369 1890 utamur,
1386 1869 1395 1884 t
1414 1860 1460 1894 qui
1477 1867 1586 1894 semper
1597 1858 1625 1888 et
1641 1862 1667 1888 in

878 1894 1006 1930 omnibus
1022 1894 1113 1930 justus
1140 1899 1192 1922 cst.
1223 1905 1233 1920 1
1261 1895 1310 1922 llic
1332 1900 1442 1926 autem,
1465 1900 1494 1922 ut
1509 1895 1554 1922 illo
1567 1897 1668 1930 pergit,

879 1928 953 1964 nullo
971 1929 1097 1963 supplicii
1113 1934 1160 1964 aut
1175 1931 1289 1963 periculi
1310 1936 1382 1956 metu
1400 1931 1491 1964 justus
1515 1928 1667 1964 permanet;

878 1963 911 1989 Et
925 1968 998 1990 recte
1009 1965 1132 1998 quidem.
1147 1963 1214 1991 Nam
1233 1966 1258 1991 iu
1279 1965 1369 1998 prima
1383 1963 1505 1998 Epistola
1515 1963 1567 1991 sua
1584 1965 1670 1993 Joan-

877 2005 926 2025 nes
942 1999 1082 2033 scripsit“
1101 2008 1107 2027 :
1132 2008 1141 2024 1
1167 2000 1261 2027 Timor
1276 2007 1328 2027 11011
1341 2005 1382 2027 est
1406 2008 1431 2026 111
1453 2000 1603 2033 charitate;
1620 2003 1668 2028 sed

877 2033 996 2067 perfecta
1013 2034 1134 2070 Charitas
1148 2034 1220 2062 loras
1232 2036 1316 2065 mittit
1329 2035 1476 2067 timouetn;
1490 2036 1621 2070 quoniam
1636 2038 1669 2062 ti-

877 2076 937 2105 mor
956 2076 1065 2102 ptenant
1087 2069 1168 2097 habet
1182 2079 1190 2097 :
1204 2071 1251 2105 qui
1273 2076 1365 2097 autem
1379 2071 1466 2103 timet,
1481 2078 1534 2097 nou
1549 2076 1590 2098 est
1602 2078 1667 2105 per-

877 2103 964 2131 fectus
979 2107 1004 2131 in
1020 2106 1168 2132 charitate.
1190 2115 1200 2131 1

911 2140 1045 2172 Quocirca
1057 2139 1148 2173 justus
1166 2141 1209 2168 ille
1227 2141 1354 2168 timorem
1368 2148 1417 2167 cur
1432 2140 1579 2174 expulerit,
1596 2141 1666 2168 hanc

875 2174 1002 2202 Clemens
1019 2176 1130 2210 prutttlit
1145 2177 1290 2204 rationem.
1307 2177 1358 2209 Qui
1375 2181 1489 2210 propter
1504 2182 1605 2203 uictum
1619 2182 1666 2204 aut

876 2211 1011 2238 mercedis
1025 2219 1101 2245 spetn
1116 2211 1150 2238 ab
1172 2212 1312 2245 injustitia:
1332 2219 1361 2238 se
1378 2212 1497 2238 abstinet
1518 2213 1665 2246 operibus.

877 2247 899 2272 is
910 2254 963 2273 non
975 2252 1017 2273 est
1032 2251 1129 2280 sponte
1148 2248 1297 2281 suajustus
1311 2257 1318 2274 :
1339 2247 1385 2273 sed
1401 2246 1485 2273 ellicit
1503 2249 1596 2281 potius
1613 2249 1665 2275 du-

877 2282 937 2315 plex
951 2282 995 2308 illa
1011 2281 1130 2313 alfectio,
1141 2282 1270 2317 utjustus
1283 2282 1417 2309 videatur.
1431 2283 1556 2308 Nondum
1566 2283 1666 2317 quippe

875 2317 908 2343 ad
925 2317 1073 2350 perfectam
1091 2317 1165 2344 illaut
1180 2319 1343 2345 charitatcm
1362 2318 1494 2351 pervenit,
1509 2325 1563 2351 qua
1577 2326 1624 2352 spe
1638 2325 1667 2345 et.

877 2358 949 2379 metu
974 2351 1069 2386 procul
1094 2353 1261 2384 amandatis,
1279 2353 1378 2379 bonum
1393 2352 1558 2384 voluntaria,
1577 2351 1609 2380 at:
1632 2354 1667 2382 li-

877 2387 940 2414 bera
953 2394 1076 2421 prorsus,
1090 2393 1118 2415 et
1129 2388 1254 2423 expedita
1273 2389 1411 2415 voluntate
1422 2393 1563 2422 operetur.

912 2423 981 2455 Quid
997 2430 1073 2457 ergo,
1094 2429 1192 2458 arguet
1204 2425 1274 2450 alius
1285 2424 1423 2458 quispiam
1437 2442 1445 2455 ,
1467 2423 1589 2457 nunquid
1605 2423 1666 2451 Cle-

876 2465 952 2486 mens
968 2467 982 2484 a
997 2467 1006 2482 t
1023 2459 1146 2492 guustico
1163 2468 1172 2484 1
1188 2466 1237 2485 seu
1253 2458 1374 2492 perfecto
1389 2458 1545 2485 Christiano
1556 2466 1665 2487 omnem

874 2502 949 2529 spem
972 2494 1054 2520 etiam
1083 2502 1092 2519 t
1120 2494 1349 2521 remunerationis
1366 2503 1375 2519 1
1394 2502 1409 2521 a
1423 2494 1494 2526 Deo,
1509 2499 1538 2520 ttt
1553 2495 1611 2529 ipse
1627 2495 1666 2522 1ορ

874 2531 977 2564 quitur,
991 2537 1000 2554 t
1020 2529 1197 2563 accipiendae,
1212 2538 1221 2554 1
1235 2530 1308 2556 sicut
1319 2533 1347 2556 et
1362 2534 1475 2560 metum,
1490 2528 1599 2563 penitus
1619 2532 1665 2557 de-

873 2565 1025 2599 pellendam
1035 2571 1095 2590 esse
1107 2564 1247 2591 decernit?
1258 2564 1385 2599 Nunquid
1397 2572 1473 2599 ergo,
1485 2564 1593 2599 urgebit
1607 2565 1664 2597 ille,

873 2601 944 2627 haud
964 2600 1081 2627 obscure
1095 2599 1221 2626 Clemens
1232 2600 1334 2632 docuit,
1352 2608 1428 2634 spem
1438 2620 1446 2631 ,
1469 2607 1530 2634 quae
1544 2602 1665 2627 secunda

873 2637 959 2662 virtus
977 2636 1130 2670 theologica
1143 2639 1196 2666 est,
1218 2635 1443 2669 itnperlectorum
1472 2636 1665 2662 tantummodo

872 2678 933 2698 esse
959 2670 1199 2701 Clu-istianorum,
1231 2670 1344 2697 minime
1372 2678 1437 2697 vero
1462 2671 1667 2705 ρει-1001010011

873 2707 926 2734 Sed
941 2708 963 2733 is
977 2715 1029 2732 0011
1045 2706 1230 2740 1111101111Αο550
1247 2713 1345 2732 sensus
1356 2705 1508 2733 Clementis
1519 2727 1526 2736 ,
1541 2707 1588 2740 qui
1604 2712 1665 2732 tan-

873 2748 930 2769 tutu
945 2743 1033 2773 abest,
1057 2745 1086 2767 ut
1113 2734 1237 2776 ibi‘spcm
1260 2749 1274 2767 a
1291 2741 1413 2775 perfecto
1424 2734 1582 2768 Christiano
1595 2743 1665 2774 abji-

873 2777 998 2805 ciendam
1022 2784 1084 2804 esse
1102 2781 1216 2808 statuat,
1247 2777 1312 2812 quin
1338 2779 1428 2811 potius
1453 2778 1488 2803 ab
1504 2784 1536 2803 eo
1554 2783 1665 2811 semper

979 2888 1007 2916 p.
1024 2881 1088 2909 555.
1158 2880 1181 2897 “
1195 2880 1321 2908 Trideut.
1337 2888 1409 2917 syn.,
1427 2888 1495 2907 sess.
1510 2882 1537 2913 tt,
1552 2887 1613 2906 can.
1631 2879 1660 2907 S.

1466 2964 1506 2994 38
