1916 3071
211 146 281 174 ΗἸ9

547 147 582 174 ΙΝ
598 147 811 176 CLEMENTEM
829 135 931 175 ALEXC.
952 147 984 175 D.
1006 146 1050 174 LE
1069 145 1212 174 NOURRY
1233 141 1460 174 DISSERTATIO
1479 145 1511 173 ll.

1773 146 1839 175 “80

210 206 244 233 de
268 213 319 241 qua
338 213 388 234 nos
406 211 473 234 tom.
503 206 523 233 ll
541 207 668 241 Apparet.
682 228 689 240 ,
708 208 817 234 dissert.
833 207 850 233 5
862 227 869 239 ,
886 214 946 240 cap.
962 206 979 233 5
993 226 999 237 ,
1016 207 1037 235 Α
1052 205 1150 232 mirum
1164 204 1303 240 Mosaica),
1315 209 1344 232 ut
1356 206 1487 239 reprimat
1498 204 1531 231 ad
1540 203 1605 241 vitia
1617 203 1836 240 propensionem,

210 242 225 277 §
239 242 264 269 4.
280 242 333 269 Sed
346 246 445 276 prater
461 242 589 277 multosa
607 242 686 269 nobis
703 242 757 269 illic
772 242 895 269 laudatos
907 262 915 272 ,
932 242 1000 277 alios

210 275 226 303 ἐ
238 275 374 304 Cotelerio
389 277 415 303 in
431 278 488 304 suis
503 278 535 304 ad
551 275 672 304 Pastoris
691 277 790 304 librum
803 276 1001 304 observationi-

209 312 273 340 bus.
288 319 352 347 pag.
366 311 411 344 64,
430 312 515 339 adlmc
533 312 631 339 citatos
646 312 778 340 invenies.

248 347 413 374 Clementem
431 355 512 381 porro
529 347 562 374 de
575 348 704 375 secundis
720 352 779 381 post
795 347 919 382 conjugis
932 355 1000 374 mor-

211 386 266 409 tem
280 382 382 416 nuptiis
400 382 583 416 disputantem
601 383 732 410 hactenus
750 384 914 410 audivimus.
930 383 1000 416 Quid

211 422 302 444 autem
317 417 360 444 ille
373 417 407 444 de
421 417 521 444 veteris
536 418 691 444 testamenti
708 418 937 452 patriarcharum,
953 419 998 452 qui

211 452 303 488 plures
315 452 394 479 simul
411 460 512 479 uxores
528 452 672 488 habebant.
688 453 852 488 polygamia,
864 454 998 485 docuerit,

211 487 327 522 strictim
342 488 419 522 juvat
444 488 586 522 attingere.
611 487 725 515 Fatetur
748 487 837 516 autem
855 489 940 520 illam,
960 494 1000 514 ta-

211 522 290 548 metsi
305 521 472 558 Christianis
499 521 611 549 oiunino
633 524 715 550 vetita
738 523 794 555 sit,
818 523 891 558 justa
909 529 998 550 tamen

210 564 293 584 causa
318 556 404 584 fuisse
426 558 589 591 patriarchis
612 557 664 585 illis
685 558 719 584 ab
735 556 851 592 ipsumet
868 559 922 586 Deo
934 567 1000 586 con-

211 599 327 628 cessam.
348 601 358 619 ι
377 592 453 619 Tunc
477 593 549 620 enim
563 612 571 625 ,
594 593 681 627 inquit
699 594 743 621 ille
756 595 798 626 “,
824 595 851 621 id
874 594 1000 628 exigebat

210 626 292 657 Deus,
306 628 414 661 quando
431 629 574 660 oportebat
588 626 672 663 genus
688 630 836 656 lnnnanum
855 626 949 663 augeri
973 635 1000 656 et

211 662 396 696 multiplicari.
416 673 425 688 ι
446 664 482 690 De
497 663 654 690 Abrahamo
667 670 755 691 autem
773 662 933 691 nominatim
950 672 998 691 eo-

210 697 271 724 deut
288 698 366 730 plane
381 699 460 725 modo
475 699 633 732 pronuntiat
645 699 666 714 "
681 708 687 726 :
707 709 717 724 ι
735 700 773 726 Ex
794 700 881 726 tribus
905 700 998 726 uxori-

210 732 264 768 bus
279 732 378 760 liberos
394 738 563 766 susceperat,
577 741 629 760 non
646 739 674 760 ut
692 734 831 761 frueretur
847 735 998 768 voluptate,

210 767 344 804 sedquod
359 773 492 801 speraret,
507 773 533 794 ut
549 773 624 803 puto,
639 770 664 795 in
680 770 813 804 principio
829 767 917 804 genus
930 770 998 796 ιιιιιΙ-

209 801 345 837 tiplicare.
363 813 373 828 ι
390 803 475 836 Quam
490 801 598 837 quidem
614 801 805 836 rationemfut
821 801 933 831 minii-te
947 805 998 830 du-

209 836 295 872 biant,
312 845 344 864 ac
358 839 469 865 omnino
482 836 584 865 certant
610 839 714 872 profert
729 841 889 867 Ambrosius
905 840 938 870 ’⁸,
955 839 998 866 l'u-

1048 241 1126 275 jubet
1141 243 1174 267 de
1187 239 1348 268 medio'tolli
1366 248 1439 273 eam,
1453 247 1513 274 quae
1529 239 1696 275 adulterata,
1712 245 1741 267 et
1764 239 1837 268 adut;

1052 276 1113 302 terii
1129 275 1213 306 fuerit
1226 276 1348 303 convicta
1363 283 1371 308 ;
1387 276 1429 302 sin
1445 279 1536 302 autem
1559 274 1644 302 fuerit
1659 281 1733 302 uxor
1746 283 1837 304 sacer.

1051 311 1133 343 dotis,
1146 311 1222 345 jubet
1234 319 1293 337 eam
1306 310 1359 345 igni
1377 310 1470 338 tradi?
1485 309 1615 337 Obruitur
1628 316 1719 345 autem
1735 311 1838 340 adulter

1050 344 1159 386 quoque
1172 344 1325 386 lapidibus,
1339 346 1387 374 sed
1405 354 1458 386 non
1475 345 1611 386 in_eodem
1627 344 1699 377 loco,
1709 353 1752 386 ‘ne
1766 354 1838 376 mors

1050 381 1160 415 quidem
1186 380 1221 408 sit
1245 381 1284 408 eis
1314 381 1477 408 communis.
1503 380 1595 414 Neque
1617 387 1683 407 vero
1709 380 1754 408 lex
1779 390 1836 411 cum

1051 416 1198 451 Evangelia
1214 420 1335 450 pugnat,
1354 416 1402 443 seti
1423 416 1448 443 ei
1465 415 1620 451 consentit;
1644 415 1738 449 quidni
1755 417 1836 450 enim,

1050 459 1112 478 cum
1127 450 1163 478 sit
1176 452 1319 485 utriusque
1332 451 1520 485 suppeditator
1528 450 1676 478 Dominus?
1686 451 1755 484 Quae
1769 453 1837 480 enim

1051 492 1093 514 est
1107 486 1253 517 fornicata,
1267 486 1334 514 vivit
1347 487 1456 520 quidem
1469 491 1592 521 peccato,
1607 486 1655 513 sed
1674 491 1785 513 mortua
1799 494 1838 515 est

1050 522 1185 549 mandatis
1199 530 1206 553 ;
1223 529 1284 556 quae
1298 526 1388 549 autem
1403 521 1485 549 ducta
1501 526 1543 549 est
1555 521 1728 555 paenitentia,
1741 527 1770 548 ut
1781 530 1838 556 qua

1051 558 1088 584 sit
1105 562 1264 592 regenerata
1282 564 1330 591 per
1344 557 1408 584 vitae
1424 556 1758 592 conversionem,_habet
1777 559 1839 586 vitae

1050 590 1296 626 regenerationem,
1309 597 1415 619 mortua
1427 592 1536 626 quidem
1548 596 1639 618 vetere
1651 590 1837 627 fornicatrice,

1050 627 1077 654 in
1093 628 1176 654 vitam
1190 632 1280 655 autem
1299 635 1394 654 rursus
1409 627 1531 662 ingressa
1541 634 1576 662 ea
1586 647 1593 659 ,
1610 633 1676 662 qua:
1692 631 1734 653 est
1749 629 1838 661 genita

1050 670 1098 696 per
1112 663 1312 697 paenitentiam.
1327 671 1337 688 ι
1353 661 1466 689 Planuin
1479 662 1514 688 ibi
1529 661 1654 688 Clemens
1667 661 1732 688 facit
1750 663 1777 689 in
1791 663 1840 690 hoc

1050 697 1135 731 legem
1151 702 1273 725 veterem
1288 705 1349 725 cum
1365 697 1521 731 evangelica
1539 697 1711 729 consentire,
1727 702 1758 724 ut
1772 706 1839 725 uror

1050 732 1177 760 adulterii
1199 733 1326 761 convicta
1349 733 1382 760 de
1399 732 1494 768 mmedio
1519 731 1643 768 tollatur.
1657 731 1714 759 Lex
1738 734 1840 768 quippe

1049 771 1127 794 vetus
1137 768 1214 801 jubet
1229 775 1290 795 eam
1304 768 1382 795 obrui
1398 767 1551 802 lapidibus,
1565 771 1611 793 aut
1622 767 1646 794 si
1659 775 1731 793 uxor
1745 769 1783 794 sit
1797 776 1840 795 sa~

1049 804 1185 835 cerdotis,
1207 803 1269 838 igne
1289 802 1421 830 comburi.
1437 802 1492 829 Lex
1509 809 1573 829 vero
1590 802 1752 838 evangelica
1767 804 1838 830 illam

1050 838 1186 866 mandatis
1206 837 1235 865 ct
1249 838 1312 865 vitae
1327 837 1461 872 spirituali
1478 841 1611 864 mortuam
1634 837 1770 865 declarat.
1788 839 1840 866 Sed

210 871 322 909 eiusque
335 874 463 906 explicat.
478 873 594 909 Videsis,
608 871 629 901 si
649 874 736 907 placet
752 881 779 901 et
794 880 882 906 vacat,
899 883 960 909 qua:
973 875 999 901 iu
1017 879 1038 906 Β
1052 874 1110 909 haec
1125 881 1192 900 nova
1208 873 1262 905 lex,
1278 871 1437 909 quie’veteri
1453 872 1532 909 longe
1547 871 1696 909 plurimum
1712 881 1839 901 mansue-

209 907 331 944 ejusdem
353 909 488 944 Ambrosii
516 908 599 936 libros
615 910 819 937 subnotavimus
830 930 837 942 ,
852 917 878 937 et
892 907 952 944 quae
967 911 1000 936 de

209 942 558 980 Abraltatui_aliorumque
591 946 808 980 patriarcharum
845 942 997 980 poly'gatnia

209 977 325 1012 theologi
342 978 496 1005 scholastici
510 987 534 1004 ιιι
548 987 573 1005 ιν
586 979 719 1012 Ξειιιεπιη
731 977 853 1007 ιιιειιιιςιῖ
867 977 954 1012 ὅῧξθι
971 981 998 1007 in

208 1012 240 1039 D.
255 1012 351 1040 Thom.
368 1014 500 1048 supplent.
512 1020 608 1047 quaest.
625 1015 670 1046 65,
687 1021 741 1042 art.
755 1017 786 1047 2,
809 1017 996 1050 disputarunt.

471 1059 669 1089 AltTlCULUS
691 1061 734 1090 Ill.

261 1103 301 1131 De
315 1107 477 1133 matrimonii
489 1107 591 1134 uinculo
610 1117 743 1143 nunquam
766 1109 944 1137 dissoluenda.

244 1150 330 1184 Quam
346 1157 450 1179 arctum
464 1159 492 1180 et
508 1154 696 1182 indissolubilc
711 1156 746 1183 sit
761 1157 928 1184 matrimonii
943 1157 999 1184 vin-

207 1186 299 1213 culum
311 1187 353 1214 his
364 1187 490 1225 Clemens
500 1194 593 1216 noster
606 1191 723 1224 explicat
735 1191 827 1218 vernis
837 1192 879 1218 ":
895 1202 904 1218 ι
921 1192 997 1225 Quod

208 1223 452 1259 autemconsuluit
469 1224 611 1258 Scriptura
637 1223 750 1253 uxorem
767 1227 867 1253 ducere
880 1247 887 1259 ,
901 1223 998 1255 etinec

207 1263 222 1282 a
252 1256 377 1292 conjugio
402 1256 682 1297 uitqttain:permittit
710 1256 886 1294 discedere,'
905 1263 992 1297 legem

206 1297 300 1326 aperte
325 1294 490 1332 constituit:
516 1294 710 1332 Non‘dimittes
732 1305 859 1332 uxorem,
885 1294 997 1332 praiter-

207 1334 288 1367 quam
313 1332 424 1367 propter
458 1329 677 1367 fornicationem.
708 1329 996 1360 Adulterium-autem

207 1362 351 1402 existimat
362 1364 487 1402 conjungi
502 1366 686 1397 matrimonio,
703 1367 764 1393 vivo
777 1367 862 1394 altero
874 1375 906 1395 ex
919 1375 997 1402 sepa-

206 1398 287 1424 ratis.
307 1406 316 1423 ι
335 1398 417 1425 Docet
432 1398 523 1431 itaque
538 1401 674 1428 neminem
687 1402 721 1428 ad
744 1402 889 1428 ineundum
906 1398 997 1430 matri-

206 1432 327 1459 monium
344 1433 396 1460 ulla
413 1435 562 1471 Scriptura;
580 1435 637 1471 lege
653 1437 765 1471 astringi
782 1445 789 1468 ;
809 1437 856 1464 sed
872 1438 915 1465 ubi
943 1439 996 1466 ιιιὶ-

207 1471 264 1493 ιιιιιι
279 1472 330 1499 est,
349 1470 524 1509 tu_nc.conjux
546 1470 637 1498 divina
653 1471 712 1507 lege
727 1470 834 1500 tenetur
851 1473 995 1509 coniugem

206 1509 343 1536 nunquam
357 1504 503 1532 dimittere.

1056 908 1148 935 tudine
1161 908 1318 940 antecellit,
1328 907 1483 944 adulteram
1501 908 1618 944 interlici
1633 915 1687 934 non
1703 910 1838 944 praecipit,

1051 948 1081 970 ut
1095 945 1174 979 detur
1187 944 1237 978 ipsi
1262 943 1414 979 paenitendi
1434 943 1523 974 locus,
1548 950 1580 979 ac
1595 943 1703 979 sincera
1721 943 1839 979 veraque

1051 978 1210 1012 poenitentia
1226 978 1358 1006 ad'vitam
1378 978 1483 1005 scilicet
1497 978 1666 1013 spiritualcm
1684 978 1836 1008 revocetur.

1049 1013 1114 1041 Post
1128 1017 1216 1041 actam
1231 1022 1312 1048 porro
1326 1013 1437 1041 sceleris
1448 1013 1489 1040 sui
1504 1013 1693 1047 paenitentiam
1706 1015 1739 1041 ad
1752 1015 1838 1041 virum

1050 1057 1129 1076 suum
1146 1050 1256 1080 reverti,
1272 1054 1300 1076 et
1315 1049 1348 1076 ab
1365 1049 1422 1083 ipso
1437 1048 1536 1083 suscipi
1551 1053 1651 1082 potest.
1666 1048 1727 1076 Non
1746 1050 1838 1077 existi-

1051 1085 1135 1111 mavit
1150 1092 1215 1119 ergo
1231 1084 1355 1112 Clemens
1371 1084 1573 1111 matrimonium
1591 1083 1731 1111 adulterio
1746 1086 1782 1111 ita
1798 1086 1838 1112 di-

1050 1119 1123 1152 rimi,
1146 1124 1176 1146 ut
1196 1120 1316 1147 secundo
1330 1123 1424 1152 postea
1441 1119 1568 1153 conjugio
1587 1120 1672 1147 etiam
1696 1119 1836 1147 innocenti

1050 1155 1159 1191 conjugi
1173 1155 1294 1189 copulari
1318 1154 1359 1182 l‘as
1384 1154 1476 1191 fuerit.
1491 1154 1611 1191 Alteram
1627 1154 1702 1181 enim
1726 1163 1835 1182 uxorem

1049 1190 1071 1217 si
1088 1191 1130 1217 vir
1143 1190 1278 1222 duxisset,
1294 1197 1347 1217 non
1369 1190 1463 1224 utique
1478 1190 1611 1224 potuisset
1625 1190 1745 1223 amplius
1759 1191 1833 1224 prio-

1049 1233 1106 1252 rem
1131 1225 1282 1253 adulteram
1307 1225 1455 1259 recipere;
1475 1233 1556 1259 quam
1584 1229 1676 1252 tamen
1691 1230 1835 1260 postquam

1049 1261 1238 1294 poaiiitentiam
1254 1261 1325 1295 egit,
1348 1261 1383 1287 ab
1403 1260 1462 1295 ipso
1478 1260 1681 1295 suscipiendam
1696 1268 1760 1288 esse
1777 1260 1837 1288 Cle-

1048 1303 1126 1323 mens
1146 1296 1318 1324 testiﬁcatur.

1083 1331 1139 1358 Nec
1153 1336 1195 1358 est
1216 1339 1293 1362 sane,
1312 1332 1384 1365 quod
1401 1332 1462 1367 quis
1476 1330 1554 1358 nobis
1565 1330 1678 1367 obiiciat
1692 1329 1834 1364 Clementi,

1047 1371 1075 1394 et
1088 1367 1288 1401 antiquissimis
1303 1366 1430 1395 Ecclesiae
1443 1367 1582 1398 Patribus,
1591 1366 1699 1399 penitus
1715 1367 1836 1401 incogni-

1048 1406 1101 1428 tam
1119 1401 1204 1429 fuisse
1216 1403 1398 1436 excogitatam
1411 1410 1425 1428 a
1440 1401 1612 1429 scholasticis
1627 1401 1765 1436 theologis
1781 1410 1835 1428 ma-

1046 1437 1168 1465 trimonii
1188 1439 1278 1471 quoad
1303 1443 1392 1464 torum
1418 1442 1445 1464 et
1468 1437 1556 1471 quoad
1577 1437 1717 1463 vinculum
1734 1436 1836 1470 disiun-

1046 1472 1178 1500 ctionem.
1194 1472 1233 1499 Ex
1262 1472 1378 1507 ipsornet
1397 1473 1531 1507 siquidem
1553 1471 1684 1505 Apostolo
1706 1472 1749 1498 sic
1766 1473 1836 1498 illam

1046 1508 1173 1535 Clemens
1182 1508 1307 1542 probavit
1316 1508 1356 1534 ἐς
1372 1516 1382 1533 ι
1396 1507 1472 1541 Quod
1484 1514 1518 1533 cx
1532 1513 1668 1534 consensu
1680 1507 1715 1533 ad
1730 1512 1836 1541 tempus

245 1536 343 1579 \lerurn
356 1539 464 1579 quidem
480 1545 538 1579 est,
556 1542 681 1579 inquiunt
692 1542 776 1577 aliqui
787 1563 794 1575 ,
808 1544 992 1572 arctissimum
1008 1551 1029 1579 ο
1046 1543 1166 1579 orationi
1180 1536 1259 1579 vacat
1272 1536 1439 1579 coniugium,
1454 1542 1580 1570 doctrina
1594 1546 1635 1569 est
1648 1536 1834 1579 continentiae.

205 1571 329 1613 conjugii
344 1571 562 1613 vinculuiuibba
577 1571 719 1604 Clemente
733 1571 904 1613 summopere
917 1588 993 1607 com-

207 1608 390 1650 Illelltlal‘l.'Ai
405 1611 468 1650 quia
484 1611 583 1650 ibidem
600 1613 699 1646 adjecit
713 1614 783 1650 πλὴν
800 1615 824 1640 εὶ
840 1608 877 1650 μὴ
897 1617 944 1642 ἐπὶ
955 1617 995 1642 λό-

205 1650 248 1677 γῳ
260 1643 398 1683 πορνείσις⁷
410 1645 471 1683 inde
482 1646 612 1683 colligere
626 1643 654 1675 se
668 1656 746 1682 posse
757 1643 851 1683 putaui
860 1643 993 1679 Clementi

206 1685 366 1718 persuasum
382 1680 466 1708 luisse
491 1680 638 1718 hoc’idem
661 1680 826 1710 titatrimonii
856 1686 992 1714 vinculum

206 1712 457 1756 adulleriourevera
474 1720 501 1742 et
519 1717 647 1756 dissolvi,
671 1723 698 1744 et
723 1719 861 1756 innocenti
884 1712 991 1756 coniugi

205 1746 316 1788 licuisse
329 1749 487 1789 ali_ud,_cum
499 1752 595 1789 _vellet,
609 1746 676 1779 inire
692 1746 994 1789 matrimonium;Qud;

205 1784 279 1823 circa
296 1784 368 1817 quod
383 1786 662 1823 subnectitClemeus
678 1789 839 1816 adulterium
865 1784 943 1823 esse:
953 1784 993 1819 vi-

205 1821 292 1858 vente.
305 1825 430 1853 conjuge,
449 1822 625 1858 matrimonio
639 1824 770 1858 copulari,
785 1825 821 1851 ibi
837 1825 912 1852 aiunt
927 1821 992 1854 sub-

205 1853 305 1892 audiri,
323 1860 436 1892 excepta
461 1855 651 1885 fornicationis
667 1853 747 1886 causa
784 1861 818 1886 ob
837 1868 896 1887 catn
919 1853 991 1890 enim

205 1886 291 1928 solam
319 1886 467 1917 secundum
481 1913 489 1921 ,
506 1892 612 1919 vivente
636 1886 772 1928 conjuge,
788 1886 990 1925 tuatriiiiouiu'iii

205 1921 397 1967 lit-iturncsse
418 1927 547 1967 putavit:
565 1936 619 1963 qua
640 1921 750 1962 quidem
766 1921 855 1958 Icausa

204 1961 278 1984 esset
290 1961 375 1992 reipsa
391 1961 564 1989 adulterium.

241 1993 293 2034 Sed
310 2001 435 2034 veremur
451 2004 491 2034 ne
511 1997 537 2034 hi
559 1998 707 2027 Clementis
732 2006 849 2029 mentem
872 2005 990 2031 assecuti

204 2035 258 2070 non
273 2029 384 2070 iuerint.
393 2032 465 2070 findi
477 2032 562 2065 enim,
572 2041 675 2068 quaeso,
685 2035 748 2070 quid
761 2043 852 2070 postea
871 2029 915 2066 ille
923 2029 991 2066 sub;

205 2065 343 2107 texuit
362 2074 371 2090 ι
385 2066 440 2107 'Qoi
456 2072 556 2107 autem
580 2065 730 2107 dimissam
747 2065 846 2107 accipit
866 2065 989 2106 uxorem,

204 2099 494 2142 llltgcllalllr..llltlllll_:
511 2103 538 2129 Si
555 2103 615 2138 quis
629 2105 701 2142 enim
716 2099 852 2134 dimiserit

204 2135 357 2174 moechatur
371 2136 466 2170 ipsam,
477 2137 530 2174 hoc
544 2135 586 2166 est
612 2140 685 2174 cogit
699 2148 759 2167 eam
776 2143 918 2171 moechari.
931 2135 989 2172 Noli

203 2169 290 2209 solum
307 2169 396 2197 autem
409 2173 455 2209 qui
475 2172 589 2204 dimistt,
603 2169 718 2207 estvejus
731 2184 825 2209 causa,
842 2180 887 2205 sed
901 2169 987 2206 etiam

1046 1578 1153 1612 Adjecit
1175 1578 1249 1605 enim
1271 1578 1336 1605 illud
1358 1577 1486 1612 quidem,
1501 1585 1534 1604 ex
1550 1583 1684 1604 consensu
1696 1597 1705 1609 ,
1724 1584 1761 1604 ne
1776 1577 1838 1611 quis

1046 1613 1207 1640 dissolveret
1222 1614 1435 1640 matrimonium.
1449 1613 1489 1640 Ad
1509 1618 1614 1646 tempus
1629 1616 1736 1645 autem,
1753 1620 1789 1639 ne
1804 1620 1836 1639 ex

1046 1648 1210 1676 necessitate
1226 1656 1359 1675 exercens
1376 1647 1573 1675 continentiam
1594 1647 1636 1679 is,
1658 1647 1705 1681 qui
1724 1655 1836 1674 uxorem

1045 1684 1164 1715 duxerit,
1176 1683 1323 1718 aliquando
1335 1683 1439 1710 labatur
1453 1684 1480 1710 in
1494 1689 1649 1717 peccatum,
1662 1687 1693 1708 ut
1704 1683 1752 1717 qui
1769 1684 1796 1709 in
1811 1683 1836 1709 id

1046 1720 1167 1750 incidat,
1194 1717 1229 1745 uti
1238 1726 1288 1746 suo
1302 1720 1413 1753 quidem
1437 1718 1563 1753 conjugio
1582 1722 1677 1752 parcat
1689 1736 1697 1749 ,
1716 1717 1836 1744 alienum

1045 1760 1135 1781 autem
1151 1754 1338 1788 concupiscat.
1359 1763 1368 1780 ι
1386 1753 1492 1780 Nemini
1509 1753 1631 1786 profecto
1645 1753 1761 1780 dubium
1777 1761 1838 1780 esse

1045 1794 1134 1824 potest
1151 1789 1319 1816 Clementem
1346 1789 1384 1816 ibi
1410 1789 1484 1823 loqui
1501 1789 1535 1816 de
1556 1788 1720 1823 coniugibus
1746 1789 1836 1822 quoad

1045 1830 1134 1852 torum
1157 1825 1308 1856 duntaxat,
1332 1829 1360 1852 et
1372 1825 1406 1851 ad
1432 1824 1542 1858 aliquod
1564 1824 1693 1858 temporis
1705 1825 1836 1857 spatium,

1045 1865 1074 1887 ut
1087 1860 1203 1887 orationi
1216 1860 1323 1887 facilius
1337 1865 1478 1892 vacarent,
1495 1867 1509 1884 a
1523 1866 1552 1886 se
1569 1860 1687 1886 invicem
1704 1866 1836 1892 separan-

1044 1896 1098 1923 dis.
1112 1895 1147 1922 At
1163 1902 1225 1922 cum
1244 1895 1334 1926 addit,
1351 1903 1361 1920 ι
1381 1902 1414 1922 ex
1430 1901 1567 1922 consensu
1578 1915 1586 1927 ,
1602 1902 1611 1919 ι
1629 1894 1762 1920 nimirum
1780 1902 1837 1920 mu-

1046 1935 1091 1958 tuo
1104 1952 1112 1963 ,
1132 1940 1141 1956 ι
1159 1937 1194 1957 ne
1211 1931 1273 1964 quis
1296 1929 1456 1957 dissolveret
1478 1929 1682 1956 matrimonium
1695 1949 1704 1962 ,
1729 1938 1739 1954 ι
1763 1930 1836 1956 aliud

1043 1965 1163 1993 ostendit
1176 1972 1237 1992 esse
1252 1965 1416 1996 divortium,
1431 1972 1485 1999 quo
1507 1965 1675 1991 matrimonii
1692 1965 1835 1991 vinculum

1043 2002 1150 2036 penitus
1165 2000 1325 2036 dissolvitur
1334 2008 1369 2036 ac
1380 2001 1526 2036 dirimitur.
1540 2000 1608 2026 Illud
1621 2006 1715 2033 porro,
1725 2000 1836 2026 vivente

1042 2037 1166 2071 conjuge,
1183 2035 1250 2063 solvi
1266 2035 1378 2062 omnino
1391 2043 1423 2063 ac
1436 2035 1527 2062 dirimi
1539 2042 1660 2071 unquam
1675 2042 1757 2068 posse
1768 2035 1835 2062 satis

1042 2070 1135 2106 aperte
1156 2071 1282 2098 Clemens
1301 2071 1438 2098 inliciatus
1459 2075 1510 2106 est.
1537 2070 1636 2097 Eadem
1662 2077 1775 2106 quoque
1795 2075 1836 2097 est

1042 2105 1176 2134 sententia
1186 2106 1360 2137 Tertulliani,
1372 2106 1418 2141 qui
1430 2105 1464 2141 ad
1476 2113 1588 2132 uxorem
1598 2113 1677 2132 suam
1689 2105 1786 2132 scribit
1796 2106 1833 2132 ”:

1044 2151 1054 2168 ‹
1074 2142 1145 2175 Quot
1158 2147 1232 2173 sunt,
1242 2142 1288 2176 qui
1305 2142 1396 2169 statim
1413 2149 1427 2167 ιι
1443 2140 1551 2168 lavacro
1564 2147 1676 2176 carnem
1690 2148 1772 2168 suam
1787 2141 1835 2168 ob—

1041 2177 1173 2211 signant?
1187 2175 1258 2209 Quot
1273 2177 1348 2207 item,
1358 2175 1404 2210 qui
1422 2183 1555 2211 consensu
1572 2176 1630 2210 pari
1648 2175 1723 2203 inter
1735 2184 1767 2203 se
1782 2185 1834 2203 ma-

202 2204 327 2249 dzltineant
348 2204 471 2249 suscipit,
490 2209 612 2241 praibeus
633 2204 740 2249 mulieri
761 2204 890 2245 peccandi
907 2204 986 2242 66.1};
1005 2222 1025 2249 ι)
1043 2204 1162 2240 ιιηῖιιιοιιίὶ
1177 2204 1316 2249 debitum
1336 2204 1452 2249 tollunt?
1474 2204 1643 2249 Voluntariis
1665 2211 1832 2249 spadonibus

202 2242 306 2266 sionem
319 2242 467 2281 ;us'i_eui_m
492 2250 545 2270 non
570 2245 711 2279 suscipiat,
726 2242 876 2275 revertetur
897 2250 929 2276 ad
945 2251 987 2277 vi-

203 2281 275 2316 r‘um.
293 2284 302 2300 ι
322 2276 531 2316 Quid,_obsecro
548 2283 584 2311 te,
604 2276 737 2316 lue-cisibi
762 2283 875 2310 volunt?
892 2284 986 2312 Nonne

201 2308 329 2350 Clemens
345 2311 382 2350 ibi
398 2308 724 2350 disertissinte'signiﬁcat
745 2308 987 2347 matrimoniis-iii:

201 2343 293 2370 culum
308 2345 396 2383 etiam
412 2347 493 2382 200
517 2343 628 2383 propter
643 2343 923 2382 fornicatioriemiit-on

201 2386 263 2419 esse
275 2380 392 2407 solutqu
404 2380 573 2419 intltmtissat'
593 2386 698 2412 mulieri
719 2387 800 2416 liceat
820 2380 987 2419 alteriﬁviro

201 2414 314 2445 nubere,
330 2421 376 2458 aut
401 2418 429 2458 in
450 2421 624 2458 uxoremmab
649 2414 988 2458 alteroracvcipitil‘ioiiite

200 2451 432 2494 cmpressetradit
448 2452 548 2494 fore-ut
564 2454 620 2494 illa,
634 2457 656 2483 si
673 2457 739 2494 nulli
755 2451 888 2494 nupserit,
902 2451 990 2488 adivi;

201 2490 261 2527 Luto
284 2491 436 2527 revertatur
490 2487 548 2516 Hoc
574 2490 657 2527 igitur
678 2487 799 2521 divortio
825 2487 893 2522 nihil
917 2497 989 2523 aliud

199 2517 414 2564 ElCAIDCIIF,-llllsii
424 2522 508 2564 solam
537 2517 630 2553 uxouris
645 2517 666 2553 7a

200 2557 275 2599 sive,
292 2560 320 2599 ut
344 2557 459 2599 theologi
470 2594 474 2598 _
485 2558 642 2599 loquuntur,
658 2557 813 2597 conjugum'
834 2566 923 2599 quoad
935 2557 990 2594 ito,-

202 2597 335 2651 ῑέιᾶιὲὶἑιΐοιι
348 2595 437 2626 quoad
450 2595 587 2622 vinculum
603 2595 804 2632 separationem
818 2595 986 2629 in'tellexiSse

275 2633 318 2652 ur.

236 2659 268 2686 Et
294 2668 322 2688 re
346 2662 456 2696 quidem
483 2664 541 2698 ipsa
565 2665 637 2693 hunc
661 2675 721 2695 esse
738 2668 883 2697 Clementis
900 2672 985 2698 nostri

198 2702 307 2736 sensum
323 2703 354 2722 ea
371 2698 540 2736 aditumque:
553 2702 768 2736 subsequuntur,
781 2705 853 2731 haud
870 2707 986 2734 obscure

199 2731 395 2762 demonstrant.
413 2731 503 2769 Pergit
521 2737 595 2763 enim
606 2737 628 2752 ³⁷
644 2731 651 2765 Ξ
669 2747 678 2763 ι
699 2731 769 2772 Quid
788 2747 852 2767 vero
867 2731 986 2776 ιέῖζῆἱὶ

642 2808 665 2824 ³³
684 2808 702 2837 l.
720 2818 758 2842 tl,
775 2818 801 2844 p.
822 2811 884 2838 495.

566 2843 586 2859 ’⁷
604 2843 671 2872 ibid.

234 2799 256 2815 “
271 2801 373 2839 Strom.
390 2802 409 2828 l.
426 2811 456 2830 ιιι
468 2824 476 2836 ,
497 2812 523 2839 p.
538 2807 601 2834 sbi.

199 2833 218 2861 ι.
236 2843 267 2868 ιι,
283 2843 309 2870 p.
323 2837 387 2866 ιιι.
425 2839 448 2854 ὀ
462 2833 528 2870 ibid.

197 2870 307 2899 dissert.
323 2872 350 2907 ι,
365 2878 415 2902 art.
431 2874 476 2902 24.

922 2813 945 2828 ’⁷⁵
961 2813 1086 2840 Ambros.
1097 2833 1104 2845 ,
1124 2813 1142 2839 Ι.
1160 2820 1166 2838 l
1182 2813 1216 2838 de
1232 2811 1346 2843 Abrah.,
1360 2818 1386 2838 c.
1401 2811 1416 2837 Δ
1427 2832 1434 2843 ,
1450 2810 1528 2846 εει,
1542 2819 1568 2846 p.
1581 2810 1645 2839 291.

710 2846 732 2862 ’⁸
748 2847 850 2874 διιόιιι.
867 2848 885 2876 l.
904 2856 946 2882 Ill,
962 2856 988 2884 p.
1002 2849 1063 2878 458.

1040 2256 1089 2282 pro
1103 2248 1250 2282 cupiditate
1267 2247 1385 2282 coalesti,
1399 2247 1474 2273 salvo
1487 2246 1675 2279 matrimonio,
1690 2247 1833 2274 abstinen-

1041 2281 1077 2310 tia
1094 2281 1236 2310 toleratur.
1256 2293 1265 2309 ι
1284 2281 1379 2309 Eidem
1391 2282 1535 2308 sententiae
1551 2283 1670 2309 maximo
1687 2289 1755 2309 sane
1766 2290 1833 2310 con-

1040 2326 1122 2346 sensu
1155 2317 1340 2352 sutl‘ragantur
1372 2322 1400 2344 et
1429 2317 1474 2343 alii
1507 2317 1622 2350 Patres,
1644 2325 1714 2351 quos
1744 2317 1772 2344 in
1803 2325 1831 2345 re

1042 2353 1196 2381 certissima
1212 2353 1369 2381 nominibus
1381 2352 1517 2388 appellare
1527 2352 1585 2379 suis
1597 2359 1829 2387 supervacaneum

1040 2389 1178 2417 duximus.

1076 2424 1162 2451 Porro
1175 2428 1265 2451 autem
1287 2431 1349 2450 cum
1364 2430 1398 2449 ex
1415 2423 1544 2458 Apostolo
1560 2421 1687 2450 Clemens
1707 2422 1830 2450 docuerit

1041 2461 1171 2494 conjuges
1184 2467 1263 2494 posse
1278 2458 1386 2493 quidem
1401 2465 1416 2485 a
1430 2466 1460 2485 se
1474 2459 1590 2485 invicem
1603 2459 1638 2484 ad
1659 2463 1769 2492 tempus
1785 2467 1828 2486 se-

1041 2496 1142 2529 parari,
1155 2496 1201 2522 sed
1218 2499 1323 2521 tantum
1336 2500 1368 2521 ex
1385 2499 1479 2520 mutuo
1497 2502 1506 2518 ι
1519 2500 1667 2525 consensu,
1682 2503 1691 2519 ι
1709 2494 1829 2521 animad-

1042 2535 1125 2560 verte,
1144 2538 1252 2564 quaeso,
1265 2537 1298 2556 an
1312 2529 1375 2556 inde
1388 2529 1450 2564 jure
1466 2529 1564 2555 merito
1578 2529 1664 2563 possit
1681 2529 1774 2563 colligi
1791 2536 1830 2556 so-

1042 2566 1095 2592 lam
1112 2564 1301 2592 fornicationis
1314 2571 1423 2592 causam
1444 2564 1477 2590 ad
1495 2571 1607 2591 uxorem
1626 2566 1829 2599 quomodocun-

1041 2608 1094 2635 que
1119 2600 1308 2635 dimittendum
1338 2599 1365 2626 in
1395 2599 1543 2633 Evangelia
1566 2599 1627 2626 ideo
1656 2600 1826 2631 memorari;

1039 2634 1104 2671 quia
1127 2635 1162 2662 ob
1189 2643 1248 2662 eam
1266 2634 1351 2671 solam
1371 2634 1413 2661 vir
1435 2641 1547 2671 nitorem
1568 2642 1669 2667 suam,
1693 2635 1827 2668 adulterii,

1040 2670 1125 2702 ream,
1139 2670 1221 2698 etiam
1234 2670 1440 2702 reclamantem,
1459 2670 1570 2697 invitam
1588 2674 1616 2697 et
1631 2675 1827 2704 repugnantem

1041 2706 1307 2757 dimitterepoterat.
1321 2705 1375 2732 Sed
1387 2705 1420 2733 de
1430 2707 1480 2732 hac
1491 2705 1642 2740 quaestione
1655 2706 1721 2733 alibi
1736 2706 1828 2740 dispu-

1040 2743 1158 2770 tavimus
1170 2743 1204 2768 ".

1691 2811 1714 2827 "
1727 2811 1825 2839 Suom.

1102 2849 1124 2864 "
1139 2848 1253 2881 'l‘citul.,
1272 2847 1289 2874 l.
1308 2847 1369 2874 tAd
1382 2854 1471 2881 uxor.,
1483 2856 1507 2875 c.
1524 2849 1550 2874 t5.
1589 2846 1611 2863 '°
1625 2847 1672 2875 lib.
1689 2854 1698 2874 ι
1714 2848 1824 2883 Δρμπ..
