1916 3071
42 155 90 185 181

294 218 492 249 ARTlCULUS
508 221 553 248 Ν.

39 274 81 301 De
109 282 236 311 perpetuo
257 277 414 311 virginitatis
440 281 464 304 et
489 277 656 305 continentia
683 269 754 305 ιιαῖιι
772 284 797 306 et

386 317 454 339 11010.

56 355 205 392 Perpetua).
220 358 393 385 continentiae
409 363 437 385 et
461 358 596 386 castitatis
621 367 652 386 ac
671 359 813 388 caelibatus

35 396 128 430 latum
146 401 199 420 non
216 393 306 420 minus
320 401 399 430 quam
414 394 616 430 matrimonium
629 394 752 422 Clemens
765 403 814 430 ap-

40 429 126 454 robat
139 433 168 455 et
186 430 366 454 commendat.
379 427 438 455 Jam
452 429 525 455 enim
542 429 576 455 ab
594 429 640 455 illo
662 427 814 457 audivimus

37 463 235 490 ialrimoiiium
253 463 401 497 Scriptura‘
415 471 500 490 sacrae
520 465 686 491 auctoritate
699 465 813 492 consuli.

35 503 55 524 it
75 498 101 524 si
123 498 159 534 ab
174 498 219 524 illa
240 502 342 534 tantum
358 498 507 526 conenlilnr
526 503 554 525 et
573 506 624 526 non
648 501 813 534 praecipitur,

39 540 90 569 on,
101 533 193 569 minus
205 533 370 567 virginitatis
384 539 411 560 et
432 534 573 560 caelibatus
597 541 677 568 quam
696 533 815 569 coiijugii

35 567 229 595 rol‘essionem
247 569 371 601 amplecti
390 569 500 595 cuilibet
523 567 658 602 integrum
685 567 815 603 piumque

36 608 76 629 st.
93 603 149 638 Sed
167 603 332 634 argumentis
347 603 456 630 minimc
473 603 634 638 indigemus.
644 605 814 638 quandoqui-

38 646 103 670 em,
122 637 168 664 tibi
188 638 313 665 Clemens
337 638 516 665 disertissime
536 637 731 671 pronuntiavit
753 637 816 666 uui-

37 674 129 707 uique
148 673 174 699 in
190 680 232 704 eo.
247 680 326 707 quem
341 673 432 708 elegit,
449 674 506 700 sive
521 672 637 708 conjugii
649 694 656 706 ,
672 674 728 700 sive
740 675 814 701 caeli-

38 712 107 733 atus
121 712 195 734 statu
212 716 272 734 esse
292 709 517 742 perseverandum
527 707 549 723 ³⁸
568 716 574 734 :
596 717 606 733 ί
630 708 812 742 Propositum,

39 743 117 777 iquit
129 763 138 775 ,
156 743 365 777 uniuscujusque
376 763 383 773 ,
401 749 454 770 tam
475 743 533 776 ejus
545 742 589 776 qui
606 751 636 770 se
647 744 775 770 castravit
788 749 816 771 et

38 779 65 803 ni
88 785 186 804 rursus
212 783 320 811 propter
345 778 489 805 liberorum
525 778 743 812 procreationem
769 786 814 806 se-

35 820 115 839 JSlttll
142 813 284 846 conjunxit
307 813 491 845 matrimonio,
516 813 597 840 debet
618 820 813 847 perseverare.

38 856 78 874 on
111 849 214 874 cedens
241 852 268 874 et
297 848 473 882 acquiesceus
490 847 526 879 ei,
555 849 626 882 quod
656 853 698 875 est
724 849 814 876 minus

36 891 52 908 e
84 882 213 911 inferius.
238 893 247 906 ι
278 883 331 909 Nec
360 883 440 909 semel
473 883 497 909 id
527 883 629 909 dixisse
658 888 812 914 contentus.

38 918 98 943 lein
119 905 282 952 paulo'post
307 925 359 945 llOtl
382 918 471 944 minus
497 918 641 951 perspicue
666 903 813 952 repetit";
830 902 851 929 Β

55 952 166 980 Omnes
191 953 309 987 Apostoli
324 973 332 984 ,
362 953 486 986 inquiens
498 972 505 984 ,
540 952 664 986 Epistolae
682 971 690 979 .
710 972 716 980 .
735 974 742 981 .
759 972 766 978 .
784 971 792 979 .
807 973 815 980 .

39 993 179 1022 trumque
190 988 354 1020 admittunt,
368 993 394 1014 et
410 995 472 1014 eum
488 988 533 1021 qui
557 988 611 1014 Deo
632 989 736 1021 agendo
755 996 818 1022 gra-

35 1023 78 1049 ias
99 1023 241 1050 moderate
266 1023 353 1049 utitur
376 1022 566 1051 matrimonio.
583 1026 611 1049 et
625 1030 686 1049 eutn
711 1023 773 1056 qui,
787 1028 816 1050 ut

37 1059 78 1084 ult
100 1058 246 1088 Dominus.
263 1057 328 1084 vivit
340 1057 367 1084 in
380 1058 518 1088 castitate,
535 1057 671 1092 εὐνουχίᾳ,
684 1059 816 1091 quemad-

35 1093 140 1120 iodum
158 1098 268 1119 vocatus
283 1098 325 1120 est
347 1092 547 1127 unusquisque,
563 1092 692 1120 iuotl'euse
706 1098 734 1120 et
755 1100 817 1127 per-

35 1133 100 1155 :i-te
113 1128 230 1163 eligens.
251 1137 260 1153 ›

58 1161 165 1190 \‘isne‘
183 1163 285 1197 aliquid
317 1162 473 1196 expressius
491 1161 503 1188 ?
525 1162 652 1189 Ausculta
667 1183 674 1195 ,
701 1169 810 1196 quaeso,

35 1199 74 1225 )si
102 1198 195 1224 adhuc
212 1206 243 1224 ex
265 1197 385 1231 ejusdem
410 1197 557 1230 Scriptura:
574 1198 735 1225 auctoritate
757 1197 816 1225 dis-

38 1233 135 1259 ntanti
156 1233 196 1259 “:
213 1243 221 1257 ι
233 1233 335 1259 Rursus
346 1232 411 1258 dicit
423 1231 568 1259 Dominus:
582 1232 633 1265 Qui
647 1240 757 1259 uxorem
768 1232 817 1258 du-

39 1269 72 1298 it.
90 1276 127 1294 ne
140 1268 259 1302 expellat
271 1276 278 1299 ;
292 1273 318 1294 ct
332 1267 376 1302 qui
392 1274 445 1294 non
458 1267 545 1299 duxit,
562 1274 595 1294 ne
605 1267 698 1295 ducat.
721 1267 749 1293 '0
763 1276 814 1294 κα-

35 1303 53 1329 ὰ
69 1301 205 1338 πρόθεσιν
216 1301 353 1337 εὐνουχίας
365 1301 532 1337 ὁμολογήσας
547 1302 584 1337 μὴ
597 1303 696 1338 ﬂutat,
711 1302 817 1337 ἄγαμος

35 1337 192 1373 ιαμὲνέτω.
206 1338 257 1371 Qui
275 1346 308 1365 ex
325 1338 462 1372 proposito
475 1337 609 1373 castitatis
621 1337 761 1373 professus
775 1342 817 1364 est

39 1371 143 1400 xorem
163 1381 216 1399 non
230 1371 338 1405 ducere,
354 1377 463 1399 maneat
478 1371 585 1399 ctelebs.
599 1381 609 1398 ι
622 1371 738 1399 Videant
751 1379 817 1399 sane

36 1414 157 1435 olorum
186 1408 321 1435 castitatis
345 1411 373 1434 et
389 1407 581 1439 continentiaz,
598 1414 613 1434 a
630 1407 769 1434 monachis
790 1412 818 1434 et

35 1443 167 1476 eligiosis
178 1443 244 1470 viris
261 1443 434 1475 amissorum,
451 1449 546 1469 osores
558 1442 622 1476 quid
638 1449 732 1469 contra
747 1442 816 1469 hanc

37 1479 135 1505 larum
157 1483 185 1505 et
205 1484 327 1512 apertam
352 1477 500 1512 Clementis
525 1477 610 1503 nostri
624 1477 815 1512 deﬁnitionem

37 1513 66 1540 el
86 1511 242 1547 obgannir’e
257 1513 298 1540 vel
314 1512 414 1546 latrare
427 1511 544 1539 valeant.
561 1511 631 1545 Quid
652 1512 724 1547 enim
746 1511 817 1547 inter

37 1546 137 1574 otum’
152 1548 289 1575 castitatis
315 1551 518 1582 nuncupantem
543 1551 570 1574 et
593 1546 664 1574 κατὰ
687 1546 817 1582 πρόθεσιν

35 1583 173 1617 (ivgalia;
185 1583 389 1618 ὁμολογήσαντα
399 1581 562 1618 discriminis
573 1581 816 1618 intercedit?Nun-

41 1619 95 1645 uid
110 1616 280 1645 Clementem
296 1616 332 1644 de
349 1624 442 1644 errore
458 1616 547 1650 aliquo
563 1616 764 1651 postulabunt?
783 1618 818 1644 At

35 1654 59 1679 bi
96 1653 148 1680 ille
172 1658 267 1680 contra
300 1652 444 1680 luereticos
475 1659 508 1678 ex
539 1652 677 1679 connnuni
708 1656 736 1678 et
767 1659 817 1679 re-

37 1693 108 1721 epto
137 1687 265 1715 Ecclrsia:
289 1694 363 1714 more
388 1691 416 1715 et
435 1694 483 1713 usu
505 1686 626 1714 dimicat.
645 1687 697 1713 Sed
721 1686 754 1713 de
766 1687 818 1714 hoc

38 1724 209 1750 ontineutia:
232 1728 258 1749 et
272 1722 405 1756 virginum
423 1727 485 1748 voto
510 1729 523 1748 a
541 1722 619 1749 nobis
642 1721 699 1755 jam
725 1726 817 1748 actum

37 1763 65 1785 st
85 1758 113 1784 in
129 1762 223 1784 iiustra
241 1758 273 1785 ad
288 1757 425 1784 Ambrosii
446 1756 482 1783 De
504 1757 647 1791 virginibus
665 1756 751 1783 libros
770 1757 817 1783 ad-

35 1793 185 1820 umtitione
196 1793 228 1820 ".

61 1828 263 1854 Verumtamen
289 1827 387 1862 aliquis
404 1826 517 1854 forsitan
542 1826 652 1859 objiciet
672 1830 774 1857 votum,
789 1830 817 1852 ut

35 1863 155 1896 lieologi
182 1863 276 1894 aiunt.
294 1870 345 1889 non
371 1869 448 1896 posse
467 1862 518 1888 nisi
539 1866 648 1896 propter
672 1862 769 1888 melius
791 1865 819 1896 et

35 1895 181 1925 rerfectius
196 1899 327 1931 quoddam
349 1897 447 1923 bonum
469 1904 484 1923 ει
501 1895 635 1930 quoquam
653 1895 814 1929 nuncupari.

35 1934 110 1967 itqui
124 1933 252 1960 Clemens
267 1932 467 1959 matrimonium
485 1931 608 1958 ctelibatu
622 1931 818 1967 etvirgiuitate

35 1965 210 1995 irzéstaiitius
235 1973 316 2002 atque
344 1966 524 1994 excellentius
550 1966 762 2002 esseddecernit
783 1965 816 1992 ³⁸.

53 2004 109 2036 Qui
133 2004 208 2029 enim
228 2000 310 2029 fuerit
331 2001 467 2036 perfectus
481 2021 488 2033 .
514 2011 524 2027 ι
555 2001 592 2028 ita
617 2000 662 2028 ille
682 2001 816 2035 loquitur,

53 2038 189 2071 exempla
204 2038 286 2064 habet
305 2036 453 2072 apostolos,
468 2042 494 2063 et
505 2044 602 2072 revera
615 2037 657 2062 vir
677 2037 817 2072 probatur,

35 2082 81 2099 l0"
99 2074 127 2099 in
143 2082 177 2099 eo
191 2072 268 2107 201
292 2073 363 2106 quod
381 2072 460 2098 vitam
487 2071 598 2105 elegerit
619 2071 816 2107 monasticam;

39 2116 124 2135 erum
141 2105 278 2134 illeVisz
293 2105 396 2138 vincit.
416 2106 460 2140 qui
477 2107 504 2134 in
522 2106 694 2133 matrimonio
708 2110 735 2132 et
750 2105 818 2132 lihe-

35 2151 123 2170 orum
138 2143 340 2176 procreatione,
358 2147 386 2169 et
402 2142 498 2168 domus
512 2149 576 2168 cura
593 2148 625 2168 ac
638 2140 817 2176 providentia,

37 2180 94 2204 itra
115 2175 284 2211 voluptatem
301 2182 329 2204 et
344 2177 463 2204 dolerent
483 2184 514 2203 se
535 2182 662 2207 exercet,
676 2181 775 2203 etcqu
791 2175 818 2202 in

35 2213 142 2239 amitis:
158 2218 286 2240 versetur
299 2213 457 2243 curatione;
476 2211 624 2238 indivulsus
639 2215 729 2237 taumn
745 2215 788 2237 est
802 2217 817 2237 a

646 162 691 189 DE
711 162 821 190 LlBRlS
841 162 1065 192 STROMATUM.

831 227 852 252 Α
869 223 980 255 tionem,
995 231 1055 256 quae
1067 221 1178 249 ull‘ertur
1190 229 1238 257 per
1250 222 1330 255 ﬁlios,
1344 230 1467 255 uxorem,
1481 226 1508 250 et
1519 222 1644 257 famulos,

1577 164 1646 192 “82

867 262 894 284 et
913 258 1111 292 possessiones.
1132 267 1141 283 ›
1163 257 1213 290 Qui
1231 264 1296 292 ergo
1314 258 1449 285 connubio
1463 257 1573 291 j’unctus
1591 264 1643 292 est,

868 297 895 318 et
921 293 1091 326 insurgentes
1113 292 1230 325 undique
1251 300 1283 319 ex
1305 292 1381 324 ﬁliis,
1405 300 1507 326 uxore,
1527 293 1643 325 famulis.

869 327 1085 361 possessionibus
1098 329 1261 354 tentatioues
1272 347 1279 357 .
1296 336 1310 354 a
1329 328 1373 354 Dei
1389 328 1521 354 charitate
1535 329 1645 356 minime

867 362 988 389 divulsus
1003 367 1030 397 et
1049 362 1205 394 distractus,
1229 363 1377 394 superavit.
1395 363 1417 388 is
1434 362 1509 389 alteri
1526 363 1638 397 virgini-

868 401 950 423 tatem
972 395 1179 431 caelibatumque
1201 397 1338 432 proﬁtenti
1361 405 1376 424 a
1396 397 1534 425 Clemente
1550 395 1645 425 nostro

868 432 1050 466 anteponitur.

904 466 956 493 Sed
973 466 1017 500 qui
1036 467 1072 492 ita
1091 467 1344 500 argumentabitur,
1361 466 1407 494 ille
1429 468 1548 494 animum
1564 466 1597 493 ad
1612 474 1644 494 ea

868 501 994 528 advertat
1007 508 1066 534 quae.
1084 501 1208 529 Clemens
1220 503 1390 529 continenter
1403 502 1563 536 subjunxit:
1584 511 1594 527 ί
1612 502 1643 528 Ei

867 541 956 562 autem
974 537 1019 569 qui
1033 537 1140 562 donnnn
1158 545 1209 563 non
1230 537 1320 569 habet,
1338 545 1431 571 magna
1450 545 1482 564 ex
1497 542 1573 571 parte
1586 543 1645 564 eve-

867 571 920 603 nit,
937 576 966 597 ut
982 578 1035 597 non
1057 576 1186 599 tentetur.
1210 571 1260 604 Qui
1274 579 1337 605 ergo
1360 573 1401 598 sui
1415 572 1583 599 solummodo
1595 578 1645 598 eu-

867 613 925 632 ram
945 606 1025 639 gerit.
1040 606 1155 632 vincitur
1171 607 1205 633 ab
1220 613 1262 638 eo,
1275 607 1320 640 qui
1337 614 1398 633 cum
1413 607 1448 634 sit
1461 606 1573 633 inferior
1586 605 1645 640 qui-

867 641 939 670 dem.
949 640 974 676 in
988 641 1021 667 iis
1034 648 1093 676 qua!
1108 641 1244 674 pertinent
1254 643 1286 668 ad
1302 647 1377 668 suam
1387 642 1501 669 salutem
1514 641 1586 668 κατὰ
1594 641 1646 676 τὴν

867 675 964 702 ἑαυτοῦ
982 675 1133 711 σωτηρίαν.
1147 676 1270 710 superior
1287 680 1376 703 autem
1403 677 1430 703 in
1457 676 1505 708 iis,
1527 684 1587 710 quas
1609 675 1644 702 ad

868 711 930 736 vita:
943 715 1067 744 spectant
1081 711 1319 744 dispensationem,
1329 712 1454 745 exiguam
1468 718 1561 738 revera
1576 718 1644 738 con-

868 750 959 772 servat
972 745 1116 780 imaginem
1130 765 1138 778 ,
1155 746 1277 773 veritatis
1292 747 1471 780 providentia.
1490 755 1499 771 l
1516 746 1643 773 Caalibem

869 780 952 814 igitur
967 780 992 806 in
1008 780 1041 806 iis
1056 784 1160 806 tantum
1170 800 1177 813 ,
1191 787 1250 814 qua:
1264 782 1296 808 ad
1311 780 1372 807 vitae
1384 801 1391 812 ,
1408 781 1457 808 hoc
1471 785 1514 808 est
1527 800 1534 812 ,
1549 781 1644 808 domus

867 813 901 850 et
934 813 1044 850 familiae
1085 813 1314 850 dispensationem
1358 820 1502 850 spectant,
1544 815 1644 849 conju-

867 849 945 883 gibtts
973 848 1212 877 iuieriorem’esse
1236 848 1419 877 al‘lirmatht
1450 851 1524 877 hunc
1556 848 1644 884 ipsum

869 884 1063 919 tentationibus
1098 885 1187 911 minus
1217 885 1376 917 obnoxium,
1408 891 1490 919 atque
1519 885 1586 911 adeo
1616 885 1644 911 in

867 918 900 954 iis
913 939 921 952 ,
936 926 995 952 qua:
1017 919 1050 945 ad
1068 919 1182 946 salutem
1206 921 1340 952 attinent,
1357 918 1514 954 conjugibus
1533 924 1646 947 conten-

867 953 906 980 dit
921 961 983 981 esse
997 954 1176 987 superiorem.
1191 954 1275 981 Nemo
1292 960 1382 981 autem
1403 953 1495 988 de’iis,
1512 962 1573 989 qua:
1588 959 1645 981 ten-

867 989 997 1016 tatiouem
1020 994 1160 1016 removent
1185 989 1305 1023 pericula
1319 1009 1327 1021 ,
1346 995 1373 1016 et
1395 997 1456 1024 quae
1477 989 1510 1016 ad
1533 989 1646 1016 salutem

867 1024 953 1057 magis
979 1023 1153 1059 conducunt,
1179 1028 1242 1052 vota
1268 1024 1325 1052 ﬁeri
1351 1023 1431 1059 posse
1451 1024 1513 1058 jure
1527 1031 1646 1058 unquam

867 1059 964 1084 merito
980 1058 1096 1092 negabit.

905 1092 1015 1127 Urgebis
1036 1098 1124 1120 tamen
1142 1093 1307 1121 Clementem
1322 1093 1375 1120 alio
1391 1094 1418 1120 in
1435 1093 1504 1121 libro
1516 1115 1522 1125 ,
1534 1093 1579 1120 ubi
1592 1093 1648 1119 vir-

867 1127 955 1163 ginem
972 1135 1032 1154 cum
1048 1128 1126 1163 vidua
1144 1129 1301 1162 componit,
1318 1129 1416 1155 dixisse
1429 1128 1452 1144 “
1471 1137 1478 1155 :
1493 1128 1563 1163 Ἤδη
1576 1127 1648 1159 τινὲς

866 1162 914 1199 xui.
938 1163 988 1197 τῆς
1007 1162 1141 1198 παρθένου
1160 1162 1207 1199 τὴν
1226 1164 1313 1199 χήραν
1335 1163 1375 1195 εἰς
1392 1162 1566 1199 ὲζκράτειανζ
1578 1171 1648 1198 προ-

866 1196 1001 1234 τξῐνοράι,
1034 1196 1378 1234 δίαςαμεγακοφρόῦήσασαν
1415 1196 1648 1234 ἧέηπεπειρᾴται

866 1232 973 1267 ἡδονῆς.
987 1233 1062 1265 Quod
1078 1233 1213 1266 interpres
1228 1232 1340 1260 Latinus
1358 1234 1394 1259 ita
1413 1232 1545 1261 reddidit:
1561 1232 1574 1258 IV
1586 1232 1645 1259 lum

867 1267 988 1294 nonnulli
1011 1274 1117 1301 quoque
1143 1267 1289 1302 praeferunt
1308 1268 1415 1295 viduam
1440 1268 1557 1302 virgini,
1573 1268 1647 1300 quod

867 1303 964 1329 attinet
987 1302 1020 1328 ad
1042 1303 1258 1334 continentiam,
1283 1308 1313 1329 ut
1341 1310 1401 1337 qua:
1428 1311 1508 1337 quam
1535 1308 1647 1336 experta

866 1341 908 1364 est
923 1337 1090 1371 voluptatem
1102 1356 1110 1369 ,
1127 1345 1225 1371 magno
1243 1342 1270 1364 et
1288 1339 1395 1365 excelso
1410 1338 1502 1364 animo
1525 1342 1648 1364 contem-

866 1372 961 1406 pserit.
981 1381 991 1397 ι
1011 1371 1082 1406 Ergo
1094 1393 1101 1404 ,
1118 1373 1234 1406 inquies.
1251 1372 1376 1400 Clemens
1390 1373 1511 1403 viduam,
1529 1379 1589 1406 qua
1607 1371 1648 1398 vi-

868 1415 927 1442 rum
940 1412 1052 1440 experta
1067 1413 1110 1434 est
1121 1427 1129 1439 ,
1149 1408 1244 1442 virgini
1260 1408 1388 1442 praetulit.
1404 1408 1498 1442 Neque
1513 1407 1649 1442 patienter

867 1441 939 1469 feres
964 1441 1011 1468 tibi
1040 1441 1202 1476 responderi
1222 1441 1475 1477 in’posterioribu’s
1500 1441 1648 1477 Clementi-

867 1484 963 1504 norum
983 1483 1094 1510 operum
1111 1476 1284 1505 editionibus
1302 1485 1351 1512 pro
1369 1478 1421 1505 illis
1436 1477 1546 1509 verbis,
1563 1485 1575 1512 ς
1592 1476 1648 1502 vir-

868 1511 922 1546 gini
938 1531 945 1543 ,
968 1512 1040 1545 quod
1059 1511 1154 1538 attinet
1178 1513 1210 1538 ad
1225 1511 1419 1540 continentiam
1432 1533 1440 1545 ,
1459 1521 1469 1538 ι
1488 1513 1544 1539 ᾔτεε
1564 1511 1648 1538 fuisse

868 1546 1034 1578 substituta,
1054 1556 1064 1572 ‹
1083 1547 1178 1581 virgini
1204 1547 1394 1574 incontinenti.
1418 1557 1428 1573 ι
1454 1547 1526 1574 Nihil
1549 1546 1648 1580 quippe

868 1581 964 1608 Graeco
978 1582 1126 1609 Clementis
1140 1582 1226 1609 textui
1244 1583 1329 1617 magis
1342 1583 1510 1610 contrarium
1531 1581 1648 1617 proferri

887 1620 985 1643 oterat.

906 1624 930 1642 te
977 1634 985 1643 .

868 1624 1037 1687 νέοιξὲἒὶκε
1050 1651 1158 1681 difﬁteri
1171 1652 1281 1686 quidem
1297 1659 1350 1679 non
1364 1660 1506 1687 possumus
1517 1651 1588 1679 hanc
1599 1651 1648 1687 ho-

869 1686 990 1720 minum,
1006 1691 1108 1714 textum
1125 1687 1245 1715 auctoris
1263 1688 1304 1714 sui
1321 1686 1374 1714 tum
1397 1694 1525 1722 perverse
1544 1686 1649 1722 adulte-

869 1722 999 1752 rantium,
1015 1727 1061 1748 aut
1074 1723 1222 1753 inscitiam.
1238 1727 1285 1749 aut
1299 1721 1433 1754 fraudein,
1452 1722 1604 1755 malamque
1618 1721 1649 1747 ti-

868 1757 928 1782 dem
942 1764 957 1782 a
973 1757 1081 1785 nemine
1097 1765 1176 1791 posse
1190 1765 1309 1791 unquam
1326 1757 1461 1784 excusari.
1480 1756 1533 1784 Sed
1548 1756 1584 1789 hi,
1602 1763 1650 1783 ne-

868 1798 920 1824 que
934 1792 1039 1826 primus
1052 1792 1134 1819 etiam
1150 1792 1263 1820 Latinus
1278 1793 1420 1827 interpres,
1431 1792 1577 1820 Clementis
1587 1799 1651 1817 sen-

868 1833 926 1852 sum
943 1834 1096 1860 percepere.
1109 1828 1194 1854 Nobis
1208 1827 1281 1854 enim
1298 1827 1341 1854 hic
1350 1826 1414 1854 esse
1425 1828 1530 1854 videtur
1543 1836 1549 1853 :
1565 1835 1574 1851 ι
1590 1826 1648 1852 .lum

869 1867 934 1887 vero
964 1862 1083 1888 nonnulli
1117 1863 1224 1889 viduam
1261 1863 1294 1889 ad
1317 1863 1431 1897 virginis
1455 1862 1648 1889 continentiam

868 1896 1028 1928 extendunt,
1054 1901 1145 1931 utpote
1163 1905 1223 1930 qua:
1235 1896 1400 1931 voluptatem
1413 1918 1420 1930 ,
1438 1904 1519 1931 quam
1539 1901 1649 1929 experta

868 1935 927 1966 est,
941 1939 1046 1957 summe
1071 1932 1212 1966 despiciat.
1231 1941 1241 1957 ι
1261 1931 1354 1966 Neque
1369 1939 1436 1959 sane
1461 1932 1539 1958 aliam
1564 1931 1648 1957 luisse

868 1964 941 1992 illius
964 1971 1100 2000 mentem,
1117 1964 1179 1993 inde
1203 1964 1325 2001 profecto
1351 1968 1466 2001 probare
1494 1973 1648 2000 possumus,

868 2001 939 2036 quod
954 2001 988 2028 ab
1003 2001 1048 2028 illo
1060 2002 1131 2036 alibi
1146 2000 1278 2035 scriptum
1295 2000 1393 2035 legitur
1404 2002 1446 2027 '7:
1467 2001 1496 2027 Ὀ
1513 2000 1567 2036 γὰρ
1589 2001 1650 2026 htt-

869 2034 1010 2071 liurjtﬁcag,
1024 2035 1071 2071 κᾳὶ
1087 2034 1229 2071 aea-rgome
1253 2034 1348 2063 ὲαυτὸὖ
1359 2055 1366 2067 ,
1388 2035 1512 2070 καθάπερ
1531 2034 1649 2070 ἧχήρα,

868 2069 1104 2107 δῄρωφροσύνης
1116 2069 1198 2107 αὖθιξν
1209 2070 1352 2107 παρθένος.
1374 2080 1382 2095 t
1402 2071 1452 2103 Qui
1466 2069 1537 2107 enim
1551 2078 1649 2096 concu-

869 2105 935 2139 pivit
952 2111 977 2132 et
991 2105 1109 2140 Seipsum
1129 2105 1279 2138 comiuuit,
1296 2107 1383 2133 instar
1402 2111 1445 2132 est
1460 2106 1547 2132 viduae.
1559 2124 1566 2136 ,
1588 2112 1650 2140 qua:

869 2145 911 2166 est
935 2148 1030 2167 rursus
1046 2142 1122 2174 virgo
1147 2148 1195 2175 per
1218 2141 1436 2175 temperantiam.
1456 2150 1466 2166 ›
1495 2141 1531 2166 At
1560 2140 1650 2175 Iltllills

870 2179 945 2202 certe
966 2176 1027 2202 sani
1054 2174 1153 2210 capitis
1172 2176 1251 2202 homo
1272 2174 1338 2203 inde
1362 2183 1480 2210 unquam
1507 2174 1649 2202 concludet

871 2215 972 2236 statqu
992 2209 1156 2245 virginitatis
1169 2211 1341 2238 matrimonio
1355 2209 1540 2238 aut’viduitati
1555 2209 1590 2237 ab
1604 2217 1651 2236 auo

35 2249 72 2275 Dei
90 2249 244 2281 charitate,
269 2248 437 2282 iusurgitquc
450 2241 582 2274 adversus
599 2254 708 2273 onmem
728 2250 817 2272 tenta-
834 2241 857 2269 D
871 2250 947 2272 ctore
963 2241 1058 2273 nostri)
1075 2245 1158 2274 fuisse
1169 2246 1357 2281 postposituut.

688 2346 878 2391 CAPUT
901 2347 993 2390 XI.

267 2414 311 2443 Dc
327 2412 516 2444 Christianis
532 2411 720 2447 virtutibus,
737 2413 768 2441 et
782 2409 975 2449 quibusdam
992 2410 1245 2443 Christianorum
1260 2410 1413 2442 moribus.

309 2507 507 2536 ARTICULUS
525 2507 546 2534 Ι.

35 2559 60 2584 le
77 2555 281 2587 cardinalibtu,
297 2556 335 2580 uti
349 2555 434 2585 aiunt,
457 2554 605 2584 virtutibus,
626 2557 702 2586 atque
721 2553 748 2578 in
763 2551 818 2585 pri-

55 2593 109 2618 mis
132 2593 167 2618 de
181 2590 341 2617 continentia
359 2590 487 2616 servanda
506 2593 530 2614 et
550 2587 730 2621 impugnanda
746 2587 819 2614 valu-

55 2634 143 2662 ptate,
161 2630 307 2659 mortisque
322 2625 501 2651 meditatione.

56 2684 99 2710 Ad
129 2688 294 2709 communes
315 2681 440 2708 omnibus
464 2679 628 2706 Christianis
650 2678 766 2705 virtutes
788 2683 818 2706 ut

36 2728 75 2745 Ill]
117 2718 285 2748 veniamus,
320 2716 406 2749 prium
438 2715 621 2740 adnotandum
655 2718 696 2739 est
721 2714 815 2749 rvirtu-

35 2764 75 2781 ειη
95 2762 111 2779 a
129 2753 274 2781 Clemente
300 2748 397 2778 alicubi
415 2750 521 2776 deliniri
536 2749 578 2775 ‘5:
600 2749 632 2775 Ἠ
650 2748 734 2783 ἁρετὴ
750 2748 818 2784 αὑτὴ

56 2835 78 2849 ιι
101 2834 124 2860 l.
149 2841 199 2865 ιιι,
220 2840 245 2866 p.
263 2831 324 2858 459.
362 2831 398 2866 κει
421 2831 499 2863 ibid.,
522 2838 549 2865 ν.
566 2831 627 2857 tes.

35 2870 70 2895 il».
94 2877 135 2895 VII
151 2890 158 2900 ,
181 2877 207 2902 p.
220 2865 285 2894 ⁷741.
322 2866 343 2902 ῗ⁶
359 2865 450 2892 Slvom
483 2866 501 2893 Ι.
523 2873 560 2897 1v,
580 2874 605 2900 p.
623 2865 684 2902 469Σ

695 2829 718 2845 ιι
735 2829 811 2861 una,
828 2837 855 2863 p.

732 2865 753 2880 "
770 2864 871 2891 Strom.
889 2864 907 2890 Ι.
925 2871 973 2895 vn,
988 2872 1014 2898 p.
1029 2863 1092 2892 752.

1507 2432 1531 2449 ﬂ.

871 2505 990 2536 διάθεσις
1011 2505 1068 2532 ἐστι
1088 2505 1176 2540 ψυχῆς
1197 2504 1338 2540 σύμφωνος
1355 2503 1406 2540 (an?)
1427 2502 1473 2530 τοῦ
1491 2502 1571 2537 λόγου
1589 2501 1652 2540 περὶ

872 2541 932 2567 ὅλον
943 2541 989 2567 τὸν
1011 2540 1076 2575 βίον.
1094 2549 1103 2566 ‹
1121 2541 1178 2575 Ipsa
1195 2539 1279 2568 virtus
1303 2545 1344 2567 est
1364 2539 1470 2565 alleCtio
1494 2540 1589 2565 animm
1603 2539 1654 2565 sub

875 2576 991 2636 impeJio
1007 2577 1122 2603 rationis
1136 2583 1184 2610 per
1201 2580 1285 2603 totatu
1298 2575 1382 2602 vitam
1395 2581 1547 2602 consonans
1564 2579 1590 2601 et
1608 2581 1653 2601 re-

875 2617 940 2636 sumi
962 2618 1020 2636 eus.
1042 2621 1051 2636 ι

874 2617 1020 2638 spondens.
1042 2621 1051 2636 ι

908 2620 913 2634 ι
1013 2631 1020 2638 .

889 2618 1093 2671 1)l”lllt(tlf:i|saniam
1107 2645 1139 2670 de.
1156 2644 1300 2672 virtutibus
1316 2643 1471 2678 singulatim
1490 2643 1534 2670 ille
1547 2648 1653 2678 pertra-

872 2683 928 2706 ctat
942 2680 975 2711 ",
992 2687 1053 2713 quae
1069 2679 1176 2714 quidem
1196 2686 1256 2706 cum
1279 2679 1368 2706 facilia
1385 2679 1449 2711 sint,
1466 2678 1500 2705 iis
1512 2679 1654 2714 explicati-

872 2715 914 2740 dis
928 2714 996 2741 nihil
1023 2721 1133 2741 necesse
1154 2719 1196 2741 est
1222 2721 1272 2741 nos
1290 2715 1334 2741 diu
1360 2713 1507 2741 immorari.
1526 2713 1654 2743 Praeclare

872 2750 1003 2784 siquidem
1022 2755 1047 2776 et
1063 2754 1188 2776 accurate
1199 2749 1293 2776 deﬂuit
1305 2753 1333 2776 et
1343 2749 1459 2783 explicat
1472 2749 1536 2783 quid
1548 2749 1584 2774 sit
1596 2748 1655 2782 pie-

870 2827 933 2857 487.
994 2827 1016 2845 ³⁸
1031 2833 1095 2855 lmn.
1106 2828 1126 2855 ll
1142 2827 1233 2859 Δηὼ..
1251 2836 1277 2862 p.
1294 2827 1345 2854 142
1359 2832 1386 2855 et
1400 2834 1457 2861 seq.
1483 2861 1486 2862 ν
1511 2826 1534 2841 ³⁸
1549 2824 1651 2862 Struit).

1148 2863 1169 2904 τ
1183 2860 1269 2904 Piedi.
1284 2864 1302 2890 l.
1319 2860 1511 2904 virgo-apio“.
1522 2867 1566 2895 ,p.
1585 2860 1664 2904 l56.‘

35 2906 43 2919 '
64 2897 213 2932 Stiomfl.
233 2910 268 2935 ιι,
283 2910 307 2937 p.
321 2901 372 2928 501
385 2907 412 2928 et
422 2909 490 2936 seq;
508 2901 524 2927 Ι.
542 2897 621 2935 vt,'p.
638 2900 699 2933 662,
714 2905 738 2927 et
760 2899 776 2925 l.
794 2908 815 2927 \l

869 2910 882 2926 μ.
897 2899 950 2928 709
964 2904 990 2926 et
1005 2907 1063 2934 seq.
1077 2904 1103 2926 et
1115 2898 1185 2932 758;
1202 2899 1220 2926 Ι.
1235 2906 1252 2926 ιι
1263 2918 1270 2932 ,
1289 2906 1316 2933 p.
1331 2897 1382 2925 597
1397 2902 1424 2925 et
1436 2903 1492 2931 seq.
1629 2906 1636 2916 ι
