1916 3071
286 169 354 197 1187

602 165 636 194 ΙΝ
655 164 866 194 CLEMENTEM
887 163 985 192 ALEX.
1008 164 1038 191 D.
1061 162 1103 190 LE
1123 161 1263 190 NOURR!
1290 160 1515 189 DlSSERTATlO
1533 161 1567 191 11.

1847 163 1894 191 MSS

285 228 330 254 ille
348 227 385 253 ait
404 226 438 256 ⁸⁸,
456 225 516 253 ﬁdei
531 224 707 252 meditatione
722 224 888 257 ﬁtscientia,
901 231 961 259 ane
978 223 1068 251 stabili
1084 225 1108 254 Α
1122 221 1187 259 dere
1201 227 1291 259 autem
1308 222 1442 259 “veritati.
1467 222 1554 248 trahit
1571 221 1598 248 in
1617 221 1753 259 exilium.
1774 230 1784 247 ι
1796 222 1892 259 δράμω

285 271 317 290 ac
329 262 406 290 firmo
423 263 483 288 nixa
510 265 551 288 est
568 261 753 287 fundamento.
774 259 865 293 Neque
890 258 979 286 tamen
1005 258 1070 285 sittit

286 298 350 325 inde
362 298 395 324 ab
414 297 504 330 aliquo
525 294 619 322 inferri
641 295 744 329 aliquid
763 295 789 321 in
809 295 860 321 fide
877 302 938 330 esse
959 294 1069 330 dubium

284 337 332 360 aut
346 329 487 359 incertum.
503 331 582 360 Nam.
593 338 602 355 ι
612 331 656 364 qui
668 330 766 357 divinis
780 330 895 356 credidit
911 329 1070 363 Scripturis,

285 368 373 402 inquit
384 367 419 399 ",
433 367 539 394 ﬁrmum
562 366 668 402 habens
687 366 829 402 judicium.
844 365 901 402 _cui_
917 364 1070 402 contradici

284 399 389 436 nequit.
404 401 662 429 demonstrationem
688 399 758 433 ejus,
779 400 824 434 qui
842 399 999 436 Scripturas
1025 400 1071 426 de-

284 434 336 469 dit;
350 444 443 465 vocem
461 436 569 470 accipit.
594 445 604 461 ι
631 435 800 470 Quapropter
827 435 898 462 haud
915 434 1070 462 dubitanter

284 476 424 500 asseverat
440 472 463 487 ⁸⁷
482 471 561 499 ﬁdem
577 471 689 498 scientia
710 478 770 498 esse
793 471 1019 505 praestantiorem,
1042 474 1070 497 et

283 507 357 535 illius
386 506 602 543 XpttﬁptOV.AEl
630 505 656 533 id
683 504 801 541 quidem,
824 504 1008 533 Theodoretus
1035 513 1068 533 ex

282 541 427 570 Aristotele
441 541 531 569 retulit
545 541 577 568 ⁸³.

318 577 422 611 Quanta
448 581 537 604 autem
553 577 588 603 sit
607 576 667 603 ﬁdei
685 577 724 603 vis
741 580 768 603 et
789 575 908 610 potentia
935 576 978 603 his
1005 575 1068 603 Cle-

282 621 361 641 mens
390 612 479 640 verbis
498 612 642 647 perspicue
664 611 784 638 ostendit
808 611 830 626 ³³
852 619 867 647 εν
885 620 894 636 ε
922 611 1067 644 Disciplina

281 655 347 682 ergo
361 653 402 675 est
417 645 514 682 parere
538 645 690 681 praeceptis,
708 646 780 681 quod
801 651 843 673 est
858 645 914 682 Deo
941 647 1067 681 credere,

281 681 386 710 rt’tidcs
399 681 444 709 Dei
461 683 595 716 potentia,
610 689 669 715 quae
692 687 733 709 est
751 682 792 708 vis
807 681 947 714 veritatis,
974 682 1066 708 statim

282 724 373 744 autem
388 718 455 745 dicit
471 729 476 745 :
492 717 520 745 Si
536 717 660 744 habeatis
672 717 764 748 ﬁdem,
779 721 807 743 ιιι
823 723 936 750 granum
952 717 1065 751 sinapis,

282 757 390 780 montes
417 753 596 780 transferetis.
621 752 654 779 Et
679 759 773 779 rursus
790 759 796 778 :
812 751 965 778 Secundum
986 752 1066 779 ﬁdem

283 792 356 814 tuam
373 788 488 815 ﬁaltibi.
516 788 549 814 Et
571 795 640 814 unus
666 787 773 822 quidem
795 791 918 818 curatur,
939 792 1066 822 suscepta

282 830 330 858 per
346 824 425 850 ﬁdem
452 823 615 854 curatione;
635 827 757 849 mortuus
774 827 862 858 autem
881 823 998 856 resurgit
1018 830 1066 857 per

281 859 336 885 vim
353 858 431 893 ejus,
452 858 499 893 qui
516 858 685 890 crediderat,
710 857 781 892 quod
802 861 876 884 esset
893 863 1064 885 resurrectu-

281 901 338 920 I'US.
353 902 362 918 I

319 928 438 962 Denique
450 935 511 955 cum
526 927 660 959 Clemens.
672 928 838 960 utdiximus.
851 927 973 955 docuerit
986 927 1065 955 ﬁdem

280 970 341 991 esse
354 963 476 991 veritatis
488 964 573 991 basim
589 964 612 979 "
627 972 633 996 ;
652 964 714 990 hinc
730 964 840 998 planum
862 963 906 989 ille
923 963 987 989 facit
1004 965 1065 998 qui-

281 999 332 1026 bus
351 998 477 1032 gradibus
490 999 522 1026 ab
537 1006 569 1025 ea
583 999 615 1025 ad
630 999 791 1026 charitatem
807 1003 834 1025 et
854 997 955 1033 γνῶσιν
971 1005 1067 1025 ascen-

282 1034 379 1061 damus
394 1043 402 1061 :
422 1043 432 1060 ι
451 1033 538 1060 Prima
551 1034 583 1060 ad
600 1034 724 1066 salutem,
745 1043 754 1059 ι
772 1033 854 1061 verba
874 1034 945 1060 illnts
955 1038 1018 1060 sunt
1031 1033 1064 1066 ",

283 1078 295 1095 ε
314 1069 452 1096 inclinatio
467 1069 545 1096 nobis
562 1068 627 1095 fides
652 1074 773 1103 apparet,
804 1074 946 1102 postquam
973 1068 1065 1101 timor,

283 1109 313 1131 et
329 1110 404 1139 spes,
422 1108 450 1131 et
462 1104 635 1139 poenitentia.
651 1112 712 1131 cum
725 1103 890 1131 continentia
902 1109 930 1130 et
945 1103 1066 1130 toleran-

281 1139 319 1166 tia
339 1139 521 1172 proﬁcientes,
545 1147 595 1167 nos
611 1139 713 1166 ducunt
734 1139 766 1165 ad
786 1139 945 1166 charitatem
968 1144 996 1166 et
1019 1145 1066 1166 co-

281 1173 440 1211 gnitionem.
462 1183 472 1200 ι

311 1208 446 1236 Craterum
463 1217 522 1244 qua:
530 1209 662 1237 hactenus
679 1209 712 1236 de
730 1208 784 1237 ﬁde
801 1216 834 1236 ex
858 1208 996 1236 Clemente
1011 1209 1066 1237 dis-

279 1249 373 1277 putata
390 1250 463 1278 sunt,
476 1245 533 1272 haec
549 1249 574 1271 te
590 1252 642 1271 non
660 1244 750 1279 pigeat
766 1252 828 1272 cum
841 1244 874 1271 iis
888 1245 1064 1278 contendere,

278 1284 340 1312 quae
357 1279 390 1306 de
408 1279 451 1306 illa
469 1279 655 1307 Tlieodoretus
668 1280 765 1306 litteris
784 1279 921 1306 rnamlavit
935 1280 968 1311 ",
984 1285 1066 1314 atque

278 1314 304 1350 si
318 1314 394 1347 velis,
412 1322 472 1350 qum.
490 1315 606 1350 theologi
623 1315 650 1350 in
667 1315 725 1342 suis
738 1315 772 1342 de
787 1314 839 1342 lide
857 1316 1066 1342 commentatio-

277 1349 367 1381 nibus,
397 1349 467 1376 etin
487 1349 536 1378 lib.
565 1349 595 1377 ιιι
622 1349 756 1382 Senteut.,
785 1349 904 1376 distinct.
925 1350 972 1383 25,
989 1355 1018 1377 et
1038 1351 1065 1377 in

278 1384 312 1412 Ι).
329 1383 426 1412 Thom.
439 1384 498 1417 2-2,
517 1390 613 1420 quaest.
629 1385 641 1411 l
661 1389 689 1412 et
708 1386 737 1418 2,
760 1385 898 1420 copiosius
913 1390 1066 1420 pertracta-

278 1424 351 1447 τιιιιι.

538 1464 736 1493 ARTICULUS
756 1464 801 1493 Ill.

278 1510 317 1538 De
335 1511 504 1545 inﬁdelitate,
524 1515 550 1538 et
569 1517 656 1552 utrum
675 1519 762 1538 omnes
783 1512 931 1547 inﬁdelium
949 1513 1064 1540 actiones

578 1552 629 1573 ³8181
649 1552 766 1581 peccata.

317 1591 476 1627 Oppositum
486 1591 552 1628 ﬁdei
560 1592 655 1628 vitium
672 1597 713 1619 est
728 1592 883 1623 inﬁdelitas,
899 1600 958 1628 quae
978 1601 991 1620 τι
1004 1593 1065 1621 Cle-

277 1632 371 1665 mente
394 1627 417 1665 ’ξ
445 1627 599 1665 per‘ﬁdei_
616 1627 813 1665 oppositionem
831 1627 967 1665 dicitur,
993 1630 1009 1665 ἡ
1035 1629 1064 1656 δὲ

277 1662 390 1699 ἀπιστία
407 1661 539 1698 ὑπόληψις
554 1662 600 1688 τοῦ
621 1662 808 1699 ἀντικειμένου
826 1662 941 1698 ἀσθενὴς
956 1661 1064 1699 ἀποφα-

276 1698 352 1732 τική.
371 1698 436 1730 ρυλε
453 1699 561 1731 qunlem
585 1699 617 1724 ad
645 1698 756 1723 verbum
774 1699 840 1724 nihil
854 1698 927 1725 aliud
954 1698 1064 1732 sonant,

277 1740 358 1766 quain
379 1741 388 1758 ι
410 1732 555 1760 inﬁdelitas
576 1737 619 1760 est
639 1733 730 1766 opinio
745 1733 873 1760 contrarii
896 1733 1001 1761 inﬁrma
1019 1743 1065 1762 ne-

277 1769 378 1802 gativa.
407 1776 417 1793 »
450 1767 548 1794 Verum
575 1767 707 1794 llervetns
730 1775 791 1794 cum
818 1767 845 1794 in
871 1768 966 1795 Grmco
989 1774 1064 1797 textu

277 1809 334 1840 pro
344 1803 501 1840 ἀποφατική
518 1802 778 1840 forsitanhlcgisset
795 1803 965 1840 dxopavztxﬁ
977 1824 984 1836 ,
1009 1805 1065 1840 lta-c

278 1839 362 1875 verba
386 1838 481 1875 Latine
502 1838 541 1864 sic
555 1838 707 1875 reddidit:
734 1847 744 1863 ι
771 1838 920 1875 Ιιινιὶιιβιίικε
939 1838 982 1866 est
1004 1839 1064 1875 ejus

277 1873 351 1907 quod
377 1873 535 1908 Oppositum
554 1873 686 1899 imbecilla
713 1873 878 1899 cnnntiativa
902 1875 994 1908 opinio
1016 1873 1063 1902 situ

277 1909 454 1944 existimatio.
487 1917 496 1934 ι
526 1907 579 1935 Sed
603 1916 657 1934 nou
685 1909 746 1935 inde
762 1909 848 1943 magis
862 1914 934 1943 patet
950 1911 1011 1944 quis
1030 1912 1065 1937 sit

277 1943 374 1970 ltorum
394 1944 541 1971 Clementis
567 1944 710 1970 verborum
733 1951 837 1970 sensus.
867 1943 1063 1972 Nobis'antem

277 1978 348 2004 ident
377 1979 490 2005 omnino
517 1979 542 2005 in
567 1979 751 2012 manuscripto
779 1978 992 2006 Claromontano
1015 1989 1062 2007 co-

277 2014 337 2040 dice
355 2013 390 2047 “,
407 2019 489 2047 atque
511 2015 537 2040 in
560 2013 651 2040 Gricca
681 2014 801 2040 editione
825 2014 984 2049 legentibus,
1006 2016 1063 2042 lucc

275 2049 383 2075 videtur
398 2056 458 2076 esse
472 2049 592 2075 auctoris
606 2049 690 2075 nostri
707 2055 783 2075 tuens
800 2054 827 2076 et
848 2051 1003 2081 sententia;
1021 2052 1063 2076 in—

277 2083 396 2121 fidelitas
421 2089 462 2111 est
482 2084 575 2121 debilis
596 2089 622 2121 et
646 2084 756 2121 inﬁrma
777 2085 881 2121 opinio,
905 2092 965 2119 qua:
982 2085 1063 2121 204

276 2119 456 2151 contrarium,
471 2120 528 2146 sive
542 2119 606 2145 illud
621 2119 693 2153 quod
709 2127 723 2145 a
743 2119 796 2146 Deo
814 2120 839 2145 iu
857 2121 1005 2154 Scripturis
1019 2119 1063 2147 sui

276 2154 332 2180 cris
347 2155 475 2180 traditum
488 2160 539 2185 est,
562 2156 689 2188 quodque
710 2161 766 2188 pra:
781 2154 939 2190 inﬁrmitate
960 2156 1064 2190 perspi-

275 2195 340 2215 cere
355 2190 456 2222 nequit,
469 2197 564 2216 verutn
579 2196 640 2215 esse
665 2193 755 2222 negat.
771 2189 846 2221 Quod
868 2189 890 2216 si
916 2189 1060 2224 legendum

275 2228 355 2258 putes
369 2224 550 2259 ἀποφαντιχή,
575 2224 598 2251 is
617 2231 726 2258 quoque
741 2226 794 2250 erit
822 2225 891 2251 idem
915 2225 1061 2253 Clementis

275 2265 371 2285 sensus
389 2268 396 2286 :
415 2260 560 2285 lnlidclitas
579 2264 620 2286 est
640 2259 746 2285 inlirma
771 2259 873 2294 opinio,
894 2267 953 2294 quze
974 2268 1059 2287 emtu-

277 2293 339 2326 tiat,
353 2299 380 2320 et
393 2302 447 2329 prae
461 2294 616 2321 inﬁrmitate
631 2294 729 2320 asserit
754 2295 790 2327 id,
816 2295 888 2328 quod
903 2293 1060 2330 Scripturis

277 2329 365 2364 sacris
379 2336 407 2355 et
424 2330 530 2356 veritati
553 2330 719 2356 contrarium
739 2335 791 2357 est.
813 2330 847 2356 Et
875 2331 932 2357 ltmc
949 2329 1058 2364 quidem

277 2363 420 2397 explicatio
440 2372 472 2391 ex
497 2365 530 2392 iis
553 2365 622 2392 haud
643 2365 760 2392 absurde
780 2365 937 2391 conﬁrmari
958 2363 1059 2399 potest.

277 2405 337 2437 quae
371 2399 542 2437 continenter
577 2399 776 2437 subjttnguutur
799 2399 850 2426 ":
881 2399 1013 2437 Καθάπερ
1042 2402 1059 2437 ὴ

276 2433 420 2470 δυσπιστία
435 2434 491 2467 ἕξις
506 2434 726 2470 δυσπαράδεκτος
746 2434 873 2467 πίστεως.
894 2445 904 2461 ι
925 2433 1061 2468 Quem:th

278 2469 386 2505 modum
400 2469 547 2497 dillicultas
557 2470 684 2497 credendi
707 2474 751 2497 est
773 2471 891 2504 habitus,
909 2473 954 2505 qui
979 2471 1060 2498 ﬁdem

277 2503 422 2531 difﬁciliter
432 2505 557 2532 admittit.
580 2514 590 2530 ι

315 2539 454 2573 Duplicem
471 2545 560 2567 autem
577 2539 700 2568 Clemens
717 2541 755 2567 ait
784 2547 845 2567 esse
872 2540 1060 2568 inﬁdclitatetn

277 2582 324 2610 seu
345 2574 575 2607 incredulitatem,
594 2577 691 2602 bonam
708 2577 817 2610 quidem
836 2584 927 2607 unam,
945 2577 1061 2603 alteram

284 2616 344 2636 iero
363 2610 526 2646 malam.rl)e
544 2615 657 2646 utraque
674 2617 762 2637 autem
776 2612 814 2638 ait
831 2612 907 2638 ille"
922 2619 929 2638 :
948 2621 957 2637 ι
977 2610 1060 2638 Multa

278 2645 455 2672 incredulitas
473 2645 536 2672 fecit
553 2647 632 2677 bona.
652 2645 718 2673 ﬁdes
735 2646 839 2673 mala...
856 2646 915 2673 Jatn
930 2653 984 2674 non
1001 2653 1061 2674 cre-

277 2681 341 2706 dere
359 2680 466 2714 quidem
484 2681 589 2707 veritati
607 2681 688 2707 alfert
704 2687 830 2712 mortem,
862 2682 933 2708 sicut
949 2683 1061 2709 credere

277 2717 370 2742 vitam.
386 2714 486 2742 Contra
502 2722 590 2743 autem
614 2716 756 2743 mendacio
789 2716 912 2749 credere,
930 2725 982 2744 non
999 2725 1061 2744 cre-

312 2831 336 2847 ⁵⁵
350 2830 428 2863 ibid.,
441 2839 467 2866 p.
483 2831 546 2860 562.
583 2832 606 2848 ⁸⁸
620 2832 684 2859 ibid.
722 2831 746 2848 ⁸⁷
757 2832 835 2865 ibid.,

277 2866 376 2900 p.479.
412 2867 434 2883 "
449 2867 526 2900 ibid.,
541 2867 603 2894 38L
642 2869 665 2884 ὀ
679 2867 780 2895 Strom.
804 2868 821 2894 l.
844 2866 874 2900 ii,

278 2906 306 2928 et
317 2909 376 2937 seq.
413 2902 436 2918 ’³
453 2903 555 2930 Str-oin.
575 2905 593 2928 Ι.
614 2910 645 2934 ιι,
659 2911 685 2939 p.
700 2903 763 2929 37L
800 2903 823 2918 “
839 2902 907 2930 ibid;
940 2905 963 2921 "
978 2905 1042 2934 ibid.

279 2937 302 2951 νυ
324 2942 412 2951 ι........
445 2938 450 2951 1
479 2946 502 2951 ...
531 2945 546 2951 -ι
577 2938 630 2951 Ritu
681 2938 713 2951 II
742 2944 777 2951 ...ι
813 2946 826 2951 ..ι
855 2938 904 2951 ﬁll

323 2942 424 2965 bii-oin.
445 2938 462 2965 l.
479 2946 514 2971 γι,
530 2945 557 2973 p.
577 2938 640 2966 βω).
660 2938 663 2939 ⁷
681 2939 688 2954 ³
706 2938 726 2966 ι.
742 2944 791 2972 νυ,
811 2946 838 2974 p.
855 2938 916 2966 73L

1081 896 1134 926 Bﬁ

1078 1576 1098 1605 C

1076 2248 1100 2277 D

1123 257 1157 283 de
1172 264 1204 283 ea
1225 257 1382 284 inﬁdelitate
1397 257 1577 290 disputamus,
1596 265 1661 292 quae
1679 258 1747 291 quia
1763 258 1846 291 prima:
1865 266 1901 286 te-

1124 292 1211 324 ritati,
1229 299 1278 318 seu
1297 291 1361 323 Deo.
1379 292 1405 318 in
1421 293 1506 319 sacris
1528 292 1689 326 Scripturis
1708 292 1835 326 loquenti,
1856 291 1913 320 non”

1122 328 1226 374 cred-it;
1245 327 1349 374 idcirco
1366 327 1434 374 hanc
1448 328 1509 374 jure
1525 328 1647 374 [meritam
1661 327 1796 374 Cleme‘n‘s
1818 327 1894 355 inferre
1912 327 1913 374 χ

1122 366 1236 389 mortem
1256 367 1284 389 et
1301 362 1326 389 in
1345 362 1457 389 exitium
1481 363 1590 389 trahere
1603 362 1738 389 aﬁinnat.
1761 362 1838 395 Quam
1850 371 1895 391 san:

1120 397 1156 424 ob
1173 405 1283 424 causam
1309 397 1355 424 ille
1377 405 1471 424 rursus
1488 403 1581 430 postea
1593 397 1615 413 "
1637 406 1644 424 :
1666 407 1677 423 ε
1703 399 1744 425 De
1770 398 1894 430 incredulis,

1122 415 1156 424 νυ
1173 415 1283 424 ..ηυδε-.-
1310 415 1354 424 ..ιν
1379 415 1471 424 ...ιο-..ν
1489 415 1581 430 ..νο-υ..
1637 418 1643 424 .
1666 415 1676 423 ι
1703 415 1744 425 υς
1771 415 1894 430 “unum,

1122 432 1221 467 inquit,
1237 433 1300 468 περὶ
1314 432 1447 463 ἀπίστων.
1466 433 1567 459 dictutn
1581 438 1624 459 est
1635 440 1686 460 eos
1701 441 1770 460 esse
1783 439 1894 467 reputate;

1121 472 1251 502 tanquam
1269 467 1421 502 pulverem,
1438 475 1519 502 quam
1546 468 1656 502 projicit
1687 474 1795 495 ventus
1818 476 1831 494 ι
1847 467 1896 495 facit
1912 498 1913 502 η

1121 506 1211 533 ωτι-ω.
1226 508 1254 529 et
1269 507 1371 538 guttam
1388 510 1448 537 qua:
1462 510 1495 529 ex
1512 505 1580 530 cado
1596 504 1716 530 excidit.
1741 512 1753 528 ι
1772 503 1895 538 (ΣυῙηεςιιίς
1912 507 1913 557 ι

1121 537 1181 557 dant
1198 539 1266 557 Ιιειηρ
1279 539 1336 557 inca
1348 538 1462 557 insinua!
1483 539 1660 557 attonat-Hnno
1670 539 1810 557 realinnnm
1817 538 1850 554 ει.
1859 548 1866 557 ι
1875 539 1893 557 In

1120 537 1181 564 dem
1198 537 1336 572 hancipse
1348 538 1466 565 insinuat
1483 539 1660 573 suggeritque
1669 537 1894 565 rationem":iln

1121 572 1209 606 ipsum
1225 573 1349 608 (verbum
1367 573 1470 600 scilicet
1485 574 1618 605 divinum)
1636 578 1666 600 et
1683 581 1739 608 per
1760 574 1840 608 ipsum
1856 582 1897 601 σε·
1912 600 1913 604 η

1119 608 1194 639 dere.
1214 608 1356 643 μοναδικόν
1382 608 1440 634 ἐστι
1465 608 1602 642 γενέσθαι,
1633 613 1678 636 est
1700 609 1817 636 unicum
1838 609 1894 641 ﬁeri;
1912 630 1913 633 η

1118 643 1223 671 scilicet
1241 644 1267 670 in
1283 644 1341 677 ipso
1360 643 1497 671 indivulse
1515 645 1640 676 unitum;
1666 651 1723 671 non
1747 644 1854 672 credere
1863 653 1896 671 att-
1912 646 1913 650 ‘

1119 679 1383 741 ﬁtgesédubitare,
1401 680 1545 714 spatioque
1571 685 1603 706 ac
1620 679 1780 707 intervallo
1803 679 1894 714 disjungi

1178 721 1212 740 ivi
1234 722 1252 741 t.
1274 723 1284 739 ι

1117 718 1145 740 et
1157 714 1252 741 dividi.
1274 723 1284 739 ι
1912 736 1913 743 η

1153 748 1220 781 Quia
1238 756 1302 775 vero
1316 748 1453 780 Clemens,
1472 748 1510 775 uti
1539 749 1639 776 dictum
1668 753 1727 781 est,
1764 754 1897 777 constanter

1117 784 1237 811 asseruit
1250 783 1330 811 ﬁdem
1344 790 1405 811 esse
1420 783 1623 811 fundamentum
1644 784 1733 811 bona:
1754 786 1859 811 actionis
1877 791 1896 811 et

1116 819 1260 853 prudentis
1283 820 1437 850 electionis,
1471 819 1533 846 sine
1553 827 1605 854 qua
1630 820 1721 846 vitam
1749 820 1913 854 spiritualemi

1117 855 1211 881 vivere
1237 854 1325 881 nullus
1348 860 1445 889 pote5t,
1472 858 1553 888 atque
1569 856 1735 882 econtrario
1761 855 1898 882 inﬁdelitate

1139 888 1265 916 nemlibet
1280 888 1355 916 trahi
1374 890 1402 916 in
1425 889 1550 921 exitium,
1568 894 1595 916 et
1614 891 1638 916 ei
1655 896 1785 916 mortem
1803 889 1894 921 adem;

1118 924 1181 951 inde
1193 925 1260 951 scite
1271 925 1374 959 colligit
1385 924 1506 959 cujusvis
1530 925 1637 958 gentilis
1653 928 1813 958 actionem,
1829 932 1895 959 quan-

1116 959 1262 994 doquidem
1276 960 1364 987 bonus
1377 967 1430 986 non
1446 963 1487 987 est
1499 959 1571 986 illius
1587 960 1659 991 ﬁnis,
1675 968 1779 988 revera
1794 968 1896 994 peccare,

1116 999 1220 1022 etesse
1245 995 1355 1022 malam.
1382 994 1435 1022 Sed
1463 999 1575 1028 praestat
1602 995 1764 1027 ipsumntet
1781 996 1829 1022 hac
1840 997 1897 1022 dere

1117 1030 1292 1064 apertissime
1316 1030 1477 1065 loquentem
1501 1030 1626 1057 audire”
1645 1039 1652 1057 :
1674 1039 1685 1056 ι
1704 1030 1850 1064 Quomodo
1861 1031 1897 1057 ab-

1116 1065 1206 1093 solute
1219 1065 1328 1099 quidem
1343 1064 1446 1092 salvum
1466 1064 1558 1092 facere
1573 1070 1616 1092 est
1637 1073 1675 1093 ex
1700 1066 1751 1098 iis,
1778 1073 1836 1100 quae
1850 1071 1898 1093 sunl

1117 1100 1219 1132 media,
1238 1105 1312 1128 recte
1327 1106 1430 1133 autem,
1442 1104 1478 1131 et,
1491 1104 1521 1126 ut
1531 1100 1620 1133 decet,
1637 1101 1804 1135 perfectura
1823 1102 1897 1128 cstol’~

1116 1136 1219 1167 ﬁcium,
1231 1135 1408 1171 κατόρθωμα,
1426 1135 1451 1162 id
1464 1139 1514 1167 est.
1526 1144 1536 1160 ι
1546 1140 1576 1171 ut
1586 1135 1687 1163 Cicero
1702 1137 1895 1170 interpretatur,

1118 1175 1221 1198 rectum
1234 1175 1281 1198 aut
1298 1170 1374 1198 recte
1386 1171 1488 1197 factum
1506 1179 1513 1196 :
1534 1180 1544 1196 ι
1568 1170 1607 1197 Ita
1625 1172 1716 1197 etiam
1746 1171 1835 1198 oninis
1845 1176 1898 1197 actio

1116 1206 1233 1242 gnostici
1250 1210 1354 1233 rectum
1366 1211 1394 1242 et
1406 1206 1556 1242 perfectum
1569 1211 1611 1233 est
1624 1205 1656 1232 of
1657 1206 1774 1238 ﬁcium,
1786 1207 1832 1233 ut
1842 1207 1899 1232 πίιη

1116 1240 1214 1277 ἡρᾶξις
1229 1241 1379 1277 γνωστικοῦ
1404 1240 1582 1277 κατόρθωμα·
1603 1241 1672 1276 Ejus
1700 1246 1798 1269 autem
1816 1242 1900 1275 quiest

1117 1277 1305 1304 tantummodo
1318 1276 1420 1307 ﬁdelis,
1432 1276 1518 1303 media
1533 1277 1586 1303 dici
1602 1277 1696 1310 possit
1710 1277 1800 1309 actio,
1814 1281 1841 1302 ut
1853 1283 1899 1311 qua

1115 1311 1186 1339 κατὰ
1202 1311 1292 1346 λόγον,
1309 1319 1343 1339 ex
1373 1312 1479 1338 ratione
1506 1312 1625 1338 nondum
1651 1312 1812 1344 efﬁciatur,
1828 1317 1901 1346 neque

1116 1352 1191 1374 recte
1206 1347 1313 1382 geritur
1325 1354 1359 1373 ex
1386 1347 1510 1374 scientia.
1539 1346 1641 1382 Comra
1673 1352 1777 1374 autem
1800 1347 1901 1382 cujusvis

1115 1382 1226 1416 gentilis
1242 1386 1337 1416 peccat
1360 1383 1448 1413 actio,
1468 1381 1568 1413 παντὸς
1582 1382 1611 1408 δὲ
1626 1382 1756 1416 ἔμπαλιν
1778 1381 1825 1408 τοῦ
1847 1382 1901 1407 ἑὴ-

1115 1417 1163 1443 κοῠ
1182 1416 1363 1453 ἁμαρτητική.
1385 1418 1441 1444 Non
1465 1418 1537 1444 enim
1566 1418 1694 1444 absolute
1724 1420 1799 1444 bene
1827 1424 1903 1451 agere,

1115 1453 1162 1479 sed
1175 1459 1286 1488 scopum
1298 1453 1440 1488 queindatn
1453 1453 1601 1485 spectando
1611 1452 1902 1488 actioueslirodnceia,

1114 1492 1143 1514 et
1167 1495 1201 1514 ex
1226 1486 1331 1514 ratione
1362 1487 1469 1522 operari
1495 1492 1620 1521 oportere
1655 1489 1819 1514 ostendunt
1846 1486 1903 1513 Scii-

1115 1526 1213 1556 pturte.
1236 1530 1246 1547 ι
1263 1522 1359 1549 Nescio
1384 1530 1450 1549 sane
1470 1527 1560 1548 utrum
1578 1522 1612 1548 ad
1629 1523 1705 1549 hanc
1736 1524 1903 1557 qutcstioum

1116 1557 1302 1592 explicandam
1328 1558 1427 1584 clarius
1446 1557 1548 1591 aliquid
1571 1562 1598 1584 et
1616 1559 1776 1585 enodatius
1805 1558 1903 1591 proferri

1116 1597 1207 1626 queat.
1222 1592 1313 1627 Neque
1326 1593 1399 1620 enim
1416 1593 1602 1619 tantummodo
1623 1593 1762 1620 Cicinens
1795 1595 1903 1620 disertis-

1115 1631 1183 1655 sime
1197 1632 1334 1655 asseverat
1350 1635 1458 1654 omnem
1473 1627 1589 1654 inﬁdelis
1604 1629 1735 1655 hominis
1753 1635 1875 1663 peccare.
1887 1633 1906 1653 et

1116 1663 1214 1690 malam
1228 1670 1288 1690 esse
1303 1663 1436 1690 actionem
1449 1671 1456 1695 ;
1471 1670 1565 1689 verum
1581 1663 1664 1690 eliam
1678 1669 1795 1691 certam
1810 1671 1842 1689 ac
1858 1669 1905 1696 per—

1115 1699 1235 1732 spicuam
1251 1698 1323 1725 illius
1339 1698 1429 1724 reddit
1443 1698 1594 1730 rationem;
1613 1699 1678 1733 quia
1691 1699 1835 1725 nimirum
1846 1705 1906 1732 qui-

1115 1733 1182 1761 libet
1203 1733 1246 1760 illa
1265 1733 1382 1760 inﬁdelis
1403 1733 1523 1761 hominis
1545 1735 1617 1760 actio
1635 1733 1672 1760 ad
1701 1735 1815 1761 bonum
1841 1735 1906 1760 lineis:

1116 1777 1169 1796 non
1190 1769 1317 1796 refertur.
1912 1788 1913 1796 η

1150 1804 1246 1842 Obiter
1262 1803 1376 1842 observa
1394 1803 1453 1842 haec
1470 1802 1564 1842 (ξι-περι)
1574 1804 1688 1842 verba,
1704 1805 1777 1833 οὐδὲ
1797 1807 1851 1842 μὴν
1865 1806 1907 1834 toi:

1114 1839 1238 1875 ἀπείροις
1264 1838 1311 1865 τοῦ
1332 1839 1434 1871 αὐλεῖν,
1455 1838 1554 1872 αὐλῶν,
1574 1840 1600 1866 in
1618 1839 1720 1866 Latina
1755 1838 1907 1875 inter-preta-

1116 1875 1189 1901 tione
1207 1875 1290 1910 fuisse
1300 1875 1411 1901 omnino
1426 1875 1625 1909 praetermissa;
1644 1875 1775 1903 fortasse
1800 1886 1861 1910 qui:
1874 1884 1906 1902 su-

1115 1917 1247 1944 pervacua
1265 1909 1436 1936 videbantur.
1459 1910 1505 1935 Sic
1531 1915 1621 1936 autem
1652 1909 1764 1939 Latine
1788 1909 1904 1939 sonant:

1118 1953 1127 1969 ι
1146 1945 1180 1971 Et
1195 1945 1259 1971 tibia
1274 1951 1371 1971 canere
1385 1945 1527 1977 imperitis,
1548 1945 1614 1971 tibia
1634 1953 1691 1972 nou
1709 1949 1877 1974 canendum.
1897 1955 1902 1969 ι

1152 1980 1205 2007 Sed
1222 1980 1254 2006 iis
1269 1980 1438 2013 perstrictis.
1465 1987 1554 2006 nonne
1579 1981 1690 2012 eodem,
1719 1983 1765 2008 uti
1796 1983 1905 2009 vidimus

1115 2015 1197 2042 modo
1213 2015 1245 2041 de
1258 2015 1409 2051 inﬁdelium
1422 2015 1573 2042 actionibus
1586 2015 1678 2042 adhuc
1707 2022 1906 2051 argumentatur

1114 2051 1250 2083 Clemens,
1263 2050 1311 2086 ubi
1333 2050 1390 2076 haec
1405 2050 1485 2076 habet
1498 2051 1506 2065 ¹
1525 2059 1531 2076 :
1553 2059 1562 2076 ι
1579 2050 1770 2085 Quaecunque
1808 2059 1868 2086 ergo
1886 2050 1905 2076 ﬁt

1115 2086 1187 2113 actio
1201 2093 1215 2111 a
1227 2084 1345 2122 sciente,
1362 2093 1394 2111 ea
1408 2089 1449 2122 est
1469 2091 1543 2112 recta
1563 2086 1647 2122 actio.
1667 2084 1859 2122 Quit-cunque
1871 2095 1906 2111 ai-

1115 2125 1168 2147 tetn
1181 2121 1214 2147 ab
1226 2120 1367 2151 insciente,
1383 2119 1451 2146 mala
1469 2126 1525 2153 est;
1543 2121 1653 2147 etiamsi
1684 2119 1823 2149 maxime
1837 2129 1906 2155 persi—

1113 2160 1179 2187 stat,
1193 2159 1221 2183 et
1233 2155 1259 2182 in
1277 2155 1340 2191 hoc
1351 2155 1493 2190 proposito
1522 2161 1650 2189 inaneat;
1670 2158 1815 2191 quoniam
1829 2165 1876 2184 non
1887 2162 1913 2181 at

1114 2191 1194 2218 fortis
1205 2198 1237 2217 ex
1249 2190 1478 2226 consideratione,
1498 2198 1587 2225 neque
1603 2190 1699 2226 dirigit
1730 2194 1873 2220 actionem
1886 2192 1913 2216 at

1114 2226 1216 2261 aliquid
1232 2226 1298 2252 utile
1321 2233 1355 2262 ex
1371 2225 1414 2257 iis,
1432 2232 1496 2262 qua:
1510 2227 1543 2252 ad
1561 2225 1694 2253 virtutem
1730 2228 1870 2262 dirigunt.
1889 2232 1907 2250 δέ

1114 2262 1264 2296 procedunt
1278 2267 1293 2287 a
1305 2261 1415 2288 virtute.
1431 2261 1532 2289 Eadem
1543 2266 1585 2288 est
1601 2267 1700 2288 autem
1715 2261 1849 2289 ratio’dc
1861 2264 1906 2289 aliis

1116 2296 1275 2323 virtutibus.
1293 2305 1302 2320 ι
1321 2297 1416 2323 Omnis
1431 2297 1521 2330 itaque
1533 2297 1604 2323 ratio
1615 2304 1678 2330 quae
1695 2297 1728 2324 ﬁt
1745 2300 1787 2324 ab
1805 2298 1907 2324 iIISleli'

1115 2336 1150 2364 te,
1166 2330 1210 2357 διὰ
1225 2330 1270 2358 τοῦ
1285 2332 1509 2366 ἀνεπιστήμονος,
1538 2332 1646 2359 etiamsi
1674 2339 1708 2359 ex
1738 2332 1913 2360 fortitudms

1113 2371 1161 2393 aut
1176 2367 1229 2393 alia
1243 2367 1367 2401 qualibet
1380 2367 1482 2394 virtute
1505 2367 1721 2400 proﬁciscatur;
1746 2369 1858 2395 ideirco
1879 2373 1908 2392 u-

1115 2408 1176 2429 men
1192 2402 1263 2428 mala
1280 2406 1334 2434 est,
1350 2402 1414 2436 quia
1429 2409 1481 2428 non
1511 2401 1700 2435 proﬁciscitur
1715 2410 1759 2429 ex
1777 2401 1906 2437 λογισμιῆ

1113 2444 1148 2464 ex
1163 2437 1396 2469 consideratione,
1414 2445 1460 2464 seu
1476 2437 1566 2470 potius
1581 2438 1704 2470 ratione;
1726 2436 1831 2472 neque
1842 2436 1913 2464 rcta-1

1115 2477 1160 2499 tur
1179 2472 1213 2499 ad
1228 2471 1332 2507 aliquid
1345 2479 1378 2498 ex
1400 2472 1434 2498 iis
1448 2473 1524 2503 utile,
1540 2479 1601 2507 quae
1615 2473 1747 2506 dirigunt.
1775 2471 1815 2501 ad
1839 2474 1908 2500 vim-

1115 2513 1180 2539 tem,
1195 2512 1224 2534 et
1238 2506 1383 2534 ex'virtute
1405 2507 1567 2541 procedunt.
1580 2506 1664 2542 Atqui
1678 2508 1758 2536 tales
1776 2516 1841 2536 esse
1862 2508 1913 2543 ius;

1114 2543 1214 2569 delium
1238 2543 1360 2570 actiones
1385 2543 1474 2570 nullus
1497 2542 1577 2577 plane
1609 2543 1746 2578 ambigit.
1771 2544 1830 2571 Eas
1854 2551 1892 2577 er;
1912 2550 1913 2561 ι

1114 2578 1239 2605 Clemens
1252 2582 1278 2605 et
1295 2585 1329 2605 ex
1359 2584 1453 2611 causa,
1480 2577 1586 2605 scilicet
1618 2577 1826 2613 ignoratione;
1841 2585 1913 2611 atque.

1114 2620 1148 2640 ex
1172 2612 1236 2646 ﬁne,
1254 2613 1319 2647 quia
1334 2613 1368 2639 ad
1381 2620 1473 2640 veram
1500 2612 1639 2640 virtutem’
1654 2621 1708 2641 non
1745 2614 1913 2642 referuntutd

1115 2648 1201 2675 tnalas
1211 2655 1272 2675 esse
1286 2648 1437 2675 arbitratus
1452 2653 1504 2675 est.
1912 2647 1913 2654 ‘

1151 2683 1226 2710 Hanc
1238 2690 1318 2717 porro
1331 2690 1391 2719 esse
1403 2684 1565 2717 ipsissitnam
1578 2683 1725 2719 Augustini
1735 2686 1908 2712 sententiam.

1115 2726 1198 2753 quam
1212 2721 1343 2746 adversus
1365 2717 1535 2754 Pelagianos,
1555 2717 1637 2753 atque
1654 2721 1681 2746 in
1696 2721 1815 2753 primis
1828 2728 1913 2748 mihi

853 2841 881 2868 p.
896 2833 1019 2873 365_.__“
1030 2833 1176 2873 'l‘_lie_odo_r.,
1189 2837 1213 2873 ξ.
1223 2832 1268 2873 l_V_,
1282 2832 1320 2873 De
1330 2832 1419 2873 Grtec.
1432 2831 1521 2873 allec}:
1539 2835 1639 2873 οιιιςδι..
1652 2837 1744 2858 serm.
1760 2831 1796 2872 β,
1817 2833 1849 2860 de
1858 2831 1913 2873 Si:

898 2877 925 2904 p.
944 2869 1008 2896 373.
1048 2871 1058 2886 ’

898 2923 904 2930 .
940 2905 963 2921 "
978 2905 1042 2934 ibid.

1119 2871 1153 2897 id.
1191 2869 1214 2885 "
1225 2868 1361 2896 Theudor.
1377 2868 1396 2895 Ι.
1415 2869 1476 2900 ciL,
1497 2868 1535 2894 De
1551 2867 1615 2899 ﬁde,
1633 2867 1802 2901 praesertim
1831 2876 1856 2902 ρ.
1870 2867 1904 2893 iii

1119 2906 1121 2919 ‘
1136 2905 1155 2933 ι.
1169 2912 1206 2938 tv,
1219 2911 1244 2940 p.
1260 2904 1322 2932 Hi.
1379 2904 1400 2919 ³⁷
1417 2903 1483 2932 ibid.
1495 2910 1523 2938 p.
1540 2902 1602 2930 556.
1627 2928 1638 2940 ,ξ
1658 2900 1680 2917 ⁸⁸
1693 2901 1792 2935 ibid..
1814 2911 1842 2938 p.
1858 2902 1904 2931 Ξῖ.

1379 2904 1400 2919 ιτ
1417 2903 1483 2932 ibid.
1495 2910 1523 2938 p.
1540 2902 1602 2930 556.
1627 2900 1641 2940 ,ζ
1658 2900 1680 2917 ι·
1693 2901 1792 2935 ibid.,
1814 2900 1842 2938 μζ
1858 2902 1913 2936 537.1
