1916 3071
60 171 122 199 “89

650 171 693 200 DE
712 172 823 200 LIBRIS
843 171 1070 200 STROMATUM.

1604 176 1673 203 ΗΜ

58 230 195 266 lulianum
213 229 349 266 acerrime
360 229 646 266 _constantissimeque
670 235 832 266 propugnat,
847 232 870 260 Α
885 230 1098 266 cessitatisresse
1113 230 1276 266 crediderit;
1294 236 1391 265 praeter
1404 231 1477 258 illam
1491 236 1581 258 tamen
1601 231 1670 258 bona

57 265 114 300 quis
127 263 229 292 inﬁcias
245 265 329 292 iverit
339 264 456 292 ?Nonne
473 265 545 291 enim
561 269 590 292 ttt
602 263 728 300 plurima
737 263 832 292 mittaé

62 307 123 329 nus.
133 303 224 326 contra
239 300 288 327 hos
300 300 393 334 gratiae
407 300 456 328 Dei
479 300 605 328 inimicos
620 301 832 334 expressissimis

57 335 140 362 verbis
158 334 201 361 ille
217 333 326 362 dixit”:
345 345 354 361 ι
371 335 575 369 Quantumlibet
585 333 666 370 opera
682 335 831 363 inﬁdelium

57 370 244 404 praedicentur.
254 370 373 404 Apostoli
387 371 548 398 sententiam
560 378 655 398 veram
668 371 793 397 novimus
805 375 833 398 et

57 405 178 440 invictam
194 413 201 431 :
217 404 302 440 Omne
322 406 393 440 quod
406 413 460 433 non
481 410 523 433 est
541 413 575 433 ex
605 406 674 437 ﬁde,
691 410 831 440 peccatum

56 445 104 467 est.
123 449 133 466 ι
150 439 249 475 Contra
266 439 403 468 lulianum
433 448 498 468 vero
512 446 654 475 postquam
678 439 730 468 hoc
752 449 833 475 argu-

56 480 175 511 mentum
189 473 247 511 fuse
261 476 446 509 pertractavit,
465 483 498 502 ex
512 473 554 508 iis,
565 473 625 510 quae
637 473 830 511 tlisputaverat,

57 511 126 537 hanc
155 510 226 537 elicit
249 511 489 546 conclusionem‘:
510 520 520 536 ε
543 511 582 538 Ex
611 519 665 546 quo
680 510 833 546 icolligitur

57 519 126 537 nant:
155 519 226 537 eucu.
249 519 489 538 conctusronem':
510 520 520 536 ε
543 519 582 538 ω
632 519 665 538 uo
695 519 833 546 cotngttur

55 546 135 572 etiam
149 547 204 579 ipsa
219 552 312 581 opera.
329 553 389 580 quae
409 545 513 573 faciunt
540 519 674 578 inﬁddies,
691 554 742 573 non
761 548 833 581 ipso-

55 588 112 607 rum
126 587 195 613 esse,
208 581 254 608 sed
271 580 342 608 illius
359 581 405 616 qui
420 581 488 609 bene
506 581 591 608 utitur
608 582 695 608 malis.
711 580 830 616 Ipsorum

54 620 143 642 autem
158 621 218 642 esse
239 620 362 651 peccata,
386 617 484 650 quibus
498 621 525 643 et
537 616 606 643 bona
623 617 693 644 male
710 617 831 651 faciunt;

54 651 115 684 quia
132 657 162 677 ea
178 658 229 676 non
246 650 328 681 ﬁdeli,
351 652 397 679 sed
425 651 534 681 inﬁdeli.
554 652 604 679 hoc
621 657 671 684 est,
699 652 780 679 stulta
805 650 832 680 et

54 686 135 712 noxia
162 685 262 712 faciunt
285 687 423 713 voluntate
446 695 454 713 :
475 686 563 721 qualis
594 687 728 718 voluntas,
759 688 832 715 nullo

52 721 160 748 (Ihristo
178 721 327 751 dubitante.
346 722 426 748 arbor
437 726 478 749 est
495 722 576 754 mala,
593 729 653 756 quze
670 722 759 749 facere
775 730 827 749 non

52 760 152 789 potest,
181 756 232 782 nisi
261 756 365 784 fructus
381 757 484 788 malos,
501 756 527 783 id
542 761 595 789 est,
621 757 677 784 sola
709 763 830 791 peccata.

50 791 138 817 Omne
154 791 235 821 enim.
251 791 319 818 velis
334 792 414 825 nolis,
427 792 498 826 quod
513 799 567 818 non
581 797 667 819 estex
683 792 745 823 ﬁde,
771 800 832 826 pec-

50 831 142 852 catum
154 831 203 852 est.
218 826 249 852 Et
260 827 321 853 ideo
333 826 399 854 istas
412 828 524 854 arbores
540 834 592 854 non
605 832 694 860 potest
707 827 829 861 diligere,

51 867 77 887 ct
92 862 114 888 si
132 862 197 897 tales
222 863 436 896 permanserint,
451 862 569 897 disponit
591 863 734 893 excidere;
767 864 830 897 quia

883 272 964 298 opera
977 265 1010 292 ab
1026 265 1192 301 hominibus,
1204 271 1232 293 ut
1244 272 1373 294 :ellmmm
1385 267 1498 294 salutem
1514 267 1674 301 adipiscan-

884 305 938 331 tur,
953 307 1012 336 esse
1028 300 1193 336 necessaria,
1210 306 1239 328 et
1253 302 1308 328 Deo
1323 302 1358 328 ita
1374 302 1484 334 iubente
1504 300 1587 336 exigi,
1604 309 1670 336 pas-

884 336 933 372 sim
952 335 997 361 ille
1010 335 1152 372 constituit
1166 342 1193 363 et
1207 337 1347 371 praedicat.
1365 337 1401 364 Ex
1413 338 1445 364 iis
1461 335 1557 371 itaque
1582 335 1671 372 pauca

883 370 1029 407 seligamus
1042 378 1049 396 ς
1064 379 1073 395 ‹
1090 371 1231 407 Debemus,
1245 371 1396 407 ὀφείλομεν,
1417 373 1456 399 ait
1467 370 1515 399 ille
1524 372 1546 403 ',
1569 370 1672 400 habere

884 412 965 439 opera
977 405 1135 436 clamantia,
1156 405 1283 440 tanquam
1300 408 1326 434 in
1339 405 1388 435 'die
1401 407 1581 434 ambulantes.
1613 407 1669 434 Lu-

883 445 962 477 ceant
973 440 1046 477 enim
1062 447 1143 477 opera
1154 449 1161 474 ;
1174 447 1216 477 et:
1227 442 1295 469 Ecce
1307 443 1387 469 homo
1401 448 1428 470 et
1442 450 1523 476 opera
1540 443 1598 477 ejus
1607 447 1671 470 ante

884 475 980 502 faciem
994 475 1062 509 ejus.
1083 476 1152 503 Ecce
1166 476 1237 503 enim
1254 478 1331 507 Deus,
1350 482 1377 503 et
1391 475 1471 511 opera
1487 475 1560 510 ejus.
1582 478 1667 505 Deum

882 514 990 546 oportet
1005 510 1116 546 imitari,
1133 511 1202 544 quod
1219 512 1277 545 ejus
1294 512 1350 538 ﬁeri
1365 510 1463 546 potest,
1480 512 1642 546 gnosticum.
1657 521 1667 538 ι

882 545 1002 581 Audisne
1017 545 1117 580 quibus
1143 546 1189 573 ille
1214 554 1298 574 sacrm
1326 545 1490 581 Scripturch
1505 547 1670 575 testimoniis

883 580 979 614 probet
993 580 1064 608 bona
1078 588 1169 615 opera.
1184 589 1236 608 non
1252 587 1353 610 tantum
1370 590 1383 608 a
1395 582 1560 610 Christianis
1575 583 1668 611 minus

884 615 1022 651 perfectis.
1036 616 1083 642 sed
1093 616 1174 643 etiam
1184 623 1198 642 a
1213 626 1221 642 I
1234 618 1365 651 gnostico,
1380 626 1390 642 ι
1409 618 1459 644 hoc
1472 622 1514 644 est
1527 617 1671 651 perfectis-

883 650 953 687 simo
965 650 1134 687 pigristiano,
1152 651 1196 687 uti
1206 650 1316 678 omnino
1335 653 1487 679 necessaria
1501 653 1624 687 requiri?

919 685 972 713 Sed
988 685 1036 717 illi,
1050 693 1153 719 quaeso,
1163 686 1218 714 alio
1229 687 1254 714 itt
1269 687 1337 714 libro
1351 693 1467 714 mentem
1480 685 1557 714 suam
1574 696 1670 716 rursus

882 720 1026 757 etgdicanti
1041 728 1187 757 parumper
1205 722 1345 749 auscultas
1360 731 1366 748 :
1383 732 1392 748 ι
1411 723 1522 756 Oportet
1537 730 1603 757 ergo
1616 724 1671 750 Deo

882 755 979 782 oﬁ‘erre
993 755 1128 782 sacriﬁcia
1154 764 1205 783 non
1230 762 1386 790 sumptuosa
1400 755 1593 791 aﬂpleudidi,
1621 760 1669 786 sed

882 797 942 826 qua:
959 795 1021 817 sunt
1044 790 1086 824 pia
1112 796 1139 817 et
1165 792 1190 818 ei
1219 797 1339 826 accepta,
1356 797 1384 820 ct
1398 792 1518 819 sufﬁtutn
1545 793 1618 820 illum
1640 794 1668 820 itt

883 825 1145 862 legercompositum,
1164 827 1210 860 qui
1232 825 1340 854 conStat
1353 835 1386 854 ex
1410 827 1501 854 multis
1530 827 1629 862 linguis
1641 833 1668 856 et

882 861 995 898 vocibus
1007 861 1032 888 in
1049 861 1182 898 oratione,
1201 862 1241 898 vel
1255 863 1343 896 potius
1356 862 1401 896 qui
1415 870 1447 889 ex
1464 861 1582 889 diversis
1602 871 1670 898 gen-

50 898 110 923 sine
127 897 177 923 ﬁde
192 896 362 930 impossibile
373 901 415 924 est
438 895 548 932 placere
562 898 629 925 Deo.
648 897 700 924 Sed
722 899 758 924 ita
775 895 830 926 ‘hic
846 902 868 930 Β
883 895 955 922 tibus
969 900 996 922 et
1012 896 1122 932 sexibus
1145 904 1193 931 per
1226 895 1326 924 donum
1354 895 1576 925 testamentorum
1602 895 1655 926 con
1666 914 1672 919 -

50 932 190 963 immoror,
204 932 281 965 quasi
303 931 368 959 istas
381 931 494 960 arbores
507 939 559 959 n0n
570 932 625 966 jatn
643 938 670 959 tu
687 933 743 967 ipse
754 934 832 960 steri-

50 967 89 993 les
106 967 333 1000 pronuntiaveris.
347 967 489 1000 Quomodo
505 967 586 1001 igitur
602 974 655 994 non
669 973 716 994 aut
729 968 832 1002 jucaris

51 1002 77 1028 in
106 1002 150 1028 his
170 1002 407 1035 disputationibus,
433 1007 480 1029 attt
502 1002 615 1034 deliras,
634 1003 680 1036 qui
700 1003 832 1031 sterilium

48 1038 156 1064 fructus
170 1036 297 1072 arborum
314 1037 428 1065 laudas?
445 1038 495 1072 Qui
513 1039 605 1071 utique
619 1044 665 1064 aut
677 1038 740 1064 nulli
759 1044 831 1071 sunt,

48 1078 96 1098 aut
110 1072 133 1099 si
155 1070 215 1097 mali
231 1077 304 1105 sunt,
323 1070 519 1101 laudandiinon
534 1070 617 1099 sunt:
632 1077 679 1099 aut
691 1073 713 1099 si
729 1070 832 1102 fructus

47 1107 112 1134 ιιοηί
132 1107 195 1138 sint,
212 1107 333 1140 profecto
347 1109 454 1136 steriles
474 1108 585 1135 arbores
600 1115 654 1134 non
670 1112 751 1140 sunt;
779 1109 833 1137 imo

45 1146 74 1168 et
89 1142 169 1169 home
183 1145 255 1174 sunt,
268 1149 381 1177 quarum
402 1143 506 1170 fructus
525 1143 590 1170 boni
604 1149 678 1174 suttt,
692 1149 720 1170 et
734 1143 833 1171 debent

47 1177 105 1204 Deo
132 1177 247 1212 placere,
265 1178 308 1204 cui
328 1177 406 1205 bonae
425 1179 537 1206 arbores
559 1185 612 1204 non
642 1184 754 1212 possunt
781 1180 832 1206 nisi

45 1213 169 1248 placere,
193 1211 343 1248 falsumque
356 1214 407 1240 erit
420 1214 490 1248 quod
509 1211 698 1248 scriptutn'est
713 1225 719 1241 :
741 1223 750 1240 ι
766 1213 832 1242 Sine

46 1247 102 1274 ﬁde
122 1247 286 1282 impossibile
300 1247 341 1275 est
355 1247 461 1282 placere
474 1249 538 1275 Deo.
555 1258 565 1274 )

83 1282 192 1319 Scimus
208 1283 315 1316 quidem
329 1283 459 1319 plurimos
471 1287 531 1318 post
543 1288 668 1311 sanctum
685 1283 832 1311 Thomam‘

46 1318 189 1351 theologos
209 1325 324 1345 censere
349 1318 472 1346 infideles
498 1328 506 1344 ι
537 1327 589 1346 non
621 1326 699 1353 posse
723 1321 830 1353 operari

44 1353 118 1379 bona
134 1360 224 1387 opera,
241 1360 300 1387 quze
312 1358 422 1380 suntex
435 1355 534 1388 gratia,
550 1354 655 1381 scilicet
669 1361 751 1387 opera
775 1362 833 1381 nie-

43 1388 166 1420 ritoria;
184 1392 272 1414 tamen
288 1388 368 1420 bona,
382 1390 415 1416 ad
430 1397 489 1423 qua:
506 1389 607 1416 sufﬁcit
633 1390 734 1416 honuni
753 1395 832 1416 natu-

43 1431 94 1455 rae,
117 1422 258 1456 aequaliter
276 1424 384 1457 operari
398 1431 487 1458 posse.
507 1433 516 1450 ι
538 1424 718 1457 Quamobrem
735 1432 788 1451 non
803 1426 830 1451 in

41 1458 136 1489 omni,
152 1458 285 1492 inquiunt,
299 1459 405 1486 actione
417 1466 464 1486 sua
478 1463 603 1493 peccant,
619 1459 666 1487 sed
681 1460 714 1486 iis
727 1464 831 1486 tantum

40 1502 106 1527 qmc
117 1500 152 1521 ex
164 1493 322 1520 inlidelitate
335 1497 494 1527 operantur.

85 1528 182 1565 Utrum
196 1533 285 1565 autem
296 1534 322 1555 et
334 1529 392 1565 hate
408 1528 491 1556 fuerit
508 1529 593 1556 nostri
611 1529 758 1557 Clementis
772 1530 830 1565 opi-

42 1564 106 1597 nio,
117 1571 151 1600 es
165 1564 198 1600 iis
212 1563 328 1600 forsitan
347 1564 407 1598 quis
418 1564 519 1599 percipi
535 1572 613 1599 posse
628 1565 754 1599 putabit,
770 1563 831 1600 qui-

42 1602 99 1626 Ims
116 1599 161 1625 ille
184 1599 236 1625 duo
251 1599 393 1633 distinguit
415 1600 555 1626 hominum
580 1607 691 1634 genera,
715 1599 829 1634 quorum

39 1634 271 1665 aliinescientes,
286 1634 331 1660 alii
347 1642 411 1661 vero
437 1635 554 1670 scientes
573 1639 601 1662 et
626 1635 703 1669 gnari
730 1635 831 1670 aliquid

39 1672 116 1696 lit-ne
134 1669 236 1695 faciunt
250 1673 277 1696 et
290 1675 363 1696 recte
388 1670 491 1697 vivunt.
508 1669 638 1704 Utrisque
658 1674 748 1697 autem
763 1669 831 1704 quo-

38 1711 154 1738 cunque
170 1704 248 1740 uredo
264 1705 379 1740 egerint,
395 1709 476 1739 negat
489 1705 626 1740 illudpost
638 1710 752 1732 tnortent
770 1714 832 1740 pro-

36 1740 137 1771 desse,
150 1739 206 1775 rnisi
223 1738 302 1775 ﬁdem
321 1738 482 1767 habuerint“
496 1748 504 1767 :
520 1749 529 1766 ί
544 1738 602 1767 Jam
615 1748 677 1767 vero
690 1740 752 1767 illud
767 1738 832 1775 quo-

37 1782 108 1808 que,
131 1774 179 1810 ait,
205 1774 418 1810 consideremus,
448 1783 481 1801 an
497 1776 606 1810 quando
630 1781 703 1802 recte
726 1774 830 1808 vivunt,

35 1810 92 1844 qui
107 1809 232 1836 nesciunt
252 1809 427 1842 benefacere;
451 1809 552 1837 accidit
577 1810 650 1837 enim
669 1815 697 1837 ut
721 1810 831 1837 benefa-

34 1847 119 1872 ciant
137 1853 144 1870 :
166 1844 385 1880 nonnulliautcm
400 1852 447 1878 per
461 1845 666 1880 intelligentiatn
682 1845 714 1872 ad
729 1846 831 1872 verita-

35 1881 79 1906 tis
96 1878 352 1914 verhumrleruutur,
367 1885 494 1914 tanquam
512 1878 680 1914 ad'scopum.
695 1881 830 1907 Abraham

33 1919 137 1942 autem
153 1913 234 1949 205
244 1922 296 1940 tton
310 1922 342 1941 ex
353 1913 481 1949 operibus
494 1913 657 1949 justilicatus
670 1919 720 1946 est.
739 1917 787 1942 sed
798 1923 832 1942 ex

32 1950 107 1977 ﬁde.
125 1949 199 1976 Nihil
210 1957 275 1983 ergo
288 1950 327 1976 eis
344 1955 405 1984 post
417 1955 479 1977 Vitae
492 1952 571 1977 linem
586 1951 716 1985 proderit,
732 1951 829 1977 etiam-

31 1986 61 2012 si
80 1993 154 2011 nttnc
173 1990 247 2011 recte
262 1990 421 2018 operentur,
439 1985 489 2011 nisi
507 1986 587 2012 ﬁdem
606 1987 733 2013 habeant.
756 1995 766 2011 ι

78 2020 184 2047 Deinde
197 2028 259 2046 vero
275 2026 417 2053 postquam
434 2020 478 2046 illc
493 2028 541 2047 nos
554 2021 616 2047 alibi
629 2021 829 2047 admonuitnon

31 2062 150 2083 tantum
167 2059 292 2089 utroque,
306 2063 367 2081 cum
383 2055 474 2082 Veteri
490 2060 545 2081 tum
558 2055 632 2082 Novo
644 2054 828 2087 Testamento,

29 2092 90 2119 sed
109 2091 221 2117 statutis
234 2091 316 2117 etiam
329 2091 398 2124 apud
412 2090 521 2117 Grazcos
534 2095 558 2117 et
575 2091 748 2125 philosophos
766 2092 831 2126 legi-

30 2129 92 2153 lrus
107 2136 117 2151 ι
135 2133 233 2159 genus,
250 2126 366 2152 actionis
379 2133 439 2152 esse
454 2125 719 2157 tnauifestissimtnn,
739 2135 748 2151 ι
766 2125 831 2153 coit-

28 2163 164 2188 tinenter
177 2160 294 2193 adjecit“
309 2168 316 2186 :
334 2171 343 2186 (
358 2161 391 2187 Et
407 2165 435 2187 ut
447 2162 531 2188 semel
551 2161 648 2193 dicam,
665 2162 754 2188 OlltlllS
778 2162 831 2188 uti-

25 2198 114 2228 litas,
128 2204 192 2230 qurc
208 2196 241 2221 ad
257 2198 339 2222 vitam
359 2197 485 2230 pertinet,
505 2203 631 2230 suprema
648 2197 757 2230 quidem
785 2204 830 2222 ra-

27 2235 115 2258 tione
130 2240 145 2257 a
162 2231 218 2257 Deo
233 2231 427 2264 omnipotente,
441 2231 487 2265 qui
507 2235 604 2265 prazest
619 2232 760 2262 otnnilnts,
776 2230 829 2257 Pa-

25 2273 80 2293 tre
97 2267 242 2300 perlicitur
259 2273 306 2300 per
324 2265 441 2298 Filium,
456 2266 501 2300 qui
522 2267 603 2293 etiattt
635 2271 774 2300 propterea
790 2273 832 2293 est

27 2307 166 2329 servator
180 2301 311 2332 omnium,
327 2302 413 2336 inquit
430 2300 582 2334 Apostolus,
599 2308 716 2328 tnaxune
740 2306 830 2328 autem

22 2337 177 2363 fidelium.
195 2345 205 2361 ι
227 2337 268 2362 An
292 2343 373 2369 porro
386 2344 419 2364 ex
434 2337 477 2363 his
497 2336 623 2363 concludi
652 2337 738 2371 possit
764 2336 829 2363 Cle-

21 2371 349 2398 mentetnexistiutasse
366 2372 488 2407 quaedam
505 2371 651 2398 inﬁdelium
675 2372 746 2398 bona
771 2372 830 2406 qui-

21 2407 99 2434 dem
115 2413 179 2433 esse
202 2413 294 2440 opera,
312 2407 359 2434 sed
371 2415 403 2434 ea
417 2407 450 2434 ad
464 2407 547 2433 vitam
568 2412 700 2434 aeternam
720 2414 830 2441 compa-

21 2441 157 2469 randatn
170 2448 220 2468 nec
234 2441 320 2473 utilia,
349 2450 400 2470 nec
423 2442 603 2476 pertinentia,
632 2442 745 2468 aliorutn
769 2446 828 2469 esto

21 2476 185 2511 judicium.
204 2476 232 2503 Si
245 2480 336 2503 autem
359 2485 415 2504 rem
427 2478 464 2504 ita
479 2484 509 2504 se
527 2476 628 2505 habere
642 2477 827 2512 pronuntient,

21 2511 117 2538 nobis
132 2512 299 2543 edisserant,
315 2513 450 2546 quomodo
466 2512 516 2539 sibi
531 2512 581 2546 ipsi
599 2513 752 2539 constiterit
766 2520 831 2538 eru-

21 2546 198 2573 ditissimus
214 2551 309 2573 auctor
323 2553 425 2580 noster,
439 2547 486 2582 qui
507 2548 629 2581 Cujusvis
644 2547 754 2581 gentilis
782 2554 828 2574 ac-

21 2583 143 2607 tionem
160 2588 275 2617 peccare
296 2582 367 2609 haud
388 2589 500 2617 prorsus
513 2589 543 2609 se
561 2583 700 2616 ambigere
712 2583 828 2617 apertis~

21 2618 43 2643 si
53 2623 103 2642 tne
126 2616 284 2649 proﬁtetur.

307 2651 504 2680 ARTICIJLUS
523 2652 568 2680 Ν.

21 2685 143 2713 Ρι-ωιεν
164 2686 246 2720 [idem
263 2686 331 2714 bona
357 2695 435 2720 opera
451 2690 485 2714 ad
499 2689 610 2716 salutem
620 2687 829 2723 consequendam

324 2730 379 2749 esse
388 2730 545 2749 ηειδεεδαηα.

61 2756 208 2789 Quamvis
220 2756 345 2785 Clemens
364 2758 443 2784 tidem
467 2763 560 2791 tantae,
579 2759 618 2786 uti
637 2759 765 2792 vidimus,
782 2765 831 2785 ηε-

59 2843 272 2882 ¹ΛΑιιευβιρμ
294 2843 328 2876 Κ,
350 2845 492 2882 Dergestis
519 2845 622 2878 Pelag.,
649 2854 674 2873 c.
702 2846 955 2882 l6,§54,p.721l.

410 2853 492 2908 gesns
519 2853 635 2908 setafns
649 2854 674 2873 c.
702 2853 746 2908 ‘llil,
762 2853 776 2882 θ
788 2853 834 2880 οι»,
847 2853 955 2909 ῃέἓέιι.
967 2882 978 2897 ⁸
994 2853 1086 2908 s-lrtipr;
1102 2853 1152 2908 IIV,‘

422 2901 437 2932 θ
449 2887 508 2950 δ’ξᾷ
521 2901 547 2952 ρΣ
562 2916 624 2946 668.
638 2887 722 2953 "flii.
738 2890 895 2953 iii'pif'ess.
915 2900 955 2933 ἰι
969 2917 987 2944 ι.
1002 2923 1038 2949 ιν,
1055 2901 1152 2951 ρ.ἰέ8

685 2933 722 2955 ..ιι
741 2933 774 2952 vt,
790 2933 816 2953 μθ
833 2933 895 2946 ννυο
969 2933 987 2944 ιι
1002 2933 1038 2949 Iv,
1055 2933 1083 2951 ιιι
1100 2933 1162 2944 ’.υν-

21 2893 44 2905 »-
65 2878 141 2906 601.
186 2878 198 2894 ⁸
211 2879 376 2914 2-2,qu:est.
395 2881 405 2907 Ι

45 2915 164 2942 ὅιιοω.
186 2914 205 2942 ι.
222 2921 270 2949 vn,
282 2922 308 2950 p.
323 2914 384 2943 7l9.

452 2887 504 2908 art.
521 2881 547 2908 ὁ.

422 2917 433 2932 ⁹
449 2916 467 2945 ι.
482 2924 508 2950 v,
521 2925 547 2952 p.
562 2916 624 2946 668.

888 931 1004 957 strttitur
1021 931 1048 957 in
1066 932 1208 958 veritatem
1223 932 1327 964 ﬁdei,et
1339 933 1365 959 itt
1379 933 1505 959 laudibus
1522 940 1671 967 congrega-

888 970 940 996 tur,
958 970 1048 992 tuente
1061 966 1168 1000 quidem
1185 974 1262 1000 pura,
1277 968 1349 999 justa
1366 974 1455 994 autem
1473 973 1501 994 et
1515 966 1589 994 recta
1605 966 1668 996 vitae

888 1001 1059 1036 institutione
1072 1008 1104 1027 ex
1120 1004 1220 1028 sanctis
1244 1003 1383 1036 operibus.
1398 1007 1425 1030 et
1439 1002 1517 1036 justa
1536 1003 1671 1030 oratione.

886 1035 915 1068 ἐξ
929 1035 1008 1073 ὁσίῳν
1030 1035 1127 1071 ἔργων,
1150 1037 1237 1073 ἀρχῆς
1253 1035 1282 1064 ea
1301 1037 1417 1069 δικαίας.
1435 1035 1447 1063 ἱ
1470 1037 1570 1065 Praeter
1594 1038 1672 1066 ﬁdem

887 1078 952 1109 ergo
964 1071 1088 1109 Clemens
1102 1071 1249 1105 quemlibet
1265 1073 1298 1100 ad
1313 1073 1381 1099 bona
1396 1080 1479 1107 opera
1500 1073 1604 1109 agenda
1617 1074 1671 1102 ob-

886 1106 1010 1142 strictum
1022 1106 1224 1142 obligatumque
1243 1115 1304 1134 esse
1319 1108 1446 1135 credidit.

922 1141 991 1174 Quid
1009 1148 1084 1173 vero,
1100 1141 1171 1176 quod
1189 1143 1343 1178 ipsammet,
1361 1143 1395 1170 de
1409 1150 1462 1177 qua
1474 1143 1577 1178 agitur,
1591 1143 1671 1172 ﬁdem

886 1175 930 1202 ille
944 1177 1076 1203 honorum
1097 1175 1208 1210 operum
1225 1177 1386 1204 effectricem
1411 1175 1471 1205 esse
1486 1175 1527 1205 liis
1551 1179 1673 1207 declarat

885 1211 997 1238 verbis’
1016 1221 1023 1238 :
1041 1220 1049 1236 ε
1067 1210 1126 1238 Jatn
1145 1219 1209 1239 vero
1224 1213 1300 1244 ﬁdes,
1318 1218 1345 1240 et
1358 1213 1380 1240 si
1392 1217 1435 1240 est
1445 1213 1596 1240 voluntaria
1611 1216 1672 1243 ani-

887 1254 936 1273 ma:
949 1246 1086 1284 assensio,
1100 1251 1142 1274 est
1169 1248 1409 1284 tamenhonorunt
1422 1249 1571 1282 operatrix,
1585 1255 1612 1276 et
1624 1250 1670 1284 ju-

886 1285 935 1307 stas
947 1281 1152 1309 fundamentum
1169 1282 1303 1309 actionis?
1322 1292 1332 1308 ι

921 1315 1033 1353 Νεενθξι
1047 1316 1169 1353 profecto
1184 1317 1254 1351 quod
1270 1317 1453 1345 heterodoxus
1474 1317 1535 1352 quis
1554 1325 1670 1353 respon-

885 1351 948 1378 deat
960 1352 1025 1379 nihil
1042 1353 1069 1378 in
1087 1352 1236 1388 Clementis
1252 1354 1336 1379 nostri
1366 1351 1669 1388 scriptis’l‘requentius

885 1393 1042 1420 occurrere,
1068 1395 1148 1422 quam
1163 1387 1233 1414 bona
1247 1395 1329 1422 opera
1353 1388 1378 1414 in
1395 1387 1555 1422 Scripturis'
1570 1390 1672 1417 sanctis

885 1422 1033 1457 nonutmtlo
1047 1423 1160 1455 consuli,
1176 1429 1268 1448 verum
1287 1423 1370 1450 etiam
1388 1424 1513 1457 praecipi;
1529 1423 1576 1451 sed
1590 1424 1671 1451 nulli-

885 1456 909 1481 hi
929 1456 1001 1492 illum
1025 1457 1127 1485 dixisse
1152 1457 1236 1484 ullum
1270 1456 1395 1492 unquam
1412 1456 1548 1485 hominem
1575 1459 1671 1486 iisdem

884 1491 1011 1524 operibus
1029 1493 1097 1524 suis,
1110 1496 1156 1518 aut
1169 1492 1249 1519 etiam
1262 1491 1373 1520 lideivel
1391 1499 1564 1527 peccatorum
1577 1495 1672 1522 remis-

883 1526 1000 1560 sionem,
1018 1527 1060 1553 vel
1077 1527 1199 1554 divinam
1218 1526 1404 1562 adoptionem,
1419 1529 1459 1555 vel
1488 1529 1571 1556 vitam
1600 1529 1673 1556 salu-

885 1566 994 1596 temque
1006 1567 1134 1589 teternam
1149 1564 1308 1596 promereri.
1337 1563 1415 1590 Hunc
1431 1564 1532 1590 etenim
1549 1572 1671 1591 errorem

883 1595 1010 1633 Clemens
1024 1602 1117 1624 noster
1137 1595 1257 1624 funditus
1270 1599 1408 1626 evertit”.
1432 1597 1523 1633 Neque
1539 1599 1612 1627 enim
1626 1607 1673 1626 so-

882 1632 939 1668 lum
955 1634 1098 1668 perSpicue
1115 1633 1193 1660 docet
1210 1642 1219 1658 ί
1237 1640 1285 1659 nos
1309 1634 1441 1660 honorum
1466 1632 1578 1668 operum
1607 1635 1672 1661 elle-

882 1667 1174 1704 _ct_.ionc,_dtyaeosp-{iq.,
1196 1675 1228 1695 ac
1250 1669 1338 1704 divina
1364 1667 1570 1701 assitttilaiiotte,
1596 1669 1672 1702 θείας

882 1700 1067 1737 sicyonem-im;
1078 1723 1085 1735 ,
1100 1700 1140 1730 ad
1152 1700 1295 1730 'a-ternam
1315 1703 1471 1731 felicitatem
1499 1700 1611 1731 subvehi
1625 1714 1635 1737 φ
1658 1700 1667 1731 i

882 1741 930 1764 sed
947 1738 1045 1764 ibidem
1060 1739 1157 1765 addit:
1176 1748 1184 1763 ε
1203 1739 1272 1765 Sunt
1296 1739 1355 1765 alia:
1369 1747 1452 1772 oves,
1477 1740 1565 1773 inquit
1581 1740 1673 1767 Domi-

883 1780 945 1803 nus,
963 1781 1023 1807 qua:
1043 1781 1095 1800 non
1112 1779 1175 1800 sunt
1190 1781 1222 1799 cx
1239 1777 1289 1800 hoc
1306 1774 1381 1806 ovdi,
1400 1782 1460 1809 qua:
1483 1776 1535 1802 alio
1551 1775 1615 1802 ovili
1643 1781 1673 1803 et

883 1808 1025 1835 mansione
1038 1816 1086 1842 pro
1098 1809 1271 1844 proportione
1288 1810 1348 1836 lidei
1364 1808 1427 1836 sunt
1454 1810 1582 1843 dignane.
1607 1810 1672 1838 Mea:

883 1847 972 1879 autem
986 1851 1054 1870 oves
1067 1851 1152 1870 meam
1167 1851 1259 1879 vocem
1274 1845 1398 1877 audiunt,
1414 1852 1428 1870 a
1444 1846 1597 1879 cognitione
1611 1854 1672 1873 mea

882 1878 1015 1914 mandata
1030 1878 1222 1914 intelligentes.
1235 1878 1292 1906 Hoc
1307 1884 1398 1906 autem
1427 1878 1490 1906 licet
1512 1881 1670 1914 tttagnilice,

883 1917 911 1939 et
926 1920 974 1947 pro
991 1913 1127 1946 dignitate
1139 1914 1297 1948 meritisque
1323 1916 1448 1948 accipere
1464 1922 1525 1941 cum
1554 1913 1666 1949 'iperum

884 1949 1101 1975 remuneratione
1112 1954 1140 1976 et
1152 1953 1244 1984 mutua
1255 1950 1460 1983 consequentia.
1477 1954 1566 1982 Quare
1581 1958 1670 1984 quan-

883 1984 917 2009 do
934 1983 1099 2010 audieritnus
1116 1992 1123 2010 :
1143 1993 1152 2009 ε
1174 1983 1253 2011 Fides
1271 1990 1315 2011 ttta
1329 1990 1355 2011 te
1369 1986 1471 2011 salvam
1497 1985 1571 2016 fecit,
1589 1983 1599 2010 ἱ
1618 1994 1671 2013 non

883 2018 1032 2052 accipitnus
1056 2026 1118 2045 eum
1145 2019 1236 2046 dicere
1252 2019 1374 2046 absolute
1390 2027 1436 2046 eos
1451 2020 1540 2047 salvos
1553 2020 1669 2054 futuros,

883 2054 929 2091 qui
942 2054 1185 2087 quomodocunque
1201 2055 1379 2091 crediderint,
1396 2055 1447 2081 nisi
1465 2062 1547 2087 opera
1564 2063 1672 2091 quoque

884 2089 985 2114 t‘uertnt
997 2095 1154 2115 consecuta.
1179 2098 1189 2115 ι
1210 2089 1278 2122 Quid
1291 2090 1323 2115 ad
1341 2089 1529 2116 lnereticorum
1546 2089 1668 2118 errorem

883 2124 1065 2150 damnandum
1083 2125 1124 2150 his
1139 2124 1286 2151 Clementis
1311 2125 1397 2151 nostri
1419 2125 1508 2151 verbis
1523 2126 1624 2153 clarius
1638 2131 1667 2153 et

884 2158 1066 2186 luculentius?
1080 2158 1117 2186 lbi
1139 2160 1280 2186 enimvero
1304 2160 1482 2187 disertissime
1509 2162 1669 2193 pronuntiat

882 2194 986 2230 salvum
1007 2195 1064 2221 lieri
1084 2194 1220 2222 hominem
1238 2195 1298 2227 ﬁde,
1319 2201 1347 2221 et
1369 2194 1446 2221 bonis
1467 2195 1550 2221 etiam
1580 2197 1672 2230 operi-

883 2228 943 2261 hus,
965 2236 1026 2263 quae
1054 2230 1078 2256 in
1108 2229 1193 2256 altera
1222 2230 1276 2256 vita
1305 2230 1384 2256 simul
1412 2228 1669 2259 remunerabuntur.

883 2264 1055 2297 Quapropter
1081 2264 1143 2291 alibi
1158 2273 1191 2292 ex
1209 2265 1332 2299 ipsismet
1357 2265 1494 2298 Evangelii
1518 2267 1609 2293 verbis
1622 2275 1670 2293 os-

884 2299 997 2325 tendit”
1013 2300 1083 2333 apud
1098 2300 1241 2326 Dominum
1256 2307 1317 2327 esse
1337 2300 1494 2334 complures
1513 2302 1669 2329 mansiones

882 2339 910 2360 et
925 2334 1068 2368 prtcclaras
1083 2336 1320 2362 remunerationes
1334 2342 1383 2370 pro
1395 2335 1582 2370 cujuscunque
1607 2344 1666 2363 tne-

882 2371 987 2404 rittsret
1000 2370 1060 2396 vitae
1076 2371 1263 2404 proportione.

916 2403 956 2430 Ad
972 2404 1029 2432 haec
1046 2411 1109 2432 vero
1124 2405 1292 2432 Clementem
1308 2405 1461 2432 audivimus
1486 2405 1565 2440 plane
1580 2411 1607 2433 et
1625 2406 1669 2433 di-

879 2440 968 2466 lucide
987 2445 1191 2467 asseverantem
1211 2440 1281 2467 bona
1310 2447 1392 2474 opera
1415 2446 1476 2475 post
1509 2440 1587 2474 hujus
1606 2443 1669 2469 vitae

881 2476 962 2502 ﬁnem
979 2475 1043 2501 nulli
1063 2476 1202 2509 prodesse,
1217 2475 1269 2502 nisi
1285 2475 1364 2503 ﬁdem
1379 2475 1548 2502 habuerit”.
1573 2476 1670 2504 Nonne

881 2516 971 2537 autent
986 2510 1049 2537 inde
1066 2514 1141 2536 recte
1159 2511 1276 2537 infertur
1293 2511 1364 2537 bona
1383 2517 1465 2544 opera
1497 2512 1530 2538 iis
1553 2512 1671 2538 homini-

881 2547 932 2573 bus
944 2550 1006 2579 post
1022 2545 1101 2579 hujus
1112 2546 1174 2572 vita:
1191 2547 1270 2572 linem
1285 2545 1436 2580 profutura,
1450 2546 1494 2580 qui
1512 2547 1593 2573 simul
1605 2555 1668 2574 cunt

881 2581 960 2616 bonis
977 2585 1104 2614 operibus
1119 2587 1181 2608 vera
1200 2581 1251 2607 ﬁde
1268 2582 1447 2616 eruutornati
1460 2589 1492 2608 ac
1507 2583 1635 2616 prtediti?

917 2615 965 2642 His
981 2615 1094 2650 insuper
1117 2616 1244 2649 adjungc,
1259 2617 1282 2643 si
1300 2615 1378 2648 velis,
1396 2617 1467 2649 quod
1482 2615 1516 2643 ab
1530 2617 1588 2650 ipso
1603 2618 1673 2644 scri-

881 2656 957 2686 ptum
979 2651 1098 2685 legitur:
1122 2659 1131 2676 (
1150 2652 1209 2678 Orti
1235 2658 1342 2682 sumus,
1365 2655 1394 2677 ut
1417 2651 1580 2685 eligeremus
1608 2654 1675 2679 obe-

883 2687 941 2713 dire
964 2686 1110 2718 tnandatis,
1128 2687 1161 2712 ad
1175 2686 1227 2712 hoc
1239 2692 1267 2712 ut
1284 2686 1414 2713 vellemus
1435 2694 1496 2714 esse
1510 2687 1612 2714 salvi...
1626 2686 1675 2713 Est

882 2729 948 2755 ergo
963 2721 1081 2747 cilicium
1096 2722 1214 2748 hominis
1229 2721 1283 2748 Deo
1295 2728 1403 2755 parere.
1417 2722 1462 2756 qui
1472 2723 1546 2748 varia
1560 2731 1612 2749 ann
1620 2729 1672 2747 uu-

884 2758 961 2783 timt
976 2763 1024 2790 per
1042 2756 1155 2783 salutem
1186 2763 1355 2791 praecepta...
1372 2755 1431 2788 Qui
1451 2765 1512 2784 cuttt
1540 2758 1584 2790 iis,
1601 2764 1672 2792 quas

1011 2846 1021 2861 '
1038 2845 1086 2873 lib.
1102 2853 1140 2878 tv,
1158 2846 1259 2873 Contra
1275 2843 1374 2870 Julian.
1395 2842 1498 2877 Pelag.,
1513 2849 1538 2869 c.
1551 2841 1578 2874 5,
1593 2840 1668 2878 ἐμβῇ.

967 2882 978 2897 ⁸
994 2880 1096 2908 Strotn.
1110 2876 1181 2914 Ιζνι,
1198 2889 1224 2915 ρ.
1237 2879 1300 2906 695.
1338 2878 1348 2894 ⁷
1364 2876 1470 2905 διτοηιξ
1481 2878 1498 2905 ι.
1517 2885 1554 2910 ιν,
1568 2876 1668 2911 ρίόιὸ.

969 2917 987 2944 Ι.
1002 2923 1038 2948 tv,
1055 2923 1083 2948 ρ.
1100 2916 1162 2944 ωε.
1203 2916 1225 2931 ¹²
1242 2915 1260 2942 l.
1276 2921 1324 2947 vn,
1339 2920 1366 2948 ρ.
1382 2912 1444 2940 τις).
