1916 3071
261 154 327 183 “Gl

596 150 629 177 ΙΝ
642 149 855 178 CLEMENTEM
874 149 976 177 ALEX.
999 149 1030 176 Ι).
1051 149 1094 176 LE
1114 149 1257 177 NOURRY
1278 150 1503 179 DISSERTATIO
1520 149 1552 177 ll.

1807 150 1862 178 ιιθξ

260 214 379 246 oportet,
398 209 663 238 consideratiouibns
677 214 802 246 prompto
815 213 842 236 et
858 209 1046 246 alacrianimo
1060 211 1083 240 Α
1097 210 1168 236 sicut
1183 215 1210 235 et
1227 209 1361 246 charitas.
1384 215 1522 245 tantaeque
1550 209 1702 246 utriusque
1717 213 1773 246 sunt
1789 209 1862 239 vires.

261 244 400 280 acceperit
413 246 538 272 mandata
553 249 580 271 et
593 245 764 280 custodierit,
781 245 804 272 is
819 249 861 272 est
875 244 971 273 fidelis.
995 245 1046 278 Qui

259 279 351 308 autem
366 288 415 315 pro
426 286 536 314 accepto
552 279 685 307 beneﬁcio
699 287 748 314 pro
760 280 863 306 viribus
886 280 969 306 rel'ert
983 288 1045 314 gra-

261 317 313 343 tias
331 314 378 350 per
397 316 568 345 charitatent.
594 315 617 342 is
638 320 679 341 est
707 316 820 342 amicus.
851 324 861 340 ι
884 314 1046 342 Persuasum

260 358 328 387 ergo
341 351 466 378 Clemens
481 350 574 377 hahuit
588 351 657 387 bona
678 358 762 384 opera
776 350 809 377 ad
825 351 1045 387 :ctcrnainrsalu—

261 385 315 413 tetit
331 388 541 420 comparandam
569 385 646 412 utilia
662 392 732 417 esse,
753 391 835 419 atque
851 386 883 412 iis
898 386 1044 418 hominem,

261 422 306 448 Dei
323 422 408 455 gratia
423 421 555 455 adiutum,
568 421 606 446 uti
623 428 656 446 ex
672 428 705 447 eo
720 421 826 447 abunde
840 421 1043 455 probatumest,

258 463 368 483 anei-na:
380 456 516 483 felicitatis
531 456 641 490 praemia
657 457 813 490 promereri.

296 491 419 526 Denique
435 499 468 518 ex
493 492 634 524 ipsittsntet
646 491 747 518 Christi
762 491 850 518 verbis
863 496 889 518 et
904 492 1044 526 proposita

260 527 293 553 ab
311 525 381 560 ipso,
393 526 578 561 operariorum
597 527 736 560 parahola,
762 525 937 553 manifestum
957 528 1044 554 adhuc

258 561 325 588 facit
342 571 350 587 ι
367 567 448 589 ωριτε
464 561 527 588 vitae
541 561 712 595 assiduitate,
728 571 738 587 ι
753 561 804 588 ltoc
818 567 870 594 est,
889 562 968 589 honis
981 570 1044 596 ope-

260 597 334 624 ribus
347 605 397 624 nos
409 597 543 624 violenter
563 596 664 623 Christi
681 603 777 630 rapere
799 604 910 630 regnum
931 607 938 624 :
956 606 965 623 ι
992 598 1042 630 Qui

259 639 384 666 regnum,
402 631 532 667 inquiti“,
549 632 668 665 rapiunt,
695 637 759 659 sunt
772 632 894 665 violenti,
911 640 963 659 non
980 640 1044 660 con-

258 667 384 693 tentiosis
395 666 574 699 orationibus,
589 667 634 693 sed
652 672 731 694 recta:
743 667 803 694 vitae
814 668 974 694 assiduitate
991 676 998 699 ;
1017 672 1044 695 et

258 703 441 734 orationibus,
461 709 522 736 qua:
549 703 618 728 liunt
647 702 705 728 sine
731 702 943 735 intermissione,
977 703 1042 730 dicti

257 742 320 764 sunt
334 737 387 764 vim
406 737 514 769 alferre,
528 741 557 763 ut
572 737 617 770 qui
632 744 665 763 ex
679 737 816 771 prioribus
837 739 957 772 peccatis
975 746 1042 766 cort-

257 776 361 799 tractas
373 772 538 799 abstulerint
554 772 684 799 maculas.
702 781 711 797 ι

291 807 443 842 Antequam
456 814 536 841 porro
553 809 623 834 hunc
640 807 673 834 de
687 807 738 834 lide
754 811 898 834 tractatum
914 808 1040 835 absolva—

257 849 330 873 mus,
343 841 396 869 non
415 842 509 869 inutile
526 841 639 869 forsitan
655 842 707 869 erit
722 843 814 876 paucis
824 850 959 877 exponere
970 844 1040 877 quod

256 885 272 904 a
300 877 404 904 Grtccis
431 877 598 912 philosophis
629 878 662 904 de
689 877 734 904 illa
762 878 888 905 traditmn
914 878 1040 905 Clemens

256 912 428 939 memorat“.
444 913 484 939 Ab
500 912 646 939 Aristotele
675 917 766 939 autem
792 913 829 939 ita
846 913 890 940 ille
908 915 1013 940 orditur
1031 922 1037 940 :

259 956 268 972 ι
288 947 459 979 Aristoteles,
478 947 504 973 id
517 950 588 981 qttod
603 948 780 982 consequitur
796 947 950 980 scientiam,
967 948 1040 982 judi-

256 983 340 1015 cium,
355 990 408 1017 qtto
421 990 512 1009 verum
525 990 585 1009 esse
602 983 653 1010 hoc
667 988 714 1009 aut
732 983 795 1010 illud
816 983 982 1016 judicamus,
999 984 1041 1010 di-

256 1018 293 1044 cit
309 1025 368 1045 esse
385 1018 474 1044 Iidem.
493 1027 503 1043 ι
522 1018 597 1045 Unde
611 1019 681 1044 hanc
698 1018 812 1045 scientia
827 1026 888 1045 esse
909 1026 1042 1053 praestau-

257 1053 354 1080 liorem
370 1053 517 1080 concludit.
533 1053 586 1079 Sed
604 1053 662 1080 hrec
682 1053 784 1080 clarius
803 1061 819 1080 a
837 1053 1040 1081 Tlteodorcto"

254 1091 419 1122 transcripta
436 1089 556 1122 reperire
571 1093 623 1114 est.

289 1123 392 1150 Deinde
410 1123 534 1150 Clemens
556 1123 577 1139 ¹⁶
594 1128 686 1151 narrat
705 1124 850 1158 Epicurum
867 1124 1041 1151 existimasse

255 1157 335 1185 ﬁdem
346 1166 406 1186 esse
416 1158 550 1193 πρόληψιν
560 1158 688 1191 διανοίας,
701 1157 790 1192 idest,
805 1165 833 1186 ut
846 1160 960 1186 reddidit
975 1160 1042 1186 ller-

254 1200 343 1225 vetus,
362 1203 371 1219 ι
391 1194 564 1227 cogitationis
593 1195 825 1229 anticipationem.
846 1204 855 1220 ι
873 1195 925 1221 Sed
938 1196 972 1221 de
991 1196 1041 1221 hac

254 1229 316 1256 ﬁdei
328 1230 488 1256 delinittone
501 1237 607 1255 rursum
617 1229 744 1264 legendus
755 1235 796 1256 est
808 1230 995 1257 Theodoretus
1008 1230 1039 1262 ‘7,

253 1265 297 1298 qtti
313 1271 372 1291 eam
390 1265 615 1300 variis_excntplis
625 1265 754 1292 illustrat.
768 1265 890 1300 Denique
901 1265 1037 1298 Clemens,

252 1300 445 1334 atqueiteruut
462 1298 650 1334 Theodoretus
675 1301 752 1327 nobis
765 1298 895 1327 exhibent
918 1301 982 1333 quid
1008 1301 1041 1327 de

252 1333 299 1362 illa
314 1334 483 1366 Heraclitus,
498 1333 573 1362 Plato
589 1340 614 1361 et
632 1335 812 1370 Epicharmus
832 1335 1003 1363 tradiderint.

462 1380 544 1416 203
563 1381 762 1409 Attricuws
785 1380 818 1408 v.

515 1428 554 1454 De
573 1436 617 1462 spe
632 1433 656 1454 et
675 1429 778 1454 timore.

287 1474 413 1502 Secunda
431 1475 520 1502 virtus
535 1475 689 1509 theologica
705 1480 747 1501 est
764 1482 844 1509 spes,
868 1481 928 1508 qum
944 1482 958 1500 τι
979 1474 1041 1501 Cle-

251 1515 342 1538 mente
365 1510 404 1536 sic
426 1510 586 1538 delinitur”
613 1520 620 1537 ι
643 1510 735 1541 Ἐλπὶς
752 1509 898 1545 προσδοκία
918 1510 1041 1544 κτήσεως

251 1544 366 1581 ᾀγαθοῦ.
383 1553 393 1570 ‹
410 1545 479 1579 Spes
493 1551 534 1573 est
559 1545 621 1572 boni
646 1544 803 1581 acquiri-mli
832 1547 1010 1581 exspectatio.
1028 1555 1037 1570 ι

254 1580 355 1607 Rursus
370 1585 460 1606 autem
478 1581 559 1615 paulo
572 1581 658 1614 post”
675 1590 681 1606 :
704 1580 796 1611 Ἐλπὶς
807 1580 954 1615 προσδοκία
968 1581 1038 1614 ἁγα-

251 1615 316 1648 θῶν,
333 1614 349 1650 ἢ
365 1614 594 1650 ἀπόντοζάγαοοῦ
609 1614 726 1646 εῠελπις·
745 1625 754 1640 ι
778 1614 848 1649 Spes
870 1621 913 1642 est
937 1623 1037 1649 exspe-

251 1651 336 1677 ctatio
352 1651 494 1682 bonorunt,
512 1652 554 1678 vel
572 1652 693 1678 absentis
711 1650 774 1676 boui
790 1651 858 1677 bona
871 1656 1002 1684 speratto.
1025 1661 1034 1677 ι

250 1685 371 1712 Cuililiet
386 1693 450 1713 vero
464 1687 536 1720 spei,
549 1694 595 1713 seu
610 1688 736 1712 itumaitat
747 1705 754 1717 ,
771 1693 819 1712 seu
841 1686 938 1712 divinae
949 1705 956 1717 ,
975 1686 1014 1713 vel
1028 1707 1035 1718 ,

251 1726 283 1746 ut
300 1721 390 1751 aiunt,
418 1722 535 1747 naturali
552 1727 580 1747 et
601 1720 813 1755 supernaturali.
834 1721 890 1747 hinc
914 1722 1037 1749 delinitio

250 1755 390 1782 convenit.
408 1755 445 1782 De
467 1763 520 1790 qua
536 1761 628 1783 autem
649 1757 834 1789 disputamus,
851 1763 881 1782 ea
892 1761 943 1787 est,
962 1765 972 1781 ‹
989 1764 1038 1791 per

251 1797 344 1825 quam,
366 1798 375 1815 ι
389 1795 418 1816 ιιι
433 1791 556 1825 loquitur
573 1791 699 1818 Clemens
713 1792 847 1823 noster“,
865 1799 874 1816 ι
898 1791 1037 1818 desidera-

250 1833 311 1852 mus
325 1833 385 1860 qua:
397 1831 460 1852 sunt
472 1827 587 1861 optima,
604 1837 614 1852 ι
628 1826 661 1853 δι’
679 1826 713 1860 ἥν
726 1825 859 1861 ἐφιέμεθα
872 1826 926 1852 τῶν
948 1826 1036 1862 βελτί-

249 1868 321 1887 στων
332 1881 339 1893 ,
354 1861 460 1888 scilicet
480 1863 562 1888 Deum
578 1864 666 1896 ipsum
677 1881 684 1894 ,
701 1862 758 1888 sive
775 1868 906 1888 intentant
917 1862 1035 1889 felicita-

249 1900 302 1922 tem
313 1904 365 1930 qua
379 1896 433 1923 Deo
441 1902 572 1924 aeternum
586 1899 718 1923 lruantur.

284 1931 458 1966 Quapropter
473 1932 517 1958 ille
533 1937 627 1967 aperte
645 1934 723 1958 docet
734 1932 755 1947 "
773 1939 821 1967 spe
832 1940 876 1959 res
893 1932 1001 1960 futuras
1019 1941 1034 1961 a

247 1968 328 2003 nobis
340 1968 510 2000 exspectari,
529 1967 757 2002 quemadmodum
784 1968 836 1995 lide
857 1976 900 1995 res
926 1977 1035 2003 quoque

247 2001 355 2029 futuras
376 2007 459 2036 atque
480 2001 563 2029 etiam
596 2003 754 2037 praeteritas
784 2001 942 2031 crediutusf
965 2001 1036 2031 Illuc

247 2042 350 2071 quanta
370 2038 441 2064 inter
453 2042 596 2072 utramque
612 2037 685 2064 illam
707 2039 837 2065 virtutem
851 2057 858 2069 ,
874 2046 924 2066 nec
939 2046 990 2065 non
1009 2045 1036 2066 et

247 2072 408 2100 cltaritatetn
433 2073 469 2099 sit
496 2074 644 2105 connexio,
662 2073 698 2100 ita
718 2074 775 2108 ipse
802 2074 884 2108 paulo
911 2075 1035 2108 superius

247 2112 414 2143 exposuerat
424 2107 467 2135 ἰι
483 2118 492 2134 ι
510 2108 578 2135 Cum
595 2109 671 2139 lides,
687 2107 758 2136 sicut
770 2115 854 2135 etiam
868 2107 984 2143 tempus,
1000 2110 1036 2135 sit

247 2142 357 2176 duplex,
375 2144 545 2171 inveniemus
559 2145 639 2176 duas,
651 2151 712 2178 quae
731 2145 813 2171 simul
827 2142 962 2176 habitant,
982 2145 1035 2171 vir~

249 2183 331 2204 tutes.
347 2177 474 2213 Tempori
488 2180 573 2211 enim,
587 2177 714 2213 quodest
726 2180 905 2213 praeteritum,
919 2186 961 2207 est
975 2187 1034 2207 nte-

248 2213 334 2239 moria
348 2221 355 2246 ;
374 2214 398 2240 ei
416 2219 520 2246 autent,
530 2218 602 2248 quod
615 2215 735 2241 l'uturum
745 2219 796 2248 est,
810 2215 1033 2248 spes.Gredintus

246 2248 319 2284 enim
338 2249 423 2275 fuisse
438 2254 575 2283 praeterita
587 2269 594 2281 ,
612 2256 640 2276 et
650 2249 708 2276 fore
725 2258 756 2276 ea
776 2258 837 2284 qua:
850 2251 941 2277 littura
958 2255 1031 2277 sunt.

246 2282 281 2310 Et
307 2290 401 2311 rursus
421 2282 558 2319 diligimus
580 2285 622 2312 sic
640 2293 671 2312 se
692 2282 827 2319 praeterita
845 2286 959 2318 habere,
979 2286 1032 2312 tide

245 2325 370 2353 persuasr
384 2339 391 2351 ,
411 2319 500 2346 futura
524 2327 571 2354 spe
587 2325 788 2354 exspectantes.
817 2330 826 2346 ι
853 2321 919 2347 Eam
937 2321 1032 2354 procul

247 2354 329 2389 dubio
341 2354 376 2381 ob
389 2363 498 2382 causam
514 2362 575 2389 spes
586 2357 619 2382 ab
639 2356 685 2382 illo
707 2357 759 2382 lide
780 2357 932 2383 consistere
954 2357 1030 2383 dicc-

248 2392 292 2414 tttr
301 2388 340 2421 ";
356 2391 419 2424 quia
432 2388 559 2417 nimirum
572 2398 653 2424 quatit
665 2391 785 2418 futuram
798 2393 936 2418 credimus
955 2396 1033 2417 teter-

247 2430 309 2450 nam
325 2424 531 2458 beatitudinem,
550 2426 621 2452 hanc
640 2427 799 2453 liruiissltna
815 2433 865 2460 spe
886 2431 1030 2461 exspecta-

247 2465 321 2496 mus,
337 2467 545 2495 sperantusque.
565 2462 621 2487 lino
644 2469 711 2488 vero
725 2471 734 2486 ι
749 2462 772 2488 is
786 2464 832 2495 qui
848 2468 955 2496 sperat,
979 2471 988 2487 ι
1004 2465 1034 2488 ut

245 2493 372 2522 Clemens
393 2497 450 2530 ipse
468 2493 634 2530 loquitur",
652 2505 661 2521 ‹
683 2493 848 2523 sicutetiatn
862 2493 912 2530 qui
926 2493 1030 2528 credit.

244 2534 338 2556 tuente
352 2531 424 2557 videt
436 2539 478 2563 ea,
493 2539 553 2565 quae
569 2532 772 2566 prospictuntur
788 2532 968 2566 intelligentia
979 2550 987 2564 ,
1004 2536 1031 2558 et

242 2572 273 2591 ea
292 2572 352 2599 quae
369 2571 430 2592 sunt
444 2566 547 2593 futura.
565 2576 574 2592 ι

281 2599 376 2627 Tanta:
392 2609 474 2635 porro
488 2602 649 2629 constantia:
662 2607 689 2629 et
706 2602 847 2629 ﬁrmitatis
857 2607 900 2629 est
909 2610 941 2630 ea
954 2609 1029 2638 spes,

1053 1565 1073 1593 C

282 2679 304 2695 “
319 2679 336 2705 l.
355 2687 382 2713 v,
397 2687 424 2714 p.
439 2679 502 2706 555.

1100 250 1129 271 ιιι
1144 245 1225 271 ttnllis
1239 245 1318 278 plane
1334 245 1458 277 casiltus.
1478 244 1534 272 nec
1549 244 1705 272 dirissimis
1726 244 1797 271 etiam
1810 252 1861 270 crit-

1099 281 1215 306 ciatibtts
1226 281 1374 314 expugnari
1384 287 1504 314 unquam
1516 280 1623 313 possint
1635 289 1642 306 :
1654 288 1665 302 ι
1679 278 1769 313 Neque
1795 285 1861 311 ergo.

1098 315 1186 352 inquit
1200 315 1365 352 Clentens_",
1394 324 1456 352 spes
1483 315 1635 352 felicitatis.
1652 322 1743 349 neque
1759 317 1782 341 in
1794 314 1861 341 Deum
1905 347 1906 350 η

1097 350 1219 376 charitas
1232 358 1301 385 agre
1321 349 1374 377 fert
1388 349 1420 378 ea
1434 358 1493 384 qua
1515 351 1664 381 accidunt;
1686 354 1771 376 manet
1789 354 1861 376 autem
1905 354 1906 360 ‘

1097 385 1196 416 libera.
1213 386 1319 412 etiamsi
1337 386 1364 412 in
1383 386 1484 413 bestias
1498 386 1600 413 incidat
1614 385 1824 415 immanissimas,
1840 390 1862 410 et

1096 419 1123 446 iit
1140 421 1228 455 ignem
1245 421 1467 448 voracissiminn:
1490 427 1518 448 et
1535 421 1598 447 licet
1617 421 1769 455 tyrannicis
1791 420 1859 446 conli-
1905 444 1906 447 η

1095 456 1185 482 ciatur
1199 456 1350 488 tormentis.
1363 464 1377 483 a
1392 456 1482 483 divina
1494 457 1616 491 pendens
1627 455 1760 487 amicitia,
1770 455 1862 481 minime

1097 491 1204 517 redacta
1220 491 1246 517 in
1263 492 1420 518 servitutem
1434 511 1441 522 .
1457 499 1570 526 superas
1581 491 1641 518 obit
1665 491 1798 525 regiones,
1813 497 1863 517 cor-

1096 532 1163 559 pore
1175 527 1208 553 iis
1224 527 1321 553 tradito
1336 527 1380 560 qui
1398 527 1424 553 id
1443 527 1529 554 solum
1550 530 1668 560 possunt
1682 530 1780 552 tenere.
1798 534 1806 551 t
1905 528 1906 531 ‘

1131 561 1218 594 Quam
1236 567 1310 588 recte
1330 562 1413 596 igitur
1437 562 1583 596 Apostolus
1601 563 1635 588 ad
1659 560 1793 587 Romanos
1806 561 1864 587 scri-

1095 597 1183 630 pserit
1194 597 1265 623 hanc
1278 595 1353 631 spem
1369 605 1421 624 non
1433 597 1612 627 confundere,
1623 598 1664 623 sic
1678 595 1722 622 ille
1736 595 1821 629 prohat
1831 596 1861 622 “c

1097 640 1107 656 ι
1125 631 1238 665 Propter
1252 639 1326 665 spem
1348 633 1420 659 enim
1437 632 1554 658 futuram
1580 637 1623 659 est
1649 631 1790 666 patientia.
1809 632 1864 664 Spes

1095 671 1184 693 autem
1200 672 1242 693 est
1259 667 1340 693 etiam
1371 667 1508 702 :equivoce
1522 668 1581 701 spei
1595 667 1717 693 redditio
1729 671 1754 692 et
1769 667 1864 693 restitu-

1095 702 1143 733 tio,
1158 709 1218 736 qua:
1235 709 1288 728 non
1302 703 1461 734 confundit,
1479 706 1507 728 ut
1523 710 1584 736 qua:
1609 702 1719 737 probris
1738 706 1766 728 et
1786 707 1865 728 contu-

1094 737 1183 764 meliis
1197 745 1249 763 non
1263 738 1378 771 amplius
1392 737 1532 764 aﬂiciatur.
1550 746 1560 762 ι

1130 772 1203 798 llaitc
1219 779 1299 806 porro
1311 773 1488 806 eamdemque
1500 771 1700 834 spemfpaganis
1715 771 1867 805 philosophis

1133 807 1217 834 poetis
1229 808 1392 834 incoanitain
1409 815 1461 834 non
1476 808 1559 834 fuisse
1599 808 1703 834 lemens
1719 812 1807 834 noster
1822 815 1865 833 non

1093 811 1120 833 et
1133 807 1217 840 poetis
1229 808 1392 841 incognitam
1409 815 1461 834 non
1476 808 1559 834 fuisse
1575 807 1703 834 Clemens
1719 812 1807 834 noster
1822 815 1865 833 non

1093 841 1180 868 solum
1197 842 1293 868 iltideut
1304 862 1312 872 .
1329 843 1375 870 sed
1391 843 1514 877 sequenti
1530 843 1614 869 etiam
1631 843 1660 869 in
1677 842 1748 868 libro
1762 842 1868 869 luculen-

1094 881 1135 903 ter
1150 878 1269 903 ostendit
1280 877 1314 904 ".

1130 911 1217 938 Porro
1235 918 1325 939 autem
1341 912 1570 947 quemadmodum
1581 913 1609 938 id
1627 911 1700 946 quod
1715 912 1772 946 spei
1786 911 1870 945 olijici-

1094 951 1139 973 tur
1155 953 1197 974 est
1211 947 1327 981 ipsemet
1353 948 1425 975 Deus
1455 948 1627 977 misericors,
1657 947 1710 981 piis
1728 947 1869 974 hominibus

1092 987 1223 1009 a‘lcl'llﬂlll
1232 983 1383 1010 mercedem
1392 983 1619 1010 etheatitudinent
1631 982 1799 1017 persolvens;
1809 983 1870 1009 itaet

1095 1017 1184 1044 timori
1197 1018 1324 1050 obiicitur
1340 1019 1410 1045 idem
1427 1019 1483 1052 ipse
1497 1018 1568 1044 Deus
1590 1018 1688 1050 impios
1704 1022 1732 1044 et
1745 1017 1870 1052 improbos

1093 1052 1268 1086 sempiternis
1281 1053 1454 1088 suppliciiset
1467 1054 1554 1087 poenis
1567 1052 1742 1079 adicienth
1751 1060 1783 1079 eo
1792 1059 1869 1079 tamen

1094 1088 1203 1119 timore,
1219 1094 1249 1115 ut
1261 1087 1388 1115 Clemens
1405 1093 1497 1115 noster
1508 1088 1640 1122 explicat,
1656 1095 1711 1114 non
1729 1092 1782 1114 tant
1795 1088 1869 1114 Deum

1096 1121 1198 1156 ipsuttt,
1211 1131 1293 1158 quam
1309 1132 1323 1149 a
1338 1123 1392 1150 Deo
1409 1121 1709 1158 erxcidere’tttetuimus
1732 1138 1738 1150 ς
1761 1132 1770 1147 ι
1792 1122 1870 1149 Τιιιιιιι

1092 1157 1177 1189 enim,
1202 1159 1240 1186 ait
1271 1157 1399 1186 Clemens
1420 1157 1453 1192 ³⁸,
1484 1159 1546 1192 quis
1559 1165 1612 1185 non
1624 1158 1722 1188 Deum,
1737 1158 1808 1184 sed:
1825 1159 1870 1184 Dm

1093 1192 1228 1220 excidere.
1250 1203 1259 1219 ι
1278 1194 1381 1220 Bottunt
1404 1199 1492 1220 autem
1513 1201 1574 1220 esse
1596 1201 1658 1220 eunt
1686 1193 1812 1220 timorem
1828 1193 1871 1219 ibi-

1093 1228 1153 1253 dettt
1168 1227 1213 1255 ille
1227 1228 1349 1262 probat"
1364 1237 1415 1255 nott
1431 1229 1511 1255 modo
1523 1236 1610 1255 sacra:
1622 1228 1775 1261 Scriptum».
1788 1233 1870 1254 auctr.»

1095 1262 1187 1298 ritate.
1200 1266 1247 1290 sed
1258 1263 1340 1290 etiam
1356 1263 1435 1298 paulo
1451 1264 1578 1298 superius
1595 1271 1629 1290 ex
1646 1264 1691 1290 illo
1711 1264 1813 1290 celebri
1827 1263 1872 1290 Sa-

1093 1296 1211 1325 lomonis
1224 1299 1306 1325 enato
1323 1307 1330 1325 :
1351 1296 1362 1324 ἱ
1383 1296 1492 1325 lnitiuni
1512 1300 1653 1333 sapientia:
1671 1303 1715 1325 est
1734 1299 1814 1325 timor
1829 1298 1871 1325 Do-

1093 1332 1202 1360 mini“.
1233 1343 1243 1358 ι
1273 1334 1310 1361 lhi
1327 1334 1400 1360 enim
1421 1332 1686 1368 pulcltre’obs'ervat
1718 1334 1871 1368 sapientiam

1092 1368 1183 1394 vocari
1201 1368 1383 1401 ell'eclionem,
1395 1377 1456 1403 qua:
1466 1375 1507 1396 est
1519 1370 1599 1395 timor
1614 1368 1724 1395 Domini
1743 1369 1872 1396 deducens

1093 1403 1126 1428 ad
1149 1405 1324 1438 sapientiam.
1351 1404 1420 1430 'l‘unt
1448 1412 1513 1432 vero
1542 1404 1671 1431 Basilidis
1703 1409 1732 1431 et
1745 1403 1873 1430 Valentini

1093 1444 1244 1466 sectatores
1262 1440 1369 1474 egregie
1386 1439 1503 1472 refellit,
1519 1440 1565 1473 qui
1589 1439 1641 1466 hoc
1666 1439 1873 1466 Proverltiorum

1093 1474 1205 1501 oraculo
1225 1475 1257 1501 ad
1275 1475 1433 1501 stabilienda
1460 1476 1657 1502 absurdissima
1670 1482 1801 1501 errorum
1818 1482 1874 1501 suo-

1094 1516 1153 1534 ΙῚΙΙΙΙ
1169 1515 1322 1536 οοηιιιιιξιιιιι
1346 1511 1457 1537 οιιιιιιιιο
1487 1516 1653 1544 praepostere
1678 1515 1707 1536 ῆι
1738 1517 1875 1544 perperam

1092 1543 1282 1572 abolebantur.
1299 1545 1416 1572 Timoris
1428 1543 1518 1572 autem
1533 1553 1592 1571 eam
1605 1545 1660 1571 illic
1675 1545 1812 1579 pateiacit
1825 1553 1875 1572 me

1091 1579 1236 1606 utilitatem
1251 1580 1295 1612 3‘",
1324 1590 1333 1605 (
1351 1585 1457 1614 ulquos
1483 1588 1536 1607 non
1565 1585 1705 1614 expugnat
1734 1585 1818 1612 ratio,
1837 1589 1877 1608 eos

1091 1615 1292 1642 ntansuelaciat
1311 1621 1411 1643 ntetus.
1427 1625 1436 1641 ι

1124 1649 1217 1684 Neque
1242 1651 1334 1678 leviori
1361 1651 1415 1678 ictu
1432 1658 1526 1678 eorum
1555 1650 1876 1684 rctunditperviczciam
1905 1658 1906 1684 ι

1090 1684 1290 1718 haereticontm,
1307 1686 1352 1721 qui
1374 1686 1476 1713 insulse
1486 1686 1660 1712 somni-arant
1676 1687 1812 1712 timorem
1825 1693 1878 1712 esse
1905 1691 1906 1716 ι

1089 1720 1289 1753 alienationem,
1307 1720 1350 1748 vel
1380 1730 1394 1747 a
1420 1726 1535 1753 ratione,
1563 1720 1606 1748 vel
1622 1721 1658 1747 ab
1673 1722 1786 1753 animo,
1803 1729 1878 1755 atque
1905 1720 1906 1753 ξ

1089 1756 1156 1782 adeo
1171 1763 1232 1783 esse
1247 1757 1346 1783 malum
1356 1777 1364 1790 ,
1381 1764 1412 1783 ac
1425 1757 1540 1791 proinde
1563 1756 1651 1790 legent
1675 1759 1803 1791 veterem
1826 1757 1881 1790 reji-

1089 1772 1156 1782 ιιυνυ
1171 1772 1232 1783 υοῦῠ
1247 1772 1364 1790 ΙΙΙιΙΙυΙΙΙ,
1381 1772 1412 1783 Illa
1425 1772 1540 1791 PIUIII‘IU
1563 1772 1651 1790 ICBUIII
1677 1772 1803 1783 1\.lCICIII
1826 1772 1880 1790 ICJ"

1089 1791 1252 1818 ciendam".
1271 1792 1405 1824 Quocirca
1424 1794 1545 1819 outniunt
1569 1791 1658 1818 oculis
1676 1790 1815 1818 Clemens
1837 1792 1880 1818 i'm-
1905 1772 1906 1822 l

1089 1827 1150 1852 dent
1169 1823 1309 1860 διώ]ὶυὶιῇ
1322 1827 1386 1861 quid
1400 1829 1457 1854 hinc
1477 1827 1573 1853 eadem
1586 1828 1629 1853 lex
1646 1833 1714 1853 vere
1737 1832 1767 1853 et
1791 1832 1881 1853 merito
1905 1823 1906 1854 l

1089 1861 1238 1888 tintendum
1253 1864 1405 1894 annuntiet,
1423 1868 1448 1889 et
1465 1861 1602 1897 quontodo
1618 1862 1768 1889 Barnabas
1789 1870 1839 1889 nos
1854 1863 1880 1887 ad
1905 1868 1906 1879 ι

1087 1897 1273 1924 meditandum
1289 1898 1335 1924 Dei
1353 1898 1477 1924 tiittorent
1493 1898 1667 1924 adhortatur.
1905 1921 1906 1924 η

1124 1931 1260 1959 Praeterea
1287 1941 1297 1957 ί
1326 1933 1372 1959 Dei
1398 1935 1492 1964 timor,
1523 1942 1533 1957 ι
1554 1937 1583 1958 ιιι
1598 1932 1645 1959 ille
1669 1932 1807 1966 docet",
1822 1942 1832 1958 ‹
1850 1936 1882 1959 est
1905 1945 1906 1948 π

1088 1967 1152 1994 ntali
1166 1967 1322 2000 declinatio,
1344 1977 1353 1993 ι
1370 1968 1505 2002 iidemque
1526 1968 1658 2001 adjuvat,
1677 1974 1768 2002 atque
1785 1970 1881 2002 posta-
1905 1967 1906 1992 ἶ

1088 2004 1150 2030 dem
1168 2003 1254 2035 prima
1271 2009 1312 2030 est
1325 2011 1357 2030 ex
1380 2004 1414 2030 iis
1431 2004 1596 2034 virtutibus,
1625 2011 1687 2037 quae
1709 2006 1748 2030 ad
1765 2005 1882 2030 charita-

1089 2043 1154 2070 terti,
1169 2041 1225 2070 aut,
1244 2039 1347 2065 utalihi
1368 2040 1457 2065 adhuc
1469 2038 1546 2070 ait“,
1563 2047 1571 2063 ι
1591 2039 1623 2065 ad
1645 2041 1880 2073 pwrntentiamel
1905 2041 1906 2044 ‘

1087 2080 1163 2107 Spem
1184 2082 1194 2098 ι
1214 2081 1263 2100 nos
1279 2074 1391 2101 ducunt.
1413 2074 1482 2106 Quid
1498 2073 1598 2108 plura?
1616 2075 1730 2100 Alicuhi
1751 2072 1880 2101 asserit”
1905 2079 1906 2088 ξ

1087 2109 1212 2135 timorem
1227 2109 1333 2135 Domini
1349 2116 1409 2136 esse
1430 2109 1604 2144 disciplinam
1619 2116 1648 2135 et
1665 2109 1834 2139 scientiam,
1850 2114 1872 2133 at

1087 2145 1262 2182 quoeodem
1276 2145 1372 2182 timore
1396 2150 1507 2182 peccata
1529 2152 1549 2182 ξι.
1572 2145 1703 2178 quolibet
1731 2145 1880 2171 declinari:
1905 2165 1906 2182 λ

1087 2179 1152 2205 alibi
1169 2186 1233 2206 vero
1242 2179 1264 2194 ³⁸
1278 2180 1433 2206 doctrinam
1454 2180 1490 2206 illi
1507 2179 1666 2212 adiunctam
1683 2187 1751 2206 esse
1770 2181 1881 2214 primum
1905 2179 1906 2206 ἐ

1087 2215 1120 2240 atl
1148 2214 1330 2241 Cltt'istiaiiattt
1355 2215 1549 2249 perfectionmtt
1576 2216 1710 2247 gradum.
1741 2215 1881 2241 Postremo
1905 2221 1906 2249 ι

1087 2258 1140 2276 ttott
1157 2250 1245 2276 solttut
1260 2252 1365 2277 timoris
1379 2251 1525 2276 utilitatem
1538 2269 1545 2281 ,
1566 2251 1615 2276 sed
1629 2250 1789 2283 quamdam
1808 2251 1880 2276 etiam
1905 2259 1906 2274 ι

1086 2285 1145 2319 eius
1157 2286 1347 2312 necessitatem
1359 2286 1422 2312 inde
1441 2286 1540 2319 repetit
1550 2284 1585 2316 ³⁷,
1599 2281 1674 2319 quod
1687 2285 1736 2312 lex
1755 2284 1882 2311 divinitas

1089 2316 1235 2347 (voluisse
1250 2321 1386 2353 videatur,
1403 2326 1432 2346 ut
1447 2316 1535 2347 metus
1556 2316 1723 2347 necessario
1745 2321 1881 2353 turpetur-
1905 2316 1906 2348 ξ

1087 2360 1145 2388 ret;
1168 2364 1177 2381 ι
1197 2363 1251 2390 quo
1265 2357 1361 2390 majori
1380 2356 1510 2382 cautione
1531 2360 1559 2381 et
1580 2361 1740 2382 attentione
1765 2356 1882 2390 μιιιιυευ-
1905 2356 1906 2390 l

1087 2392 1158 2424 phus
1179 2400 1193 2416 a
1205 2389 1282 2425 lapsu
1298 2389 1325 2418 et
1345 2396 1459 2425 peccato
1475 2396 1548 2417 esset
1564 2389 1684 2416 alienus.

1125 2427 1264 2460 Duplicem
1285 2434 1384 2460 porro,
1401 2433 1448 2452 seu
1470 2426 1561 2460 politis
1574 2426 1724 2460 triplicem
1742 2425 1794 2452 ille
1808 2426 1881 2452 time-

1086 2469 1142 2488 rent
1158 2459 1210 2488 tiott
1225 2459 1340 2488 obscure
1356 2459 1540 2495 distinguit“.
1557 2459 1625 2486 Nam
1639 2466 1794 2495 postquam
1807 2461 1881 2486 (LXI:-

1085 2502 1128 2524 set
1143 2505 1151 2522 ι
1168 2498 1332 2532 principium
1353 2497 1510 2523 dilectionis
1531 2503 1595 2532 esse
1612 2497 1775 2532 timorem,
1795 2497 1841 2529 qui
1854 2499 1882 2532 ιιι

1086 2539 1135 2567 per
1152 2531 1348 2560 incrementum
1368 2533 1446 2561 lidei.
1467 2532 1566 2558 deinde
1581 2531 1698 2558 dilectio
1713 2539 1721 2561 ;
1744 2540 1754 2556 ι
1788 2532 1827 2557 ita
1844 2531 1881 2555 the

1084 2569 1257 2602 prosequitur
1275 2576 1282 2593 :
1295 2576 1304 2592 ι
1321 2567 1374 2593 Sed
1388 2575 1440 2593 non
1456 2568 1525 2594 sicut
1540 2567 1628 2592 lerant
1641 2572 1670 2592 et
1683 2567 1776 2593 timeo
1788 2571 1817 2592 et
1833 2568 1883 2594 odi.

1085 2601 1121 2630 ita
1141 2601 1222 2630 etiam
1235 2609 1340 2637 patrem
1356 2609 1464 2635 vereor,
1480 2609 1561 2636 quem
1577 2604 1662 2628 timeo
1674 2606 1705 2628 et
1719 2609 1799 2628 amo.
1821 2601 1883 2626 itur-

540 2679 562 2695 “
575 2678 679 2707 Strom.
691 2679 709 2706 l.
721 2687 788 2715 tt,p.
801 2680 864 2708 365.
893 2681 915 2696 1"
931 2680 1048 2713 'I‘heo.l..
1065 2685 1082 2707 ι.
1096 2679 1141 2713 1V,
1154 2681 1192 2708 De
1208 2680 1498 2711 Gracc.all"ect.curat.,
1511 2687 1596 2708 sertn.
1612 2680 1636 2712 l,
1649 2679 1684 2707 de
1700 2679 1768 2711 ﬁde,
1786 2686 1814 2713 p.
1826 2677 1883 2703 £75.
1905 2677 1906 2713 ᾖ

246 2715 268 2731 ¹⁶
284 2715 350 2761 locis
365 2707 466 2761 ιέιέιιιέε.
491 2715 600 2761 ibidem,
623 2723 649 2750 p.
660 2707 751 2761 569.1”,
761 2707 923 2761 "'_:l'lteod.,
939 2724 971 2759 με.
1381 2707 1607 2761 η’ξβιιλοιιιίξηι,
1621 2707 1735 2761 ῥζλόρί.
1762 2707 1768 2711 ”
1784 2707 1807 2729 ἶ¹
1824 2715 1883 2758 tam.

289 2751 302 2764 τ
390 2751 412 2766 Io
435 2751 439 2756 ¹
465 2759 469 2764 -
794 2752 815 2767 ἰ
957 2752 971 2759 ”
986 2756 989 2762 ’

245 2758 272 2801 εἰ
284 2752 357 2820 ἶῖῖνὶ,
370 2794 396 2821 p.
409 2753 525 2813 4351.0'29
535 2751 756 2821 illiidx’p?.5gg.5.
775 2788 796 2803 ιτ
812 2752 1035 2821 ίι›¹ίἰιῘ¹ἓιρι’.⁰ιῗ⁴ῥ.

1098 2753 1176 2783 ibid.,
1195 2761 1221 2787 ν.
1242 2753 1303 2780 585.
1343 2752 1365 2768 ³⁸
1380 2753 1458 2782 ibid.,
1480 2760 1506 2786 p.
1523 2752 1586 2777 571.
1639 2751 1664 2766 ⁸⁸
1682 2751 1702 2777 ι.
1721 2759 1748 2781 ν,
1777 2751 1882 2788 p.33;-

1098 2789 1116 2814 Ξ.
1156 2788 1178 2803 ³⁸
1190 2789 1268 2819 ibid.,
1285 2797 1311 2821 p.
1326 2788 1387 2815 577.
1442 2787 1574 2813 "btrorn.
1588 2786 1606 2812 Ι.
1619 2793 1690 2821 tt,p.
1699 2786 1756 2813 574
1774 2792 1804 2812 ει
1819 2792 1881 2821 ,ζει
1905 2797 1906 2821 ;

245 2821 263 2847 ι.
277 2815 440 2856 u.,p'.'7to.
466 2815 679 2854 "nectentis.
716 2824 747 2838 θο-
766 2823 848 2854 ibid.,
865 2823 968 2857 p.576.
988 2815 1024 2837 ’ίι
1041 2823 1119 2856 ibid.,
1135 2831 1162 2856 p.
1179 2815 1309 2850 διδ-δῦ.
1349 2822 1610 2857 ιιι.ιγ,μ.ιτδ;ι.
1626 2815 1882 2857 n','p.37tet_s::
1905 2815 1906 2848 ὲ

244 2857 269 2872 ³³
284 2859 392 2890 ibid.,p.
406 2857 467 2884 560.
505 2856 527 2872 ³³
542 2857 619 2887 ibid.,
636 2866 662 2891 p.
682 2859 749 2892 575;
775 2867 801 2893 ι).
815 2856 885 2892 584V;
914 2867 940 2893 p.
967 2858 1029 2888 577.

246 2899 273 2925 ρ.
297 2893 358 2919 ne.
399 2894 421 2910 ιε
437 2894 515 2927 ibid.,
538 2901 564 2927 p.
587 2893 649 2919 ast.

1069 2859 1091 2875 ³⁵
1108 2859 1186 2893 ibid.,
1204 2867 1230 2894 p.
1245 2860 1298 2887 586
1311 2864 1338 2888 et
1350 2860 1413 2888 591.

1770 2857 1794 2871 ³⁷
1816 2855 1837 2882 λ·
1858 2861 1883 2879 “I
1905 2860 1906 2882 ἶ

1472 2858 1525 2885 "l.
1547 2863 1590 2890 tv,
1612 2866 1639 2892 ι).
1654 2857 1723 2884 ωδ.
