1916 3071
48 177 102 205 1Ἶό

638 180 681 207 DE
700 179 813 207 LlBRlS
833 178 1060 207 STROMATUM.

1598 183 1665 211 ιιςι

40 248 77 278 iis
96 239 199 278 timeris
214 245 256 278 _ne_
272 239 400 278 castigem
412 239 552 278 _meipsum
576 239 669 278 diligo.
697 240 822 278 timorem
839 240 861 269 A
877 238 1015 278 tritionem
1035 238 1232 278 imperfectam:
1249 246 1310 274 quae
1332 240 1572 278 attritio_dicitur,
1596 252 1667 278 quo.

41 275 150 309 ligens.
169 273 220 307 Qui
238 275 314 301 timet
331 273 468 310 offendere
483 279 588 309 patrem
602 295 609 308 ,
626 273 745 310 seipsum
762 275 824 301 dili-

38 310 79 338 :il.
100 320 110 335 ι
128 309 240 336 Primus
252 310 343 344 itaque
358 309 527 342 timorjuxta
543 311 692 338 Clementis
706 316 823 338 mentem

38 345 78 372 lle
96 350 152 374 est,
166 352 221 378 quo
235 345 296 378 quis
310 345 413 379 aliquid
432 346 502 372 sicut
520 345 605 373 feram
623 347 738 378 metuit,
760 353 824 379 pro-

38 387 94 407 iler
107 388 218 414 poenam
233 380 361 407 nimirum
378 379 563 414 inﬂigenilam.
578 382 613 408 At
627 381 671 408 hic
682 382 764 408 timor
779 388 823 414 pe-

38 418 107 442 nitus
123 415 230 443 servilis
245 420 297 448 est,
310 421 393 449 atque
409 416 484 443 illum
500 415 626 444 Clemens
638 416 700 444 odio
716 416 824 443 inistum

38 458 93 476 Sse
106 451 241 478 declarat.

64 487 146 513 Alter
163 486 245 512 timor
260 489 311 516 est,
326 493 379 519 quo
393 486 454 520 quis
467 490 575 520 patrem
592 494 669 513 suum
685 487 824 514 offendere

38 527 155 558 'cretiir.
169 521 222 548 lste
233 526 327 558 autem
343 522 424 558 timor
437 529 511 549 mere
529 521 620 549 lilialis
635 527 694 553 est,
709 522 755 558 qui
770 541 778 554 .
796 527 826 550 ut

42 557 66 584 it
83 557 229 592 Clemens,
243 557 328 583 amori
343 557 525 592 conjungitur.

65 591 192 618 Tertium
208 591 324 625 denique
339 593 464 619 timorem
478 597 505 619 et
518 592 589 619 inter
602 596 749 627 utrumque
766 601 824 619 me-

38 628 122 659 lium,
135 628 195 654 sive
211 627 302 660 potius
314 628 507 654 secundarium
527 629 626 662 prioris
640 629 745 655 timoris
760 628 825 655 elle-

42 667 106 689 t.uni
120 670 184 689 eum
199 669 258 689 esse
270 662 396 689 Clemens
411 663 475 689 dicit
489 672 495 689 :
514 672 523 689 ι
543 664 602 697 Quo
616 671 709 690 rursus
725 664 824 690 timens

38 707 64 723 ie
87 698 225 733 castiger,
250 698 390 733 rmeipsum
411 698 514 733 diligo,
534 699 661 725 timorem
675 698 786 733 eligens.
812 710 821 724 ι

38 739 128 769 taque
151 733 197 767 qui
228 732 274 760 illo
294 735 391 759 timore
412 732 539 763 aﬂicitur.
557 734 593 769 ita
613 732 820 769 castigationem

38 768 132 794 uetuit
143 790 151 800 ,
167 772 194 794 ut
209 769 301 804 potius
314 770 442 803 scipsuui,
459 775 540 802 quam
555 768 666 798 illum.a
683 777 737 804 quo
751 769 822 796 haud

38 804 116 831 luliie
133 809 244 837 propter
260 803 368 839 culpam
383 807 410 830 et
428 804 562 831 offensam
579 803 708 839 castigari
727 805 802 831 timet
814 825 822 837 ,

41 847 130 865 cvera
150 839 256 873 diligat.
271 838 308 866 De
323 841 373 865 hoc
391 844 480 866 autem
497 839 598 872 duplici
613 838 661 866 seu
674 839 773 874 triplici
787 840 822 865 ti—

38 875 121 901 nmis
136 881 237 909 genere
259 874 357 909 legcsis
370 875 442 908 quod
460 881 572 901 sanctus
590 874 709 901 Thomas
734 875 821 901 tradi-

876 274 948 301 niam
964 274 1005 301 vel
1020 282 1052 301 ex
1067 275 1244 310 turpitudinis
1256 275 1361 309 peccati
1377 274 1612 309 consideratione;
1624 282 1665 308 vel

876 317 908 336 ex
923 310 1051 344 gehennae
1067 314 1095 337 et
1118 318 1259 344 poenarum
1283 315 1354 338 metu
1379 313 1560 340 communiter
1572 318 1667 344 ,conci-

875 345 1303 383 piturlsivoluntatempeccati
1322 346 1459 383 excludat,
1474 355 1535 374 cum
1554 356 1602 383 spe
1619 358 1667 378 ve-

877 380 937 420 ni:_e,
952 380 1072 407 declarat
1087 389 1140 420 non
1156 381 1242 408 solum
1261 389 1313 408 non
1331 381 1421 409 facere
1429 380 1667 420 hontiiicm'hypo.

877 417 973 442 crilam
986 421 1014 442 et
1030 418 1114 448 magis
1126 420 1314 449 peccatorem,
1339 424 1433 443 verum
1456 418 1540 444 etiam
1564 417 1663 447 iloiiiiiii

878 450 923 476 Dei
939 456 999 477 esse
1015 456 1042 477 et
1060 451 1179 485 Spiritus
1192 452 1278 478 Sancti
1299 452 1446 486 impulsum
1457 472 1464 484 ,
1495 461 1547 480 non
1573 455 1665 483 adhuc

876 486 984 525 quidem
1008 486 1208 525 inlialiitautis.
1238 487 1301 525 sed“
1311 492 1416 525 tantum
1436 489 1571 525 moventis
1584 510 1590 520 ,
1609 498 1665 525 quo

877 521 1012 558 pienitens
1034 521 1148 558 adjutus
1174 523 1245 548 viam
1270 522 1320 549 sibi
1333 522 1366 549 ad
1389 522 1522 558 justitiam
1538 521 1627 558 parat'.
1649 536 1658 552 ι

876 555 970 583 Nonne
996 556 1068 583 enim
1095 557 1153 584 haec
1175 557 1312 590 ipsissima
1335 555 1551 586 est‘Clementis
1575 562 1661 588 nostri

876 591 1011 628 doctrina,
1028 592 1085 625 qui,
1105 597 1135 618 ut
1148 593 1279 628 Vvidimus,
1294 593 1393 628 saepius
1411 594 1510 627 repetit
1524 599 1552 621 et
1565 597 1664 628 prohat

877 626 1001 653 timorem
1019 634 1080 654 esse
1097 627 1237 661 sapientiai
1249 647 1257 659 ,
1279 626 1428 661 disciplinae
1442 626 1472 656 et
1486 626 1583 656 divinae
1593 631 1663 658 dile-

876 662 976 688 ctionis
992 662 1208 698 initiuin,’atque
1218 663 1293 690 illum
1305 665 1336 690 ad
1350 664 1551 698 paenitentiam,
1569 665 1661 698 fidem,

875 704 951 736 spem
965 701 993 723 et
1005 697 1237 736 perfectissimam
1253 697 1416 726 cliaritatein
1432 700 1503 726 viain
1519 701 1600 728 nobis
1613 697 1661 736 pa;

876 732 1016 759 tefacere?

912 767 1011 793 Verum
1024 767 1122 802 aliquis
1135 767 1250 795 forsitan
1266 768 1378 803 objiciet
1391 769 1558 798 Clementem
1575 771 1663 799 diser-

876 801 988 839 tissime
1001 801 1180 839 pronuntiare
1194 811 1267 835 eum.
1285 801 1329 838 qui
1345 804 1384 831 vel
1398 804 1535 839 supplicii,
1549 806 1592 833 vel
1606 807 1659 833 im-

876 837 1006 864 minentis
1021 838 1145 875 periculi,
1160 839 1203 866 vel
1217 840 1270 866 odii
1287 837 1359 867 metu
1370 860 1377 871 ,
1393 837 1529 867 imo—vero
1548 847 1660 875 propter

875 874 1073 909 consequentiae
1087 881 1101 900 a
1116 873 1171 900 Deo
1185 875 1319 902 mercedis
1333 882 1421 909 spem,
1435 875 1469 902 ab
1487 873 1618 909 iniustitia
1630 885 1660 905 se

38 910 125 942 lit";
141 910 204 937 inde
220 910 381 946 QuippeAlux
393 917 445 936 non
463 910 573 936 minima
597 910 659 937 huic
674 910 822 937 Clementis
838 917 859 944 Β
875 908 1003 946 abstinet,
1035 908 1107 936 hunc
1131 916 1179 946 sua
1205 915 1302 944 sponte
1319 908 1371 936 non
1387 910 1501 946 bonum,
1515 908 1556 938 iac
1571 913 1661 946 potius

38 946 122 971 instri
140 943 283 973 sententiae
295 943 386 971 afferri
400 950 500 978 potest.

67 980 169 1007 Utrum
187 987 253 1008 vero
270 980 395 1007 Clemens
412 979 552 1015 quodlibet
571 980 636 1016 illud
656 980 761 1008 timoris
775 989 822 1016 ge-

38 1024 83 1042 ius
103 1017 204 1042 bonum
220 1022 279 1043 esse
297 1016 448 1049 putaverit.
467 1016 488 1042 si
505 1015 643 1050 inquiras.
666 1015 820 1050 perpende,

38 1059 143 1086 llliBSll‘
160 1049 232 1086 quod
248 1051 293 1078 ille
309 1051 388 1084 paulo
404 1056 463 1084 post
473 1059 506 1078 ex
521 1049 624 1078 llerinaa
633 1049 745 1078 Pastum
762 1052 818 1079 col-

42 1085 149 1120 igit‘“:
170 1095 180 1112 ‹
199 1087 269 1114 Dicit
285 1086 434 1112 timendum
450 1093 510 1113 esse
529 1086 672 1112 Dominum
691 1087 724 1112 ad
736 1088 820 1113 indili-

38 1122 183 1154 -ationcm,
195 1123 242 1150 sed
258 1129 310 1148 non
324 1121 459 1147 diabolum
476 1121 508 1148 ad
522 1122 701 1148 eversionem.
719 1121 818 1149 Contra

38 1163 127 1184 intem
144 1164 226 1190 oper-.1
247 1157 354 1192 quidem
381 1156 502 1192 Domini,
530 1157 579 1184 hoc
608 1162 648 1183 est
668 1163 817 1191 priiicepta,

38 1200 93 1219 ‘sSe
123 1191 263 1226 diligenda
284 1195 311 1219 ct
337 1191 476 1224 facienda;
496 1199 578 1225 opera
605 1197 696 1219 autem
715 1192 817 1220 diaboli

38 1235 93 1254 isse
111 1228 229 1254 timenda
243 1232 270 1254 et
284 1234 337 1253 non
354 1226 489 1253 facienda.
503 1227 595 1254 Timor
608 1232 697 1254 autem
714 1228 818 1255 Domini

38 1262 171 1295 :rudit,et
183 1264 310 1298 castigat,
322 1266 349 1298 et
363 1262 390 1298 in
404 1262 575 1298 dilectionem
589 1263 723 1290 restituit:
738 1264 819 1290 timor

38 1303 126 1325 intem
143 1297 265 1331 operum’
281 1297 379 1324 diaboli
398 1297 479 1323 habet
494 1297 577 1324 etiam
591 1298 682 1324 odium
706 1299 819 1326 cohabi-

38 1342 110 1361 ans.
124 1344 133 1359 ι
150 1333 187 1359 Ex
204 1334 243 1360 his
255 1337 346 1359 autem
360 1337 387 1359 et
400 1332 585 1366 superioribus
597 1333 716 1360 auctoris
730 1335 817 1361 nostri

38 1369 126 1396 verbis
138 1368 219 1403 207
239 1368 335 1400 facile,
351 1367 389 1394 itti
411 1368 576 1395 arbitramur
587 1388 595 1399 ,
613 1369 739 1403 intelligis
757 1377 819 1403 pcr-

38 1413 148 1432 iuasuin
169 1404 218 1438 ipsi
234 1404 318 1430 fuisse
331 1403 457 1430 timorem
479 1403 597 1435 diaboli,
613 1409 659 1429 aut
678 1403 794 1431 ferarum
807 1425 815 1437 ,

38 1448 85 1466 mc
100 1445 143 1466 est
167 1447 252 1474 pecua:
265 1444 292 1466 et
305 1438 442 1473 supplicii,
463 1438 485 1465 si
503 1438 538 1465 ibi
560 1444 664 1465 tantum
682 1441 826 1472 consistat.

38 1483 88 1501 inn
103 1483 164 1502 esse
178 1476 275 1502 bonum
288 1494 295 1505 ,
310 1479 401 1508 utpote
419 1474 465 1509 qui
485 1481 538 1501 non
551 1481 683 1504 amorem,
702 1474 750 1501 sed
767 1482 815 1509 pn-

38 1511 89 1537 .i-,ts
112 1512 202 1537 odium
227 1510 384 1544 adjunctum
402 1510 512 1537 habeat.
528 1510 627 1536 Contra
642 1516 705 1536 vero
721 1509 766 1535 Dei
784 1510 817 1536 ti-

39 1553 148 1577 norein,
165 1554 217 1580 quo
232 1543 305 1572 illum
317 1545 387 1571 sicut
402 1550 506 1578 patrem
525 1543 662 1571 offendere
676 1545 813 1576 timemus,

38 1588 95 1608 βεδε
115 1589 207 1608 revera
221 1581 321 1607 bonum
332 1587 340 1612 ;
353 1581 455 1614 quippe
469 1580 514 1614 qui
528 1580 689 1615 principium
705 1580 741 1606 sit
752 1580 816 1607 dile-

38 1616 135 1644 :tionis
150 1621 176 1643 et
189 1617 222 1643 ad
239 1623 299 1642 eam
312 1623 361 1642 nos
376 1617 501 1642 adducat.

68 1652 164 1686 Neque
178 1655 266 1678 tamen
281 1651 306 1677 in
322 1655 396 1677 tuum
407 1671 414 1683 ,
431 1657 525 1684 quaeso
537 1670 544 1682 ,
566 1649 679 1677 inducas
694 1649 814 1678 animum

38 1689 66 1715 ι1)
83 1688 130 1713 illo
142 1694 248 1714 omnem
262 1693 373 1719 prorsus
392 1686 519 1712 servilem
540 1691 640 1712 metum
665 1687 814 1720 proscribi,

38 1733 64 1750 ic
77 1728 208 1756 tauquam
222 1721 321 1748 malum
339 1721 447 1754 penitus
461 1721 607 1755 repudiari.
622 1721 687 1746 Nam
704 1728 816 1754 praetcr-

38 1766 115 1794 iuam
132 1758 203 1791 quod
225 1757 382 1794 illecontra
399 1756 552 1794 lucreticos,
574 1757 611 1794 uti
625 1756 752 1794 diximus,
771 1763 815 1784 os-

38 1791 121 1820 biiilit
138 1799 257 1820 veterem
273 1792 369 1826 legem.
388 1792 568 1824 timoremque
581 1792 615 1818 ab
631 1799 664 1818 eo
676 1791 813 1818 incussum

40 1829 146 1855 ninime
161 1835 221 1854 esse
238 1827 320 1858 mala,
338 1827 444 1860 quando
466 1834 497 1853 ex
518 1827 568 1853 hoc
587 1828 682 1853 timore
696 1827 729 1852 ad
747 1827 816 1853 tilia-

38 1873 83 1890 em
99 1869 214 1894 metum,
231 1869 352 1889 anim-ein
364 1866 392 1887 et
405 1862 565 1888 charitatem
581 1861 770 1893 ascendimus;
789 1862 815 1888 id

38 1907 98 1926 sane
115 1899 215 1926 clarius
235 1899 423 1929 demonstrat,
441 1897 485 1923 ubi
504 1897 602 1931 quibus
623 1896 752 1931 gradibus
764 1898 815 1924 hoc

38 1935 91 1964 iat.
108 1935 144 1960 ita
158 1932 315 1961 edisserit“
337 1942 343 1959 :
364 1941 373 1958 ι
389 1931 465 1958 Licet
485 1939 537 1958 non
552 1939 612 1959 esse
627 1932 710 1959 tilium
727 1933 815 1959 incre-

38 1969 163 2000 lulitatis,
179 1970 226 1996 sed
245 1967 362 1995 transire
380 1974 396 1994 a
414 1968 572 1994 teuebrisad
589 1968 682 1999 vitam,
702 1971 730 1993 et
747 1975 815 1994 aure

38 2005 172 2038 iapientige
192 2003 414 2034 accommodata,
433 2010 494 2029 esse
519 2003 565 2029 Dei
585 2002 737 2038 legitimum
752 2003 815 2038 ξνό-

38 2037 117 2076 ιιμον
135 2037 205 2076 sive}
226 2038 304 2070 θεοῦ,
324 2038 556 2076 servumquidein
573 2038 705 2076 primum.
723 2037 814 2076 δοῦλρν

38 2071 81 2102 ιὲῖλ
94 2075 128 2102 τὰ
142 2074 249 2110 πρῶτα,
267 2074 365 2110 deinde
383 2071 487 2100 lidelein
505 2073 633 2110 famulum
650 2093 657 2104 ,
670 2071 770 2110 Frustra
785 2074 814 2101 δὲ

38 2112 126 2138 πιστὸν
151 2108 285 2142 γενέσθαι
304 2108 476 2141 θεράποντα,
506 2108 644 2135 timentem
670 2108 813 2135 Dominum

38 2143 128 2167 )eum.
145 2141 220 2173 Quod
237 2143 258 2168 si
273 2143 334 2176 quis
352 2142 465 2168 ulterius
483 2142 643 2171 ascenderit.
660 2143 775 2170 refertur
793 2143 820 2170 in

38 2183 177 2212 iuniorum
194 2176 319 2203 filiorum.
344 2177 490 2211 Postquam
511 2181 601 2204 autem
617 2177 734 2204 charitas
754 2185 822 2212 ope-

38 2211 119 2237 'ucrit
134 2212 334 2247 multitudinem
357 2217 528 2246 peccatorum
539 2233 546 2241 .
561 2213 646 2240 beatae
661 2213 717 2247 spei
733 2211 821 2247 perfe-

38 2246 139 2283 tti‘onc,
157 2246 220 2283 licet
233 2255 295 2283 eum
316 2252 381 2274 tunc
394 2253 503 2274 auctum
521 2249 652 2275 charitate
673 2246 819 2283 Suscipere,

38 2281 147 2308 'elatum
172 2281 198 2308 in
217 2282 330 2309 electam
354 2282 468 2318 filiorum
492 2283 683 2318 adoptionem,
699 2281 758 2318 qum
775 2284 820 2311 Dei

38 2322 127 2353 rorata
151 2322 192 2343 est
214 2317 310 2344 amica.
331 2327 340 2342 ι
354 2317 429 2345 Servi
453 2326 518 2353 ergo
540 2317 566 2345 et
587 2319 679 2345 famuli
698 2317 822 2346 timorem

38 2351 158 2388 “demens
182 2357 247 2388 tunc
270 2352 371 2388 bonum
393 2361 453 2380 esse
476 2351 649 2383 c'xistimavit.
664 2355 771 2388 quando
790 2363 822 2381 eo

38 2387 130 2424 :imorc
146 2387 355 2424 pedetentintad
367 2388 414 2415 Dei
427 2396 546 2416 amorem
558 2394 584 2416 et
599 2387 822 2424 perfectissimam

38 2422 191 2448 :liarEtatem
207 2423 390 2456 pcrducimur.

64 2459 130 2491 Quis
145 2456 234 2492 itaque
251 2467 303 2486 ιιοιι
317 2459 407 2486 videat
420 2457 488 2485 hanc
499 2458 647 2486 Clementis
662 2460 695 2486 de
711 2459 810 2488 timore

38 2495 74 2520 )ei
108 2494 256 2521 doctrinam
283 2494 425 2521 sententia:
451 2493 672 2521 Tridentiuoruin
699 2494 808 2521 Patrum

38 2530 138 2556 mutino
157 2537 218 2556 esse
231 2534 454 2559 consentaiteaiii,
470 2538 500 2556 ac
515 2533 594 2563 plane
607 2530 729 2557 eamdem
745 2539 806 2557 cum

38 2573 78 2591 iac
95 2565 203 2590 illorum
217 2565 385 2596 delimtiouc,
401 2572 455 2599 qua
469 2571 568 2591 nostra:
585 2566 675 2591 anatis
687 2566 805 2592 haeretici

38 2608 78 2626 ioc
96 2602 268 2627 anathemate
289 2602 475 2634 perceltuntur
486 2600 527 2626 “‘1
547 2609 556 2625 ι
575 2599 602 2627 Si
623 2602 684 2634 quis
708 2601 807 2627 dixerit

38 2636 154 2663 :ehenna:
169 2641 285 2667 metum,
303 2643 352 2668 per
367 2642 446 2669 quem
475 2636 741 2663 ail‘misericordiam
760 2636 806 2663 Dei

38 2677 58 2697 le
74 2670 191 2704 peccatis
205 2671 322 2697 dolendo
336 2670 519 2705 confugimus.
529 2673 597 2698 vela
613 2676 725 2705 peccato
741 2677 806 2697 abs-

39 2713 154 2737 incnius,
180 2711 321 2738 peccatum
352 2714 423 2736 esse,
444 2711 491 2732 aut
513 2713 670 2740 peccatores
691 2707 807 2740 majores

38 2747 124 2772 acere,
137 2743 279 2767 anathema
291 2743 336 2767 sit.
357 2751 366 2767 ι
396 2741 578 2773 Quamobrem
591 2742 655 2768 alibi
681 2742 737 2768 hinc
763 2750 808 2768 eo-

39 2779 145 2802 unideni
160 2775 270 2803 Patrum
282 2776 431 2810 synodus“
448 2785 456 2802 ε
472 2785 482 2801 ι
502 2777 576 2804 Illam
590 2797 597 2810 ,
615 2778 705 2812 inquit.
739 2785 810 2804 con-

58 2879 79 2895 ¹⁹
92 2879 149 2907 Ξοῖ.
167 2887 193 2913 q.
210 2880 253 2911 l9,
273 2880 365 2907 ιιι-ιλ.
421 2880 443 2897 ⁵ο
463 2881 550 2912 ibid.,
569 2889 596 2916 ι).
615 2881 679 2909 584.

38 2914 45 2930 ¹
60 2923 126 2942 scas.
147 2916 190 2944 Η.
205 2923 229 2942 c.
246 2915 273 2942 4.
313 2915 335 2931 ⁵⁸
351 2918 453 2943 o‘trom.
472 2918 490 2943 t.
509 2923 545 2949 tv,
561 2914 589 2952 p.
605 2918 667 2944 551.

177 2963 312 2995 Ρηιιυι..
336 2965 382 2994 Cit
419 2965 474 2995 ιχ.

830 1596 850 1624 C

829 2270 849 2297 ι)

734 2881 755 2896 ⁸¹
778 2880 882 2908 Strom.
897 2881 914 2908 Ι.
933 2890 953 2912 ι.

706 2917 728 2933 ⁵⁸
743 2915 841 2944 Hoan.
854 2924 892 2950 iv,
909 2918 951 2944 l8.

875 943 973 980 videri,
1002 950 1086 980 quam
1111 945 1199 978 reipsa
1221 943 1288 972 esse
1311 945 1426 979 justum.
1443 945 1513 980 Ergo
1535 943 1661 974 Clemens

873 978 1047 1005 existimabat
1065 980 1190 1013 supplicii
1206 978 1318 1010 metum;
1335 986 1362 1007 et
1376 978 1510 1008 mercedis
1523 989 1597 1015 spem
1620 982 1661 1009 fa-

873 1021 945 1043 cere,
973 1014 1202 1047 quemadmodum
1224 1015 1345 1042 liazretici
1359 1015 1456 1047 aiunt,
1488 1024 1498 1041 ε
1522 1014 1659 1044 hominem

873 1049 1042 1083 liypocriiam
1069 1053 1097 1085 et
1122 1050 1208 1085 magis
1223 1056 1406 1084 peccatorem.
1427 1060 1436 1077 ι
1457 1050 1567 1079 Siccine
1594 1061 1659 1079 vero

872 1084 1047 1111 doctissimus
1058 1083 1101 1111 ille
1117 1085 1158 1111 vir
1170 1083 1200 1111 in
1216 1083 1336 1112 eri-orem
1353 1094 1368 1112 a
1384 1093 1413 1113 se
1430 1087 1511 1114 toties
1525 1106 1531 1118 ,
1548 1091 1578 1113 ut
1591 1088 1660 1114 vidi-

873 1126 944 1150 mus,
960 1119 1154 1156 proscriptum
1180 1121 1288 1147 tandem
1316 1121 1460 1156 prolapsus
1482 1122 1548 1149 est?
1565 1122 1660 1150 Nullus

872 1154 968 1188 procul
984 1154 1066 1181 dubio
1077 1161 1151 1181 Sane
1166 1157 1264 1182 mentis
1279 1154 1360 1182 hoino
1377 1154 1403 1183 id
1420 1158 1448 1183 in
1469 1158 1592 1184 animum
1614 1158 1658 1184 fa-

873 1189 926 1226 cile
937 1189 989 1216 sibi
1007 1189 1156 1217 induxerit.
1170 1189 1263 1225 Neque
1277 1198 1342 1218 vero
1355 1191 1412 1218 hinc
1429 1199 1548 1226 unquam
1565 1193 1615 1220 fuit
1629 1194 1660 1220 il-

872 1224 925 1261 lius
942 1232 1022 1261 meus
1037 1229 1183 1261 etsensus.
1195 1224 1236 1252 Ab
1251 1227 1309 1260 ipso
1317 1225 1391 1252 enim
1408 1226 1465 1253 hch
1475 1224 1592 1261 scriptis
1604 1233 1660 1255 tra-

871 1259 926 1286 dita
938 1259 1106 1297 lcgimusft:
1122 1269 1131 1286 ι
1148 1260 1202 1287 Nos
1215 1259 1305 1288 autem
1318 1268 1392 1293 eum,
1407 1262 1452 1296 qui
1466 1259 1574 1297 semper
1587 1268 1615 1290 et
1633 1266 1659 1290 in

870 1295 998 1322 omnibus
1009 1299 1050 1322 est
1063 1295 1163 1328 justus,
1181 1297 1252 1324 scire
1270 1297 1405 1330 cupimus,
1416 1295 1469 1330 ’qui
1497 1295 1547 1324 nec
1560 1298 1660 1325 timens

871 1330 1014 1364 supplicia.
1031 1338 1091 1364 qum
1104 1338 1119 1357 a
1137 1331 1195 1364 lege
1212 1335 1382 1363 statuuntur,
1399 1339 1450 1359 nec
1481 1339 1575 1359 eorum
1596 1341 1658 1360 cuin

871 1367 969 1399 quibus
978 1370 1113 1396 versatur,
1126 1367 1205 1400 etqui
1219 1372 1329 1401 peccata
1343 1369 1656 1401 persequuntur,odium

871 1401 961 1436 vitans
977 1403 1003 1427 in
1018 1401 1166 1434 improbos,
1181 1409 1230 1429 nec
1243 1402 1315 1436 quod
1333 1409 1366 1429 ex
1386 1403 1452 1436 ipSis
1466 1402 1615 1430 sceleribus
1630 1409 1654 1430 et

868 1435 980 1470 ﬂagitiis
1001 1437 1147 1473 impendet,
1169 1435 1322 1470 periculum
1347 1435 1532 1464 reformidans
1545 1458 1552 1469 ,
1569 1438 1658 1473 justus

870 1476 1023 1507 permanet.
1037 1471 1090 1504 Qui
1102 1472 1175 1498 enim
1190 1477 1300 1507 propter
1309 1473 1367 1500 liaic
1375 1473 1494 1500 abstinet
1507 1481 1520 1499 a
1533 1471 1657 1501 faciendo

871 1506 973 1539 aliquid
989 1514 1023 1533 ex
1040 1508 1071 1533 iis
1088 1514 1149 1540 quae
1168 1506 1355 1543 suntinjusta,
1374 1515 1478 1535 nonest
1490 1516 1538 1535 sua
1548 1515 1657 1543 sponte,

869 1542 917 1568 Sed
936 1547 1007 1569 metu
1026 1542 1170 1569 bonus"...
1186 1542 1215 1569 Si
1231 1548 1321 1570 autent
1337 1544 1371 1570 ab
1388 1543 1520 1577 iniustitia
1531 1542 1657 1572 facienda

870 1577 1040 1613 abstinuerit
1062 1582 1175 1612 propter
1198 1586 1272 1613 spem
1299 1579 1531 1606 remunerationis
1557 1586 1572 1605 a
1601 1579 1658 1606 Dco

868 1612 1079 1646 consequendze,
1094 1613 1128 1639 ob
1139 1620 1169 1639 ea
1182 1612 1241 1647 qua:
1254 1613 1325 1646 iuste
1344 1613 1449 1647 fecerit,
1473 1621 1523 1641 nee
1541 1615 1657 1648 SiCJllll-

869 1649 929 1674 dem
944 1655 991 1674 sua
1004 1653 1102 1681 sponte
1115 1649 1201 1675 bonus
1210 1655 1261 1677 est.
1278 1648 1356 1675 Sicut
1368 1649 1442 1676 enim
1459 1649 1533 1676 illum
1547 1655 1634 1676 metus
1648 1671 1656 1680 .

867 1683 907 1709 sic
922 1683 994 1709 hunc
1007 1690 1116 1718 quoque
1128 1691 1232 1711 merces
1242 1683 1346 1717 justum
1362 1684 1436 1715 facit.
1451 1685 1492 1711 vel
1501 1685 1591 1718 potius
1604 1684 1658 1711 elli-

867 1718 915 1749 cit,
942 1722 972 1744 ut
997 1719 1121 1745 Videatur
1139 1719 1242 1752 instns.
1271 1729 1280 1745 ι
1300 1718 1373 1745 Nulli
1393 1724 1466 1747 certe
1485 1720 1596 1746 dubium
1611 1725 1658 1748 aut

866 1753 1012 1780 obscurum
1024 1761 1084 1781 esse
1101 1759 1190 1789 potest
1204 1754 1374 1782 Clementem
1393 1755 1428 1781 ibi
1448 1755 1522 1788 loqui
1538 1755 1656 1788 dejusto

868 1788 1046 1823 perfectoque
1061 1788 1181 1820 homine,
1195 1797 1276 1824 quem
1289 1798 1298 1815 ι
1319 1791 1474 1824 gnosticum
1493 1799 1503 1816 ι
1526 1790 1655 1824 appellat,

866 1829 894 1860 et
914 1825 959 1858 qui
979 1825 1126 1859 perfectam
1153 1825 1244 1860 attigit
1259 1825 1439 1858 charitatein;
1458 1826 1520 1857 vel,
1537 1831 1566 1852 ut
1591 1826 1658 1860 ipsis

866 1858 1019 1895 Clementis
1031 1860 1117 1886 nostri
1131 1858 1221 1888 verbis
1235 1865 1357 1891 utamur,
1374 1870 1383 1885 l
1402 1861 1448 1895 qui
1465 1868 1574 1894 semper
1585 1858 1613 1888 et
1629 1862 1655 1888 in

865 1894 994 1921 omnibus
1010 1894 1102 1928 justus
1127 1900 1180 1923 est.
1211 1905 1220 1921 i
1248 1895 1298 1922 llic
1320 1894 1430 1926 autem,
1453 1900 1482 1922 ut
1497 1895 1543 1922 ille
1555 1897 1656 1930 pergit,

867 1929 941 1965 nullo
959 1930 1085 1964 supplicii
1101 1931 1278 1965 autpcriculi
1298 1936 1370 1957 metu
1388 1931 1479 1965 justus
1503 1929 1656 1965 permanet}

866 1963 899 1990 Et
913 1969 987 1991 recte
995 1963 1119 1999 quidem.
1135 1963 1202 1992 Nam
1221 1967 1246 1992 in
1267 1966 1357 1999 prima
1371 1963 1556 1998 Epistola’sua
1572 1965 1658 1994 Joan-

866 2006 914 2026 nes
931 1999 1070 2034 scripsit“5
1089 2009 1095 2028 τ
1120 2009 1129 2024 ι
1155 2000 1249 2027 Timor
1264 2006 1370 2028 nonest
1394 2009 1419 2027 in
1441 2001 1592 2034 cbaritate;
1608 2004 1656 2029 sed

866 2034 985 2068 perfecta
1001 2035 1122 2062 Charitas
1136 2035 1209 2063 foras
1220 2037 1304 2062 mittit
1317 2036 1463 2068 timorem;
1479 2037 1609 2070 quoniam
1624 2038 1657 2063 ti-

866 2077 925 2106 inor
944 2077 1053 2102 pinnam
1075 2070 1156 2098 habet
1170 2080 1178 2098 :
1192 2072 1239 2106 qui
1261 2076 1353 2098 autem
1367 2071 1454 2104 timet,
1469 2079 1521 2098 non
1537 2077 1578 2098 est
1590 2079 1655 2106 per-

865 2105 952 2132 fectus
967 2108 992 2132 iu
1008 2107 1156 2133 cliaritate.
1178 2115 1188 2132 ›

900 2141 1033 2173 Quocirca
1045 2140 1135 2174 justus
1154 2142 1197 2169 ille
1215 2141 1342 2168 timorem
1356 2149 1405 2167 cur
1420 2141 1567 2175 expulerit,
1584 2142 1654 2169 hanc

863 2175 990 2203 Clemens
1006 2177 1118 2211 protulit
1133 2177 1278 2204 rationem.
1295 2177 1346 2209 Qui
1363 2182 1477 2211 propter
1492 2182 1594 2204 metum
1607 2183 1654 2205 aut

864 2212 998 2239 mercedis
1013 2220 1089 2246 spem
1104 2212 1138 2239 ab
1159 2212 1300 2245 iniustitia:
1320 2220 1348 2239 se
1366 2212 1485 2238 abstinet
1505 2213 1653 2247 operibus.

865 2247 887 2273 is
898 2255 951 2274 non
963 2252 1005 2274 est
1020 2252 1116 2280 sponte
1136 2249 1285 2282 snajustus
1299 2257 1306 2274 :
1327 2248 1372 2274 sed
1389 2246 1473 2274 elticit
1491 2249 1584 2282 potius
1601 2249 1653 2275 du-

865 2282 925 2316 plex
939 2282 983 2309 illa
999 2282 1118 2314 affectio,
1129 2283 1258 2318 utjnstus
1271 2283 1405 2310 videatur.
1419 2283 1544 2309 Nondum
1554 2283 1654 2318 quippe

864 2318 896 2344 ad
912 2318 1061 2351 perfectam
1079 2318 1152 2345 illaut
1167 2319 1331 2345 cliaritatein
1349 2319 1482 2352 pervenit,
1497 2326 1551 2352 qua
1565 2326 1612 2353 spe
1626 2326 1655 2346 et

865 2358 937 2380 metu
961 2353 1057 2387 procul
1082 2354 1249 2385 amendatis.
1266 2354 1366 2380 bonum
1381 2353 1546 2385 voluntaria,
1565 2363 1597 2381 ac
1620 2355 1655 2383 li-

865 2388 928 2415 bera
941 2395 1064 2422 prorsus,
1078 2394 1105 2416 et
1117 2389 1241 2423 expedita
1260 2390 1399 2416 voluntate
1410 2394 1551 2423 operetur.

900 2423 969 2455 Quid
985 2431 1060 2458 ergo,
1081 2429 1179 2459 arguet
1192 2425 1262 2451 alius
1273 2425 1433 2459 quispiam,
1454 2424 1578 2457 nunquid
1593 2424 1653 2452 Cle-

864 2466 940 2486 mens
956 2467 970 2485 a
985 2467 994 2483 i
1011 2459 1134 2492 gnostico
1150 2469 1159 2484 ι
1176 2467 1224 2486 seu
1240 2459 1361 2493 perfecto
1377 2460 1533 2486 Christiano
1544 2467 1653 2488 omnem

863 2503 937 2529 spem
960 2494 1042 2520 etiam
1071 2503 1080 2520 i
1108 2495 1336 2522 remunerationis
1353 2504 1363 2520 ι
1382 2503 1397 2522 a
1411 2495 1482 2527 Deo,
1497 2499 1527 2521 ut
1541 2495 1600 2529 ipse
1616 2495 1654 2523 lo-

862 2531 965 2564 quitur,
979 2537 988 2554 ί
1008 2530 1185 2564 accipiendae,
1199 2539 1209 2555 ι
1223 2530 1296 2556 sicut
1307 2535 1335 2557 et
1349 2535 1463 2561 metum,
1478 2529 1587 2564 penitus
1607 2533 1653 2557 de-

861 2565 1013 2599 pellendam
1023 2571 1083 2591 esse
1095 2565 1235 2591 decernit?
1246 2564 1373 2600 Nunquid
1385 2573 1461 2600 ergo,
1472 2565 1581 2600 urgebit
1595 2566 1652 2598 ille.

861 2601 932 2627 haud
952 2600 1069 2627 obscure
1083 2600 1209 2628 Clemens
1220 2601 1322 2633 docuit,
1340 2609 1416 2635 spem
1427 2621 1434 2632 ,
1456 2608 1518 2636 qua:
1532 2603 1652 2628 secunda

861 2638 947 2663 virtus
965 2636 1118 2670 theologica
1131 2640 1184 2667 est,
1205 2635 1430 2669 impcrfectorum
1460 2637 1653 2663 tantummodo

859 2679 921 2698 esse
948 2671 1187 2702 Christianorum,
1219 2671 1332 2697 inininie
1360 2679 1426 2698 vero
1450 2671 1655 2706 perlcctoruin?

861 2707 915 2734 Sed
929 2709 951 2734 is
965 2715 1017 2732 non
1033 2707 1218 2746 videtur.csse
1235 2706 1513 2746 scususﬂCleuineiitis,
1529 2707 1575 2740 qui
1592 2713 1652 2746 tan-

861 2749 918 2770 tum
933 2744 1021 2773 abest,
1045 2746 1075 2768 ut
1101 2742 1226 2776 ibi'spcui
1248 2750 1262 2767 a
1279 2742 1401 2776 perfecto
1412 2742 1569 2769 Christiano
1583 2743 1653 2775 abji-

860 2778 986 2805 ciendam
1010 2785 1072 2804 esse
1090 2782 1204 2809 statuat,
1234 2778 1301 2812 quin
1326 2779 1416 2811 potius
1441 2779 1475 2804 ab
1492 2785 1524 2804 eo
1542 2784 1653 2812 semper

967 2889 995 2916 p.
1012 2881 1076 2909 555.
1147 2881 1169 2897 ⁸³
1184 2880 1309 2908 Trident.
1324 2889 1397 2917 syn.,
1415 2889 1484 2908 sess.
1499 2883 1524 2913 ti,
1540 2888 1601 2907 can.
1618 2880 1648 2908 8.

1454 2964 1494 2995 38
