1916 3071
47 171 110 199 ΗἿἹ

637 170 679 197 DE
696 169 806 197 LlBRlS
827 168 1050 202 STROMATUM.

1587 178 1655 206 {208

47 233 80 266 est
98 227 259 266 philosophi,
275 227 316 266 τὸ.
330 225 399 253 κατὰ
425 225 520 266 ᾑδονὴν
541 226 654 266 τρεπῖδν
678 227 725 253 καὶ
743 234 810 261 μετα

875 234 923 253 nec
954 229 1196 266 δῑθιίοιιιιπι,ιψιηι
1215 234 1241 257 et
1267 230 1330 265 lpsm
1353 231 1461 266 quidem
1480 233 1538 260 dies
1558 234 1657 263 habent

47 262 145 298 ελητύν,
164 271 172 286 ι
196 262 222 288 id
247 262 317 296 quod
337 269 371 288 ex
397 262 533 296 voluptate
557 261 626 288 verti
650 268 699 289 aut
723 262 820 288 mutari

60 303 137 325 mest.
159 306 169 322 ι

47 307 140 366 ΡοὸἯά
159 307 248 358 autem
263 331 296 358 de
313 331 412 365 triplici
435 331 478 358 illa
498 331 616 358 amicitia
639 332 820 363 sentiendum,

47 369 80 396 sic
93 368 138 395 ille
152 366 287 394 concludit
302 378 307 394 :
326 377 336 393 ‹
352 368 399 393 Est
421 374 486 401 ergo
506 374 557 393 uua
579 368 685 400 quidem
703 367 820 402 philoso-

47 405 84 438 phi
113 402 244 438 amicitia.
270 401 353 428 altera
380 410 445 438 vero
471 402 704 438 hominis,_tertia
730 407 819 428 autem

47 438 172 466 animalis.
185 437 287 463 Revera
302 439 372 463 enim
388 437 432 464 Dei
448 442 490 463 est
511 438 597 471 imago
611 436 692 463 homo
709 438 818 464 benefa-

47 475 122 503 ciens,
137 480 189 506 qua
204 472 229 498 iu
245 480 273 498 re
290 473 346 506 ipse
365 472 445 499 etiam
464 471 596 499 beneficio
611 471 736 504 afficitur,
751 473 821 498 sicut

47 511 202 539 :uhernalor
213 507 292 533 simul
308 512 398 534 servat
414 512 441 533 et
455 512 587 533 servatur.
607 516 616 531 ι
631 507 732 539 Quibus
745 514 820 534 certe

47 542 125 570 verbis
149 543 192 569 ille
215 542 350 576 signiticat
373 543 480 569 tertium
507 541 631 568 amicitia:
645 549 729 573 genus
747 549 821 569 mere

47 587 96 606 ~sse
109 577 236 607 animale.
254 585 286 603 ac
304 578 415 610 proinde
438 577 547 603 homine
565 576 678 603 rationis
698 583 820 610 compote

47 614 106 639 haud
119 620 230 646 prorsus
242 613 351 645 dignum
366 622 371 644 ;
388 613 535 639 secundum
548 619 611 638 vero
627 619 688 639 esse
703 613 818 645 bonum;

47 650 83 675 :ed
96 649 210 682 primum
229 655 291 674 esse
305 647 446 681 optimum.
468 647 591 673 Seciindo
604 647 703 673 etenim
724 648 820 674 amici-

47 685 81 710 tia:
98 690 195 716 genere
213 683 295 708 homo
311 683 335 708 in
350 683 417 709 alios
434 682 570 709 beneficus
582 682 691 716 quidem
705 687 757 714 est,
772 684 818 709 sed

47 723 139 744 Lautum
161 717 234 743 κατὰ
257 716 390 753 ἀμοιϐήν,
409 727 418 742 ι
439 717 722 753 εκντιξιηυιιρτιῃὶυηθ,
740 726 749 742 ι
767 725 819 751 qua

47 754 96 788 quis
110 753 201 779 collati
220 752 355 778 beneficii
368 754 443 779 vices
466 752 517 779 sibi
537 752 648 788 rependi
669 758 817 786 exspectat.

47 786 72 815 At
95 789 210 822 primum
235 788 362 814 amicitia:
383 795 469 821 genus
490 795 521 813 ex
543 786 643 813 virtute
663 792 688 813 et
717 788 819 814 ratione

47 825 130 853 iritur,
149 828 231 856 atque
245 830 277 849 eo
292 823 372 849 homo
388 823 421 849 de
441 822 606 856 quibuslibet
620 822 681 848 aliis
700 823 819 849 homini-

47 860 87 885 bus
108 858 163 884 sine
176 858 228 884 ulla
247 858 440 884 vicissitudinis
458 865 505 891 spe
518 858 586 883 bene
601 862 730 888 meretur,
745 857 818 884 illos-

872 268 975 295 quarta:
993 263 1067 291 ferite
1081 270 1108 291 et
1128 263 1220 296 sexta»,
1238 263 1343 299 passive
1360 263 1449 294 iamen
1472 275 1593 300 currant,
1609 278 1656 298 ne-

872 304 925 338 que
939 300 990 324 sub
1006 300 1058 338 ulla
1076 299 1132 333 lege
1151 302 1287 338 percepti,
1304 309 1392 338 neque
1411 303 1482 330 ultra
1501 311 1655 338 supremam

872 333 935 361 diei.
949 335 1056 367 quando
1072 341 1099 361 et
1119 333 1255 362 orationes
1270 335 1326 363 fere
1342 333 1408 364 liora
1426 346 1496 365 nona
1512 333 1658 367 concludat

872 367 905 394 de
921 367 992 395 Petri
1010 369 1142 403 exemplo,
1166 371 1235 403 quod
1265 371 1340 398 Actis
1367 372 1493 400 refertur.
1516 383 1524 399 ι
1545 374 1581 401 Ita
1601 375 1657 405 ille.

872 407 932 439 post
947 411 1023 430 suam
1041 405 1073 430 ad
1094 405 1272 432 Montanistas
1286 407 1476 439 deiectionem,
1491 409 1657 437 orthodoxos

873 438 1013 471 loquentes
1030 440 1142 466 inducit.
1165 441 1200 467 At
1224 448 1271 467 eos
1291 442 1323 467 ab
1341 442 1392 468 hoc
1409 438 1527 475 homine,
1549 445 1657 472 lucreti-

872 480 965 498 coruin
992 474 1114 507 partibus
1137 475 1192 508 jam
1214 477 1381 509 pertinacius
1406 478 1522 507 addicto.
1540 480 1609 505 male
1629 485 1657 507 et

871 515 1010 547 perperam
1035 510 1163 547 redargui
1183 511 1259 537 testis
1282 519 1346 538 sane
1373 512 1599 546 locupletissimus
1614 516 1656 541 ci—

873 545 927 580 tari
943 547 1031 580 potest
1050 545 1227 580 Augustinus,
1253 547 1297 580 qui
1322 547 1355 573 ad
1371 545 1533 575 Casiilauum
1554 549 1609 576 haec
1629 550 1655 576 in

873 578 953 603 verba
976 579 1165 618 scripsit°_'_:_«
1183 580 1209 607 Si
1229 578 1317 607 autem
1334 583 1459 615 quoniam
1487 584 1548 610 huic
1571 591 1656 618 quati-

871 618 926 652 !uin
955 614 1043 647 potui,
1066 614 1231 652 stillicienter
1261 624 1303 642 me
1332 614 1503 650 respondisse
1525 614 1600 652 puto.
1622 621 1656 646 de

871 647 920 674 hac
934 656 963 675 re
977 650 1139 688 sententiam
1156 658 1242 688 meam
1257 652 1355 684 qiizeris
1366 647 1436 686 {ego
1448 653 1473 679 in
1489 647 1657 688 evangelicis

870 688 897 709 et
913 684 1069 723 apostolicis
1094 685 1210 716 litteris,
1237 690 1347 723 totoque
1371 684 1573 719 instrumento:
1585 691 1656 723 quod

870 718 1022 751 appellatur
1037 719 1239 747 Testamentum
1267 718 1381 753 Novum,
1406 723 1496 749 animo
1517 724 1542 749 id
1566 718 1655 751 re'vol-

870 754 1037 790 veus,»video
1055 761 1220 788 praeceptum
1239 763 1300 782 esse
1320 757 1461 790 jejunium.
1480 757 1582 790 Quibus
1606 768 1656 785 an-

871 792 924 828 tem
940 788 1035 815 diebus
1048 796 1108 828 uon_
1121 788 1394 828 oporteatjejuiiare,
1410 797 1438 819 et
1459 788 1558 827 quibus
1573 802 1655 828 opor-

871 827 925 860 teat
941 829 1076 860 praecepto
1094 825 1198 851 Domini
1214 826 1256 852 vel
1273 825 1531 860 apostolorum-nou
1547 825 1654 856 invenio

870 858 1021 900 definitum:
1041 859 1121 900 {Sed
1142 858 1297 900 responderi
1315 861 1385 900 forte
1406 867 1496 900 posset
1513 863 1654 900 ibiAiign-

47 901 88 932 1!"?
108 892 359 932 benetigiisaﬂicit.
381 892 558 932 209‘Hunc
583 896 672 918 autem
693 893 819 932 Clemens
835 896 855 923 Β
870 894 971 932 s_tiuum
987 894 1098 932 alicujus
1112 892 1296 932 tantummodo
1310 892 1424 928 decreti,
1441 898 1467 924 iii
1483 899 1567 927 sacris
1587 892 1653 926 Novi

47 929 99 955 iicit
112 935 171 955 esse
192 928 238 954 Dei
257 928 411 960 imaginem,
428 927 474 961 qui
497 935 529 954 eo
547 928 605 961 ipso
618 934 671 960 quo
691 927 758 954 alios
775 929 820 954 he-

47 964 138 989 neliciis
157 967 246 994 ornat,
263 963 358 989 iisdem
379 963 435 996 ipse
459 962 514 988 suis
533 962 672 988 beneﬂciis
692 968 817 989 ornatur.

47 997 102 1030 Quid
114 1005 204 1032 porro,
218 998 292 1032 quod
308 998 370 1024 alibi
388 998 466 1024 docet
489 1002 543 1024 tam
563 1004 610 1024 eos
630 1003 691 1024 esse
714 998 819 1024 miseri-

47 1034 139 1064 cardcs,
155 1035 199 1068 qui
217 1037 352 1067 quatenus
371 1036 496 1068 possunt,
517 1032 632 1068 aliorum
656 1033 820 1060 miserentur

47 1067 169 1102 ipcnique
184 1069 224 1095 eis
244 1069 344 1098 ferunt,
364 1076 444 1101 quam
472 1067 530 1094 illos
545 1067 602 1100 qui,
617 1075 678 1093 cum
703 1075 754 1094 non
771 1075 819 1094 va-

47 1103 115 1135 ‘caut,
130 1104 154 1130 id
165 1108 296 1137 quantum
315 1104 341 1129 in
364 1103 429 1137 ipsis
445 1108 485 1129 est
496 1108 523 1129 et
535 1102 656 1135 cupiunt,
672 1107 698 1129 et
711 1104 818 1130 siut-ero

47 1140 70 1163 id
89 1139 149 1165 illud
174 1139 330 1165 faciendum
352 1138 443 1164 animo
468 1143 532 1164 sunt
555 1138 660 1172 parati?
683 1137 819 1172 Uirosque

47 1179 121 1199 intem
137 1181 183 1207 pro
197 1174 346 1200 voluntatis
364 1173 444 1200 modo
459 1173 590 1199 honorem
611 1174 817 1208 mercedemque

47 1213 190 1243 icccpturos
207 1214 286 1236 certo
298 1208 451 1242 pollicetur.

286 1253 483 1281 ARTICULUS
498 1253 554 1280 VII.

47 1300 73 1327 De
92 1300 250 1335 quibusdam
268 1300 476 1328 Christianorum
501 1300 617 1327 moribus
634 1306 659 1327 et
679 1301 815 1328 institutis.

71 1347 132 1372 lluic
142 1347 175 1373 de
190 1347 408 1374 Christianorum
428 1347 573 1373 virtutibus
594 1346 769 1379 disputationi
784 1355 814 1374 ea

47 1383 233 1413 uilniectaniiis,
244 1390 303 1416 quae
315 1382 347 1408 de
360 1382 478 1415 ipsorum
491 1383 612 1408 moribus
622 1381 747 1408 Clemens
760 1383 816 1410 suis

47 1417 194 1443 Stromatum
217 1418 295 1444 libris
319 1417 466 1444 identidem
492 1416 605 1443 inseruit
620 1417 652 1442 ⁵⁷.
668 1417 703 1443 De
717 1426 726 1441 ι
747 1425 815 1451 gno-

47 1453 99 1478 illt'o
115 1461 123 1477 ι
142 1458 229 1479 autem
249 1452 294 1478 ubi
319 1452 362 1479 ille
386 1451 505 1482 disserit,
531 1452 567 1478 ibi
589 1452 682 1478 scribit
704 1452 736 1478 ab
758 1455 814 1486 ipso

50 1487 140 1521 intelligi
163 1492 268 1520 quartae
285 1493 310 1514 et
330 1492 413 1514 sexta:
435 1486 520 1518 feriae,
542 1487 601 1513 sive
620 1487 724 1513 dierum
745 1487 814 1514 Mer-

49 1523 98 1548 -urii
116 1528 141 1549 et
155 1522 271 1550 Veneris
284 1521 528 1557 :cnigmata;haud
549 1521 630 1548 dubie
651 1523 714 1557 quia
733 1522 812 1549 Chri-

47 1557 110 1596 diani
127 1566 221 1596 inanes
243 1556 584 1596 liis_tliebusjejuuabatit.
602 1557 639 1596 Et_
662 1564 724 1584 vero
749 1558 812 1596 ljjpi-
826 1567 847 1596 ο

47 1592 143 1618 ilianius
159 1593 223 1620 illud
249 1593 388 1626 utriusque
402 1593 454 1619 diei
469 1590 602 1627 jejunium
616 1592 650 1618 al)
662 1590 810 1626 apostolica

47 1627 178 1660 iunctione,
201 1633 232 1655 ut
259 1628 353 1657 saltem
382 1628 528 1654 traditione
555 1627 593 1653 sic
622 1628 745 1660 repetivit
761 1628 808 1655 ἐξ

47 1668 52 1686 ι
69 1662 128 1694 Quis
140 1669 190 1696 est,
209 1664 315 1697 uspiam
339 1668 483 1696 terrarum,
501 1662 544 1696 qui
570 1670 622 1688 non
642 1663 667 1688 iu
691 1671 723 1689 co
747 1671 811 1689 coti-

47 1697 139 1725 sentiat.
150 1704 275 1731 quartam
303 1703 442 1724 sextauivo
467 1698 561 1725 feriam
585 1697 698 1724 solemni
720 1697 746 1724 iu
762 1699 810 1724 Ec-

47 1731 113 1758 :Iesia
130 1733 231 1765 jejunio
256 1733 462 1760 consecratam?
479 1733 555 1765 Quod
574 1733 596 1759 si
621 1740 654 1759 ex
673 1734 809 1766 apostolo-

47 1774 92 1793 -uui
112 1769 302 1795 constitutione
323 1768 466 1801 repetenda
489 1768 566 1794 nobis
589 1769 738 1794 auctoritas
757 1773 808 1800 est,

47 1809 82 1828 :ur
102 1802 150 1829 illis
173 1809 279 1838 quartae
297 1808 412 1830 sextaeve
435 1802 509 1830 feriae
526 1802 658 1838 jejunium
681 1809 809 1837 perpetua

49 1845 90 1872 ego
101 1837 229 1870 sancitur,
246 1844 356 1872 excepta
377 1838 614 1865 Pentecoste.......
631 1837 709 1870 Quod
729 1839 750 1865 si
777 1839 809 1866 de

47 1877 126 1905 piarta
140 1880 251 1901 sextave
262 1875 328 1900 feria
343 1873 442 1899 nullam
455 1873 565 1900 omnino
577 1873 602 1898 iu
617 1874 809 1900 constitutione

47 1915 81 1932 .ua
98 1911 258 1936 mentionem
280 1909 394 1943 apostoli
421 1908 559 1939 fecissent,
576 1908 637 1934 aliis
659 1912 746 1935 tamen
764 1917 809 1935 ar-

47 1945 162 1978 gumentis
181 1946 279 1971 licebat
296 1945 345 1970 uti.
371 1945 528 1978 Quanquam
553 1950 584 1970 ea
609 1943 642 1969 de
662 1950 690 1969 re
714 1948 754 1970 est
774 1944 808 1970 ab

49 1977 85 2004 llis
103 1981 306 2007 accuratissime
330 1980 471 2013 scriptum,
492 1978 572 2012 idque
595 1978 680 2011 ipsum
702 1979 736 2004 ab
758 1978 808 2005 Ec-

47 2013 110 2039 :lesia
123 2021 288 2048 susceptum,
303 2015 438 2041 communi
462 2019 504 2040 est
521 2014 699 2040 consensione
717 2013 808 2040 ﬁrma-

47 2054 106 2085 iiui,
131 2056 276 2084 antequam
301 2050 397 2076 Aerius
425 2049 494 2075 ullus
521 2056 582 2085 cuni
610 2049 736 2075 Aerianis
760 2056 809 2075 ex-

47 2088 146 2111 sisteret.
164 2094 174 2110 ι
534 2084 539 2089 ”

70 2119 155 2152 Itaque
174 2120 223 2147 hoc
243 2120 374 2154 jejunium
394 2119 509 2154 quadam
535 2118 593 2153 lege
614 2119 647 2145 ab
667 2119 806 2153 apostolis,

48 2160 61 2178 n
73 2161 160 2180 eorum
175 2155 289 2182 forsitan
303 2154 548 2182 Constitutiouibus
564 2156 616 2180 lata
627 2154 659 2185 ‘9,
677 2155 806 2182 iudicium

47 2187 111 2226 insse
131 2189 296 2225 Epiphanius
318 2192 450 2224 perhibet.
464 2189 563 2226 verum
583 2190 648 2226 quia
671 2197 723 2216 non
749 2197 807 2216 om-

48 2230 177 2251 nuocerta
196 2231 258 2252 erat
280 2227 373 2252 harum
399 2225 607 2259 apostolicarum
630 2225 808 2251 Constitutio-

47 2264 94 2284 luul
108 2263 264 2295 auctoritas,
275 2269 307 2287 ne
319 2261 381 2295 quid
394 2265 487 2287 contra
497 2259 606 2286 Aeriaui
619 2260 806 2292 uiussitareut,

47 2301 89 2318 iani
115 2294 277 2329 Epiphanius
299 2294 358 2330 plus
379 2303 460 2330 quam
496 2303 543 2330 par
577 2300 636 2321 erat
662 2295 806 2327 urgendum

47 2335 90 2353 esse
102 2331 191 2362 procul
210 2332 292 2357 dubio
309 2340 360 2357 nou
380 2330 494 2358 censuit.
515 2331 695 2362 Quamobrem
710 2330 806 2357 Aeria—

47 2370 122 2390 iornm
139 2366 172 2392 de
195 2366 308 2400 jejuuiis
331 2373 452 2394 errorem
477 2365 577 2392 invicto
604 2365 704 2392 refellit
727 2373 807 2399 argu-

47 2405 128 2436 uculo,
154 2409 186 2427 ex
204 2402 361 2428 coi‘umtleui
383 2401 562 2436 apostolorum
589 2404 644 2426 tam
669 2400 804 2427 constanti

49 2434 169 2471 raditione
181 2437 325 2471 desumpta
338 2457 345 2469 ,
367 2434 512 2467 iit—nullus,
535 2443 568 2462 ne
591 2436 696 2468 quidem
716 2436 803 2462 hatre-

48 2475 97 2509 ic’ds
112 2471 199 2509 homo,
215 2479 275 2498 eam
293 2479 418 2506 respuere
432 2472 528 2497 merito
543 2478 661 2509 unquam
676 2471 801 2509 potuerit.

70 2502 242 2533 l‘ertulliauus
271 2502 360 2534 autem
389 2512 515 2534 testatum
544 2502 650 2539 quidem
676 2502 805 2533 similiter

47 2545 92 2564 acii
108 2540 130 2555 ‘3“
145 2543 194 2568 ti0c
208 2543 280 2568 idem
293 2542 424 2575 jejunium
438 2542 471 2567 ab
486 2541 613 2575 apostolis
627 2540 802 2574 proﬂuxisse;

48 2575 76 2599 ed
92 2576 157 2602 haud
176 2577 291 2604 obscure
310 2579 427 2604 insinuat
440 2577 585 2604 catholicos
602 2578 723 2602 homines
746 2577 804 2603 exi-

49 2614 147 2637 iiuiassc
161 2620 190 2638 se
216 2613 286 2638 nulla
302 2622 310 2637 ι
327 2612 452 2646 υτωευμιί
471 2613 528 2646 lege
542 2620 552 2636 ι
567 2612 599 2638 ad
613 2611 676 2637 illud
693 2618 804 2637 servan-

47 2647 90 2669 tuui
107 2648 189 2673 teneri
204 2655 211 2673 :
231 2655 240 2671 ι
259 2647 304 2674 Sic
316 2653 344 2674 et
358 2647 503 2681 apostolos,
520 2646 617 2680 inquit,
631 2647 801 2678 observasse,

47 2680 126 2706 nilluni
149 2683 222 2709 aliud
250 2680 417 2716 iuiponeutcs
439 2682 532 2715 jugiiin
553 2687 700 2711 certorum.
721 2686 750 2707 et.
775 2681 801 2707 iii

48 2722 165 2742 oiuiiiuue
177 2715 302 2744 omnibus
311 2715 676 2751 obeundarumjejunioruui,
689 2717 803 2749 proinde

64 2796 83 2833 {7
96 2796 193 2826 Strom.
212 2798 231 2824 1.
246 2807 292 2831 vii,
313 2807 340 2833 p.
361 2797 424 2824 7M.

50 2831 106 2861 U20,
120 2840 151 2859 ac
168 2834 185 2861 Ι.
198 2841 243 2862 rit.
262 2843 285 2861 c.
301 2831 347 2861 Ξῐὸ.
385 2833 407 2848 ⁶⁰
423 2833 469 2859 lib.
488 2833 644 2867 Dejejuuio,
659 2833 720 2859 ϐοὶ.

49 2870 63 2904 _U
82 2875 105 2892 in
125 2869 208 2895 Levii.
235 2903 241 2904 ί
275 2870 409 2903 “cmpos.
437 2869 496 2898 Μ..
514 2868 528 2904 §
548 2869 716 2904 ditandi.

47 2900 131 2932 'L‘jtlSl.
146 2904 163 2928 2
179 2906 211 2929 at
233 2903 268 2930 De
282 2900 368 2936 ceuti,
382 2912 407 2931 c.
419 2904 446 2931 ιι,

464 2797 590 2834 "contr.
613 2796 736 2829 Aeriam,
755 2797 851 2834 haeres.
871 2796 947 2834 ’ἷξες
963 2796 1029 2834 (inp.
1047 2796 1110 2834 illo,
1133 2796 1165 2834 Mf

758 2833 778 2848 ⁶¹
797 2834 876 2866 epist.
890 2832 923 2858 56
935 2829 970 2856 ad
984 2831 1113 2865 Casu|.,§
1131 2829 1176 2860 25,
1194 2838 1218 2863 ι).
1230 2829 1274 2858 78,
1290 2830 1338 2866 t_-t§
1351 2829 1396 2864 52,
1415 2829 1495 2866 p._8l_.

771 2868 803 2882 ⁸³²
816 2869 881 2894 Luc.
896 2874 921 2898 γ,
938 2867 983 2893 55.

487 2902 572 2930 ⁸⁴⁷Ιι1κ
590 2903 625 2929 De
639 2904 722 2930 divin.
739 2902 832 2930 ofﬁciis
849 2922 856 2934 ,
871 2910 896 2928 c.
909 2902 953 2928 42.

872 928 1040 956 Testamenti
1065 929 1213 964 Scripturis
1239 932 1400 964 praescripti.
1423 932 1519 960 fecisse
1539 936 1654 961 mentiu—

870 964 1081 1002 [leln,‘_llilllllnfl
1104 973 1166 1002 vero
1192 966 1225 993 de
1244 966 1298 992 alio
1318 968 1443 1001 quopiam
1466 968 1500 995 ab
1524 971 1654 1002 apostolis

871 1004 930 1037 post
944 999 1044 1037 Christi
1065 1000 1091 1037 iii
1115 1000 1198 1027 coelos
1221 999 1406 1029 ascensionem
1425 999 1550 1037 deinceps
1571 1005 1655 1032 stabi-

870 1034 928 1072 lito.
950 1035 984 1072 At
1001 1035 1091 1068 urgeri
1105 1042 1219 1072 quoque
1246 1041 1345 1070 petest,
1368 1038 1390 1063 si
1414 1034 1548 1072 quoddam
1569 1041 1602 1066 ab
1622 1041 1655 1068 iis

868 1070 1036 1108 Augustinus
1057 1070 1138 1108 verbo
1159 1075 1188 1108 et
1210 1079 1335 1108 sermone
1358 1070 1449 1099 datuin
1472 1077 1653 1108 cognovisset.

870 1105 933 1143 illud
955 1105 987 1131 ali
1008 1113 1074 1143 ipso»
1087 1105 1223 1139 debuisse,
1243 1107 1280 1133 uti
1305 1114 1348 1135 res
1367 1105 1533 1143 postulabat,
1553 1110 1579 1137 in
1598 1120 1655 1138 inc-

869 1140 941 1166 diuui
958 1139 1085 1173 proferri.

906 1185 1048 1220 Utcunque
1060 1193 1139 1220 porro
1160 1194 1216 1213 rem
1239 1194 1270 1214 se
1291 1188 1420 1215 habuisse
1437 1189 1546 1222 dixeris,
1564 1191 1654 1219 nullus

869 1221 948 1256 plane
964 1221 1100 1247 dubitandi
1116 1222 1189 1247 locus
1201 1228 1242 1248 est
1254 1223 1400 1256 prtedictos
1414 1221 1580 1256 jcjuniorum
1593 1227 1651 1253 (lics

868 1255 900 1282 al)
922 1255 1046 1282 omnibus
1061 1256 1236 1288 Christianis,
1254 1257 1274 1284 si
1296 1255 1437 1285 haereticos
1453 1260 1584 1290 quosdam
1605 1269 1653 1288 ex-

867 1291 961 1328 cipias,
974 1291 1057 1317 fuisse
1073 1291 1276 1328 religiosissime
1290 1294 1460 1321 observatos.
1473 1293 1539 1320 Nam
1555 1302 1653 1328 pi'u‘ier

867 1326 1017 1365 laudatosa
1036 1327 1266 1365 iiobis__aiicto_res_,
1283 1328 1308 1354 id
1328 1333 1408 1365 certe
1427 1330 1460 1355 ab
1479 1326 1598 1365 Origene
1612 1332 1653 1357 lu—

866 1361 1052 1400 cnleiiiissiine
1063 1362 1189 1400 traditum
1209 1362 1343 1400 legimus;
1359 1371 1368 1400 t_
1387 1361 1653 1400 Httbemusﬂnquie-

866 1396 911 1432 bat
928 1397 972 1422 ille
983 1397 1015 1428 δ’,
1029 1396 1244 1430 quadragesimie
1259 1398 1316 1424 dies
1334 1398 1444 1432 jejuniis
1464 1396 1649 1430 consecratos.

866 1431 1003 1470 Habemus
1026 1438 1149 1470 qpariam
1171 1437 1198 1458 et
1221 1431 1532 1467 sextain'hebdomada,
1554 1436 1652 1470 quibus

865 1466 1024 1493 soleuiuiter
1041 1467 1205 1501 jejunamus.
1227 1476 1237 1493 ι

899 1515 953 1542 Cur
966 1519 1056 1551 autem
1070 1514 1175 1541 duobus
1194 1514 1358 1551 illis/diebus
1377 1514 1522 1543 Christiani
1544 1516 1650 1551 jejuna-

864 1554 935 1581 reut,
955 1550 1024 1576 hanc
1040 1550 1202 1584 Epiphanius
1218 1550 1296 1577 afl‘ei't
1313 1551 1446 1577 rationem
1460 1551 1482 1566 “
1498 1562 1504 1578 :
1521 1561 1530 1577 ι
1546 1550 1648 1585 Quarta

865 1589 975 1612 sextave
990 1585 1056 1611 feria
1069 1584 1200 1617 jejunium
1221 1586 1254 1611 ad
1283 1585 1378 1612 horam
1393 1593 1478 1620 usque
1495 1584 1594 1614 nonam
1609 1589 1650 1614 iii-

865 1621 979 1651 dictuni,
995 1625 1135 1654 propterea
1150 1621 1220 1654 quod
1236 1625 1332 1654 quarta
1351 1620 1417 1647 feria
1435 1623 1648 1655 comprehensus

864 1661 907 1682 est
930 1655 1069 1686 Dominus,
1089 1660 1115 1681 et
1139 1660 1214 1682 sexta
1244 1658 1268 1682 in
1300 1663 1408 1682 crucem
1433 1657 1564 1684 sublatus.
1587 1658 1649 1685 ideo

864 1697 912 1727 per
929 1690 987 1727 illos
999 1690 1058 1717 dies
1069 1690 1245 1727 jnjuiiaudnm
1259 1698 1320 1717 esse
1334 1692 1512 1727 decreverunt
1523 1693 1648 1727 apostoli,

864 1730 893 1751 iit
907 1725 1048 1758 impleatur
1065 1726 1135 1758 quod
1157 1726 1286 1759 scriptum
1308 1732 1349 1752 est
1366 1735 1372 1752 :
1389 1725 1454 1752 Cum
1479 1725 1597 1755 sublatus
1617 1730 1650 1755 ab

863 1761 1205 1797 eisfueritsponsus._tunc
1216 1761 1431 1795 jejuiiabunls".
1453 1771 1462 1787 ι
1476 1763 1514 1788 Ad
1536 1763 1648 1797 idipsum

865 1796 943 1831 redit,
974 1796 1044 1829 quod
1073 1795 1154 1830 paulo
1180 1796 1259 1822 aliter
1285 1801 1394 1822 enarrat
1415 1795 1583 1831 Augustinus
1605 1798 1647 1825 ⁶⁴ε

866 1839 875 1855 ι
894 1830 949 1856 Cur
965 1834 1063 1864 quarta
1078 1835 1104 1856 et
1117 1837 1193 1856 sexta
1209 1832 1326 1858 maxime
1336 1831 1439 1865 jejnnet
1454 1830 1586 1863 Ecclesia,
1604 1833 1649 1859 illa

864 1866 931 1892 ratio
956 1866 1031 1892 reddi
1053 1866 1169 1902 videtur,
1195 1868 1266 1900 quod
1294 1867 1465 1902 considerato
1492 1867 1649 1902 Evangelii).

862 1901 920 1934 ipsa
941 1905 1037 1935 quarta
1056 1900 1173 1931 sabbati,
1192 1909 1272 1935 quani
1298 1901 1377 1935 vulgo
1396 1906 1520 1934 quartam
1550 1900 1647 1929 feriam

863 1941 970 1967 vocant,
986 1935 1128 1962 consilium
1148 1936 1321 1968 reperiuntur
1344 1937 1378 1964 ad
1400 1937 1577 1964 occidendum
1595 1937 1649 1964 Do-

861 1971 963 1997 minum
987 1969 1084 1997 fecisse
1103 1970 1199 1997 Judiei.
1219 1971 1376 1998 lutcriuisso
1399 1977 1488 1998 autent
1509 1973 1648 2000 ilie........

861 2007 957 2032 deinde
977 2006 1090 2032 traditus
1113 2010 1155 2032 est
1174 2014 1205 2032 ea
1225 2011 1313 2036 nocte,
1331 2013 1391 2040 qua!
1410 2006 1466 2038 jam
1487 2006 1520 2032 ad
1541 2012 1646 2034 sextam

861 2040 977 2072 sabbati,
1000 2040 1046 2074 qui
1075 2041 1132 2067 dies
1162 2041 1295 2074 passionis
1321 2042 1381 2074 ejus
1405 2041 1566 2068 manifestus
1592 2048 1645 2072 est,

862 2075 1085 2109 pertinebat......
1106 2075 1162 2102 Hoc
1183 2083 1247 2110 ergo
1261 2076 1304 2102 die
1320 2075 1484 2108 intermisso,
1498 2084 1590 2110 passus
1604 2082 1647 2104 est

862 2111 1001 2142 Dominus,
1015 2111 1085 2144 quod
1107 2111 1193 2137 nullus
1209 2111 1321 2146 ainbigit
1336 2116 1412 2146 sexta
1428 2111 1540 2137 Sabbati
1553 2120 1559 2138 :
1573 2119 1644 2146 qua-

861 2151 971 2180 propter
987 2150 1014 2172 et
1027 2146 1085 2180 ipsa
1101 2150 1175 2172 sexta
1192 2151 1264 2173 recte
1281 2145 1381 2179 jejunio
1398 2145 1554 2180 deputatur.
1572 2155 1581 2172 i

896 2191 977 2218 Addit
1000 2198 1082 2224 porro
1106 2191 1269 2225 Augustinus
1292 2190 1442 2217 Romanam
1463 2195 1490 2217 et
1510 2191 1643 2225 quasdam

861 2225 1026 2258 Occidentis,
1052 2226 1165 2252 minime
1182 2233 1246 2252 vero
1269 2226 1398 2257 Orientis,
1417 2225 1552 2252 Ecclesias
1573 2226 1644 2252 idem

860 2262 964 2288 sabbati
978 2268 1102 2288 servasse
1116 2261 1259 2295 jejunium.
1273 2262 1307 2287 At
1323 2268 1445 2288 summus
1461 2260 1582 2294 pontifex
1599 2260 1643 2286 lii-

860 2297 1004 2323 noceiitius
1017 2297 1121 2330 primus
1138 2297 1171 2325 6".
1189 2303 1240 2322 tiou
1256 2303 1335 2322 secus
1351 2303 1383 2321 ac
1406 2295 1526 2322 Isidorus
1546 2296 1642 2328 llispa-

859 2331 941 2358 lensis
957 2331 979 2346 “
990 2331 1084 2365 jejunii
1101 2331 1169 2358 feria
1186 2335 1262 2357 sexta
1289 2335 1316 2357 et
1340 2331 1454 2357 sabbato
1478 2330 1642 2357 observandi

858 2367 998 2393 mentione
1013 2366 1093 2398 facta,
1111 2366 1210 2392 nullum
1227 2371 1329 2399 quarta:
1347 2366 1431 2397 ferite,
1448 2373 1481 2392 uc
1499 2366 1642 2391 minimum

858 2402 977 2435 quidem,
991 2401 1102 2428 verbum
1112 2402 1225 2428 faciunt.
1238 2401 1360 2435 Denique
1374 2400 1500 2427 Nicolaus
1511 2400 1643 2434 primus"

858 2437 892 2463 ad
907 2437 1227 2471 consiiltarttulgarorum
1256 2437 1400 2470 respondet
1423 2441 1497 2463 sexta
1524 2436 1645 2469 qualibet

859 2479 906 2505 per
919 2479 1017 2497 annum
1032 2470 1109 2500 feria.
1126 2471 1245 2504 exceptis
1267 2477 1355 2497 tamen
1375 2471 1536 2505 quibusdam
1555 2471 1642 2502 festis.

855 2506 1048 2541 jejuiiunduni;
1064 2511 1160 2539 quarta
1176 2511 1267 2532 autent
1288 2506 1355 2532 feria
1379 2507 1511 2540 ctijttsque
1531 2506 1644 2532 arbitrio

859 2543 883 2568 id
902 2541 1041 2575 permittit.
1059 2541 1097 2567 Ex
1111 2542 1208 2575 quibus
1233 2541 1304 2567 haud
1324 2541 1440 2567 absurde
1456 2541 1545 2574 colligi
1563 2540 1645 2567 forsi-

858 2581 902 2603 tan
919 2581 1019 2610 potest,
1034 2577 1132 2602 nullaui
1153 2577 1186 2602 ab
1201 2575 1331 2609 apostolis
1352 2577 1384 2602 de
1396 2576 1443 2611 his
1461 2576 1584 2611 jejuniis,
1603 2576 1642 2602 uti

858 2611 937 2645 patilo
960 2616 1024 2638 ante
1049 2612 1215 2642 dicebamus,
1241 2611 1369 2644 scriptam
1390 2610 1473 2637 fuisse
1494 2612 1589 2645 legem.
1607 2610 1644 2636 De

856 2647 951 2673 iisdem
966 2654 1047 2680 porro
1061 2646 1227 2680 jejunioruiii
1251 2645 1356 2676 diebus,
1376 2647 1397 2671 si
1415 2651 1492 2672 vacat
1510 2651 1537 2672 et
1556 2646 1642 2673 lulmt.

856 2682 938 2708 adisis
960 2682 1098 2707 Petavium
1119 2683 1145 2706 iii
1167 2682 1278 2708 citatum
1301 2688 1315 2706 a
1339 2681 1417 2706 nobis
1439 2682 1562 2707 ultimum
1580 2681 1644 2713 Ept-

855 2717 947 2751 plianii
963 2718 1061 2749 locum,
1078 2724 1181 2743 necnon
1198 2721 1225 2742 et
1238 2716 1401 2743 Coteleriuni
1427 2716 1453 2742 iii
1472 2715 1642 2743 Constitutio-

963 2795 989 2826 6.
1004 2803 1029 2830 p.
1047 2794 1110 2822 9l0.
1155 2793 1177 2809 "
1195 2794 1273 2830 lib.7v
1288 2792 1405 2830 Constit.
1422 2791 1586 2830 :ipostolzc.
1610 2790 1644 2818 i5

1534 2825 1555 2841 “
1567 2826 1641 2852 hom.

1037 2866 1059 2881 ⁵⁵
1074 2860 1154 2899 epist.
1176 2860 1210 2891 36
1231 2866 1263 2889 ad
1285 2860 1456 2897 ΕιιὲιιΙΑἰιάὲ
1479 2861 1524 2892 50,
1553 2868 1582 2895 p.
1594 2860 1641 2888 80.

995 2901 1016 2917 ⁸⁷
1031 2903 1064 2928 ad
1079 2901 1200 2928 Lousult.
1212 2899 1333 2933 Belgam,
1346 2906 1371 2924 c.
1381 2900 1409 2923 4.

871 2797 917 2827 75,
933 2795 947 2831 §
