1916 3071
231 147 295 175 12]]

565 148 597 175 ΙΝ
618 147 826 176 CLEMENTEM
845 147 948 175 ALEX.
967 147 996 176 D.
1019 147 1062 174 LE
1079 147 1221 175 NOURRY
1239 147 1464 176 DISSERTATIO
1480 149 1512 177 11,

1794 146 1859 173 iiii

265 208 318 235 Sed
341 207 508 248 nu_lli__plane
529 206 696 248 dubitamus.
711 209 776 242 quin
798 208 952 248 Hieronymi
969 211 1016 247 de-
1031 208 1055 236 Λ
1068 215 1100 234 ac
1115 207 1568 248 ipsitiSIiiet_gnosiicbperfectione
1590 207 1694 248 tradita
1716 205 1801 232 fuisse
1818 206 1858 231 rel

231 244 353 270 tonsores
374 242 503 270 itimt'lmit
530 244 579 277 ipsi
602 243 704 270 erroris
727 248 773 270 aut
793 242 1017 270 routradictionis

232 279 365 306 uiaculam
385 279 511 306 facillime
533 280 637 313 possint
664 280 764 306 eluere.
793 279 922 312 Quamvis
945 279 1016 305 enim

232 315 432 341 eruditissimus
452 314 496 340 ille
514 315 631 349 scriptor
648 315 747 341 dixerit
769 315 892 342 homines
916 314 1018 347 angeli-

233 357 291 376 cam
312 351 393 376 vitam
410 350 519 378 imitari.
543 358 594 376 non
609 350 714 384 putavit
738 354 827 376 tamen
843 357 891 375 eos
913 350 954 375 vel
970 357 1018 375 an-

233 384 352 416 gelorum
377 386 470 416 instar,
490 385 568 411 nullis
593 387 716 411 humanae
737 385 828 411 carnis
851 384 1018 411 inﬁrmitati-

233 418 285 447 bus
301 420 417 454 amplius
432 428 491 446 esse
506 420 648 452 obnoxios,
660 420 701 446 vel
715 421 748 446 ad
761 427 821 446 eam
839 421 931 446 venire
945 427 1018 446 sum-

233 455 356 482 mitatem
371 455 517 488 virtutum,
533 460 561 480 ιιι
586 455 611 481 in
630 461 709 482 nocte
731 463 867 488 nunquam
892 455 1018 487 deinceps

232 497 264 516 ea
280 497 339 523 quae
358 490 474 517 hominis
487 495 546 516 sunt
564 493 710 524 patiamur.
728 491 819 524 Neque
834 490 938 517 Plinius
952 497 1018 524 quo-

233 531 287 558 quc
300 526 408 558 scripsit
423 526 539 559 aliquam
558 533 618 553 esse
637 527 759 558 herbam,
779 534 832 559 qua
854 525 935 552 homo
955 532 1018 559 pos-

234 559 270 586 sit
285 568 355 591 eam,
380 568 461 594 quam
478 561 589 591 dicunt,
615 561 759 588 maximam
778 561 906 592 consequi
928 560 1017 586 carnis

234 595 401 622 munditiem.
425 596 457 623 Et
477 603 542 622 sane
569 596 674 623 tametsi
702 597 727 622 id
746 595 922 629 jurejurando
945 602 1019 622 asse-

233 630 344 661 ruisset,
359 631 420 664 quis
439 631 463 657 ei
477 631 558 658 vellet
576 630 655 658 fidem
674 631 793 658 habere?

269 678 308 704 Ad
325 677 483 704 Cassianum
499 685 562 703 vero
583 677 653 710 quod
673 682 786 710 spectat,
807 677 911 703 etiamsi
927 676 1017 703 citatis

234 713 262 740 in
282 712 348 739 locis
364 713 389 738 iii
403 713 519 747 aliquem
532 712 670 743 Pelagiani
687 712 788 737 erroris
803 712 941 738 incidisset
957 719 1017 737 sco-

234 748 342 781 piiltttii,
369 748 396 774 id
427 747 490 774 nulli
524 747 730 774 adiiiiralioneiu
762 755 870 773 movere
897 747 1015 774 deberet.

235 783 330 809 Sciunt
340 783 412 809 enim
430 790 523 808 omnes
538 790 598 808 eum
616 782 650 808 aii
671 783 719 808 hac
735 782 794 808 labe
808 790 859 808 non
883 790 943 808 esse
957 789 1017 808 om-

234 818 299 844 uino
314 826 420 851 ptirtitn.
437 817 562 851 illiusque
585 817 661 850 plane
678 821 827 851 expertem.
845 816 901 843 Non
922 818 1018 843 destitit

235 857 336 884 tamen,
353 853 398 885 qui
418 853 502 886 ipsum
529 853 636 882 iisdem,
653 853 696 885 qui
715 853 841 882 citantur,
864 853 889 878 in
913 852 978 878 locis
1001 859 1016 878 a

235 895 299 914 sana
318 888 522 921 ortliodoxaque
538 887 677 913 catholicte
690 887 750 913 llllt‘l
767 888 889 913 doctrina
906 895 957 913 non
973 894 1015 913 rc-

235 924 351 949 cessisse
366 923 523 949 existinieut
538 921 571 948 ⁵³.
585 923 667 948 Aiunt
686 922 817 956 siquidem
839 922 872 948 ab
892 923 946 952 illo,
964 929 1016 948 non

236 965 314 984 secus
332 962 412 990 atque
435 958 467 983 ab
483 957 622 991 Apostolo,
647 957 709 983 alibi
733 958 852 990 agnitam
871 962 1017 983 assertum-

234 999 288 1027 que
304 991 386 1019 fuisse
401 993 490 1019 carnis
504 997 531 1018 et
547 993 657 1024 spiritus
675 992 701 1018 in
721 993 846 1018 omnibus
861 992 1017 1019 hominibus

237 1027 452 1061 repugnantiam.
470 1028 599 1054 Cassiano
627 1027 717 1060 itaque
738 1035 789 1053 nou
814 1028 877 1058 alia,
903 1030 1019 1061 pergunt

236 1062 284 1096 illi.
305 1070 379 1089 utens
395 1066 419 1089 ct
436 1063 569 1089 sententia
590 1062 649 1093 fuit,
668 1063 718 1088 nisi
736 1062 864 1095 quosdam
883 1070 942 1089 esse
956 1069 1019 1096 per-

237 1095 400 1123 fectissimos
423 1098 556 1128 homines,
577 1097 663 1129 qualis
684 1097 716 1122 ali
739 1105 770 1122 eo
790 1098 953 1123 describitur
969 1096 1017 1123 Stk

236 1139 317 1158 renus
334 1132 418 1158 abbas
439 1132 473 1164 “,
494 1132 520 1158 iu
538 1133 634 1166 quibus
652 1132 749 1158 divina:
771 1133 865 1165 gratia!
885 1132 1018 1159 benelicio

237 1167 316 1203 plane
331 1167 459 1200 singulari
477 1175 507 1203 ac
524 1167 662 1203 rarissimo
683 1166 805 1203 funestus
828 1175 959 1198 perversae
975 1175 1018 1193 eu-

236 1202 356 1235 pitlitatis
374 1203 441 1235 ignis
455 1201 642 1236 refrigeratus,
655 1201 758 1236 sopitus
780 1207 860 1236 a'qtie
876 1203 957 1229 etiam
971 1209 1018 1229 ex-

236 1236 352 1263 stitictus
366 1238 515 1264 videbatur.
534 1237 653 1271 Denique
671 1237 696 1263 in
712 1245 744 1264 ea
766 1239 834 1271 ipsa,
853 1245 912 1270 qnze
927 1237 1019 1263 lauda-

237 1277 289 1301 tur.
306 1271 376 1298 illius
399 1273 542 1302 collatione
563 1272 634 1299 haud
658 1279 728 1305 πίνῳ-θ
752 1272 877 1299 concedit
893 1273 1018 1298 homines

235 1305 369 1340 perfectos
390 1307 555 1334 dormientes
578 1308 669 1334 carnis
692 1308 809 1333 motibus
830 1307 894 1333 cieri
917 1312 944 1334 et
961 1307 1019 1340 agi-

237 1342 303 1373 tari,
325 1342 371 1368 sed
394 1342 455 1368 inde
476 1342 624 1376 qtiidquatn
647 1344 680 1368 de
700 1343 834 1369 castitatis
852 1342 1018 1376 perfectione

235 1375 319 1402 minui
337 1382 384 1404 atit
400 1375 504 1404 detrahi
521 1377 619 1404 ibidem
635 1377 780 1404 iuﬁciatur.
801 1375 882 1403 Suam
896 1377 968 1403 enim
986 1377 1019 1404 de

235 1411 358 1438 castitate
383 1412 588 1446 disputationem
611 1413 650 1439 sic
674 1411 718 1438 ille
740 1412 855 1438 absolvit
872 1412 936 1438 “:t
957 1411 1019 1439 llaec

235 1450 277 1472 est
301 1448 500 1473 consummatio
520 1447 664 1477 castitatis,
689 1451 718 1473 ut
744 1447 898 1480 vigilantem
924 1455 1018 1474 mona-

235 1481 314 1507 clitttii
328 1482 471 1508 oblectatio
485 1482 604 1509 libidinis
619 1483 693 1508 nulla
712 1483 886 1516 perstringat,
902 1488 930 1508 tit
946 1483 1020 1515 quie-

235 1520 353 1542 scentem
370 1518 535 1543 somniorum
557 1525 609 1543 non
637 1517 711 1544 fallat
736 1518 825 1544 illusio
852 1527 858 1544 :
886 1517 934 1544 sed
957 1525 1018 1544 cum

236 1551 378 1578 dormienti
389 1557 494 1578 tantum
511 1560 557 1585 per
573 1553 666 1586 sopita:
682 1553 780 1579 utentis
795 1553 925 1579 incuriam
943 1560 1018 1578 coni-

236 1585 320 1612 motio
339 1587 428 1613 caruis
447 1585 612 1620 oiircpserit,
632 1588 857 1621 quemadmodum
879 1588 937 1614 sine
964 1588 1016 1614 tilla

237 1620 391 1660 titillatione
403 1622 549 1660 voluptatis
563 1622 679 1648 excitata
697 1628 747 1654 est,
765 1623 800 1649 ita
813 1623 873 1650 sine
886 1622 939 1650 ullo
954 1630 1017 1657 prue-

237 1657 289 1682 ritu
305 1657 426 1691 corporis
444 1657 627 1690 conquiesrat.
644 1667 652 1682 ι

272 1702 299 1728 lu
310 1703 432 1729 eumdem
447 1711 555 1729 sensum
566 1703 700 1729 Cliinacus
714 1702 839 1736 postilla,
853 1710 912 1735 qum
926 1703 1017 1729 retuli-

237 1745 307 1767 uius.
322 1737 406 1771 ipsius
419 1739 508 1766 verba.
525 1738 652 1764 continuo
667 1738 722 1763 Ii:rc
738 1737 837 1770 adjecit
851 1738 873 1753 ⁶¹
887 1747 893 1764 :
910 1746 918 1763 t
936 1737 1017 1765 Nemo

235 1780 266 1797 ex
284 1772 381 1806 hisqui
403 1781 432 1798 se
451 1773 540 1799 studio
564 1773 698 1798 castitatis
719 1778 858 1803 exorceut,
875 1773 930 1799 suis
949 1774 1018 1800 hanc

236 1806 374 1842 laboribus
395 1812 441 1833 aiit
466 1815 513 1834 sua
536 1807 665 1833 industria
690 1814 719 1833 se
745 1808 905 1842 arquisiisse
933 1813 1016 1841 putet.

236 1841 303 1867 Nam
321 1843 448 1875 possibile
463 1850 514 1868 non
529 1846 579 1873 est,
601 1847 627 1868 ut
653 1841 793 1875 quistiiaur
804 1848 927 1869 naturam
941 1850 1016 1869 suam

236 1877 343 1909 Vincat;
358 1877 401 1903 tibi
419 1877 536 1910 denique
548 1882 644 1903 natura
659 1883 784 1911 superata
798 1883 849 1910 est,
864 1878 918 1904 illic
935 1878 958 1904 is
971 1878 1016 1910 qui

235 1918 315 1944 supra
343 1917 466 1938 naturam
487 1917 544 1944 est,
569 1912 710 1938 advenisse
737 1913 919 1943 cognoscitur.
945 1923 955 1937 ι
980 1914 1016 1939 Ilii

236 1952 310 1973 certe
326 1952 354 1974 et
366 1947 494 1981 deinceps
507 1947 550 1974 ille
567 1952 666 1981 quanta
685 1947 720 1974 sit
735 1952 837 1974 uatum-
852 1954 950 1974 nostra:
963 1948 1018 1974 l'ra-

232 1981 325 2014 gilitas
350 1983 521 2015 apertissime
545 1982 677 2012 declarat;
704 1984 800 2009 tacitus
823 1990 886 2009 vero
910 1989 1018 2017 praeter-

237 2017 318 2043 iiiittit
331 2025 364 2044 an
377 2025 446 2052 saepe
460 2022 506 2044 aut
520 2025 582 2043 raro
596 2017 694 2049 aliquis
716 2018 878 2047 inveniatur.
894 2026 972 2052 qut-ui
991 2019 1016 2044 iu

235 2059 329 2078 somno
353 2052 394 2078 vel
421 2052 494 2079 nulla
519 2052 606 2085 turpis
629 2051 730 2086 imago,
751 2053 790 2078 vel
813 2051 908 2079 nullus
928 2054 1018 2080 carnis

237 2092 324 2122 inotus
337 2088 453 2120 amplius
477 2093 582 2114 moveat
605 2092 632 2114 et
656 2087 755 2114 titillet.
781 2089 831 2113 Sed
852 2089 884 2114 de
904 2094 1017 2122 utroque

236 2121 282 2148 illo
298 2127 408 2148 auctore
427 2122 495 2148 alius
509 2122 561 2149 erit
577 2123 653 2156 plura
670 2123 777 2149 dicendi
793 2123 879 2149 locus.

270 2168 310 2194 Ad
328 2168 492 2195 Clementem
508 2168 588 2202 igitur
603 2172 734 2200 nostrum,
751 2168 784 2195 de
803 2175 855 2202 quo
868 2175 938 2194 tiunc
955 2173 1014 2194 tan-

1068 244 1193 276 superius
1212 243 1336 274 vidimus,
1356 243 1396 270 vel
1412 243 1490 276 paulo
1505 248 1565 276 post
1580 243 1776 269 ostendemus.

1106 278 1160 304 Non
1177 285 1223 304 eos
1236 278 1328 312 itaque
1341 278 1456 312 amplius
1467 278 1616 304 audiendus
1627 285 1692 303 esse
1703 284 1856 306 censeinnS,

1068 314 1114 347 Qui
1127 314 1159 340 ad
1178 313 1291 346 gentiles
1309 313 1493 347 philosophos,
1512 313 1603 339 inanis
1628 312 1729 347 gloriaf
1752 316 1859 337 venato-

1069 346 1123 381 res.
1137 355 1284 381 provocare
1293 346 1342 375 nos
1351 348 1493 375 voluerint.
1506 347 1613 374 Scimus
1622 346 1698 374 enini
1715 346 1856 379 Epicurum

1068 391 1097 409 st‘
1108 383 1290 416 vet-ditasse”
1304 384 1329 409 in
1345 384 1445 410 somnis
1461 383 1511 409 sibi
1534 383 1653 409 similem
1669 381 1835 408 futurum".
1846 390 1855 406 ι

1068 417 1157 445 Nescii
1180 426 1286 455 quoque
1308 426 1365 455 non
1389 426 1482 455 sumus
1503 417 1644 444 Platonem
1668 417 1799 443 docuisse
1811 416 1856 455 ’διε

1071 462 1080 478 ι
1099 454 1166 480 Cum
1187 453 1283 485 aliquis
1300 453 1400 480 salubri
1421 458 1446 480 et
1470 453 1537 480 bene
1563 457 1721 486 temperato
1738 453 1858 484 corporis

1070 488 1163 515 habitu
1182 496 1278 514 somno
1294 496 1324 515 se
1342 489 1432 519 tradit.
1448 493 1475 514 et
1498 495 1528 514 ea
1558 495 1623 521 pars
1645 488 1745 517 animi,
1764 487 1790 512 iu
1808 495 1857 518 qua

1068 524 1140 550 ratio
1155 523 1318 554 dotiiitiatur,
1333 532 1346 549 a
1365 524 1452 557 scipsa
1467 523 1581 549 excitata
1597 528 1652 552 est.
1670 524 1859 554 bonarumque

1068 558 1261 591 cogitationum
1286 559 1360 592 quasi
1383 559 1486 592 epulas,
1507 558 1754 590 contemplationis
1777 563 1859 590 atque

1069 593 1253 627 intelligentia:
1276 594 1334 620 acie
1360 594 1385 619 in
1414 594 1529 626 seipsaui
1558 599 1706 622 revocata.
1735 592 1859 625 apposuit

1068 628 1118 654 sibi
1134 638 1140 655 :
1155 636 1186 654 ea
1202 633 1293 655 autem
1311 629 1393 655 animi
1409 636 1480 662 pars,
1499 629 1591 661 inqua
1611 630 1706 654 insunt
1724 628 1859 660 cupidita-

1069 668 1119 694 tes,
1139 671 1225 696 neque
1253 665 1338 696 inopia
1363 672 1464 698 pressa,
1488 671 1575 697 neque
1599 663 1727 689 ubertate
1748 667 1859 689 exsatu-

1070 703 1139 730 rata,
1159 699 1274 732 quiesrit
1295 699 1422 728 maxime.
1446 706 1532 733 neque
1558 698 1703 731 perturbat
1728 698 1857 733 optimam

1069 733 1142 759 illaut
1171 740 1273 766 partem
1296 738 1342 760 aut
1365 734 1473 767 gaudio.
1492 737 1538 759 aut
1565 740 1696 761 tiimrore.
1722 733 1770 759 sed
1795 732 1859 759 sinit

1069 775 1128 794 eam
1149 776 1196 802 per
1213 769 1328 802 seipsain
1353 769 1436 796 solani
1463 773 1489 794 et
1513 776 1607 800 puram
1628 768 1816 798 considerare,
1832 772 1860 793 et

1068 808 1204 836 appetere.
1219 809 1245 830 et
1263 804 1363 830 sentire
1383 803 1512 837 quidquid
1536 802 1577 829 vel
1594 804 1799 836 praeteritorum
1816 802 1857 827 vel

1069 839 1240 871 pra-sentiunt
1263 839 1304 865 vel
1329 838 1479 865 l'uttiroruiii
1504 843 1582 864 uorat
1602 847 1608 864 :
1627 839 1726 865 eodem
1748 847 1859 873 quoque

1032 875 1053 902 Β
1069 873 1148 899 modo
1165 882 1225 899 cuiu
1244 882 1308 907 pars
1324 874 1364 900 illa
1379 874 1472 905 animi,
1487 873 1512 900 iu
1528 881 1580 907 qua
1597 873 1635 899 ira
1652 874 1744 900 sedem
1762 875 1859 904 habet.

1068 907 1135 934 adeo
1163 915 1256 941 pacata
1286 914 1313 936 et
1341 910 1469 936 restincta
1497 913 1548 937 est.
1572 913 1602 935 ut
1623 909 1728 935 nemini
1752 910 1857 935 infensa

1069 943 1260 976 conquiescat;
1290 951 1320 970 ac
1344 944 1456 977 proinde
1484 943 1587 970 duabus
1620 944 1706 970 animi
1735 944 1860 978 partibus

1069 977 1148 1020 liuuc_
1162 979 1189 1019 iit
1209 979 1455 1020 niodmnusedatis.
1473 983 1500 1019 et
1525 978 1605 1019 tertia
1622 978 1649 1005 ili
1673 977 1741 1020 qua?
1755 980 1859 1019 intelli-

1069 1013 1148 1045 gendi
1166 1014 1206 1040 vis
1224 1014 1292 1040 inest
1309 1013 1420 1041 liberius
1437 1014 1564 1043 excitata.
1583 1014 1619 1040 ita
1640 1013 1704 1048 quis
1723 1015 1807 1048 quieti
1828 1023 1859 1041 se

1069 1049 1133 1079 dat;
1164 1053 1226 1075 tttuc
1252 1049 1360 1075 demum
1387 1050 1511 1075 videlicet
1544 1049 1565 1075 is
1594 1049 1686 1075 animo
1718 1050 1858 1077 moderate

1069 1084 1228 1116 composito,
1247 1085 1387 1110 veritatem
1410 1086 1526 1110 maxime
1550 1084 1750 1116 complectitur.
1770 1092 1858 1118 neque

1064 1118 1172 1144 nefaria
1196 1119 1389 1145 insomniorum
1412 1119 1469 1145 visa
1492 1120 1583 1146 animo
1606 1119 1679 1145 illius
1705 1128 1855 1153 περι-περιι-

1069 1157 1170 1180 tantur.
1192 1163 1202 1179 ι
1220 1153 1300 1180 Nobis
1317 1155 1398 1180 etiam
1423 1155 1618 1188 incompertum
1639 1155 1703 1180 illud
1729 1164 1782 1181 non
1805 1161 1855 1185 est.

1068 1188 1138 1221 quod
1153 1189 1311 1216 Aristoteles
1323 1189 1435 1215 tradidit
1450 1189 1471 1204 ⁸⁸
1485 1199 1491 1216 :
1506 1199 1515 1214 ι
1531 1190 1580 1222 Qui
1597 1190 1728 1216 insuructi
1748 1191 1855 1216 vtrtuti-

1069 1223 1119 1259 bus
1134 1227 1207 1256 sunt,
1223 1224 1334 1250 meliora
1350 1225 1453 1251 somnia
1470 1225 1571 1255 vident,
1592 1225 1664 1258 quod
1686 1226 1773 1252 etiam
1793 1226 1857 1259 vigi-

1069 1257 1155 1284 lantes
1187 1259 1298 1285 meliora
1327 1259 1555 1286 animadvertunt.
1582 1257 1681 1286 i'litec
1706 1257 1856 1287 etenith

1069 1293 1132 1324 alia,
1156 1293 1177 1320 si
1204 1301 1263 1326 qua:
1291 1295 1472 1328 proferantur,
1493 1295 1607 1321 aliorum
1634 1295 1855 1329 philosophorum

1069 1329 1141 1354 dicta
1157 1328 1223 1355 nihil
1237 1329 1308 1355 aliud
1325 1330 1450 1362 probant,
1468 1330 1516 1356 nisi
1531 1338 1592 1356 etim
1613 1331 1660 1362 qui
1676 1328 1770 1356 animo
1787 1336 1856 1357 recte

1070 1363 1228 1397 Composito.
1249 1365 1446 1398 Virtutibus‘que
1467 1365 1568 1398 optime
1586 1365 1722 1391 instructo
1739 1365 1772 1391 ad
1787 1374 1856 1392 soui-

1070 1406 1133 1425 utiiu
1150 1400 1264 1430 aecedit.
1280 1400 1363 1433 ipsius
1388 1400 1468 1426 tuenti
1494 1400 1520 1425 iii
1543 1401 1636 1427 eodem
1663 1408 1761 1426 soiiiuu
1783 1401 1857 1434 longe

1069 1434 1192 1493 puriores
1209 1434 1414 1468 sanctiorcsque
1436 1442 1546 1462 versare
1567 1435 1758 1468 cogitationes.
1773 1437 1808 1461 At
1826 1437 1857 1461 ii-

1081 1476 1124 1493 uui
1141 1475 1232 1493 sancta
1247 1475 1274 1493 et
1290 1474 1364 1493 czista
1382 1470 1509 1493 deinceps
1530 1477 1638 1493 seinner
1662 1471 1790 1493 cogitare.
1812 1479 1857 1493 ne-

1081 1476 1124 1494 uui
1141 1475 1232 1496 sancta
1247 1475 1274 1496 et
1290 1474 1364 1496 casta
1382 1470 1509 1503 deinceps
1530 1477 1638 1502 semper
1662 1471 1790 1503 cogitare
1811 1479 1857 1496 ue-

1069 1510 1121 1536 que
1135 1503 1188 1533 hic.
1204 1510 1249 1530 aut
1262 1505 1374 1538 quilibet
1389 1504 1458 1530 alius
1473 1504 1648 1538 philosophus
1664 1506 1798 1535 asseruit,
1815 1514 1858 1531 ιιι)-

1031 1541 1053 1570 c
1070 1545 1121 1570 que
1137 1539 1182 1565 ιι]Ιί
1201 1539 1278 1573 plane
1295 1539 1465 1573 philosopho,
1484 1540 1505 1565 si
1528 1540 1552 1565 id
1570 1547 1689 1572 unquam
1708 1540 1858 1566 affirmasse

1070 1574 1207 1606 probetur,
1228 1575 1282 1600 ullo
1304 1574 1382 1601 iuodo
1398 1575 1572 1601 credendum.
1589 1575 1670 1601 Certa
1684 1576 1820 1609 siquidem
1833 1580 1859 1601 et

1068 1610 1202 1635 communi
1226 1609 1343 1635 virorum
1363 1610 1444 1636 etiam
1465 1610 1699 1636 sanctissiinorutn
1717 1611 1857 1643 experien-

1070 1643 1105 1669 tia
1130 1649 1246 1674 constat.
1267 1645 1367 1671 uulluiii
1393 1645 1442 1670 uisi
1463 1644 1597 1677 singulari
1623 1653 1739 1678 prorsus
1761 1646 1857 1671 divinae

1068 1678 1315 1714 oiiuiipoteiitisquc
1334 1680 1427 1714 gratia:
1453 1679 1597 1712 beneﬂcio,
1614 1681 1688 1712 quod
1707 1681 1802 1710 l‘auio.
1820 1681 1856 1706 uti

1069 1713 1192 1744 vidimus,
1207 1722 1258 1740 ιιοιι
1278 1714 1326 1740 fuit
1339 1713 1514 1744 concessum,
1532 1715 1566 1741 ab
1581 1716 1657 1741 omni
1677 1717 1768 1742 carnis
1786 1720 1856 1741 inotu

1068 1747 1149 1784 217
1165 1754 1192 1775 et
1203 1749 1369 1777 titillatione.
1386 1750 1442 1775 sive
1455 1749 1601 1783 vigilando.
1613 1750 1672 1776 sive
1688 1751 1856 1779 dormienda,

1068 1791 1117 1823 per
1130 1787 1237 1817 longum
1251 1785 1311 1810 vita:
1324 1792 1379 1811 suae
1395 1790 1500 1819 tempus
1517 1784 1602 1811 fuisse
1618 1786 1733 1812 ouiuiuo
1745 1786 1856 1812 libertini

1068 1824 1093 1844 et
1112 1827 1271 1846 ιιιιιιιιιιιειιι.

1329 1866 1527 1894 ARTICULUS
1547 1866 1589 1894 νι.

1105 1911 1142 1938 De
1162 1911 1312 1946 tlteologicia
1334 1913 1444 1972 gnosllici
1462 1914 1620 1952 uirtutibus,
1646 1914 1711 1945 ﬁde.
1736 1922 1782 1946 spe
1802 1920 1825 1940 et

1392 1953 1532 1972 maritate.

1392 1953 1532 1975 cliarttate.

1103 1993 1143 2020 Ad
1166 1993 1329 2028 theologicas
1349 1994 1463 2021 virtutes
1490 1995 1562 2029 qtiod
1583 2001 1703 2029 spectat.
1721 1996 1772 2022 title
1794 2003 1855 2029 goo-

1067 2030 1164 2066 sticuui
1182 2030 1328 2066 consistere
1344 2029 1468 2066 tllciuetis
1484 2031 1609 2064 perhibet
1631 2031 1656 2046 “
1686 2031 1813 2066 πέπηγεν
1825 2033 1854 2064 τῇ

1068 2064 1156 2100 πίστει
1183 2064 1197 2090 ὁ
1220 2064 1440 2100 γνωστικόςηεχ
1461 2066 1502 2091 liis
1530 2071 1622 2092 autcui
1653 2074 1715 2100 qua:
1742 2064 1761 2091 a'
1784 2069 1855 2092 not-=5

1068 2099 1101 2126 de
1120 2099 1170 2125 hac
1185 2100 1282 2125 virtute
1300 2099 1424 2132 superius
1435 2100 1570 2134 disputata
1594 2099 1670 2132 sunt,
1689 2102 1790 2128 netuini
1811 2103 1855 2127 ob-

1067 2142 1175 2160 scuriun
1200 2141 1260 2160 esse
1286 2138 1374 2166 potest
1393 2134 1557 2161 Clementem
1581 2136 1760 2162 existimasse
1789 2137 1855 2162 illam

1069 2177 1122 2195 uoti
1143 2169 1228 2195 solum
1244 2169 1386 2202 guosticis.
1402 2170 1472 2196 sicut
1486 2175 1514 2196 et
1527 2170 1586 2196 aliis
1602 2170 1783 2201 Christianis.
1802 2181 1855 2198 esu:

236 2204 376 2240 tummodo
390 2205 515 2240 rqumstio
531 2208 582 2240 est,
598 2208 626 2228 ut
638 2203 788 2240 veniamus.
802 2203 872 2236 quod
890 2204 935 2230 ille
948 2204 1018 2240 dixit
1034 2208 1055 2235 D
1069 2203 1180 2230 omnino
1196 2204 1393 2240 necessariam,
1419 2206 1467 2231 sed
1494 2205 1521 2231 in
1545 2205 1599 2231 illis
1627 2214 1738 2240 quoque
1761 2208 1856 2234 debere

238 2238 319 2264 Deum
332 2238 493 2265 Christianis
502 2238 626 2264 omnibus
639 2243 667 2264 ut
680 2238 829 2272 vigilarent,
840 2238 999 2272 pra-cepiSse
1008 2259 1015 2271 ,

237 2281 273 2299 ne
285 2273 373 2300 anima
390 2273 450 2299 tillis
463 2273 720 2307 perturbatiouibus,
735 2281 768 2299 ne
783 2274 890 2306 quidem
909 2274 934 2300 iii
949 2282 1018 2299 soui-

236 2308 290 2334 uiis
313 2314 460 2340 moveatur,
478 2309 528 2334 hoc
551 2308 665 2340 benigna
688 2309 909 2342 interpretatione
932 2316 1015 2342 expo-

235 2343 353 2370 uendutii
369 2347 419 2374 est,
433 2343 519 2376 quoad
537 2343 642 2369 scilicet
661 2343 719 2369 lieri
733 2348 832 2377 potest,
845 2348 872 2369 et
894 2344 1017 2369 humana}

237 2382 339 2404 natura:
359 2378 496 2412 fragilitati
516 2383 556 2404 est
573 2378 675 2404 datum.
692 2378 753 2404 Pari
770 2386 877 2411 quoque
894 2378 1018 2412 benigni-

236 2416 292 2439 tate
305 2413 369 2440 illud
386 2414 584 2447 accipiendum,
596 2413 666 2446 quod
684 2414 717 2439 ab
738 2414 795 2447 ipso
814 2413 936 2446 docetur,
951 2421 1017 2447 gno-

235 2447 347 2481 sticutii.
366 2448 529 2475 abstinentia
550 2452 577 2475 et
601 2449 689 2475 inedia
712 2448 878 2479 confectum,
898 2448 923 2474 iu
945 2456 1018 2475 soni-

236 2483 298 2514 uiis,
315 2491 367 2509 non
381 2483 491 2518 quidem
507 2491 624 2517 semper.
638 2488 666 2509 et
680 2491 727 2517 per
741 2483 875 2517 reliquum
890 2483 949 2509 vita2
963 2491 1018 2509 sua:

237 2522 352 2550 tempus,
369 2519 415 2545 sed
433 2527 503 2553 saepe
523 2519 629 2552 sa'pius.
649 2524 729 2551 atque
747 2523 774 2544 tit
795 2518 937 2552 plurimum
954 2525 1018 2544 san-

235 2557 277 2578 cta
294 2558 321 2579 et
336 2562 416 2585 agere
432 2559 458 2580 et
472 2554 600 2586 cogitare.
623 2554 727 2580 Nostra:
746 2553 883 2579 enimvero
906 2553 1018 2578 iuliruii-

237 2589 302 2614 tatis
316 2589 416 2622 optime
429 2589 553 2615 conscius
566 2589 701 2619 Clemens.
720 2597 772 2614 uoti
791 2589 893 2614 iitietur
909 2589 1016 2621 quidem

235 2623 574 2651 asseverareChristianos
595 2626 663 2650 hanc
686 2623 773 2656 rcipsa
791 2624 912 2656 attigisse
930 2623 1019 2658 perle-

235 2659 353 2685 ctioneui
365 2678 372 2690 ,
387 2659 434 2684 sed
458 2659 557 2692 potius,
572 2663 601 2685 ut
616 2659 649 2684 ad
672 2666 731 2685 eam
751 2659 926 2689 contendant.
945 2657 1019 2684 exci-

235 2698 295 2719 tare
309 2698 337 2720 et
350 2694 499 2721 adhortari.
517 2694 549 2720 Et
566 2695 590 2720 id
606 2694 728 2728 profecto
750 2692 783 2718 iis
798 2693 904 2726 probari
920 2697 1018 2726 potest.

235 2736 295 2763 qua:
307 2727 341 2755 ab
356 2728 401 2755 illo
415 2728 449 2755 de
466 2736 570 2755 summa
585 2727 687 2756 Christi
705 2727 824 2760 Domini,
835 2728 1016 2762 apostolorum

274 2801 297 2817 ”
311 2800 398 2832 Cass.,
409 2801 498 2829 eollat.
513 2809 537 2828 iv
550 2807 576 2828 et
586 2811 665 2830 nui.

237 2834 251 2861 ς
269 2837 327 2863 ml.
365 2837 388 2852 “
402 2838 455 2863 th
471 2837 508 2863 De
526 2839 663 2863 renubl..i

237 2871 257 2888 ι’
270 2875 286 2898 ι.
299 2868 339 2903 “ι’.
355 2881 380 2906 p.
407 2873 469 2901 545.
505 2872 528 2888 θθ
543 2868 560 2899 ΙῘ
580 2868 637 2907 νιιί
649 2882 674 2908 p.
691 2873 752 2900 749.

702 2803 724 2819 ⁸ο
737 2802 798 2829 coll.
815 2810 861 2834 VII,
877 2810 900 2828 ε.
918 2802 944 2829 Ι.

981 2802 1002 2818 ⁶¹
1017 2802 1093 2834 ibid..
1109 2811 1133 2830 c.
1148 2804 1195 2830 ltll.

365 2837 388 2852 “
402 2838 455 2863 Lix
471 2837 508 2864 De
526 2839 639 2872 republ.,
656 2839 716 2865 init.
739 2843 757 2864 t.
788 2838 818 2869 Il,
849 2847 873 2872 p.
899 2838 946 2864 57]
973 2843 1001 2864 et
1022 2846 1079 2873 seq.

1069 2246 1129 2265 esse
1143 2239 1338 2271 periectioreut.
1365 2239 1403 2266 De
1427 2240 1479 2266 hoc
1500 2245 1589 2266 autem
1615 2241 1677 2267 lidei
1693 2239 1721 2267 iii
1737 2244 1856 2274 gnostim

1069 2279 1095 2300 et
1108 2274 1270 2300 Christianis
1291 2275 1377 2307 magis
1393 2273 1521 2308 perfectis
1539 2275 1710 2302 incremento
1730 2282 1756 2302 et
1770 2278 1856 2303 excel-

1070 2308 1154 2344 lentia
1173 2310 1229 2334 inec
1245 2309 1279 2335 ab
1295 2308 1338 2334 illo
1352 2309 1451 2335 dictata
1470 2310 1582 2343 legimus
1595 2311 1617 2325 ⁵⁷
1631 2318 1638 2336 :
1659 2321 1668 2335 ι
1687 2312 1753 2344 Qua:
1770 2318 1855 2338 autem

1069 2343 1166 2370 eximie
1183 2344 1423 2376 super-aediﬁcatur.
1440 2345 1510 2370 iideli
1525 2343 1746 2376 consummatur.
1758 2353 1786 2373 et
1802 2355 1857 2372 rur-

1071 2387 1116 2405 sus
1129 2379 1269 2411 perlicitur
1287 2386 1333 2412 per
1345 2386 1415 2411 eam,
1429 2387 1488 2412 qua:
1510 2382 1617 2406 accedit
1637 2389 1671 2407 ex
1691 2384 1817 2408 ductiiua
1833 2388 1856 2408 et

1071 2413 1177 2451 ratione
1193 2414 1338 2451 peragendi
1364 2415 1498 2444 mandata.
1517 2415 1612 2448 quales
1627 2422 1706 2442 erant
1731 2418 1854 2451 apostoli.

1071 2449 1104 2474 de
1122 2448 1220 2482 quibus
1239 2449 1339 2475 dictum
1362 2455 1402 2476 est
1428 2450 1507 2475 tideui
1541 2456 1649 2477 montes
1673 2448 1854 2478 transitiover:

1070 2488 1097 2509 et
1113 2483 1225 2509 arbores
1242 2483 1449 2517 transplautare.
1467 2483 1543 2511 Unde
1557 2493 1619 2511 cum
1635 2487 1788 2514 sensissent
1803 2494 1854 2513 nia-

1072 2518 1241 2551 gnitudinein
1263 2519 1420 2552 potestatis,
1439 2520 1568 2553 rogabant
1594 2526 1624 2546 ut
1647 2522 1798 2548 adderetur
1819 2523 1854 2547 eis

1072 2552 1149 2584 fides,
1172 2561 1231 2586 qua:
1262 2557 1291 2579 ut
1318 2561 1433 2587 granum
1461 2552 1565 2588 sinapis
1593 2557 1734 2583 morderet
1758 2558 1854 2583 utilth

1072 2588 1201 2626 animant,
1217 2593 1245 2614 et
1262 2587 1287 2626 in
1311 2589 1367 2622 ipsa
1387 2587 1617 2626 adeant-reticeret,
1638 2597 1668 2617 ut
1686 2592 1712 2617 iu
1739 2593 1795 2626 ipsa
1818 2601 1852 2617 te

1070 2623 1241 2657 quiescerent
1261 2624 1294 2650 de
1310 2625 1389 2650 rebus
1403 2624 1564 2651 sublimibus
1579 2626 1714 2653 rationes.
1735 2637 1743 2651 ι

1106 2657 1157 2684 Sed
1175 2658 1245 2696 hanc
1262 2658 1347 2696 ﬁdem
1358 2667 1418 2685 eniti
1433 2668 1479 2693 spe
1494 2660 1636 2696 giiosticus
1659 2662 1692 2687 ad
1715 2661 1797 2688 futuri
1814 2668 1851 2686 ex-

1070 2694 1275 2729 spectationeiit
1288 2694 1428 2727 coniungit
1448 2700 1475 2720 et
1499 2695 1667 2727 pet'tiiiscet:
1685 2706 1694 2722 ι
1717 2698 1850 2729 Ser-petite.

1071 2729 1108 2754 ait
1122 2728 1245 2754 Uleiuclis
1257 2728 1288 2758 ⁸⁸,
1303 2728 1395 2762 juucto
1411 2738 1471 2755 cum
1485 2729 1623 2762 colutiiba,
1642 2732 1726 2758 simul
1744 2728 1849 2766 pericu

1234 2804 1255 2820 ⁸⁸
1269 2803 1319 2831 loc.
1335 2805 1381 2830 cit.
1418 2804 1440 2820 ⁴¹³
1461 2804 1548 2832 Lat-rt.
1560 2804 1579 2830 1.
1595 2813 1609 2830 x
1627 2805 1654 2831 iu
1671 2804 1731 2831 Vita
1742 2805 1847 2837 Epicuri.

1115 2839 1149 2875 ,⁸⁸
1178 2838 1192 2874 §
1211 2839 1244 2865 δυ
1255 2840 1444 2874 pi'obleiu.ult.
1502 2839 1525 2855 “
1540 2841 1646 2868 Strozu.
1667 2842 1684 2867 l.
1712 2849 1740 2872 ti,
1754 2849 1778 2874 p.
1795 2841 1846 2866 3):.
