1916 3071
204 133 272 162 ιςιμς

519 132 554 160 IN
571 133 781 161 CLEMENTEM
800 132 901 160 ALEX.
923 131 954 160 Ι).
974 131 1016 158 LE
1032 132 1175 162 NOURRY
1194 135 1420 164 DlSSERTA’l‘lO
1437 137 1469 165 ll.

1767 134 1829 160 1216

203 200 244 221 est
263 195 359 221 horum
378 200 459 229 atque
484 195 655 231 superiorum
678 194 828 222 Clementis
845 195 990 221 verborum
1007 193 1029 221 Δ
1044 194 1118 226 dant,
1142 203 1203 230 quae
1229 196 1308 224 fidem
1332 204 1383 231 per
1400 197 1562 225 charitatem
1585 197 1620 224 ad
1642 196 1828 230 cogniltonctn

204 237 312 257 si-nsus.
331 231 430 263 Aperte
451 230 583 263 siquidem
601 230 644 256 ille
671 230 738 256 dict
761 231 914 264 gnustii-um
939 237 990 255 non

205 269 316 298 propter
333 265 458 299 promissi
483 265 593 291 ltoum'is
605 273 691 298 spem,
709 267 755 290 scd
780 270 888 299 propter
906 265 991 290 solani

206 300 370 326 cltaritatem
390 307 488 333 agere;
508 300 569 333 quia
586 299 655 326 Deus
673 300 730 334 ipse
740 304 839 326 :etcrna
851 299 909 331 ejus
924 307 993 325 incr-

205 342 253 361 ces
268 339 297 361 et
312 335 427 362 felicitas
445 341 495 360 est.
520 335 582 361 Ilzec
606 335 697 369 itaque
721 335 842 361 cliaritas
864 335 992 369 promissi

207 371 395 396 tantummodo
423 369 523 396 terreni
559 369 700 403 cujusdam
733 371 863 400 honoris.
883 370 993 396 mininte

207 411 272 431 vero
288 405 461 431 beatitudinis
476 409 583 432 :eternic
603 413 676 439 spem
690 405 818 431 excludit.
838 405 869 432 Et
884 405 909 431 id
932 405 993 438 qui-

207 440 267 466 dem
287 440 375 472 exiis,
395 448 455 474 qua:
472 441 643 467 continenter
663 439 788 466 Clemens
809 441 950 466 subtexuit
966 443 994 466 et

207 482 222 500 τι
242 475 366 510 mysticis
385 476 483 501 Omissa
505 481 578 505 sunt,
601 476 805 502 evidentissitne
824 477 994 510 demonstra-

208 514 252 535 tur
269 518 276 536 :
298 519 307 534 ι
322 510 382 537 Jant
393 517 468 541 vero,
492 510 577 542 inqttit
601 510 669 543 ipse.
703 518 736 536 ex
752 518 864 544 persona
882 509 926 536 Dei
944 511 993 536 Do-

207 545 282 570 mino
295 545 396 572 dictum
419 550 459 571 est
478 553 484 570 :
510 545 571 571 l’ete
592 554 607 570 ιι
626 553 677 574 me,
704 550 727 571 et
747 546 815 571 ilubo
836 545 881 571 tibi
906 551 993 579 gemes

207 580 385 606 ltwreditalem
396 586 467 606 tuam
475 580 507 606 ⁸⁸.
519 580 615 606 l’ctitio
626 581 742 607 maxime
753 581 835 614 regia,
844 589 903 613 qua:
914 581 994 607 docet

209 615 347 641 hominum
363 615 478 641 salutem
509 616 561 649 peti
584 616 643 642 sine
661 617 796 648 mercede,
819 625 827 640 ι
854 616 923 641 ltand
942 615 993 641 du-

208 650 251 676 ltie
270 654 377 676 terrena
391 656 418 677 ct
431 652 559 677 humana.
577 651 675 677 Ibidem
691 652 788 684 quippe
802 651 846 676 ille
865 650 969 676 addidit
985 659 990 675 :

211 694 220 709 ι
235 684 268 711 Ut
280 693 328 711 ttos
339 685 424 712 simus
437 685 569 715 ita-rudes.
580 691 604 712 et
618 686 803 719 possideatnus
814 686 966 712 Domitium.
980 695 990 711 ι

208 719 305 746 Nescio
325 728 390 747 sane
413 725 503 747 utrum
530 721 564 747 ad
591 720 785 747 destruendam
815 720 993 755 mysticorum

209 755 350 782 hominum
374 756 407 781 de
426 763 493 789 puro
514 762 607 781 amore
626 756 781 790 opinionem
803 755 918 782 validius
941 756 993 782 ali-

209 791 273 825 quid
290 796 317 816 et
328 790 465 817 ellicacius
481 791 598 825 proferri
612 795 705 825 queat.

246 825 349 859 Urgent
374 824 526 856 tatnen,ret
549 824 717 852 contendunt
739 834 748 850 ι
767 833 863 860 purum
883 834 892 851 ι
917 824 993 852 illum

212 860 256 887 Dei
283 869 402 899 annon-ni
423 861 466 899 his
489 861 628 899 evidenter
647 861 757 899 probari
785 860 905 899 ejusdem
934 861 994 899 Cle-
1009 872 1031 899 Β

212 896 309 922 Incolis
321 896 412 922 verbis
431 895 473 922 “z
493 905 501 921 ι
520 896 548 922 Si
570 904 633 930 ergo
655 897 743 923 onmis
767 896 934 929 conjunctio,
954 897 993 923 οἰ-

210 930 320 963 κείωσις
341 930 550 967 (familiaritas),
567 939 626 964 quis
639 939 699 958 cum
716 931 758 964 iis,
772 940 832 965 qua:
847 937 910 958 sunt
924 933 992 958 bona

211 971 239 992 et
257 969 379 998 honesta,
404 966 439 993 τὰ
458 966 539 996 καλὰ,
564 967 656 998 initur,
679 967 708 992 tit
728 974 788 992 cum
816 967 993 1001 appetitione,

210 1003 346 1035 quomodo
360 1006 448 1035 potest
464 1009 523 1028 esse
536 1002 594 1029 sine
615 1002 784 1036 passionibus
800 1002 822 1028 is
833 1001 878 1036 qtti
890 1009 921 1028 ea
934 1009 995 1035 qua:

212 1043 274 1064 sunt
287 1037 399 1063 houesm
416 1037 535 1071 expetit?
550 1037 602 1063 Sed
624 1037 662 1068 lii,
684 1043 713 1062 ιιι
735 1037 852 1068 videtur,
871 1037 995 1064 nesciunt

212 1071 381 1099 divinitatem
404 1072 557 1098 charitatis.
584 1071 643 1098 Non
661 1076 702 1099 est
721 1073 792 1098 enim
817 1073 911 1105 utique
929 1073 995 1098 cha-

213 1107 280 1134 ritas
294 1107 362 1141 ejus,
389 1108 434 1141 qui
463 1107 560 1140 diligit.
577 1108 719 1141 appetitio,
738 1108 785 1134 sed
799 1112 845 1134 est
864 1107 993 1134 benevola

211 1148 238 1169 et
254 1143 329 1169 iirttta
345 1142 508 1176 conjunctio,
522 1142 666 1178 στερκτικὴ
677 1141 876 1178 οἰκείωσιςξμειι
887 1142 994 1168 amandi

213 1178 238 1204 vi
255 1178 366 1212 przcdita
383 1178 573 1212 lantiliatilas),
588 1179 614 1204 iti
627 1184 758 1204 ttnttatetn
774 1179 834 1204 tidei
851 1179 995 1204 restituens

213 1213 375 1247 gnusticunt,
389 1213 448 1239 loco
459 1217 485 1239 et
497 1217 618 1246 tempore
632 1213 743 1239 minime
755 1213 932 1248 indigentem.
944 1213 994 1245 Qui

212 1252 301 1274 autem
319 1255 366 1282 per
383 1248 544 1274 charitatein
562 1249 615 1281 jatn
632 1249 711 1275 fuerit
729 1249 754 1274 itt
769 1248 811 1280 iis,
833 1248 933 1282 quibus
953 1252 996 1274 est.

212 1282 330 1320 futurus,
354 1283 444 1317 utqui
468 1291 542 1320 spent
562 1284 778 1320 perceperitper
800 1283 994 1320 cognitionem,

214 1319 282 1345 nihil
295 1319 408 1352 expetit,
421 1324 450 1344 ut
461 1318 519 1351 qui,
532 1319 620 1353 quoad
633 1319 693 1352 ejus
709 1319 765 1345 ticri
782 1318 879 1353 potest,
895 1318 997 1344 habeat

213 1353 284 1387 quod
300 1358 339 1380 est
361 1352 551 1387 expetendum.
573 1353 669 1381 Merito
687 1361 751 1388 ergo
776 1352 868 1380 ntanct
891 1352 918 1388 in
943 1361 997 1380 uno

215 1389 375 1415 innuutahili
402 1390 506 1419 habitu,
533 1389 649 1424 diligens
665 1397 697 1415 ex
719 1389 885 1423 cognitione.
903 1387 997 1422 Neque

213 1431 278 1458 ergo
302 1424 454 1450 vehementi
478 1423 595 1451 ardebit,
608 1424 755 1456 desiderio,
780 1429 807 1450 ttt
830 1423 997 1450 assitniletur

215 1459 303 1490 bonis,
321 1467 382 1485 cum
402 1460 500 1486 habeat
518 1467 566 1492 per
579 1459 738 1486 charitatem
760 1460 784 1485 id
803 1459 874 1493 quod
893 1463 934 1486 est
950 1459 998 1484 ho«

215 1502 278 1521 nuttt
295 1499 320 1521 et
338 1495 490 1521 honestum.
502 1495 670 1521 Contidentia
692 1500 783 1520 autem
805 1499 832 1521 et
847 1494 998 1526 cupiditate

213 1530 277 1564 quid
290 1530 316 1556 ei
332 1531 420 1557 adhuc
434 1534 474 1557 est
489 1537 567 1563 opus,
581 1530 626 1563 qui
639 1537 701 1557 cuin
726 1530 779 1556 Deo
795 1529 876 1556 uultis
892 1530 996 1564 passio:

215 1553 904 1604 ἧίιὶὖέύῖῇιῖιὲἷιῖἶέιιὶἧιέᾇξιῖείῖςῖιῖ’Ξρέῥιῖεὲἰῐᾜὶιῖ
911 1553 1032 1590 ἱιὶὲιὶί-ίέ

215 1605 310 1630 tatem.
325 1605 352 1627 et
366 1608 413 1635 per
428 1608 486 1626 eam
511 1607 539 1626 se
562 1599 599 1635 in,
613 1600 672 1634 ejus
688 1599 852 1635 amicorum
866 1605 1010 1635 numerum

215 1634 381 1670 ascripserit.
399 1645 408 1660 ι
424 1635 526 1661 Verum
537 1634 613 1669 quid,
625 1634 722 1661 amabo
736 1642 794 1665 vos,
809 1634 872 1660 inde
887 1634 919 1660 ad
937 1643 945 1670 ς
961 1641 1012 1670 pu-

218 1678 276 1696 rum
289 1669 305 1695 3
320 1672 364 1697 Dei
388 1677 509 1697 antorem
523 1671 699 1697 assereuduiti
717 1670 806 1703 eoltigi
835 1669 945 1702 potest?
960 1669 997 1696 lbi

217 1706 288 1731 enim
304 1706 429 1732 Clemens
443 1705 562 1740 loquitur
578 1707 611 1731 de
625 1706 759 1739 gnostico,
786 1705 832 1739 qui
860 1705 948 1730 adhuc
971 1705 997 1730 in

217 1741 269 1767 hac
283 1742 335 1766 vita
350 1741 513 1767 constitutus
528 1740 622 1773 Deum,
643 1741 730 1774 quoad
745 1747 803 1773 e,Us
817 1739 873 1766 lieri
884 1773 888 1774 ν
898 1743 997 1774 potest.

217 1775 336 1809 perlecta
359 1777 492 1803 charitate
517 1773 749 1810 possidetJAtqui
778 1775 848 1801 idem
872 1773 999 1802 Clemens

218 1811 339 1836 declarat.
353 1811 419 1836 nihil
435 1812 469 1838 ab
483 1819 516 1838 eo
527 1811 628 1844 expeti,
642 1811 773 1836 caducum
789 1810 891 1836 scilicet
904 1815 931 1836 et
943 1815 999 1836 ter-

218 1851 316 1878 restre,
327 1847 400 1880 quod
414 1847 500 1881 ipsum
513 1855 527 1872 a
541 1847 605 1877 Deo,
620 1847 661 1872 cui
685 1846 820 1872 cltaritate
838 1845 1000 1878 cunjuuctus

216 1886 269 1912 est,
285 1886 390 1907 avertat
406 1880 452 1908 aut
478 1886 596 1915 separet.
626 1882 809 1914 Quamobrem
833 1881 888 1914 ipse
906 1880 975 1906 dixit
990 1889 996 1906 :

217 1915 284 1953 ρύδὲ
304 1915 420 1952 ζηλώσει
442 1916 636 1953 ὲξομοιωΟῆναι
660 1917 715 1947 τοῖς
740 1915 843 1947 καλοῖς,
873 1924 882 1940 ι
903 1915 962 1953 aliis
983 1924 999 1942 a

218 1952 274 1979 Deo
285 1953 361 1978 bonis
370 1951 514 1979 assintilai‘i
536 1951 686 1979 vehementi
698 1953 787 1978 studio
797 1959 848 1978 non
861 1951 974 1977 ardebit.
987 1960 997 1976 ι

218 1987 270 2013 Sed
287 1989 406 2022 ttuuqnid
421 1989 473 2015 ltoc
493 1988 604 2021 itttpcdtt
622 1987 770 2022 quominus
789 1993 919 2022 aeternam
941 1986 1000 2012 l'eli-

215 2023 325 2049 citatent
349 2027 455 2057 speret,
484 2029 558 2057 optet.
579 2028 606 2049 et
628 2021 788 2056 exspectet?
811 2021 920 2057 Minime
940 2022 1000 2055 qui-

216 2057 288 2083 detn.
306 2057 340 2084 Et
356 2066 420 2085 vero
442 2060 466 2085 id
484 2056 536 2085 non
550 2058 636 2085 solum
657 2066 689 2084 ex
712 2057 783 2083 ittt'ta
803 2056 925 2083 dicendis
943 2057 998 2083 evi-

218 2092 376 2128 dentissime
387 2094 491 2128 patebit
504 2101 511 2119 :
526 2094 572 2120 scd
587 2094 701 2128 ipsemet
717 2098 820 2128 auctori
836 2096 928 2128 noster
949 2092 999 2128 hoc

217 2127 277 2161 ipso
289 2128 348 2155 loco
363 2127 462 2156 asserit
476 2127 638 2163 gnosticu’m,
666 2127 782 2161 perfecta
799 2127 936 2163 charitate
958 2127 1000 2163 in-

217 2169 371 2198 structum.
395 2163 456 2191 ideo
478 2161 550 2190 itiltil
572 2170 718 2198 expetere;
744 2163 806 2196 quia
832 2162 880 2197 τὴν
904 2161 999 2188 ἐλπίδα

216 2197 388 2235 προειληφὼς
405 2199 449 2226 διὰ
476 2200 526 2235 τῆς
551 2197 688 2234 γνώσεως,
707 2207 716 2223 ι
735 2205 783 2231 per
806 2197 997 2235 cognitionem.

216 2241 290 2267 Spem
308 2243 316 2260 I
345 2234 416 2261 haud
432 2233 512 2262 dubie
528 2235 625 2261 futura:
639 2235 701 2261 vita:
726 2242 735 2259 ι
765 2233 963 2265 attticipaverit,
989 2242 998 2258 ι

218 2269 344 2305 tuntlruttt
360 2271 422 2304 quia
436 2279 478 2302 ea,
495 2278 548 2305 qua
564 2270 619 2296 Deo
633 2269 741 2299 fruitur.
762 2276 934 2302 possessione
954 2268 1002 2294 de.

216 2300 295 2331 licius
308 2300 424 2338 sperata?
441 2300 548 2332 arteriae
563 2305 702 2332 felicitatis
715 2300 873 2338 pra-gustat.

256 2337 355 2366 Potidri
371 2341 485 2367 tursitan
507 2341 568 2375 jure
591 2337 757 2367 recentiores
776 2337 884 2373 inystici
905 2339 931 2365 in
946 2345 1001 2366 sure

217 2375 250 2401 de
267 2382 336 2409 puro
351 2383 445 2402 amore
463 2375 598 2410 opiniottis
619 2375 799 2410 patrouiniuui
824 2374 890 2410 alite
902 2375 926 2400 iit
943 2382 1001 2401 tne-

218 2410 292 2436 diutit
317 2410 465 2444 adducunt,
487 2411 585 2445 quibus
615 2409 797 2436 disertissime
818 2417 833 2435 a
863 2409 1002 2436 Cletttcntc

218 2445 393 2472 constitutum
411 2451 462 2477 est,
479 2448 548 2480 quod
562 2446 584 2472 si
601 2445 647 2472 Dci
662 2445 761 2480 γνῶσις
778 2445 811 2471 ab
833 2450 934 2471 aeterna
958 2452 1002 2471 sa-

217 2480 275 2506 lute
291 2486 381 2514 posset
400 2489 517 2516 unquam
531 2481 663 2515 separari,
682 2487 746 2507 tttttc
768 2481 907 2513 guosticus
929 2480 1001 2506 illam

218 2515 319 2549 eligere
330 2515 506 2543 otnuitto'nou
519 2517 654 2543 dubitaret
668 2525 674 2541 :
691 2525 700 2540 ι
721 2516 749 2542 Si
766 2516 827 2549 quis
850 2522 898 2549 per
916 2516 1002 2549 hypo—

219 2551 317 2577 thesim
345 2552 437 2585 (Verba
451 2553 598 2579 Clcntettlis
614 2556 677 2578 sunt
693 2552 738 2585 ³³),
766 2552 888 2585 gnostico
906 2558 1003 2584 propo-

218 2586 305 2612 suerit
333 2592 423 2613 utrutn
449 2588 526 2614 malit
547 2587 593 2613 Dei
619 2588 814 2621 cognitiotiettt,
833 2595 867 2612 an
888 2585 1004 2612 salutent

219 2626 365 2653 attentam;
382 2623 437 2649 sint
452 2628 542 2650 autem
554 2631 585 2648 ca
600 2627 738 2656 separata,
755 2630 815 2648 cum
829 2621 883 2647 sint
895 2622 1005 2647 omnino

218 2659 331 2690 eadem;
348 2657 414 2684 nihil
437 2664 546 2692 penitus
562 2658 689 2684 dubitans
712 2657 825 2691 elegerit
844 2657 888 2682 Dei
912 2656 1006 2690 cogni-

220 2692 333 2722 tionem,
347 2698 460 2726 propter
474 2700 503 2719 se
514 2693 638 2728 judicatus
660 2699 720 2719 esse
734 2693 914 2726 expetendam
934 2698 1004 2722 eam,

220 2732 280 2761 qua‘:
295 2728 375 2754 tidem
392 2727 593 2755 transcenderit
616 2735 665 2762 per
680 2728 841 2754 iltat'itatem
859 2728 892 2754 ad
909 2727 1001 2760 cogni-

220 2762 332 2794 tionem,
348 2765 541 2798 proprietatem
559 2763 611 2798 (vel
641 2763 721 2796 paulo
739 2763 839 2789 clarius
855 2783 862 2794 ,
882 2763 944 2795 quia
963 2762 1006 2794 ju-

219 2798 291 2826 dicat
315 2807 374 2824 cam
400 2807 460 2826 esse
481 2804 673 2833 proprietatem
698 2806 809 2832 propter
825 2806 854 2825 se
877 2804 1005 2832 expeten-

254 2884 278 2901 ⁸³
294 2886 367 2913 Ρείιί.
388 2893 416 2915 tt.
432 2886 457 2912 8.
493 2885 619 2912 “Strotn.
635 2884 653 2910 1.
671 2890 705 2913 Vl.
720 2890 745 2916 ρ.
763 2882 823 2910 651.

871 2882 894 2898 ⁸¹
909 2880 930 2911 l.
944 2889 980 2916 tv,
997 2889 1024 2918 p.
1036 2882 1099 2910 529.

1031 234 1231 267 transcendit).
1258 236 1324 260 Cum
1358 239 1448 259 autem
1483 232 1650 267 judicaverit
1686 232 1827 267 pulchrum

1031 275 1092 294 esse
1107 273 1134 295 ct
1151 265 1297 296 honestum
1314 269 1341 296 id
1357 268 1429 302 quod
1449 268 1549 294 bonum
1569 271 1612 293 cst
1626 266 1730 302 facere,
1748 265 1829 292 vehe«

1033 308 1141 330 menter
1156 304 1267 331 incitata
1283 301 1406 338 operatio
1423 303 1450 329 in
1464 302 1593 329 omnibus
1610 301 1704 338 reipsa
1720 301 1791 328 bene
1804 308 1830 327 se

1034 338 1117 374 gerit,
1134 347 1189 374 non
1202 339 1245 374 rin_
1262 337 1359 374 aliquo
1374 339 1482 374 quidem
1494 342 1578 374 recte
1588 358 1594 368 ,
1613 337 1642 374 in
1659 337 1756 371 aliquo
1771 344 1830 362 vero

1044 371 1116 399 iw":
1144 371 1191 398 sed
1202 373 1228 399 in
1240 371 1422 399 benefaciendi
1437 373 1530 398 ltahitu
1550 372 1716 402 constituta,
1746 378 1830 404 neque

1044 408 1177 438 prazterea
1203 410 1313 438 propter
1334 404 1458 439 gloriam.
1479 412 1538 436 aut.
1564 412 1593 432 ut
1607 405 1769 439 philosophi
1792 406 1829 431 di-

1045 438 1237 475 cottlpfamant
1258 440 1400 471 illustrem,
1423 449 1509 475 neque
1528 438 1639 473 propter
1665 441 1831 470 mercedem.

1044 473 1141 510 attt‘ab
1157 474 1322 505 hominibus,
1336 480 1380 501 aut
1395 484 1409 502 a
1425 473 1491 508 Deo,
1505 476 1537 502 ad
1561 477 1713 510 imaginem
1742 481 1770 502 et
1798 476 1831 502 si-

1045 508 1224 534 militudinem
1249 510 1354 545 Domitii
1374 511 1453 537 vitam
1481 508 1631 545 peregerit:
1653 521 1664 536 ι
1687 511 1773 544 Quid,
1797 512 1832 537 itt-

1045 544 1152 576 qninnl,
1169 544 1201 570 ad
1216 551 1312 576 purttttt
1334 544 1380 571 Dei
1397 554 1517 573 amorem
1536 546 1739 572 declarandqu
1755 552 1784 572 et
1794 554 1833 572 as-

1045 578 1187 604 bel'cntitllll
1203 579 1303 606 clarius
1321 585 1349 607 et
1363 580 1525 608 dilucidius?
1535 582 1684 608 Enimvero
1697 581 1832 611 Clemens,

1045 619 1160 647 pergunt
1177 614 1224 644 illi,
1255 615 1291 640 ibi
1312 617 1452 649 expressis
1467 618 1556 643 verbis
1574 616 1655 643 docet
1679 616 1832 649 gnosticuot

1046 649 1091 685 Dei
1109 649 1290 682 cognitionem
1306 651 1411 677 caeteris
1425 652 1551 678 omnibus
1565 651 1605 678 sic
1619 653 1767 685 praeferre.
1780 652 1833 677 sive

1045 683 1130 710 Deum
1153 684 1188 710 ita
1205 692 1309 721 amare,
1322 690 1349 711 ut
1367 686 1441 712 illttnt
1463 694 1550 720 neque
1572 683 1689 721 propter
1710 687 1834 720 gloriam,

1046 726 1132 751 neque
1149 724 1266 755 propter
1284 720 1361 746 fama:
1382 720 1580 754 celebritatem,
1609 729 1703 755 neque
1728 726 1836 755 propter

1046 754 1212 790 mercedem,
1227 760 1273 781 aut
1287 756 1321 781 ah
1334 755 1497 788 liontinibus,
1515 762 1561 783 aut
1572 757 1606 782 ab
1620 754 1683 790 ipso
1700 754 1758 783 Deo
1770 754 1837 783 acci-

1046 788 1183 825 piendam,
1199 790 1244 816 sed
1259 796 1369 824 propter
1381 791 1454 817 illum
1467 792 1613 825 ipsutnntet
1626 788 1719 818 solum
1734 792 1835 825 diligat.

1045 823 1115 861 Quid
1129 831 1208 861 vero,
1224 823 1296 858 quod
1310 823 1393 852 Detttu
1409 823 1501 853 amore
1522 832 1575 853 lant
1590 834 1661 860 pnro
1685 823 1796 861 diligit;
1810 833 1836 852 ut

1047 859 1110 886 huic
1124 859 1240 896 salutem
1260 865 1402 892 aiternam.
1425 862 1447 888 si
1465 863 1499 888 ab
1517 862 1561 888 illo
1577 859 1670 896 posset
1692 859 1837 896 aliquando

1047 895 1179 927 separari.
1188 894 1275 931 longe
1286 902 1448 930 postponere
1463 897 1536 923 nullo
1549 894 1630 931 plane
1654 894 1748 924 modo
1761 897 1836 923 hazsi-

1048 934 1126 961 taret,
1142 930 1287 964 malletque
1296 937 1396 958 iit-terna
1413 932 1500 959 salute
1515 930 1630 967 privari,
1643 940 1732 967 quant
1750 933 1835 967 ipsum

1047 972 1101 992 non
1116 972 1264 999 agnoscere
1275 971 1302 993 et
1316 967 1426 993 amare?

1084 999 1136 1027 Sed
1150 1001 1243 1036 sedulo
1265 1001 1463 1028 observandum
1493 1002 1559 1029 illud
1586 1007 1641 1034 est.
1668 1002 1746 1036 quod
1770 1002 1835 1028 dixit

1047 1034 1173 1062 Clemens
1190 1045 1199 1061 (
1219 1035 1264 1062 Dei
1283 1037 1474 1073 cognitionem.
1492 1038 1542 1073 τὴν
1563 1038 1668 1072 γνῶσιν
1680 1034 1740 1064 ’τοῦ
1763 1037 1837 1068 θεοῦ,

1048 1075 1075 1097 et
1098 1076 1229 1108 attentam
1252 1072 1379 1104 salutent,
1407 1073 1456 1108 τὴν
1483 1074 1621 1108 σωτηρίαν
1644 1074 1696 1108 τὴν
1721 1073 1837 1103 αἰώνων,

1048 1112 1109 1144 esse
1125 1107 1242 1144 omnino
1266 1108 1505 1144 eadeitt,_r::iv-.m;
1532 1107 1724 1144 twn-4mm:
1739 1109 1834 1134 {iv-.1.-

1048 1141 1130 1174 Atqui
1150 1140 1173 1167 si
1188 1141 1244 1168 lucc
1257 1142 1309 1169 sitit
1328 1142 1435 1177 penitus
1457 1144 1563 1176 eadem,
1585 1150 1662 1171 certe
1686 1140 1702 1170 ἐι
1722 1153 1753 1170 se
1775 1145 1838 1170 invt—

1049 1183 1107 1202 cem
1125 1178 1247 1213 separari
1265 1178 1493 1213 nunquam219
1517 1185 1642 1213 possunt.
1668 1179 1731 1206 Non
1753 1184 1838 1212 potest

1048 1218 1114 1246 ergo
1132 1211 1201 1238 Deus
1220 1214 1330 1246 agnosci
1345 1217 1372 1239 el
1390 1211 1490 1245 amtor,
1509 1211 1573 1248 quin
1597 1215 1674 1242 illico
1692 1211 1759 1250 ipsa
1769 1214 1838 1240 salus

1048 1253 1149 1272 interna
1164 1252 1330 1281 agnoscatur
1343 1253 1370 1274 et
1383 1254 1500 1275 ametur.

1085 1282 1130 1313 At.
1144 1282 1261 1315 inquies,
1279 1284 1301 1309 si
1318 1291 1366 1317 per
1385 1284 1554 1318 hypothesim
1574 1289 1686 1318 possent
1703 1284 1837 1318 separari.

1051 1321 1115 1354 tunc
1126 1318 1265 1354 gnosticus
1287 1318 1381 1350 Deum.
1399 1324 1427 1345 ut
1448 1319 1486 1345 ait
1501 1319 1639 1351 Clemens,
1668 1326 1784 1354 propter
1797 1328 1839 1345 se.-

1051 1352 1138 1389 ipsutu
1150 1351 1238 1389 solum
1254 1361 1346 1380 revera
1362 1353 1498 1388 diligeret.
1514 1355 1612 1381 Verum
1636 1351 1695 1382 haec
1712 1351 1841 1389 liypotlte‘

1050 1388 1100 1419 sis,
1115 1387 1195 1414 sicuti
1214 1388 1339 1416 Clemens
1356 1387 1463 1422 quoque
1487 1389 1600 1421 fatetttr,
1624 1395 1667 1416 est
1694 1387 1737 1416 rei
1751 1387 1841 1423 plane

1050 1423 1242 1456 impossibilis,
1255 1428 1351 1457 etqua-
1364 1424 1437 1450 nullo
1451 1432 1571 1458 unquam
1587 1426 1667 1452 modo
1677 1425 1765 1459 magis
1782 1425 1841 1451 ﬁeri

1050 1459 1160 1499 poterit,
1178 1466 1259 1491 quam
1274 1464 1302 1485 ιιι
1319 1459 1388 1499 Dens
1403 1459 1461 1499 ipse
1478 1460 1554 1499 Deus‘
1565 1468 1618 1499 non
1634 1461 1681 1499 sit:
1696 1460 1842 1499 ηις-εῖδει.

1050 1493 1174 1525 obsecro,
1189 1499 1304 1527 putasne
1317 1503 1349 1520 ex
1367 1493 1469 1521 lictitiis
1483 1500 1511 1522 et
1532 1495 1697 1522 chituaericis
1712 1493 1842 1528 hujusce-

1051 1528 1121 1555 tuodi
1135 1529 1500 1563 ltypotltesibusClementem
1514 1531 1660 1564 quamdam
1677 1530 1764 1556 Deum
1775 1538 1843 1564 pure

1050 1566 1156 1593 aniandt
1189 1564 1308 1599 regulam
1331 1565 1522 1592 constituisse?
1551 1565 1693 1593 Censesne
1718 1565 1746 1592 in
1771 1567 1844 1592 illius

1050 1599 1156 1634 venisse
1170 1604 1287 1626 mentem
1302 1600 1434 1634 guostico.
1447 1605 1475 1626 ut
1492 1601 1574 1626 Deum
1595 1608 1664 1634 puro
1680 1608 1779 1627 amore
1802 1602 1844 1627 di-

1050 1632 1124 1667 ligat,
1140 1635 1292 1670 tingendum
1305 1632 1374 1662 esse
1393 1637 1430 1662 rei
1451 1638 1561 1662 omnino
1578 1632 1772 1670 ,intpossibilis
1795 1636 1845 1670 hy-

1049 1669 1202 1703 potttesim?
1220 1669 1346 1703 Nunquid
1359 1671 1535 1697 doctissimus
1558 1671 1603 1697 ille
1623 1669 1666 1697 vir
1690 1669 1839 1705 ignorabat

1049 1705 1277 1738 quemadmodum
1291 1713 1322 1732 ex
1336 1706 1453 1733 absurdo
1471 1705 1538 1732 nihil
1558 1707 1610 1732 nisi
1629 1707 1793 1736 absurdum,
1806 1712 1843 1731 tta

1050 1747 1083 1767 ex
1096 1739 1258 1774 impossiliili
1272 1741 1338 1767 nihil
1357 1741 1408 1767 nisi
1419 1741 1586 1773 impossibile
1599 1749 1680 1775 posse
1692 1741 1844 1774 consequi?

1085 1775 1232 1802 Clementis
1250 1776 1343 1809 itaque
1363 1783 1438 1803 meus
1455 1781 1483 1802 et
1502 1783 1600 1803 sensus
1615 1781 1659 1803 est
1682 1776 1729 1802 Dei
1749 1777 1846 1810 cogni-

1052 1810 1153 1837 tionem
1169 1816 1196 1837 et
1213 1818 1347 1842 amorem,
1358 1816 1438 1844 atque
1456 1811 1572 1838 salutetn
1584 1817 1717 1838 aciei-nam
1732 1812 1769 1837 ita
1784 1819 1846 1838 esse

1049 1847 1154 1877 eadem,
1172 1850 1201 1871 ut
1219 1853 1301 1873 unum
1316 1847 1375 1873 sine
1385 1846 1471 1872 altero
1485 1846 1560 1880 diligi
1581 1851 1710 1881 nequeat.
1729 1846 1846 1873 Gnosti-

1050 1888 1100 1907 cus
1127 1881 1209 1915 igitur
1231 1888 1264 1907 eo
1285 1881 1344 1915 ipso
1372 1881 1487 1908 salutem
1509 1887 1643 1908 aeternam
1666 1887 1765 1913 amat,
1791 1889 1845 1914 quo

1051 1917 1134 1942 Deum
1152 1924 1203 1942 non
1220 1924 1330 1950 propter
1342 1917 1467 1950 gloriam,
1483 1916 1595 1948 faniam,
1607 1921 1637 1942 et
1655 1918 1770 1949 hujusce
1782 1923 1845 1942 Vita:

1050 1956 1078 1977 et
1092 1957 1222 1987 temporis
1245 1953 1410 1983 mercedem,
1430 1952 1478 1978 sed
1496 1957 1609 1986 propter
1639 1951 1730 1987 ipsqu
1753 1953 1843 1978 solum

1050 1986 1205 2013 castissinto
1224 1994 1317 2013 atnore
1333 1987 1519 2020 prosequitur.

1085 2021 1139 2047 Cur
1152 2029 1227 2056 ergo,
1250 2022 1374 2055 inquies,
1399 2023 1470 2048 hanc
1491 2022 1528 2047 rei
1556 2021 1637 2057 plane
1663 2023 1846 2057 impossibilis

1051 2056 1219 2091 hypotltesntt
1237 2057 1363 2083 Clemens
1379 2057 1523 2090 proponit?
1539 2056 1598 2084 Non
1614 2059 1688 2084 enini
1703 2056 1807 2087 temere
1818 2065 1846 2085 et

1051 2091 1252 2119 inconsiderate
1275 2100 1334 2118 eant
1359 2093 1534 2126 proposuisse
1557 2093 1691 2120 dicendus
1706 2100 1760 2122 est.
1793 2095 1847 2122 Be-

1049 2128 1213 2160 Spottdeinus
1224 2128 1295 2154 ltanc
1311 2127 1454 2161 proposita:
1466 2128 1500 2154 ab
1513 2136 1546 2155 co
1559 2129 1673 2161 hujusce
1683 2130 1846 2163 ltypothcsis

1051 2163 1135 2188 fuisse
1151 2163 1297 2194 rationem,
1314 2167 1342 2188 ut
1361 2162 1461 2189 clarius
1485 2169 1511 2189 et
1528 2163 1666 2190 eilicacius
1684 2162 1846 2192 ostenderet

1053 2205 1134 2231 quam
1150 2205 1246 2231 purus,
1264 2202 1354 2224 eastits
1371 2202 1396 2224 et
1412 2197 1445 2223 ab
1468 2199 1541 2224 ontni
1565 2199 1718 2231 cupiditate
1737 2201 1847 2228 alienus

1053 2239 1115 2259 esse
1131 2232 1227 2269 debeat
1248 2233 1358 2269 perfecti
1373 2233 1486 2265 gnostici
1508 2233 1534 2260 in
1560 2233 1643 2260 Deum
1658 2241 1747 2267 amor,
1771 2243 1847 2269 ejus-

1054 2275 1107 2301 que
1123 2267 1254 2305 Charitas.
1277 2270 1311 2305 ᾼι
1327 2268 1396 2305 data,
1407 2275 1488 2305 opera
1510 2274 1536 2295 et
1556 2269 1681 2295 consulto
1704 2267 1848 2305 hauc'hy-

1055 2303 1190 2337 potltcsim
1210 2303 1254 2330 ille
1280 2303 1472 2337 itnpossibiteu‘.
1493 2311 1553 2331 esse
1576 2305 1726 2331 contestim
1748 2303 1846 2332 admo-

1056 2339 1154 2371 uuit,ut
1168 2346 1221 2364 ttott
1235 2339 1332 2365 tuittori
1351 2339 1486 2365 evidentia
1505 2338 1672 2373 patefaceret
1688 2342 1846 2374 gnosticum

1057 2378 1109 2399 tatu
1124 2378 1198 2410 caste
1211 2378 1237 2399 et
1251 2381 1317 2408 pure
1332 2374 1415 2400 Deum
1433 2378 1561 2406 amando,
1581 2382 1660 2400 suam
1676 2383 1788 2410 quoque
1803 2385 1849 2402 ne-

1055 2409 1177 2435 cessaria
1194 2410 1305 2435 omnino
1331 2409 1536 2442 consecutioue,
1565 2410 1618 2441 vel,
1637 2415 1667 2436 ut
1689 2411 1847 2438 scltolas‘tici

1056 2444 1143 2481 aiunt,
1158 2445 1320 2481 secundario
1332 2444 1445 2471 salutem
1460 2452 1569 2481 semper
1589 2445 1659 2472 velle
1675 2450 1703 2472 et
1717 2447 1844 2481 diligere.

1091 2479 1218 2512 Ejusdem
1247 2485 1354 2513 penitus
1381 2480 1489 2513 generis
1516 2486 1558 2507 est
1582 2480 1635 2506 alia
1666 2479 1847 2515 hypotltEsis.

1059 2521 1154 2541 rursus
1172 2523 1187 2540 a
1202 2515 1341 2541 Clemente
1363 2520 1456 2541 nostro
1475 2516 1517 2542 his
1535 2517 1660 2550 exposita
1687 2518 1783 2544 verbis
1803 2517 1845 2543 "2

1060 2558 1069 2574 ι
1089 2550 1117 2576 Si
1135 2550 1169 2576 ali
1184 2550 1282 2584 injuria
1299 2551 1423 2577 iacienda
1447 2550 1613 2577 abstinuerit.
1636 2557 1751 2586 propter
1774 2560 1846 2586 spem

1059 2586 1290 2612 remunerationis
1316 2586 1413 2622 aueo,
1431 2586 1633 2620 consequentia:
1656 2588 1692 2613 ob
1719 2594 1764 2617 ea.
1792 2595 1848 2622 qua:

1057 2622 1128 2655 juste
1141 2622 1248 2651 lcccrit,
1267 2628 1301 2648 ne
1315 2621 1354 2647 sic
1369 2621 1478 2655 quidem
1492 2629 1541 2648 sua
1562 2627 1663 2656 sponte
1684 2627 1729 2648 est
1751 2621 1846 2649 hutius.

1059 2657 1136 2682 Sicut
1151 2657 1224 2682 enim
1243 2657 1319 2683 illuttt
1336 2663 1435 2688 metus,
1455 2656 1494 2682 sic
1519 2658 1719 2690 huncquoque
1745 2666 1846 2684 nteit-es

1056 2691 1159 2726 justum
1176 2691 1300 2718 tacit.....
1313 2691 1364 2724 Qui
1381 2697 1472 2718 autem
1488 2692 1568 2718 nuda:
1583 2693 1737 2724 voeatioui,
1757 2700 1846 2727 quate~

1060 2735 1111 2753 nus
1124 2732 1235 2753 vocatus
1248 2732 1301 2759 est,
1313 2727 1417 2757 obcdit,
1435 2727 1457 2753 is
1475 2734 1564 2760 neque
1580 2733 1696 2761 propter
1714 2729 1844 2758 timorem,

1061 2768 1148 2795 neque
1171 2767 1281 2796 propter
1298 2763 1451 2796 voluptates
1476 2763 1562 2788 tendit
1584 2763 1619 2788 ad
1649 2764 1842 2796 cognitionem.

1060 2797 1117 2824 Non
1134 2804 1206 2823 enim
1219 2798 1375 2825 considerat
1395 2805 1430 2825 an
1451 2797 1565 2833 aliquod
1589 2798 1658 2825 utile
1676 2798 1794 2829 lucrum,
1809 2806 1843 2826 τε.

1141 2881 1164 2897 υ
1177 2879 1255 2913 ibid.,
1269 2888 1296 2917 p.
1316 2879 1378 2907 532.
