1916 3071
36 166 108 194 1255

647 167 691 195 DE
709 167 820 196 LIBRIS
836 167 1060 199 STROMATUM.

1589 169 1658 197 ηδι

33 225 97 253 eme
111 230 154 252 tur
169 226 202 253 ad
225 227 347 263 magistri
367 227 510 263 imaginem
533 227 615 258 Dens.
628 228 674 262 qui
693 228 718 254 in
745 234 827 255 carne
841 227 865 257 Α
879 235 931 255 non
947 227 1015 256 satis
1029 228 1177 263 advel-tisse
1190 227 1305 263 videtur.
1323 226 1401 253 Prius
1415 226 1513 261 quippe
1530 226 1658 263 Clemens

34 268 175 298 versrttur,
187 262 249 290 κατ’
264 263 356 290 εἰκόνα
375 263 422 291 τοῦ
436 262 593 291 διδασκάλου
607 263 636 289 ὲν
651 263 731 298 σαρκὶ
745 271 823 298 περι-

35 296 129 332 πολ-ἂν
145 297 215 328 θεός.
235 306 244 324 ι
270 298 317 325 His
332 305 397 332 ergo
413 298 500 325 modis
527 299 652 325 Clemens
671 296 821 332 gnosticum

35 331 159 367 Chl-sto,
174 332 243 359 Filio
259 332 318 365 Dei,
340 331 375 360 et’
394 333 501 366 ipsimet
517 333 575 367 ejus
597 331 682 360 Patri,
693 333 820 366 similem,

34 366 94 394 imo
113 371 139 393 et
152 367 233 394 Deum
249 367 316 395 eiIici
334 368 433 395 diserte
443 366 610 402 pronuntiat.

73 402 160 429 Porro
173 406 262 429 autem
280 410 312 430 ex
327 403 436 429 statutis
449 411 464 428 a
482 403 620 429 Clemente
642 403 821 436 adipiscendze

34 436 136 464 divina:
150 437 351 464 assimilationis
367 437 475 471 regulis,
491 442 517 464 et
528 445 561 464 ex
576 437 617 464 his
628 438 751 464 onmilms
762 446 821 472 quae

33 472 69 497 ab
84 472 143 504 ipso
156 472 189 498 de
205 472 256 499 hac
270 472 385 507 gnostici
398 479 459 499 cum
482 473 536 498 Deo
557 472 732 500 similitudine
748 481 821 499 sum-

34 513 140 540 maque
163 506 220 539 ejus
235 506 401 541 perfectione
413 511 440 534 et
453 507 586 538 ἀπαθείας
612 508 704 534 habitu
725 509 821 535 obser-

31 545 99 567 vata
123 546 195 572 sunt.
221 542 425 569 evidentissima
450 542 586 576 colligitur
609 550 767 576 persuasum
795 544 820 570 ei

31 576 147 608 penitus
164 577 246 604 fuisse
270 577 304 604 ad
325 577 384 604 illas
407 578 531 604 eumdem
549 578 701 611 gnosticnm
716 577 741 604 itt
769 579 820 606 hac

31 611 90 636 vita
116 619 168 638 non
193 612 385 642 conscendere,
403 612 453 638 nisi
471 613 557 646 quoad
573 612 631 645 ejus
646 613 703 639 ﬁeri
719 618 818 646 potest,

30 650 58 671 et
74 651 209 679 quantum
227 647 362 678 humanae,
376 651 405 673 ut
419 647 546 678 diximus,
562 646 701 681 fragilitati
717 648 780 675 licet
793 653 821 676 et

30 687 197 716 concessum
215 687 266 708 est.
289 681 382 716 Neque
399 682 480 708 etiam
498 683 588 709 minus
607 683 747 710 evidenter
761 691 820 712 om-

29 715 235 752 nibusicertnm
248 715 384 750 ﬁxumque
391 724 450 744 esse
461 715 548 747 debet.
563 718 727 750 recentiores
736 725 818 752 quos-

29 750 99 776 dam
116 751 199 786 228
211 755 265 778 tota
280 753 320 778 via
336 752 473 784 aberrare,
486 753 530 786 qui
547 752 670 779 eumdetn
696 750 820 780 Clemen-

29 791 86 810 tem
105 791 227 813 nostrum
255 786 411 813 ﬁctitiarntn
427 787 606 820 qnarumdant
631 788 664 815 de
686 788 751 820 vita,
780 790 817 816 uti

29 821 120 852 aiunt,
134 821 268 855 spirituali
283 828 308 848 et
320 822 527 855 contemplativa
543 823 699 856 opinionum
710 831 818 850 suarttm

29 860 179 895 patronum
195 860 223 883 et
236 856 404 884 defensorem
420 857 470 883 sibi
493 857 646 885 adsciscere
674 865 817 892 perperam

29 895 123 916 conati
132 895 203 919 sunt.

64 924 100 950 At
129 925 149 952 ii
170 925 284 953 forsitan
309 927 474 962 pertinacius
499 928 637 955 erroribus
657 928 715 955 suis
727 928 818 956 adhae-

29 965 143 992 rentes,
171 963 307 995 urgebunt
338 962 505 989 Clementem
529 970 584 990 non
612 963 696 990 semel
718 963 818 990 dixisse

29 996 186 1027 gnosticum
202 997 227 1022 in
243 997 402 1024 immutabili
419 997 604 1025 beneﬁcentiae
618 998 712 1025 habitu
725 1000 758 1025 ad
772 999 816 1027 Dei

29 1030 240 1067 similitudinem
278 1039 459 1067 permanere,
500 1040 551 1059 nec
578 1033 663 1067 ipsam
689 1034 816 1061 virtutem

29 1067 161 1103 posseab
183 1066 228 1093 illo
243 1066 423 1103 atnittiaQuid
440 1067 523 1101 ergo?
544 1066 669 1103 Nunquid
693 1068 817 1097 Clemens

29 1101 206 1136 acerrimus,
234 1101 462 1136 quemadmodum
494 1101 630 1135 vidimus}
660 1104 818 1132 orthodoxae

29 1135 164 1172 doctrinm
175 1135 357 1172 propugnator
377 1141 405 1163 et
426 1137 560 1170 defensor,
586 1140 619 1166 atl
645 1139 716 1166 hunc
735 1139 819 1167 allisit

29 1171 97 1208 l:tttl_i
114 1172 221 1208 erroris
233 1172 431 1208 scopulum.et,
447 1177 476 1199 ut
492 1172 563 1206 loqui
578 1178 680 1205 amant,
695 1174 721 1200 iu
737 1180 817 1208 portu

29 1206 204 1240 nnttfragium
235 1207 315 1234 fecit?
340 1206 435 1234 Nonne
454 1208 487 1234 ab
512 1208 558 1234 illo
581 1209 639 1242 ipso
664 1206 817 1238 audivimus

29 1241 252 1277 mustantissitne
268 1242 396 1269 aﬁirmari
413 1242 565 1277 gnosﬁcum
577 1241 598 1270 a7
608 1243 662 1271 Deo
677 1245 816 1277 postulare

29 1275 272 1309 contemplationis
286 1275 446 1312 virtutisque
460 1278 667 1310 incrementum,
677 1275 706 1306 et
722 1279 748 1306 in
762 1280 817 1306 vir-

29 1315 87 1336 tute
104 1311 226 1351 ﬁnalem,
241 1318 270 1339 ut
285 1312 450 1340 scholastico
465 1320 541 1340 more
556 1313 710 1348 loquamur,
724 1322 817 1349 persc-

29 1351 194 1373 Vcrﬂlllﬂllll.

63 1381 332 1417 Sedﬁconjecturis,
363 1381 502 1416 inquient.
531 1382 556 1409 in
584 1391 613 1410 re
644 1385 815 1417 apertissima

29 1416 180 1452 Dpttsﬂltiltil
194 1421 244 1443 est.
261 1417 317 1451 Ipse
329 1417 461 1452 siquidem
479 1418 604 1445 Clemens
617 1416 727 1446 totidem
753 1427 816 1447 ver-

29 1452 68 1476 bis
81 1451 155 1477 dixit
170 1451 211 1479 τδτ
231 1461 240 1477 ι
254 1452 304 1480 Cui
322 1452 435 1486 justitia:
450 1453 648 1481 incrementum
673 1456 760 1482 crevit
781 1457 815 1483 ad

29 1486 252 1528 beneﬁcentiam,
267 1488 291 1528 ei
309 1486 440 1528 perfectio
454 1494 593 1528 permanet
611 1490 637 1516 in
648 1489 814 1528 immutabili

29 1521 123 1559 habitu
140 1522 181 1559 ad
190 1522 235 1559 Dei
249 1521 478 1559 similitudinem,
497 1532 515 1559 At
535 1523 623 1559 ἐούτῳ
643 1525 660 1559 ἡ
677 1524 816 1558 τελείωσις

29 1566 52 1582 ,ν
69 1556 235 1593 ὰμεταϐρλῳ
247 1556 303 1593 ἕξει
320 1558 443 1589 εὐποιίας
458 1557 517 1584 καθ’
540 1556 669 1593 ὁμοιώσιῦ
685 1560 731 1587 τοῦ
747 1556 813 1589 Θεοῧ

29 1591 161 1626 ὂιαμένει.
180 1592 232 1619 Sed
246 1592 272 1619 hi
285 1599 359 1619 certe
370 1593 517 1620 Clementis
531 1591 614 1620 nostri
630 1600 746 1622 mentem
761 1597 811 1623 tui-

33 1628 103 1664 iiuae
121 1633 295 1664 perSpectamr
311 1627 475 1664 habuerunt.
500 1628 539 1655 lbi
559 1629 658 1664 quippe
672 1630 714 1657 ille
733 1631 812 1658 docet

32 1662 163 1699 triplicem
177 1670 237 1699 esse
253 1663 350 1699 anima:
367 1662 656 1699 purgatiOtteitt.:utia'iti
674 1666 781 1699 quidem
797 1675 812 1693 a

31 1697 107 1723 nalis
123 1698 295 1729 abstinendo,
313 1698 425 1725 alteratn
444 1705 507 1724 vero
525 1699 558 1725 ad
572 1698 617 1726 Dei
631 1697 716 1726 instar
730 1701 812 1728 bene-

29 1732 166 1758 ';tcieudo.
182 1732 210 1758 ln
231 1733 281 1759 hoc
304 1738 394 1760 autem
419 1732 604 1760 beneﬁcentiae
628 1735 813 1762 incommuta-

30 1767 68 1804 iili
88 1767 184 1804 habitu
200 1767 346 1804 dicitreum
369 1768 459 1796 tattdiu
477 1775 665 1802 perseverare,
690 1771 811 1804 qnandiu

29 1802 68 1861 'ltei
87 1802 229 1862 lmandatis
253 1803 433 1838 obtemperat,
449 1810 500 1830 nec
521 1811 536 1830 a
561 1803 652 1832 divina
679 1802 812 1835 charitatc

40 1844 84 1862 tve
109 1843 174 1862 Illll'.

40 1841 174 1863 H'elllllll'.

58 1871 158 1905 Neque
169 1872 226 1899 haec
239 1871 318 1899 velim
334 1872 447 1907 objicias
455 1873 507 1900 alia
518 1873 665 1902 Clementis
677 1875 757 1902 verba
767 1877 790 1893 ”
802 1885 810 1904 :

29 1916 32 1932 l
49 1906 134 1939 Quod
150 1907 173 1933 si
189 1907 272 1934 Dentn
291 1906 384 1935 didicit
406 1908 531 1943 diligere,
559 1917 611 1936 non
629 1910 738 1936 habebit
755 1912 810 1937 vir—

32 1947 125 1979 utem,
140 1946 211 1979 utea
228 1942 426 1979 possit_atnitti.
447 1942 606 1979 {Superius
621 1945 753 1978 siquidem
765 1948 811 1973 ad-

29 1978 183 2017 r30tttiintn§
194 1976 252 2007 btet:
265 1976 406 2017 ibiGraaca
417 1986 477 2017 esse
486 1976 631 2007 Clenientis
641 1976 721 2017 verba
733 1989 738 2006 :
749 1981 812 2017 ἁρε-

29 2012 71 2047 τὴν
88 2011 256 2047 ἀπόϐλητον,
280 2013 378 2047 illaque
401 2013 470 2040 idem
492 2021 591 2042 sonare
612 2022 644 2042 ac
660 2023 669 2040 ι
689 2011 774 2043 viletn'
785 2021 813 2044 et

29 2048 161 2083 tbjct-tatn
186 2047 323 2083 virtutem.
346 2056 355 2073 ι
375 2048 476 2076 Sensus
493 2050 582 2083 itaque
602 2049 747 2078 Clementis
771 2056 812 2079 est

29 2082 181 2116 gnosticum
196 2082 269 2120 illum
291 2090 344 2120 non
360 2091 391 2110 ea
411 2084 510 2111 virtute
524 2082 650 2111 ornatum
666 2092 736 2118 esse,
753 2093 812 2120 qua:

29 2121 128 2144 uitans
141 2121 169 2144 et
182 2117 313 2145 vacillans
325 2118 452 2151 ﬂuctuet;
479 2119 526 2146 sed
550 2127 609 2153 quae
624 2117 751 2148 constans
762 2117 810 2153 sit,

29 2153 103 2189 irnia
117 2157 143 2179 et
159 2153 276 2189 stabilis,
290 2160 340 2189 qua
349 2153 459 2189 quidem
475 2154 598 2186 ellicitur,
611 2159 639 2181 ut
653 2155 711 2189 ejus
721 2156 810 2183 anima

29 2187 107 2214 uillis
124 2187 381 2225 perturbationibus
402 2189 428 2215 in
448 2188 533 2216 Deum
556 2187 730 2225 divinumque
753 2191 811 2225 ejus

29 2230 111 2256 egeni
127 2223 288 2256 mortaliter,
310 2229 339 2250 ut
358 2223 444 2257 aiunt,
470 2225 606 2258 peccando
624 2223 773 2253 moveatur.
782 2231 809 2254 et

29 2259 161 2284 ineatur.

54 2293 164 2319 Contra
183 2297 271 2320 tamen
293 2293 479 2321 vehementius
503 2295 617 2322 instabis
642 2295 807 2324 Clementem

29 2328 242 2365 :spressissimis
265 2330 394 2365 statuisse
409 2330 501 2356 verbis
522 2329 750 2365 quemadmodum
768 2331 809 2358 la-

29 2364 78 2402 udi
94 2363 270 2402 gravitatem,
285 2363 326 2390 sic
341 2364 463 2402 gnostico
482 2363 630 2402 naturalem
647 2365 704 2402 lieri
724 2366 809 2393 virtu-

29 2400 52 2425 is
71 2398 215 2434 habitum;
246 2400 282 2425 ita
305 2398 390 2426 ut’ab
410 2399 454 2426 illa
473 2400 587 2434 amplius
604 2400 729 2428 excidere
755 2409 808 2429 noti

29 2432 263 2470 .ossit._'i‘otidem
278 2434 376 2468 quippe
389 2435 446 2470 haec
454 2432 650 2470 sunt'ejusdem
664 2436 811 2464 Clementis

29 2467 154 2508 ‘el'baj.
173 2476 181 2494 :
203 2469 251 2496 «Ei
270 2467 334 2508 ergo
345 2467 403 2508 ’qui
416 2467 608 2498 exercitatione
632 2470 753 2504 profecta
776 2479 810 2499 ex

31 2505 186 2541 agnitione
206 2505 348 2541 paraverit
379 2506 525 2541 virtutem,
553 2512 613 2540 qua:
642 2513 695 2533 tton
721 2511 812 2541 potest

35 2538 129 2576 mitti,
145 2538 260 2576 edicitur
272 2538 612 2576 _naturalisrhabitus._l£t
635 2541 704 2568 sicut
721 2538 810 2576 lapidi

35 2575 159 2610 ravitas,
190 2574 226 2602 ita
255 2573 314 2608 ejus
339 2575 453 2602 scientia
480 2577 570 2603 evadit
597 2573 762 2610 hujusmodi,
783 2581 812 2603 ιιι

35 2609 114 2646 mitti
135 2616 188 2636 non
218 2609 313 2646 possit,
338 2617 388 2637 nec
413 2610 508 2642 invito,
537 2612 584 2639 sed
602 2609 710 2646 sponte,
727 2613 752 2638 vi
769 2620 813 2638 ra-

29 2645 108 2672 i0nis
123 2649 152 2671 et
167 2644 338 2679 cognitionis,
352 2649 432 2679 atque
450 2644 626 2680 providentiai
648 2654 681 2674 eo
702 2647 813 2675 deduci—

29 2687 78 2711 ur,
97 2683 196 2716 utnon
214 2679 365 2707 amittatur.
386 2690 395 2705 ι
413 2679 511 2707 Verum
537 2682 584 2716 qui
606 2683 641 2708 ita
666 2689 812 2716 argumen-

29 2720 112 2746 atur,
132 2715 155 2742 is
176 2722 214 2751 ea
229 2722 289 2751 qua:
311 2716 475 2742 antecedunt
497 2722 524 2743 et
543 2715 756 2751 Subsequttntur,
781 2725 813 2744 ac

29 2751 115 2781 .lnra,
131 2757 191 2786 qua!
208 2749 312 2782 in’hac,
324 2758 377 2784 qua
389 2758 454 2777 usus
468 2756 520 2782 est,
532 2749 639 2779 horum
651 2751 813 2779 Strumatum

29 2786 148 2813 ulitione
160 2788 344 2821 praetermissa
373 2791 446 2819 sunt,
477 2792 525 2814 aut
544 2787 740 2820 dissimulasse,
766 2792 814 2814 aut

823 2247 846 2275 D

55 2864 82 2880 '”
102 2864 120 2892 L
136 2872 172 2895 γι,
191 2870 219 2898 p.
233 2863 311 2900 655.7
332 2863 356 2879 "
369 2864 386 2889 l.
406 2872 443 2895 tv,
458 2873 482 2900 p.
499 2864 562 2893 550.

608 2866 631 2882 ⁷⁸
649 2866 667 2893 l.
684 2873 732 2898 vn,

29 2910 50 2930 ιι
71 2901 141 2936 psal.
160 2907 255 2932 cxmt,
270 2898 286 2934 Ξ
300 2899 328 2933 4,
342 2907 368 2934 p.
391 2898 468 2930 12147.

834 905 855 933 Β

750 2873 776 2900 ιι.
795 2866 856 2893 726.
893 2866 916 2883 π
932 2866 1005 2895 ibid.

515 2901 536 2917 “
551 2901 651 2929 Strom.
665 2901 683 2929 L
699 2909 747 2935 vn,
768 2909 793 2937 p.
813 2902 875 2930 ω.

877 263 987 298 scriptis
1002 263 1151 290 tradiderat
1167 262 1190 278 "’
1205 268 1231 287 ει
1254 261 1312 288 Jatn
1331 269 1396 298 vero
1411 266 1484 298 petet
1500 262 1580 288 etiam
1598 268 1625 298 ut
1641 272 1656 292 ει

876 296 976 326 virtute
993 306 1129 333 nunquam
1146 298 1261 327 excidat,
1278 297 1394 333 mattime
1405 296 1536 333 adjuvans
1550 302 1576 323 et
1589 297 1656 326 dans

874 340 984 366 operam
999 338 1028 360 ut
1040 331 1171 368 perpetuo
1187 337 1292 358 maneat
1302 331 1449 368 ejusmodi,
1468 337 1497 368 ut
1513 339 1566 358 non
1591 340 1656 366 pos-

873 365 908 393 sit
929 365 1066 395 excidere.
1086 365 1098 393 ἱ
1119 368 1152 394 At
1174 367 1195 394 si
1220 366 1358 401 gnosticus
1383 365 1427 392 ille
1449 366 1575 393 virtutem
1591 365 1654 395 ’non

872 408 964 438 posset
975 402 1090 438 amplius
1102 402 1236 432 amittere.
1253 409 1361 438 operam
1373 401 1473 428 frustra
1491 402 1656 438 impenderet

874 435 1029 472 t‘rustraqué
1052 442 1170 472 peteret;
1198 442 1227 464 ut
1250 435 1300 463 sibi
1326 435 1359 462 ab
1383 444 1414 462 ea
1436 443 1487 463 non
1516 437 1652 470 excidere,

873 472 993 506 atquein
1010 472 1054 499 illa
1073 478 1202 507 perpetuo
1223 478 1332 498 tnanere
1353 478 1514 506 semperque
1531 478 1655 506 perseve~

873 514 900 532 ra
906 513 933 532 re
946 507 1065 534 daretur.
1526 513 1528 515 ’

909 542 1010 568 Deinde
1026 548 1091 569 vero
1103 541 1228 568 secundae
1239 540 1355 575 Opernm
1369 540 1517 568 Clementis
1530 541 1652 576 editioni,

872 576 916 602 ubi
942 577 1064 611 objectus
1093 577 1171 604 nobis
1198 576 1276 603 locus
1294 576 1424 606 occurrit,
1447 576 1492 610 qui
1512 577 1654 610 praefectus

871 616 924 641 est.
942 611 1006 638 dum
1019 612 1102 638 voluit
1119 611 1227 638 Herveti
1238 611 1487 645 interpretationem
1497 612 1652 644 emendare,

872 646 930 678 ipse
940 645 1064 674 Graecum
1084 647 1202 673 auctoris
1217 650 1317 673 textum
1332 646 1466 679 integrum
1481 646 1575 673 Latine
1600 654 1653 674 non

872 681 998 708 reddidit.
1015 680 1081 707 Nam
1098 682 1133 708 ita
1152 681 1233 708 etiam
1255 681 1280 707 in
1295 679 1396 706 Grmcis
1408 681 1572 707 editiouibns
1588 681 1655 714 legi-

871 720 914 742 tur
928 715 952 732 ⁷⁸
969 723 976 742 :
1061 715 1114 750 ἄρα
1140 715 1324 760 (ξναπόὸλητοχ
1347 715 1396 760 rh“:
1418 715 1518 760 ἐρετὴν
1538 716 1654 760 ᾁσκήξτξι

870 752 1006 786 γνωστικῇ
1025 749 1200 786 ἷπεπὸιημένῳ
1223 749 1397 786 φυάιοῦτᾳιῗὴ
1418 749 1484 782 ἕξις
1498 749 1554 776 οιαὶ
1571 749 1655 777 mee-

871 785 975 822 wegfrtp
987 785 1053 822 λίθῳ
1065 785 1095 812 τὸ
1113 785 1391 822 ﬁﬁpo:,o’01mcjo‘36s
1404 787 1421 821 ἡ
1433 786 1571 822 ἐπιστήμη
1586 786 1654 822 ᾁνα-

870 821 1014 856 πόόλητος,
1037 820 1086 848 οὐκ
1114 820 1265 853 ἆκουσίως,
1291 820 1348 846 ἀλλ’
1377 820 1517 852 ἑκουσίως,
1541 820 1654 855 δύνάμει

870 855 977 892 λογικῇ,
994 857 1042 884 καὶ
1055 858 1210 918 γνωστικῖίᾖ
1225 857 1271 882 καὶ
1293 857 1456 899 πρρνοντικῇ
1477 855 1652 882 καθίσταται·

870 892 915 918 ἐπὶ
929 891 956 918 δὲ
972 892 1002 918 τὸ
1021 892 1057 918 ui-i
1074 892 1177 918 ἀποΰλττ
1197 900 1260 918 ηναι
1273 891 1297 917 δί
1314 875 1455 918 ευλαέείας
1469 891 1652 918 ἀναπόϐλητον

870 875 915 918 ἕξεί
922 875 1066 928 ’ἕέἒέᾘῆ
1074 875 1456 928 mergae:“erasae;
1469 875 1655 928 ᾦῆιέἐὲἑῖτῖἒόν

869 927 983 961 γίνεται·
1001 926 1114 962 τῆς⁷μὲν
1129 926 1270 958 εὐλαϐείας
1287 926 1354 961 πρὸς
1371 926 1401 962 ᾐτρ
1421 926 1457 961 μὴ
1473 926 1650 962 ἁμαρτάνειν,

867 960 917 998 ’ἑῆς
975 960 1145 998 antemna;
1158 962 1226 997 πρὸς
1240 962 1270 988 τὸ
1288 960 1474 998 stemmati
1489 960 1539 995 τῆς
1553 961 1654 996 ἀρετῆς

867 996 1018 1029 ἀύθέξεται.
1038 996 1397 1033 Quaequidetnﬂposleriora
1418 996 1497 1033 verba
1515 997 1541 1023 in
1558 998 1652 1033 cadent

868 1033 986 1060 editione
1000 1033 1039 1060 sic
1054 1030 1150 1059 Latine
1170 1030 1275 1059 reddita
1291 1036 1372 1058 sunt:
1388 1040 1397 1057 (
1414 1030 1518 1065 Quippe
1532 1031 1654 1058 cavendo

867 1074 900 1093 eo
916 1067 1067 1098 deducitur,
1083 1071 1112 1093 ut
1127 1067 1216 1093 amitti
1232 1074 1285 1094 non
1297 1066 1391 1100 possit.
1411 1075 1421 1091 ι
1440 1066 1504 1097 Sed,
1521 1071 1550 1093 ut
1566 1067 1656 1098 vides,

867 1102 918 1130 hac
932 1101 1155 1136 interpretatione
1170 1101 1280 1128 Grtncus
1291 1105 1381 1128 textus
1398 1102 1585 1132 detrttncatur,
1600 1109 1652 1127 non

869 1137 1004 1163 redditur.
1017 1137 1149 1164 Hervetus
1165 1144 1229 1162 vero
1240 1143 1269 1162 ea
1284 1136 1324 1162 sic
1339 1136 1533 1170 interpretatus
1546 1136 1632 1162 fuerat
1645 1145 1652 1162 :

870 1181 879 1198 ι
898 1171 1030 1204 Quaniam
1048 1176 1138 1198 autem
1150 1179 1201 1198 non
1214 1171 1344 1197 amissum
1360 1178 1420 1197 esse
1436 1178 1483 1204 per
1499 1171 1653 1200 cautionent

868 1207 898 1233 ﬁt
912 1211 940 1233 ιιι
955 1207 1042 1233 amitti
1056 1214 1108 1233 non
1124 1206 1208 1241 possit
1224 1215 1231 1232 ι
1250 1206 1401 1232 cautionem
1420 1206 1530 1239 quidem
1545 1207 1578 1232 ad
1592 1207 1652 1237 hoc,

868 1246 897 1268 ut
911 1249 963 1268 non
978 1245 1088 1275 peccet;
1104 1242 1200 1268 bonam
1215 1245 1304 1268 atttetn
1319 1241 1473 1275 cautinnem
1491 1242 1530 1269 ad
1549 1241 1609 1272 ltoc,
1623 1246 1654 1268 ut

867 1277 954 1303 virtus
970 1274 1022 1303 non
1043 1277 1192 1307 amittatur,
1210 1276 1347 1303 retinebit.
1368 1284 1377 1301 ι
1396 1274 1479 1302 Nobis
1499 1279 1587 1302 autem
1609 1276 1654 1302 hic

867 1319 933 1338 sane
952 1312 1057 1338 videtttr
1069 1318 1130 1338 esse
1144 1310 1302 1338 Graecorum
1315 1310 1436 1338 auctoris
1452 1310 1538 1337 nostri
1554 1311 1652 1337 verbo-

867 1353 925 1372 rum
951 1353 1059 1377 scnsns,
1079 1346 1206 1373 virtutem
1229 1353 1242 1371 a
1267 1345 1393 1379 guoslico
1418 1345 1572 1372 Christiano
1599 1353 1651 1372 nott

866 1388 946 1415 posse
966 1380 1064 1412 amitti.
1083 1389 1135 1407 non
1154 1381 1263 1415 quidem
1280 1380 1472 1410 involnntarie.
1497 1380 1547 1406 οὐκ
1567 1380 1654 1406 ἀκου-

866 1415 942 1448 σίως,
962 1417 998 1443 ita
1013 1421 1043 1442 ut
1057 1416 1179 1443 absolute
1198 1421 1225 1442 et
1244 1415 1399 1442 necessario
1411 1423 1470 1442 eam
1487 1420 1652 1449 conservet;

866 1452 913 1478 sed
935 1451 1097 1483 voluntarie,
1121 1451 1177 1478 ἀλλ’
1200 1450 1344 1482 ἑκουσίως,
1367 1450 1474 1477 ratione
1498 1450 1604 1477 scilicet
1625 1456 1654 1477 et

867 1486 1048 1519 providentia,
1064 1486 1184 1513 cavendo
1196 1494 1228 1513 tte
1241 1487 1268 1512 in
1288 1489 1428 1520 peccatum
1445 1486 1578 1512 incurrat.
1596 1485 1652 1520 Cu-

863 1521 908 1554 jus
939 1522 1008 1548 hattc
1036 1521 1161 1548 Clemens
1191 1519 1294 1555 profert
1318 1521 1463 1550 rationem,
1487 1520 1549 1555 quia
1571 1519 1652 1546 εὐλα-

866 1556 1119 1593 63£g,_reverentia
1139 1561 1166 1593 et
1186 1554 1294 1591 pietate,
1312 1561 1392 1593 atque
1414 1554 1586 1593 εῷλογιςττιᾳ,
1607 1563 1652 1582 ra-

867 1590 939 1619 tione
953 1591 1021 1618 bene
1038 1590 1197 1625 composita,
1214 1592 1271 1618 sive
1290 1591 1470 1625 providentia,
1489 1590 1530 1617 sic
1550 1597 1652 1624 pecca-

865 1632 920 1653 tum
943 1630 1021 1654 cavet
1041 1633 1069 1653 et
1086 1626 1220 1658 declinat,
1248 1631 1277 1653 ut
1302 1626 1360 1660 cjus
1385 1626 1470 1652 virtus
1484 1625 1572 1652 amitti
1596 1633 1652 1653 non

874 1662 957 1688 )OSSiL

874 1671 879 1687 )
951 1680 957 1687 .

863 1670 1018 1731 l(digitique
1031 1696 1137 1724 etiamsi
1156 1695 1303 1731 genuinum
1327 1696 1400 1724 hunc
1414 1703 1651 1731 verumqueiver-

863 1731 960 1759 borum
976 1730 1123 1759 Clementis
1136 1730 1246 1758 sénsum
1258 1730 1369 1758 Gratcus
1393 1731 1439 1758 ille
1458 1737 1557 1764 textus,
1573 1730 1651 1758 Lati-

863 1774 952 1801 naque
968 1766 1039 1794 illius
1053 1766 1241 1800 interpretatio
1257 1767 1336 1801 plane
1354 1774 1408 1793 non
1431 1767 1630 1793 demonstraret
1642 1787 1649 1799 ,

863 1810 896 1829 ex
923 1801 965 1830 his
988 1807 1079 1828 tatnen
1099 1809 1159 1836 qute
1181 1807 1342 1836 sequuntur,
1367 1802 1594 1836 quemadmodum
1618 1809 1651 1828 ex

863 1837 1049 1870 superioribus
1074 1844 1089 1862 a
1119 1837 1196 1863 nobis
1221 1838 1301 1870 paulo
1322 1841 1385 1864 ante
1409 1837 1548 1867 exhibitis,
1579 1836 1651 1862 haud

862 1874 978 1899 obscure
990 1871 1126 1905 colligitur
1140 1879 1192 1898 non
1213 1872 1291 1898 aliam
1314 1871 1402 1905 plane,
1423 1879 1502 1906 quam
1522 1872 1649 1904 diximus,

863 1907 946 1934 fuisse
958 1907 1030 1934 illius
1044 1912 1160 1934 tuentem
1175 1911 1202 1933 et
1215 1907 1388 1933 sententiain.
1402 1907 1477 1940 Quod
1494 1907 1602 1940 quidem
1617 1913 1649 1933 ex

863 1942 917 1973 his,
930 1949 991 1976 qua:
1004 1942 1049 1969 ille
1067 1942 1165 1968 ibidem
1179 1941 1291 1976 adjecit,
1304 1941 1417 1975 pulchre
1428 1941 1583 1968 conﬁrmari
1600 1948 1650 1975 po-

865 1982 926 2004 test.
950 1976 1013 2003 Hznc
1040 1977 1139 2011 quippe
1163 1981 1227 2004 sunt
1250 1977 1383 2010 ipsissima
1414 1977 1472 2009 ejus
1493 1977 1573 2002 verba
1594 1976 1617 1991 ’¹⁹
1640 1983 1648 2002 :

866 2021 874 2037 I
894 2012 939 2039 Sic
949 2018 1014 2047 ergo
1027 2012 1108 2038 habet
1118 2012 1208 2038 omnia
1223 2012 1294 2038 botta
1309 2011 1449 2047 gnosticns
1459 2011 1486 2038 in
1500 2015 1647 2047 potestate,

863 2047 910 2073 sed
926 2046 1046 2074 nonduin
1065 2047 1148 2073 etiam
1167 2054 1297 2077 numero;
1325 2054 1385 2073 nam
1403 2046 1502 2079 alioqui
1518 2046 1648 2072 dimoveri

863 2089 916 2108 non
928 2086 1029 2116 posset,
1042 2082 1114 2116 quod
1136 2081 1234 2108 attinet
1250 2081 1282 2107 ad
1309 2081 1428 2112 divinos,
1444 2082 1489 2115 qui
1518 2081 1650 2106 debentur

863 2115 1001 2150 profectus
1020 2115 1332 2144 et'administrationes.
1361 2125 1370 2141 ι
1396 2118 1432 2142 At
1455 2116 1496 2142 bis
1523 2115 1650 2142 Clemens

864 2152 954 2179 verbis
964 2152 1052 2187 palam
1068 2153 1210 2186 proﬁtetur
1226 2151 1377 2186 gnosticum
1395 2152 1421 2178 in
1434 2151 1484 2178 hac
1501 2151 1555 2176 vita
1568 2157 1649 2184 posse

862 2194 877 2213 a
892 2188 963 2214 bono
977 2193 1004 2214 et
1022 2188 1121 2214 virtute
1139 2187 1281 2218 dimoveri,
1306 2193 1356 2213 nec
1376 2187 1426 2213 nisi
1444 2191 1504 2220 post
1518 2190 1648 2217 mortem,

863 2230 923 2248 cum
937 2222 1068 2249 felicitate
1082 2228 1183 2249 aeterna
1198 2221 1316 2254 fruetur,
1336 2221 1403 2249 illud
1425 2223 1459 2248 ab
1478 2221 1536 2255 ipso
1560 2220 1656 2247 amitti.

861 2265 912 2284 non
923 2265 1013 2292 posse.

896 2290 967 2319 Nihil
984 2293 1076 2326 itaque
1095 2293 1121 2319 itt
1143 2293 1194 2319 hac
1217 2291 1365 2319 Clementis
1384 2291 1520 2318 sententia
1545 2295 1573 2317 et
1600 2290 1648 2326 do-

860 2328 949 2355 ctrina
963 2325 1101 2362 quidpiam
1119 2327 1284 2362 deprehendi
1312 2331 1411 2360 potest,
1438 2327 1510 2360 quod
1535 2325 1647 2362 omnino

862 2360 1036 2390 rectutnuion
1046 2364 1081 2389 sit
1096 2370 1128 2390 ac
1141 2360 1220 2397 plane
1234 2362 1425 2389 orthodoxam.
1443 2363 1476 2388 Et
1492 2368 1556 2388 vero
1581 2360 1655 2397 nihil,

862 2398 898 2430 ibi
916 2397 960 2425 ille
978 2405 1090 2432 prorsus
1105 2396 1184 2430 diiit,
1199 2398 1270 2432 quod
1297 2401 1390 2431 postea
1408 2398 1442 2423 ab
1460 2396 1607 2432 Ambrosio
1620 2396 1649 2422 in

863 2434 919 2460 lucc
943 2430 1043 2467 verba,‘
1061 2441 1121 2467 qua:
1145 2430 1223 2460 uento
1250 2430 1340 2459 tanien
1362 2433 1466 2459 erroris
1491 2430 1649 2467 insimulare

862 2468 969 2498 audeat.
982 2465 1084 2495 dictum
1106 2476 1157 2494 non
1176 2468 1280 2494 fuerit:
1301 2477 1310 2493 ι
1330 2467 1428 2499 Tanta,
1448 2476 1456 2492 I
1480 2466 1567 2500 inquit
1590 2465 1648 2493 exi-

863 2504 932 2530 mius
948 2503 991 2530 ille
1006 2503 1099 2531 doctor
1116 2503 1150 2535 ⁸⁸,
1169 2513 1179 2529 ι
1197 2504 1238 2530 vis
1260 2507 1453 2530 consummatae
1478 2501 1648 2529 emendatio-

864 2539 905 2565 nis
921 2543 971 2568 est.
985 2543 1014 2565 ut
1029 2539 1056 2565 iit
1069 2538 1214 2572 quatndam
1240 2539 1364 2573 pueritia:
1387 2537 1482 2564 rcdcat
1498 2537 1649 2573 spu'itualis

865 2579 984 2607 aetatem,
996 2581 1056 2607 qua:
1071 2575 1127 2600 vias
1144 2571 1248 2600 erroris
1262 2573 1378 2607 ignoret,
1402 2574 1517 2603 crimen.
1540 2571 1648 2598 etiamsi

866 2609 940 2642 velit,
963 2617 1013 2635 nott
1033 2610 1117 2642 possit
1140 2609 1295 2641 admittere,
1316 2609 1378 2643 quia
1400 2607 1552 2634 desueverit
1571 2614 1649 2633 usum

867 2652 946 2671 nosse
963 2645 1103 2678 peccandi.
1123 2654 1132 2670 ι
1153 2644 1181 2670 ιιι
1196 2645 1322 2670 eumdem
1336 2649 1411 2676 certe
1426 2651 1534 2670 sensum
1556 2647 1651 2668 noster

866 2680 991 2707 Clemens
1006 2680 1122 2706 asseruit
1137 2680 1162 2706 in
1175 2680 1297 2713 gnostico
1308 2679 1425 2706 solidam
1444 2684 1472 2704 et
1490 2678 1649 2704 immutabi-

867 2715 997 2752 lenirboni
1016 2716 1218 2752 possessionem
1227 2721 1275 2748 per
1289 2715 1360 2752 illius
1382 2713 1524 2752 scientiam
1545 2714 1651 2738 consti-

869 2751 906 2777 tui
921 2751 955 2776 ⁸¹.
971 2748 1055 2777 Docet
1073 2751 1145 2777 enim
1165 2750 1264 2776 ibidem
1294 2750 1369 2776 illuxit
1387 2748 1521 2786 adversus
1540 2754 1648 2786 omnem

868 2786 1043 2813 teutationem
1057 2786 1198 2821 insurgere
1212 2791 1239 2812 et
1253 2791 1385 2820 pugnare,
1408 2792 1439 2811 ac
1461 2784 1567 2810 tandem
1583 2783 1647 2808 ιιι-υἱ

1038 2867 1059 2884 ⁷⁸
1071 2867 1137 2896 ibid.
1175 2867 1199 2883 "'
1217 2866 1293 2900 ibid.,
1310 2874 1336 2902 p.
1358 2866 1419 2895 79.7.
1457 2866 1480 2882 ⁸⁸
1496 2865 1584 2894 Serm.
1602 2864 1660 2897 9.2..
