1916 3071
231 126 300 154 1259
545 126 580 152 ΙΝ
597 124 806 153 CLEMENTEM
826 124 926 152 ALEX.
948 124 978 152 D.
1000 124 1044 152 LE

1061 124 1204 153 NOURRY
1222 124 1449 153 DISSERTATIO
1466 125 1497 153 ll.
1788 124 1857 152 4250

231 189 317 227 rjt,‘et
333 195 394 227 c_um
416 186 483 227 nihil
505 186 780 227 haberet,_lec3:tlntm
805 187 1009 227 corroserit.....

1063 184 1120 227 ὧτςι
1129 186 1184 213 ἀπὸ
1199 187 1252 227 ῖᾶξν
1273 186 1537 227 τξερρξαθαρθέψςωγ,
1556 188 1581 213 εἰ
1599 185 1856 227 θαλφρεεῃςυέοτοι

231 223 300 257 Quid
318 225 428 255 mirum,
444 222 530 257 inquit
553 222 617 249 Bion
631 221 665 254 ³³,
682 221 704 249 Si
727 229 788 257 mus
812 222 948 248 calathum
968 231 1012 248 ar-

231 256 340 290 roserit,
358 266 419 285 eum
436 256 489 284 non
508 257 639 284 inveniret
663 256 734 291 quod
760 257 932 283 comederet?
956 257 1011 284 lloc

230 294 304 321 enim
321 292 416 321 fuisset
428 291 618 320 mirum.si,nt
631 291 725 319 ludens
739 292 917 325 argotabatur
930 292 1012 319 Arce-

231 329 329 362 silans,
357 335 459 355 murem
488 327 611 354 calathus
639 327 812 354 comedisset.
839 335 849 352 ›
875 326 949 353 Illam
980 328 1012 354 de

233 370 309 390 mure
323 362 553 397 superstitionem,
568 367 647 396 atque
662 361 754 389 Bionis
765 366 792 388 et
807 362 939 389 Arcesilai
952 370 1011 389 eam

232 399 258 425 in
286 396 520 428 rem’tlicterium,
545 396 769 430 quemadmodum
803 397 884 424 citata
912 397 1011 424 ibidem

231 441 245 459 a
263 433 400 461 Clemente
416 439 469 459 non
487 432 572 459 solum
599 433 632 459 de
647 436 726 466 rupta
743 432 830 459 dextri
855 432 931 465 pedis
949 440 1012 459 θοι-ο

231 469 297 502 rigia
313 467 452 494 Menandri
467 467 599 502 carmina,
616 474 709 494 verum
725 467 807 494 etiam
824 466 939 501 lepidam
957 468 1012 494 An-

230 503 361 537 tiphontis
377 503 408 529 de
423 509 492 528 vana
507 501 541 528 ob
552 502 694 529 devoratos
708 510 722 528 a
738 509 786 529 sue
796 501 930 536 porcellos
945 510 1012 536 prze-

230 536 373 572 sagitione,
391 542 419 564 et
442 537 568 570 Diogenis
594 537 627 564 de
652 536 762 564 invento
786 544 800 563 a
821 537 946 572 quopiam
972 538 1012 571 pi-

230 571 312 604 stiilo,
325 579 340 598 a
355 577 480 606 serpente
495 573 524 607 in,
533 579 626 607 gyrum
641 572 819 601 circumdato,
831 571 1011 599 admiratione

230 607 397 638 irrisionem,
414 615 446 633 ac
464 606 570 633 tandem
586 607 653 633 alios
667 607 832 634 Philemonis
849 606 906 633 hmo
926 607 1012 634 facete

230 643 379 669 deridentis
394 649 488 669 versus
505 641 691 668 Theodoretus
704 641 796 668 retulit
808 642 842 667 u.
856 640 914 668 lluc
933 649 1010 669 acce-

229 678 280 709 dit,
294 677 364 711 quod
375 677 444 710 apud
459 677 616 703 Ciceronem
631 677 744 711 legimus
757 677 780 692 ³⁸
794 685 801 704 ;
822 685 831 702 ι
850 675 904 703 Nos
919 681 1010 704 autem

230 712 268 740 ita
282 712 354 739 leves
370 717 450 746 atque
465 715 493 738 et
505 711 696 738 inconsiderati
716 719 819 742 sunms,
836 717 864 738 ut
880 712 902 738 si
921 719 1010 739 mures

229 747 379 775 arroserint
402 746 503 780 aliquid
528 753 643 782 quorum
672 751 713 774 est
743 754 827 782 opus,
853 746 904 773 hcc
928 754 1009 773 unum

229 788 382 810 mOnStrum
395 787 530 817 putemus.
548 790 557 807 ι

263 818 286 846 A
300 817 378 860 polus
394 815 484 860 autem
500 815 616 843 fortasse
635 823 731 850 posces
750 816 810 860 q't‘tlis
834 815 878 860 ille
901 816 1007 860 sit.nqni

229 852 388 886 simpliciter
403 859 419 879 a
436 851 576 879 Clemente
593 857 689 878 nostro
710 857 738 878 et
758 851 929 878 Thcodoreto
946 851 1011 878 Bion
1028 858 1049 886 Β

228 885 352 920 vocatur,
369 890 396 914 et.
419 886 497 920 cujus
518 886 642 913 Clemens
664 886 806 914 dicterinm
830 887 874 913 hic
892 891 920 913 et
940 885 1013 914 aliud

229 922 292 950 alibi
311 921 355 949 his
375 922 465 949 verbis
486 922 579 948 retulit
592 921 636 948 ³⁶ε
655 930 665 946 ι
684 921 746 948 Mitti
763 921 867 948 videtur
884 920 951 948 Bion
969 922 1012 947 [ι-

227 962 289 984 cete
306 957 427 983 dixisse:
444 956 585 988 Quomodo
603 956 728 983 homines
744 955 844 991 prolem
866 955 1010 982 formosam

229 991 357 1027 petierint
374 1001 387 1018 a
403 990 480 1024 Jove,
493 998 574 1025 quam
600 992 657 1027 ipse
676 991 726 1027 sibi
744 990 868 1025 praebere
888 998 945 1027 non
964 999 1012 1025 po-

231 1026 301 1055 tuit?
319 1037 329 1053 r
344 1027 524 1059 Quamobrem
542 1026 762 1061 respondebimus
785 1026 908 1060 quamvis
921 1026 1013 1060 plures

230 1071 281 1090 nec
310 1063 399 1089 minus
424 1069 506 1096 quam
535 1059 659 1088 undecim
685 1059 777 1088 Bionis
795 1059 928 1094 nomen,
944 1065 1011 1088 teste

227 1098 338 1125 Laertio
359 1097 392 1128 ³⁷,
409 1095 496 1124 sortiti
522 1097 631 1129 fuerint,
654 1095 705 1123 hoc
726 1101 814 1122 tamen
837 1096 901 1122 nulli
923 1096 1012 1130 aptius

229 1139 257 1163 et
271 1132 445 1160 verisimilius
465 1131 545 1158 tribui
568 1139 657 1166 posse,
681 1139 761 1165 quant
777 1131 850 1157 Bioni
866 1130 1011 1166 Borysthe-

228 1169 289 1202 niti,
301 1175 380 1202 quem
394 1168 463 1194 idem
480 1165 604 1202 Laertius
617 1167 683 1193 deos
701 1171 728 1192 et
747 1173 825 1192 sacra
836 1166 927 1192 omnia
945 1165 1010 1192 irri-

228 1207 298 1234 sisse
309 1201 541 1237 aspernatnmque
554 1201 636 1228 fuisse
652 1202 824 1237 testificatur.

261 1239 299 1267 De
323 1235 479 1265 memoratis
497 1235 584 1271 ’porro
616 1236 811 1270 superstitiosis
839 1235 1011 1271 ridiculisque

229 1274 351 1310 auguriis
364 1278 391 1310 et
404 1270 628 1310 pradic’tionibus
642 1271 729 1310 ad'isis‘
740 1270 887 1310 'firaquclli
906 1271 931 1296 in
946 1272 1009 1310 Aie:

230 1304 324 1337 xandr.
347 1308 381 1335 ab
404 1304 519 1335 Alexan.
551 1306 597 1334 lib.
623 1313 639 1332 v
664 1304 768 1333 Geniat.
793 1306 861 1332 dier.
885 1313 945 1340 cap.
966 1305 1009 1338 l5,

229 1344 489 1372 animadversiones.

262 1379 366 1406 Rursus
382 1384 490 1412 quoque
508 1384 523 1403 a
536 1376 707 1412 Theodoreti)
721 1376 743 1392 ⁸⁸
761 1375 788 1412 in
803 1377 880 1403 metri
895 1375 1008 1412 formam

227 1414 363 1448 descripta
388 1411 460 1448 sunt
476 1413 559 1439 citata
582 1411 759 1448 arClementer
773 1411 897 1446 Diogenis
916 1411 1009 1448 Cynici

226 1446 346 1477 carmina
361 1447 505 1482 ",quibus
529 1447 664 1482 concinne
684 1447 801 1481 exagitat
822 1448 958 1481 praefixum
977 1446 1010 1482 ab

226 1484 350 1519 improbo
363 1481 452 1519 aliquo
467 1482 580 1519 homine
594 1481 784 1519 hanc_(_:uida_m
804 1481 897 1519 domui
913 1481 1010 1519 inscri-

225 1515 370 1554 ptionem:
387 1515 529 1554 (insignis
556 1517 645 1554 victor
666 1515 878 1554 Hereulcsdiicr
891 1516 1007 1554 habitat,

225 1551 293 1581 nihil
308 1553 372 1581 mali
395 1552 571 1587 ingrediatur.
591 1551 628 1587 Et,
646 1552 790 1585 quomodo.
807 1551 903 1586 inquit,
919 1551 1009 1587 ingre-

225 1590 314 1616 dietur
324 1585 449 1615 dominus
460 1587 576 1614 mdium?
590 1595 599 1612 ι
614 1586 689 1619 Quod
702 1591 791 1612 autem
804 1585 931 1614 Cletnens
944 1585 1008 1612 sub-

223 1625 309 1651 nectit
324 1625 358 1650 de
374 1623 446 1656 ligno
462 1626 489 1649 et
504 1621 592 1656 lapide
606 1621 708 1656 pingui,
723 1628 783 1654 qua:
801 1623 896 1656 pagani
912 1621 1008 1648 adora-

223 1660 300 1690 bant,
313 1658 381 1686 satis
399 1658 427 1685 in
451 1656 563 1690 hujusce
581 1656 632 1684 loci
652 1656 764 1684 scholiis
786 1657 946 1684 illustratum
967 1656 1007 1682 itt-

223 1701 351 1762 “33:3.
365 1727 455 1761 itaque
468 1725 602 1754 diﬂicilius
613 1725 677 1762 illud
690 1730 742 1755 est.
754 1726 824 1762 quod
840 1726 937 1762 ibidem
951 1724 1009 1762 Cle-

224 1771 302 1791 mens
316 1759 374 1790 haec
392 1759 504 1797 scripsit
518 1762 545 1788 in
561 1762 641 1788 verba
653 1761 676 1776 ⁸⁰
690 1769 697 1787 :
716 1761 796 1796 Ὀρᾷν
814 1761 878 1796 γοῦν
899 1761 955 1787 ἐστι
973 1759 1008 1786 τὰ

1062 222 1189 258 νούμεγα.
1204 223 1261 249 Οὐκ
1278 221 1315 248 ἂνγ
1329 222 1356 248 δὲ
1379 221 1458 249 τοῦτο
1479 222 1592 255 ἐγίνετο,
1617 223 1643 248 εἰ
1666 221 1858 258 ἁνελὰμὸᾳνεν

1062 257 1098 284 τὰ
1115 257 1160 283 τοῦ
1182 258 1428 294 περικαθαροέντος
1448 257 1531 294 κακάἶ
1549 267 1561 294 ε
1580 258 1681 294 Videre
1698 262 1777 294 certe
1793 257 1858 294 licet

1062 300 1112 319 ova
1130 294 1163 319 ab
1182 291 1234 324 his,
1248 300 1309 326 quae
1321 291 1490 327 purgantur.
1508 293 1531 320 si
1549 292 1605 319 fota
1630 292 1751 324 fuerint,
1774 291 1858 317 virili-

1063 328 1130 354 cari.
1155 328 1234 360 Atqui
1261 328 1312 355 hoc
1332 334 1502 362 nequaquam
1524 327 1612 360 ﬁeret,
1638 327 1661 354 si
1687 327 1750 359 ejus
1776 327 1858 360 ipsius

1063 363 1133 396 quod
1154 367 1284 396 purgatur
1307 363 1377 390 tnala
1403 361 1612 397 participarent.
1633 372 1641 387 ι
1660 362 1802 389 llervetns
1823 361 1858 387 si-

1062 397 1170 432 quidem
1186 397 1306 424 declarat
1322 404 1351 424 se
1367 406 1418 424 non
1431 398 1570 432 percipere
1586 398 1684 424 horum
1704 397 1856 424 verborum

1062 439 1189 463 sensutn,
1211 436 1237 459 et
1261 432 1445 466 sagacioribns
1475 432 1658 465 indagandum
1684 432 1855 466 relinqtrere.

1062 468 1253 494 Verumtamen
1268 463 1329 494 cum
1345 468 1372 494 in
1391 467 1486 494 Graeco
1507 463 1580 494 textu
1607 467 1718 501 legatur
1736 466 1774 493 τὰ
1790 463 1856 496 ὦτα,

1065 511 1075 527 t
1093 508 1184 532 aures,
1205 511 1214 526 ›
1229 503 1255 529 in
1275 501 1368 528 Latina
1395 507 1483 528 tamen
1508 503 1739 536 interpretatione
1766 502 1856 528 reddi-

1063 541 1120 563 tum
1136 541 1177 563 est
1195 546 1205 571 r
1224 544 1292 569 ova;
1311 546 1322 563 ι
1338 538 1401 571 quia
1420 537 1490 564 haud
1503 537 1584 564 dubie
1604 537 1742 571 putabant.
1766 537 1858 571 legen-

1062 571 1173 607 (Inmiti
1186 569 1238 598 ὠά.
1256 571 1289 598 Et
1304 569 1376 598 recta
1397 572 1505 607 quidem
1525 569 1632 598 videtur
1649 572 1710 598 haec
1728 569 1857 598 emcnda-

1062 607 1110 633 tio.
1124 606 1192 639 Quis
1206 611 1296 633 autem
1311 607 1374 634 inde
1385 606 1482 633 sensus
1495 607 1613 640 depromi
1628 607 1730 641 possit,
1742 607 1766 633 si
1784 614 1856 640 quae

1062 649 1117 673 ras,
1135 641 1181 668 tibi
1202 642 1319 675 primum
1341 642 1562 676 respondebimus
1584 641 1759 668 Clementem
1780 641 1857 668 nobis

1061 676 1146 703 videri
1168 677 1201 702 ad
1223 676 1286 703 illud
1312 675 1475 708 respexisse,
1495 676 1566 710 quod
1584 685 1598 702 a
1616 676 1742 703 Luciano
1756 675 1810 702 ὠὸν
1824 677 1856 701 ἐκ

1061 710 1221 747 μαθαρσὶου,
1234 711 1389 739 vocatur“.
1403 711 1505 745 Pagani
1520 712 1619 745 quippe
1643 711 1669 738 itt
1687 711 1856 747 expiationi-

1061 746 1111 773 bus
1127 753 1176 772 ma
1194 751 1276 780 atque
1289 747 1370 773 etiam
1385 747 1508 780 sulphur.
1523 747 1618 779 tmdas,
1633 747 1746 781 aliaque
1767 755 1783 772 a
1795 746 1856 772 Cle-

1061 786 1152 807 mente
1167 781 1264 808 ibidem
1284 786 1433 808 memorata
1444 781 1621 808 adhibebant.
1634 782 1672 809 De
1687 782 1750 809 ovis
1761 787 1854 808 autem

1061 815 1098 842 ita
1115 815 1252 843 Iuvenalis
1266 816 1366 843 cecinit
1379 816 1402 832 "
1418 826 1424 843 :

1169 850 1289 878 ...ηΝἰιὶ
1300 859 1328 877 se
1339 857 1441 878 centum
1457 851 1607 878 lustraverit
1624 852 1691 879 ovis.

1065 885 1102 912 De
1116 886 1248 921 sulphure
1261 891 1352 912 autem
1365 886 1435 913 idem
1450 891 1526 921 poeta
1539 886 1562 901 "
1577 895 1584 912 :

1117 920 1341 955 ........Cuperent
1359 921 1476 953 lustrari,
1492 921 1514 947 si
1528 929 1580 954 qua
1598 922 1730 948 darentur

1117 955 1253 989 Sulpltura
1271 964 1329 982 cum
1345 956 1430 983 tradis.

1063 989 1167 1052 gtlt'slltus
1191 998 1258 1041 ‘v‘ero
1283 991 1316 1018 de
1339 995 1454 1025 utroque
1479 998 1542 1018 cum
1564 999 1618 1019 ovo
1641 997 1697 1019 tum
1721 991 1854 1027 sulphure

1089 1034 1142 1051 νιιι
1166 1034 1178 1051 S
1230 1034 1236 1052 ἒ

1089 1026 1178 1052 vitlius
1191 1026 1214 1041 “
1230 1034 1236 1052 ε

1117 1060 1247 1097 Ει-ιιεηὶᾳι
1264 1069 1323 1094 qum
1338 1061 1432 1097 lustret
1443 1070 1520 1092 unus,
1541 1060 1687 1094 lectumque
1704 1061 1852 1097 locumque,

1150 1094 1281 1131 Prwferat
1298 1100 1321 1121 et
1338 1096 1449 1122 tremula
1461 1096 1573 1131 sulphur
1584 1102 1608 1122 ct
1625 1105 1672 1122 ora
1689 1104 1782 1122 manu.

1098 1130 1227 1164 Apuleius
1239 1135 1329 1156 autern
1355 1138 1406 1157 non
1429 1131 1516 1158 solum
1539 1132 1573 1158 de
1589 1138 1641 1157 ovo
1662 1136 1691 1157 et
1710 1131 1852 1165 sulphure,

1062 1167 1109 1193 sed
1124 1166 1204 1192 etiam
1222 1165 1255 1192 de
1273 1165 1349 1192 taedis
1366 1166 1533 1193 seu'facilms
1545 1173 1700 1192 sermonem
1713 1165 1792 1197 fecit,
1807 1168 1851 1194 ubi

1063 1202 1096 1227 de
1126 1207 1194 1227 nave
1215 1200 1323 1234 expiata
1348 1200 1387 1227 sic
1412 1200 1537 1234 disputat
1556 1207 1562 1224 :
1582 1210 1590 1225 ι
1608 1199 1787 1232 Sinmlacris,
1812 1202 1851 1227 in-

1063 1236 1123 1268 quit
1142 1234 1174 1266 “’,
1193 1235 1245 1262 rite
1263 1235 1401 1269 dispositis
1414 1255 1420 1267 ,
1446 1243 1541 1263 navem
1565 1236 1713 1262 faberrime
1739 1236 1850 1268 factam,

1062 1269 1177 1304 picturis
1204 1269 1280 1296 miris
1304 1269 1491 1305 A-ngptiorum
1517 1272 1704 1297 circumsecus
1728 1272 1850 1306 variega-

1063 1309 1129 1336 tam,
1146 1312 1269 1332 suntmus
1286 1310 1413 1332 sacerdos
1430 1306 1496 1332 ttcda
1511 1306 1612 1337 lucida,
1629 1310 1657 1331 et
1669 1313 1732 1337 ovo,
1750 1310 1779 1332 et
1795 1309 1849 1333 sul-

1061 1340 1158 1374 phure,
1175 1339 1388 1367 solemnissimas
1403 1348 1495 1375 preces
1509 1341 1541 1368 de
1557 1345 1636 1367 casto
1651 1340 1783 1374 prmfatus
1795 1349 1850 1373 ore,

1061 1382 1141 1408 quam
1163 1375 1305 1409 purissime
1325 1376 1506 1408 purificatam,
1519 1376 1577 1402 dea:
1591 1376 1764 1408 nuncupavit
1779 1377 1852 1403 dedi-

1061 1410 1197 1446 cavitque.
1215 1419 1224 1435 ι
1243 1410 1279 1436 Ex
1293 1410 1339 1446 his
1355 1410 1442 1444 itaque
1457 1411 1497 1438 sic
1511 1410 1666 1446 observatis
1682 1411 1744 1437 elici
1766 1416 1852 1446 potest

1061 1445 1106 1472 ille
1123 1443 1266 1472 verborum
1286 1443 1431 1480 Cletueniis
1455 1453 1562 1472 sensus.
1576 1443 1682 1471 Vanum
1709 1443 1851 1480 geniilium

1061 1479 1213 1511 hominum,
1229 1480 1274 1513 qui
1290 1479 1413 1513 sulphur,
1429 1480 1502 1507 faces
1515 1486 1542 1508 et
1556 1480 1611 1506 alia
1626 1479 1730 1514 quibus
1746 1483 1851 1515 prasti-

1061 1515 1179 1549 gialores
1196 1515 1222 1541 in
1240 1515 1384 1541 immundis
1398 1515 1598 1548 expiationibus
1618 1515 1801 1548 adhibebant,
1819 1518 1851 1543 ti-

1062 1557 1168 1586 moretn
1182 1550 1284 1586 idcirco
1295 1549 1356 1582 jure
1374 1551 1469 1577 merito
1482 1552 1577 1577 irridet
1593 1555 1620 1586 c_t
1635 1550 1777 1586 explodit;
1793 1552 1851 1586 quia

1061 1592 1112 1610 ova
1133 1585 1213 1611 etiam
1234 1585 1261 1611 in
1281 1585 1333 1612 illis
1353 1586 1553 1618 expiationibns
1578 1583 1718 1616 adhibita,
1749 1587 1772 1613 si
1801 1583 1851 1613 fota

1062 1619 1171 1650 fuerint,
1188 1620 1255 1646 liuttt
1272 1620 1400 1651 anitttata,
1417 1624 1498 1654 atque
1513 1627 1547 1647 ex
1567 1619 1601 1646 iis
1622 1621 1690 1653 pulli
1708 1622 1853 1647 excludun-

1063 1660 1116 1681 tur.
1130 1655 1206 1688 Quod
1223 1659 1296 1682 certe
1314 1662 1365 1681 non
1379 1655 1466 1686 fieret,
1481 1656 1504 1682 si
1526 1654 1595 1681 mala
1616 1662 1679 1688 qua:
1699 1655 1728 1680 in
1744 1656 1797 1682 illis
1810 1664 1852 1682 ne-

1062 1689 1139 1717 fariis
1157 1690 1356 1724 expiatiouibus
1379 1694 1407 1716 et
1425 1689 1633 1717 lustrationibus
1654 1692 1851 1723 perpetrabam

1062 1729 1117 1754 tur.
1131 1724 1353 1759 adipsametova
1378 1725 1536 1758 transirent,
1558 1725 1649 1759 iisque
1674 1726 1781 1759 polluta
1796 1734 1852 1753 con-

1063 1760 1247 1795 taminataque
1263 1760 1350 1794 reipsa
1365 1759 1462 1787 forent.

865 1863 1055 1908 CAPUT
1090 1865 1194 1910 XV.

856 1929 908 1961 De
938 1929 1220 1970 philosophia.

442 2038 524 2075 242
544 2037 740 2075 AltTlCULUS
757 2038 776 2067 l.

221 2074 316 2102 Utrum
344 2074 491 2101 Christiani
522 2074 695 2109 philosophia:
730 2074 834 2101 studere
872 2074 1005 2106 debeant,

326 2114 444 2136 utrumve
455 2109 572 2136 Clemens
584 2110 685 2143 primus
697 2110 724 2135 id
747 2110 900 2136 asset'uerit.

258 2144 377 2172 Dandam
392 2152 454 2171 esse
468 2145 644 2178 philosophim
656 2152 766 2178 operam
782 2149 809 2170 et
822 2144 854 2170 ad
867 2151 927 2172 eam
943 2151 1006 2178 per-

220 2180 292 2207 fecte
322 2181 535 2214 comparandam
568 2179 680 2206 cuilibet
714 2179 873 2206 Christiano
902 2180 1005 2206 homini

221 2215 315 2242 sedulo
331 2215 540 2241 incumbendutn
556 2235 564 2248 ,
592 2214 675 2241 variis
698 2215 834 2241 rationum
861 2214 1006 2240 momentis

221 2250 425 2277 evidentissima
441 2249 565 2276 Clemens
582 2249 761 2276 demonstrat.
783 2249 850 2281 Quia
867 2257 931 2276 vero
954 2249 1005 2274 ali-

221 2285 268 2319 qui
296 2290 351 2311 tum
376 2291 454 2311 secus
480 2284 654 2316 sentiebant,
675 2292 767 2311 eorunt
797 2284 843 2310 ille
863 2285 1008 2318 respondet

221 2319 338 2353 objectis
351 2339 359 2351 ,
376 2320 585 2352 contrariosque
602 2319 742 2346 sententiie
757 2327 811 2345 sua:
829 2324 1006 2354 argumenta-

223 2354 446 2381 tionesinlirmat
474 2358 500 2381 et
526 2353 615 2380 diluit.
650 2355 744 2381 Status
772 2353 870 2380 autem
895 2354 1007 2388 hujusce

222 2389 400 2422 quiestionis,
418 2396 478 2424 qua:
502 2388 651 2415 Clementis
674 2389 758 2415 nostri
784 2396 841 2415 aevo
869 2396 901 2415 eo
921 2388 1006 2422 major

222 2430 282 2450 esse
298 2424 391 2451 debuit
407 2431 460 2457 quo
475 2424 561 2457 magis
575 2425 609 2450 de
624 2424 667 2450 illa
682 2424 856 2450 celeberrimi
871 2424 1006 2451 Christia-

223 2467 265 2485 na:
289 2457 351 2485 ﬁdei
376 2460 533 2486 defensores
550 2463 577 2485 ct
597 2459 721 2485 doctores
742 2459 931 2492 disceptahant
945 2479 952 2489 ,
977 2463 1006 2484 ut

223 2494 258 2520 ab
280 2493 405 2520 omnibus
423 2499 497 2520 recte
518 2494 693 2527 percipiatur,
709 2499 838 2520 accurate
853 2494 1004 2520 observan-

223 2529 286 2554 dum
298 2532 341 2555 est
354 2548 362 2560 ,
380 2528 444 2562 quid
471 2534 566 2555 auctor
584 2533 676 2555 noster
698 2528 875 2563 philosophia:
897 2528 1006 2554 nomine

223 2563 366 2597 intelligat.
382 2564 418 2590 At
433 2563 459 2589 id
471 2570 531 2589 cum
547 2563 646 2590 clarius
660 2572 740 2596 quam
759 2564 900 2597 ipsiusmet
915 2563 1005 2589 verbis

223 2598 351 2632 explicari
366 2605 418 2624 non
435 2598 519 2632 possit
532 2617 540 2629 ,
556 2599 616 2624 audi
627 2617 635 2630 ,
648 2605 739 2631 quaeso
753 2618 760 2629 ,
777 2599 913 2632 quomodo
925 2605 956 2623 ea
972 2598 1005 2624 de

221 2640 253 2660 re
265 2637 382 2660 mentem
394 2633 500 2668 aperiat
514 2638 591 2659 suam
603 2642 609 2658 :
626 2641 635 2658 ι
647 2632 859 2668 Philosophiam,
871 2633 958 2667 inquit
970 2632 1003 2665 ⁸⁸,

258 2734 282 2750 ³⁸
295 2735 361 2762 ihid.
410 2735 433 2751 “
448 2735 485 2762 De
498 2734 585 2762 Crmc.
602 2734 690 2761 alicct.
713 2740 813 2766 curat.,
829 2743 911 2762 serm.
928 2733 955 2766 6,
970 2742 995 2768 p.
1017 2735 1033 2761 5

226 2771 256 2796 1ιί
273 2775 360 2803 gent.,
375 2778 401 2804 p.
419 2770 464 2798 57.
502 2771 523 2785 ³⁷
541 2771 558 2796 1.
576 2778 602 2796 ιν
620 2771 646 2796 in
673 2770 750 2799 Bion.
768 2770 838 2797 Vita.
879 2770 900 2785 ³⁸
919 2771 969 2796 loc.
987 2770 1033 2796 cit.

224 2815 251 2842 pf
264 2805 323 2831 114.
363 2805 386 2842 ἦ·
396 2807 486 2842 Satyr.
505 2813 542 2836 vi,
561 2805 663 2842 v.75”.
702 2807 724 2820 "
741 2807 830 2842 Satyr.
846 2814 875 2835 ιι.
891 2813 916 2832 v.
936 2805 995 2842 15].

226 2840 296 2867 circa
313 2841 385 2869 med.
423 2840 565 2868 “Suom.
584 2841 602 2868 l.
621 2848 639 2874 ι,
659 2849 684 2876 p.
704 2842 765 2869 283.
804 2841 826 2856 ⁵⁷
840 2842 906 2868 ibid.
923 2848 948 2875 p.
970 2840 1032 2867 515.

1025 2042 1050 2071 D
1063 2048 1116 2067 non
1129 2039 1190 2066 dico
1207 2039 1336 2072 Stoicam,
1352 2048 1402 2067 nec
1414 2039 1584 2068 Platonicam
1596 2060 1604 2071 .
1619 2045 1671 2067 aut
1684 2040 1849 2075 Epicuream.

1062 2080 1108 2101 aut
1125 2075 1326 2102 Aristotelicam
1341 2095 1349 2108 ,
1377 2076 1426 2102 sed
1449 2082 1619 2110 quaecunque
1645 2076 1683 2102 ab
1709 2077 1756 2103 his
1778 2077 1850 2103 sectis

1063 2114 1136 2137 recte
1160 2110 1231 2136 dicta
1255 2115 1342 2142 sunt,
1366 2118 1427 2144 qua:
1451 2113 1550 2137 docent
1564 2111 1709 2144 justitiam
1729 2118 1792 2137 cum
1815 2112 1850 2144 pia

1060 2145 1173 2171 scientia
1186 2164 1194 2176 ,
1211 2145 1262 2171 hoc
1281 2150 1365 2172 tottun
1391 2145 1522 2172 seleclum
1543 2146 1609 2172 dico
1629 2145 1847 2180 philosophiam;

1060 2186 1230 2214 qmecunque
1247 2185 1337 2206 autem
1354 2181 1480 2207 humanis
1493 2186 1621 2214 separata
1635 2181 1847 2215 cogitationibus

1060 2215 1257 2250 adulterarum,
1272 2222 1303 2241 ea
1318 2223 1452 2250 nunquam
1466 2215 1560 2250 divina
1574 2215 1708 2242 dixerint.
1727 2225 1738 2240 ι
1758 2215 1846 2242 Postea

1060 2256 1124 2276 vero
1139 2249 1324 2277 disertissimis
1338 2250 1382 2277 ille
1398 2249 1488 2277 verbis
1500 2258 1550 2277 nos
1562 2250 1699 2277 admonet
1712 2251 1747 2282 ",
1763 2258 1792 2277 se
1802 2257 1848 2276 non

1059 2283 1243 2317 quorumlibet
1261 2284 1432 2312 ethnicorum
1457 2284 1597 2312 hominum
1622 2285 1775 2312 admittere
1796 2286 1848 2319 phi-

1060 2319 1223 2352 lnSophiam,
1239 2320 1286 2346 sed
1303 2326 1396 2346 eorum
1413 2320 1604 2346 tantummodo
1621 2329 1630 2344 ι
1646 2321 1707 2353 qui,
1723 2325 1769 2347 tut
1785 2320 1846 2353 apud

1060 2354 1200 2380 Platonem
1213 2354 1282 2380 dixit
1296 2355 1432 2384 Socrates.
1450 2363 1459 2379 ι
1476 2359 1549 2381 recte
1560 2354 1751 2389 philosophati
1761 2360 1846 2382 sunLr

1060 2388 1165 2415 Rursus
1186 2393 1276 2415 autem
1293 2389 1372 2416 alibi:
1395 2398 1404 2414 ι
1421 2388 1652 2420 Fundamentum,
1671 2388 1763 2424 inquit
1775 2391 1807 2420 “,
1823 2395 1847 2415 ut

1059 2424 1123 2450 olim
1138 2424 1338 2456 adnotavimus,
1355 2432 1407 2450 non
1423 2425 1538 2451 dicimus
1555 2432 1616 2450 eam
1629 2444 1636 2456 ,
1653 2432 1718 2458 qua:
1739 2426 1765 2451 in
1787 2432 1845 2451 una-

1057 2466 1166 2493 quaque
1189 2459 1285 2486 haeresi
1302 2460 1449 2492 suscipitur
1462 2479 1469 2491 ,
1486 2460 1548 2486 vita:
1563 2460 1772 2486 institutionem
1783 2479 1792 2491 ,
1805 2459 1846 2486 sed

1058 2494 1084 2520 id
1101 2493 1173 2528 quod
1189 2501 1252 2521 vere
1268 2499 1310 2521 est
1324 2494 1494 2528 philosophia
1506 2514 1514 2527 ,
1530 2502 1595 2521 vere
1610 2495 1792 2521 artiﬁciosam
1807 2501 1845 2521 sa-

1058 2529 1208 2563 pientiam,
1238 2537 1298 2563 qua:
1324 2531 1426 2563 praebet
1448 2530 1647 2563 experientiam
1677 2537 1775 2556 eorum
1793 2537 1844 2563 qu:

1058 2568 1122 2590 sunt
1139 2563 1165 2589 in
1182 2565 1247 2590 vita.
1265 2564 1432 2597 Sapientiam
1452 2569 1544 2590 autem
1561 2564 1677 2592 solidam
1699 2572 1792 2592 rerum
1809 2565 1844 2590 di-

1058 2598 1182 2624 vinarum
1193 2603 1220 2624 et
1231 2599 1409 2634 humanarum
1421 2599 1618 2634 cognitionem,
1631 2599 1743 2626 ﬁrmant
1759 2606 1843 2633 quant-

1058 2633 1119 2660 dam
1135 2637 1162 2659 et
1177 2633 1300 2660 stabilem
1315 2654 1322 2667 ,
1339 2639 1366 2660 et
1381 2641 1442 2668 quae
1456 2642 1510 2661 non
1526 2640 1617 2669 potest
1632 2635 1766 2662 excidere
1778 2641 1842 2662 com-

1034 2734 1068 2762 65
1089 2742 1117 2762 et
1141 2743 1198 2771 seq.
1238 2736 1273 2771 7"
1291 2735 1308 2762 l.
1327 2743 1346 2763 ιι
1364 2736 1403 2763 De
1415 2735 1513 2768 divin.,
1531 2743 1559 2770 p.
1573 2736 1638 2763 587.
1693 2736 1717 2751 “
1732 2736 1837 2763 Admon.

1083 2771 1104 2786 ³⁸
1121 2770 1222 2798 Strotn.
1237 2770 1254 2797 l.
1270 2779 1316 2803 vn,
1332 2779 1358 2805 p.
1373 2771 1433 2798 715.
1472 2771 1494 2786 ⁴⁰
1510 2771 1579 2798 ibid.
1627 2772 1650 2787 “
1667 2771 1739 2799 Dial.
1759 2771 1836 2804 Dii-3..

1034 2805 1056 2820 “
1073 2805 1108 2831 De
1134 2812 1186 2833 art.
1211 2812 1309 2838 amat.,
1322 2813 1350 2841 ll,
1369 2807 1431 2839 529,
1449 2806 1502 2834 550
1515 2825 1522 2833 .
1563 2807 1587 2822 “
1603 2806 1622 2834 l.
1636 2815 1656 2834 ιι
1668 2807 1834 2840 Metamorph-

1070 2841 1094 2856 ⁸³
1109 2841 1128 2868 1.
1149 2849 1185 2875 vt,
1199 2849 1226 2876 p.
1240 2842 1302 2868 642.
