1916 3071
57 168 120 197 1269

646 171 824 207 υΕηιιιιιιιδ
843 172 1069 200 STBOMATUM.

1596 173 1669 200 1270

57 232 240 268 thagora:_erga
253 229 377 257 animalia
390 230 557 268 benignitate
571 233 690 260 omnium
705 233 830 268 antiquo-
845 235 870 264 Α
885 238 924 261 est
939 234 966 260 in
984 233 1168 260 Admonitione
1181 232 1217 258 ad
1231 236 1318 266 gentes
1330 232 1362 262 “.
1374 232 1443 260 sicut
1459 235 1486 260 et
1499 231 1544 260 alii
1564 232 1664 266 Sopho.

56 273 111 292 rum
125 265 271 297 eademque.
287 269 329 292 est
356 265 467 297 opinio:
480 267 585 294 Videsis
602 268 738 295 Lacrtium
753 265 781 294 in
797 269 831 294 il-

55 301 103 328 lius
115 300 183 338 Vita,
200 300 251 338 lib.
266 307 324 331 vnt.
339 300 353 336 ς
367 300 401 327 28
411 301 547 338 ςγδυίιιίιιιι
561 303 593 328 ad
610 302 720 329 verbum
730 303 830 338 Pytha-

54 335 381 373 goras;_A_thenaenm,'et
405 337 498 373 ab__eo
513 337 654 373 _lautlatum
681 335 828 373 Lyconem,

55 371 97 397 lih.
110 369 331 406 [Deipnosopltn
353 378 414 405 pag.
431 371 500 405 418;
513 369 783 406 Plutarchumflom.
797 373 826 405 ll,

54 406 102 441 libi
114 404 172 431 Non
189 404 404 441 possesuqtvt'ter,
420 411 486 440 etc.,
501 415 561 441 pag.
578 407 656 435 1091.

89 439 150 472 Quae
164 440 244 466 etiam
261 439 294 467 de
305 439 400 467 ultimo
429 439 548 469 hominis
565 441 618 469 {ine
639 443 674 470 ab
695 443 790 470 iisdem
805 443 828 459 ”

54 475 213 512 philosophis
227 474 341 512 definita
352 475 438 508 fuere,
451 483 485 504 ex
500 511 503 512 ν
516 477 622 512 iisdem,
656 478 741 512 inquit
768 478 829 506 (ila

55 509 137 542 iueus,
151 509 250 536 divinis
265 509 386 538 fontibus
404 511 566 538 scaturiunt.
585 511 637 538 Sed
651 509 760 540 de'illis
786 513 829 540 in-

54 545 91 572 fra
107 543 281 582 opportunius
293 544 486 582 disputabitur.
500 546 600 574 Nullibi
614 552 704 575 autem
718 548 829 582 magis“

53 580 183 616 enucleate
200 583 227 606 et
245 580 452 616 particulatim,
479 588 559 615 quam
586 582 611 608 in
635 582 704 608 libro
733 580 828 616 quinto

54 615 106 652 bzec
119 614 340 652 philosophorum
372 615 443 652 furta
471 614 516 652 ille
541 616 640 644 evolvit
666 614 825 652 relegitque.

53 650 126 676 'l‘anti
151 655 241 676 autem
266 650 394 677 momenti
419 651 446 678 id
474 651 592 678 Eusebio
608 652 646 684 ”,
671 650 827 680 doetissiuo

53 685 139 722 utique
149 685 362 722 hominidjsum
374 689 416 713 est
427 706 435 718 ,
447 690 515 713 utea
525 686 626 718 omnia,
644 695 703 720 qua:
714 695 762 722 per
774 693 827 715 tre-

54 720 132 756 decim
144 719 255 754 paginas
267 719 394 756 Clemens
407 725 500 748 noster
519 722 701 755 prosequitur,
714 719 824 756 'iutegra

53 755 208 788 totidemque
229 754 318 791 verbis
332 755 395 791 sibi
418 754 622 791 transcribenda
649 764 737 789 operae
762 754 825 791 pre-

52 791 112 816 tium
127 797 185 825 esse
204 789 362 825 crediderit.
384 790 495 818 Dicendi
527 798 609 825 porro
634 791 738 818 initium
762 789 826 820 inde

52 829 156 859 uterque
164 823 257 860 fecit“
270 833 278 851 :
290 834 299 850 ι
311 825 386 857 Quod
398 829 488 853 autem
496 823 623 860 deinceps
640 827 823 860 consequitur,

51 864 89 886 est
114 859 281 892 tradendum,
303 865 330 886 et.
349 860 505 888 Graecorum
535 859 644 892 furtum,
661 869 694 888 ex
709 859 824 890 barbara

51 899 147 929 sumpta
157 893 337 928 philosophia,
350 895 405 927 jam
419 900 462 923 est
475 895 575 922 clarius
588 896 794 924 ostendendum.
812 906 821 924 ›

51 930 129 963 Atque
141 929 198 956 haec
215 929 325 963 quidem
340 930 445 958 illorum
459 931 540 958 verba
558 930 657 957 idcirco
671 932 820 964 retulimus,

50 965 195 999 utquisque
213 964 345 1001 intelligat
367 966 404 992 ibi
431 965 479 1000 τῆς
503 965 638 1001 βαρϐάρου
665 966 821 1001 φιλοσοφίας

51 1001 169 1036 nomine,
188 999 259 1036 quod
273 1007 286 1025 a
302 1001 438 1028 nommllis
458 999 626 1036 pra-pestere
658 999 820 1036 explicatum

49 1035 169 1095 csihnihil
182 1034 253 1061 aliud
269 1041 349 1069 quam
370 1043 461 1063 sacras
477 1034 584 1063 nostras
604 1034 762 1070 Scripturas
782 1037 819 1064 si-

49 1077 86 1095 mu
108 1077 170 1095 rari.

49 1077 170 1104 gmttrart.

49 1125 59 1137 ,
81 1105 114 1131 Ea
129 1112 191 1132 vero
206 1104 362 1132 Grazcorum
391 1105 473 1137 furta,
501 1113 561 1140 qua:
577 1105 702 1134 Clemens
721 1106 819 1134 ibidem

50 1147 116 1167 more
126 1147 173 1176 suo
185 1140 300 1168 confuse
314 1145 341 1167 et
356 1142 496 1176 permiste,
513 1149 564 1168 nec
575 1149 681 1176 semper
696 1141 823 1175 designa-

50 1176 79 1201 tis
90 1175 251 1209 scriptorum
265 1183 277 1201 a
290 1182 319 1202 se
333 1175 504 1203 laudatorum
521 1176 598 1203 libris
610 1175 638 1203 et
647 1176 714 1203 locis
727 1184 822 1203 recen-

48 1211 104 1242 suit,
124 1211 266 1244 quemdam
277 1210 303 1236 in
313 1211 435 1238 ordinem
456 1211 598 1246 redigenda
611 1218 643 1238 ac
655 1212 711 1238 loca
726 1217 820 1238 aucto-

49 1253 101 1280 ruut
114 1247 147 1272 ab
160 1252 193 1272 eo
205 1253 259 1272 non
276 1245 369 1277 citata,
383 1253 398 1272 a
415 1246 502 1278 nobis,
516 1245 523 1246 ί
534 1246 621 1280 quoad
637 1246 695 1273 fieri
709 1247 818 1280 poterit,

48 1279 180 1316 iudicanda
197 1284 272 1306 sunt.
287 1281 327 1307 Ab
346 1281 379 1308 iis
391 1280 482 1315 itaque
509 1279 569 1316 qua:
585 1281 675 1316 Deum,
694 1279 820 1315 spectant

47 1319 72 1340 ut
87 1314 232 1347 ordiamur,
249 1316 387 1343 existimat
398 1314 494 1343 auctor
513 1314 606 1343 uoster
616 1324 649 1343 ex
665 1315 741 1343 Isaia:
756 1323 818 1343 ver-

47 1349 83 1376 bis
95 1350 222 1384 quosdam
241 1350 382 1385 collegisse
397 1351 478 1378 Deum
504 1358 564 1379 esse
592 1358 673 1378 uuutn
692 1355 719 1378 et
734 1351 820 1378 incor-

47 1391 166 1420 poreum,
183 1385 338 1420 uulliusque
365 1386 458 1413 forma:
473 1391 521 1412 aut
533 1386 635 1419 figurat,
664 1394 695 1413 ac
718 1387 818 1413 ttetniui

46 1419 190 1446 similem".
204 1420 248 1447 Ab
260 1419 354 1448 eodem
369 1425 456 1447 autem
468 1421 607 1448 Clemente
619 1426 710 1448 nostro
724 1421 758 1448 ibi
771 1428 819 1448 no-

47 1459 130 1481 tantur
149 1455 326 1483 Antisthenes
353 1455 520 1489 Socraticus,
536 1456 569 1483 de
581 1464 634 1490 quo
649 1455 772 1483 Laertius
787 1464 819 1484 ac

46 1498 89 1526 nos
102 1489 177 1526 etiam
195 1490 259 1518 alibi
275 1492 363 1524 plura,
379 1496 405 1517 et
422 1491 498 1525 cujus
524 1489 617 1523 verba,
643 1490 818 1526 quemadmo—

45 1525 101 1561 dum
120 1524 316 1561 Xenophontis,
349 1527 393 1561 qui
420 1524 553 1554 secundus
576 1524 720 1557 laudatur,
748 1527 816 1561 apud

45 1559 238 1587 'l‘heodoretum
259 1559 448 1588 occurrunt“.

76 1595 184 1631 Tertius,
200 1595 384 1631 Xenophanes
399 1605 412 1623 a
427 1597 563 1624 Clemente
582 1604 676 1624 rursus
696 1598 816 1625 eamdem
832 1585 854 1616 ί)

45 1630 68 1667 in
82 1637 134 1667 rem
162 1630 228 1657 alibi
251 1630 408 1667 eit’atur‘t
420 1632 544 1666 illiusque
565 1633 698 1661 carmina.
724 1633 818 1667 primis

44 1665 140 1693 duobus
153 1667 286 1700 exceptis,
303 1666 373 1693 idem
389 1665 574 1695 Theodoretus
590 1667 721 1694 retulit".

75 1702 188 1733 Quartus
201 1700 390 1736 Bacchylides,
406 1702 484 1736 cujus
494 1709 591 1730 versus
615 1702 641 1728 in
660 1703 739 1729 tnetri
767 1702 820 1730 for-

44 1743 107 1772 tnam
120 1736 250 1772 exhibent
267 1736 428 1764 Eusebius’Il
452 1741 479 1764 et
504 1737 636 1764 lleuricus
663 1738 819 1772 Stephanus

44 1770 67 1796 in
81 1770 201 1807 ejusdem
220 1771 390 1807 Bacchylidis
404 1773 573 1807 fragmentis.

75 1805 185 1842 Quintus
196 1805 342 1834 Cleanthes
357 1805 473 1839 Stoicus,
486 1809 518 1835 de
527 1815 580 1842 quo
601 1807 676 1840 prius
693 1807 818 1835 Clemens

42 1841 105 1881 etin
116 1841 165 1868 hoc
179 1842 276 1869 eodem
295 1842 363 1869 libro
371 1843 406 1874 “,
421 1848 449 1870 et
462 1843 489 1870 in
501 1841 550 1870 sua
569 1845 604 1872 ad
616 1848 703 1880 gentes
720 1843 819 1870 Admo-

42 1880 143 1903 mttone.

72 1911 166 1939 Sextus
187 1911 324 1947 Amphion
345 1919 397 1939 non
411 1912 519 1946 quidem
543 1913 588 1940 ille
613 1912 818 1946 antiquissimus

40 1945 108 1973 Jovis
119 1951 146 1974 et
161 1945 279 1981 Antiope
306 1948 394 1981 lilius,
418 1945 465 1975 sed
490 1947 598 1982 quidam
620 1945 713 1980 junior
728 1953 816 1982 poeta,

39 1981 104 2015 quia
120 1982 261 2018 Clemente
282 1982 324 2010 his
341 1983 446 2016 verbis,
472 1983 594 2018 Ἀμφίων
614 1981 687 2016 λέγει
699 1984 732 2018 τῇ
755 1983 817 2010 Ἀν-

39 2018 131 2052 τιόπῃ,
148 2017 300 2052 appellatus
315 2022 367 2045 est.

71 2053 207 2088 Septimus
243 2053 447 2088 Melanippides,
469 2053 547 2088 cujus
566 2061 669 2088 versus
705 2054 818 2082 metrica

39 2087 117 2116 forma
126 2088 159 2115 ab
167 2087 400 2124 Eusebioiettom.
418 2087 439 2115 ll
461 2088 536 2116 Poet.
555 2087 654 2120 erc..
675 2096 737 2124 pag.
754 2089 817 2122 155,

38 2128 273 2157 reprzesentantur.
288 2123 388 2151 Verum
404 2124 467 2157 quia
485 2124 538 2151 duo
559 2125 610 2151 hoc
622 2123 731 2151 nomine
750 2132 819 2151 nun-

38 2159 121 2192 cupati
140 2158 262 2192 fuerunt,
287 2160 396 2186 videtur
410 2158 503 2193 junior
521 2167 536 2186 a
552 2159 689 2186 Clemente
702 2159 817 2187 laudari.

38 2193 72 2220 De
85 2199 200 2228 utroque
222 2194 318 2221 Suidas
338 2199 365 2221 et
386 2194 511 2224 Vossius.
538 2194 578 2221 De
604 2195 686 2228 poetis
706 2193 817 2227 Crwcia,

37 2235 91 2262 cap.
102 2229 119 2256 4
129 2234 155 2256 et
167 2229 194 2262 5,
208 2229 242 2256 ad
253 2230 360 2264 Olytup.
373 2236 425 2256 va
438 2233 464 2256 et
482 2237 563 2262 Lxxx,
578 2237 638 2264 pag.
654 2229 689 2256 915
701 2229 781 2256 et‘29.

67 2264 201 2297 Octavus,
231 2272 246 2291 a
267 2264 405 2292 Clemente
426 2264 490 2291 alibi
508 2273 560 2291 non
583 2265 667 2291 semel
680 2265 817 2297 laudatus,

37 2299 102 2326 hunc
123 2300 159 2327 ibi
185 2300 289 2327 citatur
305 2300 332 2326 in
355 2299 462 2326 modum
480 2310 486 2326 ι
506 2309 515 2325 ι
535 2300 648 2334 Magnus
679 2300 820 2326 Parmeni-

37 2335 94 2366 des,
116 2340 145 2361 ut
170 2335 248 2362 Plato
270 2335 337 2362 dicit
362 2334 391 2360 in
420 2334 554 2367 Sophism.
581 2344 590 2360 ι
614 2334 647 2361 Et
667 2343 695 2362 re
710 2334 817 2369 quidem

37 2369 87 2402 ipsa
101 2370 125 2397 in
141 2370 192 2398 hoc
204 2369 326 2397 Platonis
338 2369 407 2396 libro
421 2369 497 2403 plura
523 2369 555 2396 de
574 2369 620 2396 illo
636 2370 760 2404 quidem,
771 2371 819 2396 sed

37 2405 66 2431 de
82 2405 171 2433 citatis
194 2406 228 2432 ab
245 2411 357 2432 auctore
379 2410 474 2431 nostro
495 2405 622 2432 versibus
647 2405 713 2431 nihil
740 2405 819 2439 plane

37 2439 177 2467 invenitur.
195 2441 340 2467 Secundus
350 2444 439 2467 autent
453 2439 527 2467 illius
549 2447 645 2467 versus
660 2448 674 2466 a
693 2440 818 2467 Theodo-

37 2480 88 2501 reto
109 2476 264 2503 refertur“.
586 2485 589 2489 ‘

67 2510 173 2538 llesiodi
198 2519 270 2538 nono
297 2511 356 2538 loco
381 2510 522 2537 memorati
545 2511 670 2538 carmina
699 2510 818 2545 reperire

67 2578 87 2593 "
95 2579 230 2621 Stroms'ii
243 2587 274 2612 n,
286 2578 390 2621 pii”:
429 2579 451 2595 ιδ
462 2579 555 2621 l.vr,‘p.
632 2584 658 2621 et
671 2587 729 2621 seq.

37 2612 79 2649 lib.
95 2622 121 2645 v,
142 2623 168 2649 p.
181 2614 245 2641 591.
288 2612 322 2630 V”
341 2614 401 2641 lsai.
426 2622 471 2647 XL,
499 2612 543 2641 ‘23.

37 2648 78 2676 lib.
96 2657 143 2681 vn,
158 2657 186 2683 p.
198 2650 260 2676 7H.
313 2650 335 2666 ²⁰
356 2649 408 2676 loc.
426 2650 486 2681 cit.,
500 2658 582 2677 serm.
597 2649 625 2680 3,
642 2658 668 2684 p.
684 2649 746 2677 519.

37 2691 113 2710 serm.
134 2684 162 2711 4.
187 2685 222 2712 De
236 2685 346 2713 tuttndo.
368 2693 395 2719 p.
410 2684 471 2711 528.
490 2686 514 2701 ’δ
529 2692 590 2719 pag.
603 2684 638 2711 48
653 2689 680 2711 ct
699 2684 742 2712 17.

263 2728 290 2754 p.
311 2720 380 2751 598,
393 2725 420 2746 et
438 2720 553 2754 Admon.
569 2720 602 2746 ad
620 2725 707 2752 gent.,
723 2728 749 2754 p.
768 2719 812 2747 45.

37 2719 79 2746 cit.
128 2720 151 2735 ³⁸
168 2728 243 2754 supr.

37 2762 112 2781 serui.
126 2755 152 2787 1,
170 2751 281 2792 ρίιιἾϐλ
313 2756 334 2771 ³¹
349 2751 559 2792 Er_a_smif\_d_ag.,
570 2755 681 2792 cltiliatl.
697 2751 730 2792 >2,
745 2761 821 2782 centu

877 2755 949 2792 l4,_p.
962 2753 1024 2780 501.
1055 2752 1126 2792 31p.
1144 2753 1205 2792 Gil.
1229 2751 1265 2768 7”
1282 2752 1311 2780 P.
1522 2761 1548 2784 ι,
1565 2752 1605 2792 Pri

460 2789 481 2805 ³⁵
499 2787 682 2824 Dcipuusoph.
697 2790 715 2817 l.
732 2798 768 2823 vi,
786 2799 812 2825 p.
828 2789 897 2821 229;
913 2787 930 2817 l;
944 2795 1038 2825 vn,_p.
1055 2787 1158 2825 302,521
1172 2787 1220 2825 ill):
1233 2795 1266 2825 av
1279 2808 1285 2820 ,
1298 2796 1323 2822 p.
1339 2788 1400 2816 699.
1436 2787 1576 2825 _'_°i.__vr,_p.
1589 2787 1651 2816 597.

37 2796 139 2824 evang"
163 2796 224 2822 cap.
252 2791 301 2823 11,
316 2799 341 2824 p.
356 2789 419 2817 491.

38 2823 54 2838 ’⁷
69 2823 118 2852 loc.
133 2825 181 2852 cit.
204 2832 287 2853 serui.
302 2823 323 2852 6⁷
342 2826 378 2853 De
398 2824 444 2851 Dei
466 2823 582 2858 provitl.,
599 2833 624 2859 p.
643 2825 694 2852 566
709 2830 737 2852 et
751 2823 808 2859 seq.
822 2830 849 2852 el
864 2825 972 2851 Pindar.
991 2823 1059 2856 frag.

38 2860 126 2893 uareh.
150 2861 206 2891 ttei.
231 2868 259 2893 p.
284 2861 346 2889 10-1.
394 2860 422 2875 Ἲ⁶⁰
440 2867 500 2893 pug.
529 2860 590 2888 δυο.
644 2860 663 2876 ⁴¹
689 2861 738 2889 ioc.
762 2861 807 2888 cit.
833 2867 916 2888 scrin.
938 2859 980 2893 l0,
1000 2866 1025 2893 p.
1040 2858 1091 2886 650

689 2869 738 2889 ιοε.
762 2867 807 2888 cn.
833 2867 916 2888 scrin.
938 2867 980 2894 tu,
1000 2867 1025 2893 p.
1040 2867 1101 2886 oov.

38 2860 126 2896 oarch.
150 2861 206 2896 Dei.
231 2868 259 2896 p.
284 2861 346 2889 104.
394 2860 422 2875 ⁷⁶⁰
440 2867 500 2895 pag.
529 2860 590 2888 b09.

38 2891 56 2908 ’⁸
70 2902 129 2928 pag.
148 2895 208 2923 609.

769 2579 920 2611 "lib.xnt,
939 2578 1023 2612 Prtep.
1041 2585 1149 2611 evang,
1166 2584 1191 2604 c.
1207 2576 1249 2607 15,

599 2615 619 2630 ¹⁸
639 2615 677 2641 De
693 2615 781 2642 Graec.
797 2615 887 2642 alfect.
905 2622 964 2641 cur.
979 2621 1060 2640 sertn.
1079 2613 1091 2639 1
1108 2613 1145 2639 De
1159 2612 1220 2643 title,

599 2649 625 2676 5.
642 2658 668 2676 u.
684 2649 746 2676 519.
795 2651 816 2665 ¹¹
833 2650 885 2676 loc.
905 2649 966 2676 cil..
987 2657 1012 2676 ι).
1029 2647 1090 2675 679.
1137 2648 1159 2662 ²¹
1174 2654 1220 2676 sun

796 2657 816 2665 "
833 2657 885 2677 loc.
905 2657 966 2679 CIL.
987 2657 1012 2682 p.
1029 2657 1090 2675 υιυ.
1139 2657 1159 2662 η
1174 2657 1234 2681 sup.
1252 2657 1278 2680 μ.

796 2685 819 2701 ’⁵
832 2685 902 2719 apud
917 2683 1017 2711 Justiti.
1034 2682 1158 2719 ᾔδη-ψ’..
1180 2689 1206 2719 p.
1221 2681 1283 2719 105.

883 269 933 295 clis
944 276 1057 299 versus,
1070 268 1115 301 qui
1131 268 1218 294 adhuc
1235 276 1249 294 a
1265 268 1340 294 nobis
1356 268 1457 296 inventi
1474 272 1550 299 sunt,
1568 268 1594 295 in
1613 268 1661 296 lib.

881 303 921 330 De
946 303 1102 330 manare/tia
1118 302 1167 330 Dei
1185 303 1219 333 ⁸⁵.
1236 307 1264 329 et
1282 303 1374 337 Cyrilli
1396 302 1569 329 Alexandrini
1588 302 1634 330 lib.
1654 311 1662 330 l

882 338 981 365 Contra
994 338 1110 370 Iuliam,
1127 345 1188 372 pag.
1205 337 1251 370 52,
1269 336 1349 372 atque
1365 336 1525 366 Theodoreti
1541 345 1624 366 serm.
1647 338 1664 365 7

881 373 920 400 De
931 373 1081 406 sacriﬁciis,
1095 380 1156 407 pag.
1173 372 1235 400 590.

916 407 996 443 247
1011 408 1135 443 Decimus
1145 407 1294 441 Euripides,
1304 407 1380 439 cuius
1389 408 1442 435 duo
1457 407 1561 440 priores
1569 415 1662 435 versus

881 442 1046 470 exhibentur
1058 442 1085 469 in
1104 443 1288 477 Admonitione
1303 442 1338 469 ad
1352 447 1440 477 gentes
1455 443 1488 474 ’⁸,
1504 447 1531 469 et
1542 450 1602 469 cum
1619 443 1661 469 his

881 478 978 504 tertius
994 477 1042 504 lib.
1055 485 1074 504 ιι
1089 477 1228 504 Ciceronis
1243 476 1283 503 De
1301 476 1397 504 natura
1415 479 1533 506 deorum.
1544 477 1570 503 in
1581 485 1660 510 quem

879 512 979 539 videsis
992 512 1182 547 Lescalopierii
1196 512 1408 539 observationes.
1422 513 1499 546 Apud
1516 512 1660 539 Eusebium

880 551 970 574 autem
984 547 1021 574 illi
1036 554 1131 574 omnes
1143 546 1254 574 metrice
1265 547 1463 574 describuntur.

915 581 1092 610 Undecimum
1110 581 1152 609 his
1172 581 1295 608 Clemens
1315 582 1404 609 verbis
1423 583 1449 609 in
1466 581 1582 609 medium
1599 588 1661 614 pro-

880 617 941 644 tulit
959 625 965 642 :
983 617 1016 643 ’⁷0
1031 625 1061 643 τε
1077 617 1228 651 Εὐφορίων,
1242 617 1256 643 ὅ
1273 625 1302 642 τε
1319 617 1459 651 Αἰσχύλος,
1476 626 1485 643 ι
1505 616 1659 651 Euphorion

877 656 906 678 et
919 651 1073 687 Eschylus,
1084 661 1099 687 Vi
1115 651 1162 678 sed
1181 652 1275 687 melius
1294 651 1454 679 Eusebius"
1471 652 1661 687 εΕὒφορίωνος

877 686 1020 721 Δία-χόλος,
1043 696 1052 712 ι
1070 686 1215 722 Ᾱέεςιιγιυδ
1228 686 1407 722 Euphorionis
1421 687 1499 713 filius.
1516 697 1525 713 I
1536 686 1661 714 Clemens

878 725 968 749 autem
982 721 1075 748 eadem
1089 729 1103 747 a
1115 721 1268 748 Democrito
1283 728 1363 755 atque
1377 723 1409 748 ab
1422 722 1548 757 [Eseltylo
1558 722 1659 755 scripta

878 757 965 784 fuisse
977 761 1005 784 et
1020 756 1100 790 paulo
1113 757 1238 790 superius
1249 760 1277 783 et
1289 757 1313 783 in
1329 764 1375 783 sua
1389 758 1423 784 ad
1436 756 1522 792 gentes
1535 757 1661 784 Admoni-

877 792 947 818 tione
963 792 1151 819 observaverat
1159 792 1192 819 ’³.
1208 791 1242 817 At
1256 792 1422 826 derutroque
1434 791 1580 826 eorumque
1596 796 1659 818 ver-1

876 826 952 853 sibus
964 827 1076 854 consule
1095 826 1226 861 Scaligeri
1238 825 1265 853 in
1275 825 1318 861 ﬁ’a
1325 825 1430 853 rronem
1443 825 1614 857 conjeciauea
1620 826 1655 853 “.

911 861 960 887 His
975 860 1101 889 Clemens
1117 860 1251 888 subnectit
1274 860 1414 893 Heracliti,
1430 862 1472 888 cui
1488 861 1564 888 Plato
1591 862 1658 888 asti—

876 896 1001 930 pulatur,
1047 896 1239 925 testimonium.
1273 895 1426 923 Posteriora
1456 901 1544 923 autem
1587 896 1659 924 illius

875 931 960 957 verba
973 931 1042 965 apud
1068 930 1310 966 Theodoretum”,
1332 935 1413 965 atque
1444 931 1507 958 illud
1534 931 1658 966 adagium

878 966 1001 1016 caliﬁsse
1012 971 1170 1000 prmseutes,
1189 975 1199 992 ι
1215 967 1251 993 ab
1265 965 1380 993 Erasmo
1391 966 1562 1001 explanatum
1583 965 1658 994 iuve-

874 1008 972 1028 IIICS“.

909 1035 990 1062 Addit
1011 1035 1109 1062 ibidem
1130 1039 1225 1062 auctor
1249 1040 1342 1063 noster
1370 1035 1432 1062 illud
1460 1035 1530 1069 quod
1549 1036 1582 1063 de
1604 1043 1658 1062 uno

874 1076 901 1097 et
913 1071 1033 1105 ingenito
1061 1070 1183 1097 onmium
1205 1070 1338 1105 principio
1362 1071 1453 1098 docuit
1474 1070 1591 1098 Timaeus
1606 1070 1659 1097 Lo-

875 1113 950 1133 crus.
965 1104 1017 1132 Sed
1035 1105 1069 1132 de
1085 1105 1130 1131 illo
1150 1111 1200 1132 nos
1210 1105 1285 1132 alibi.

910 1140 1154 1172 Deniquecanidem
1162 1140 1186 1166 in
1196 1148 1250 1167 rem
1258 1148 1272 1167 a
1278 1140 1418 1168 Clemente
1425 1141 1548 1168 landatttr
1554 1140 1577 1157 "
1593 1140 1660 1166 Θεα-

874 1175 961 1211 ρίδας,
975 1174 1132 1211 Thearities,
1148 1175 1215 1211 sive,
1233 1180 1263 1202 ut
1278 1176 1408 1209 scriptum
1419 1181 1460 1203 est
1472 1176 1497 1202 in
1510 1176 1604 1204 Grreoo
1615 1184 1659 1202 co-

873 1209 934 1238 diee
950 1215 1054 1241 nostro,
1080 1209 1248 1245 Θεατρίδας,
1269 1215 1295 1237 et
1323 1212 1357 1237 ab
1376 1211 1503 1242 llerveto,
1532 1211 1660 1237 Tlieatri-

873 1246 937 1278 des;
953 1246 1000 1272 sed
1013 1252 1028 1271 a
1046 1245 1152 1272 nemine
1180 1246 1241 1280 quis
1255 1245 1300 1272 ille
1313 1246 1404 1275 fuerit,
1422 1246 1567 1272 indicatur.
1591 1245 1659 1272 Vide

873 1286 962 1307 autem
980 1286 1070 1307 utrum
1085 1280 1108 1307 is
1125 1280 1178 1308 dici
1191 1279 1290 1314 possit,
1306 1281 1352 1315 qui
1366 1288 1381 1306 a
1394 1279 1585 1311 Tatiano",et
1596 1286 1658 1313 post

872 1323 933 1350 eum
951 1315 984 1342 ab
1000 1315 1144 1342 Eusebio“
1173 1315 1340 1350 Theagenes,
1367 1315 1410 1343 vel
1432 1315 1466 1342 ab
1493 1315 1657 1343 Athenaeo"

872 1349 1056 1378 Theodoridas
1071 1354 1193 1377 vocatur.

908 1385 947 1413 Ad
960 1385 1082 1412 eamdem
1100 1392 1184 1420 sacrm
1199 1385 1343 1419 Scriptura:
1354 1385 1487 1420 originem
1501 1384 1558 1412 vult
1568 1385 1657 1412 adhuc

871 1419 1044 1455 Clemensca
1064 1419 1158 1447 referri
1168 1419 1202 1451 ³⁸,
1231 1428 1290 1454 qua:
1316 1421 1349 1447 de
1368 1419 1473 1448 summa
1505 1420 1552 1447 Dei
1577 1426 1656 1455 pote-

871 1460 952 1487 state,
968 1454 1009 1482 vel
1023 1454 1179 1482 Grmcorum
1210 1455 1385 1482 eruditissimi
1417 1455 1516 1482 litteris
1542 1454 1655 1482 manda-

870 1496 979 1522 verum,
1007 1490 1050 1517 vel
1085 1491 1243 1517 cecinerunt
1272 1496 1366 1523 poene,
1396 1490 1556 1517 nominatim
1587 1497 1653 1517 vero

870 1525 1058 1560 Epicharmus,
1076 1530 1122 1552 aut
1141 1530 1217 1552 vates
1234 1524 1344 1559 lyricus,
1368 1533 1414 1553 seu
1430 1525 1573 1552 Pindarus.
1589 1525 1656 1558 Quae

871 1565 960 1587 autem
974 1568 1005 1586 ex
1022 1565 1137 1595 uultque
1163 1566 1259 1587 auctor
1277 1565 1368 1586 uoster
1397 1560 1570 1594 transcripsit
1596 1567 1657 1595 car-

869 1596 953 1627 mina,
970 1595 1041 1627 apud
1058 1594 1254 1622 Tlieodoretum
1272 1596 1391 1629 reperies
1404 1595 1436 1622 ³⁷.
1450 1594 1558 1622 Tertius
1572 1602 1586 1622 a
1596 1594 1656 1622 Cle-

869 1635 960 1657 mente
978 1630 1031 1656 illis
1048 1629 1207 1665 adjungitur
1230 1630 1346 1661 Aratus,
1364 1630 1441 1665 cujus
1468 1631 1590 1664 quaedam
1621 1638 1656 1657 ex

869 1665 915 1693 hic
929 1665 1020 1700 citatis
1033 1664 1093 1699 ejus
1118 1665 1284 1700 carminibus
1311 1664 1403 1700 supra,
1434 1673 1495 1692 cum
1516 1666 1541 1691 in
1567 1665 1656 1700 primo

870 1701 967 1728 horum
992 1699 1156 1726 Stromatum
1171 1699 1250 1729 libro,
1278 1699 1385 1726 tum'in
1407 1699 1594 1727 Admonitione
1621 1699 1657 1724 ad

871 1740 959 1768 gentes
992 1734 1122 1770 retulerat
1139 1741 1146 1761 :
1161 1739 1188 1762 et
1206 1735 1296 1762 omnia
1314 1735 1339 1761 in
1359 1734 1438 1763 editis
1466 1736 1542 1762 Arati
1554 1741 1658 1770 :tpattvo-

871 1773 963 1805 μένοις
972 1769 1145 1805 exhibentur.
1156 1769 1284 1796 Eamdem
1296 1770 1342 1797 Dei
1352 1770 1498 1804 potentiam
1509 1769 1656 1804 [Escliylus

871 1804 1002 1840 tragicus,
1018 1804 1169 1840 celebrans,
1186 1812 1302 1840 eumque
1319 1805 1458 1839 appellans
1480 1805 1653 1836 altissimum,

869 1841 986 1871 videtur,
996 1839 1085 1873 inquit
1101 1839 1266 1873 Clemens“,
1278 1840 1342 1867 illud
1354 1840 1557 1874 paraphrastice
1571 1847 1655 1874 expo-

870 1883 935 1902 nere
951 1883 958 1901 :
979 1884 988 1900 ι
1008 1875 1029 1900 A
1043 1874 1113 1910 facie
1125 1874 1231 1902 Domini
1258 1876 1351 1902 tremit
1365 1880 1454 1908 terra;
1472 1884 1482 1900 ι
1496 1875 1566 1909 quod
1581 1875 1656 1910 psal-

871 1910 907 1936 mi
924 1908 1173 1942 estcxtv,7,juxla
1200 1909 1302 1937 Senqu
1329 1908 1589 1944 interpretationem,
1609 1910 1656 1936 sed

870 1953 922 1972 non
931 1946 989 1980 sine
997 1944 1120 1980 variante
1131 1951 1182 1971 ttna
1194 1944 1319 1980 lectione.
1335 1944 1401 1972 Nam
1415 1945 1657 1980 prejpépstmpud

869 1988 915 2007 eos
927 1979 1059 2014 ἐσαλεύθη
1075 1978 1181 2013 legitur.
1199 1979 1325 2006 Carmina
1340 1978 1431 2007 autem
1449 1978 1571 2014 [Eachyli
1587 1980 1656 2013 apud

869 2014 1004 2042 Justinum
1014 2014 1036 2030 ³⁸
1051 2019 1206 2041 occurrunt.
1231 2014 1272 2040 Ab
1286 2014 1401 2047 Orpheo,
1416 2015 1528 2049 insuper
1544 2021 1655 2046 expres-

869 2058 926 2077 sam
939 2057 1000 2077 esse
1013 2054 1107 2076 auctor
1123 2055 1216 2077 noster
1240 2048 1335 2076 dicit”
1354 2050 1427 2076 illaut
1445 2048 1538 2082 Isaiae,
1557 2049 1610 2081 vel,
1627 2054 1655 2075 ut.

869 2085 907 2112 ait
917 2084 1058 2117 Eusebius,
1072 2085 1149 2111 Osca:
1165 2084 1328 2112 sententiam
1343 2093 1350 2111 :
1373 2093 1383 2110 ι
1402 2084 1527 2112 Solidans
1543 2085 1654 2115 tonitru,

869 2126 922 2148 etc.
939 2130 949 2146 ι
967 2120 1094 2147 Neutrius
1117 2123 1220 2152 autent,
1240 2120 1287 2146 sed
1304 2120 1443 2154 propheta:
1458 2120 1589 2154 Antosrtv,
1611 2118 1654 2150 15,

869 2155 1011 2183 oraculum
1027 2160 1079 2182 est.
1094 2154 1151 2182 Huc
1164 2161 1271 2189 quoque
1288 2153 1383 2182 auctor
1400 2159 1491 2182 noster
1503 2153 1586 2181 refert
1601 2153 1655 2180 Ar-

869 2190 986 2218 chilochi
1000 2190 1072 2217 Parii
1088 2191 1180 2221 verba,
1194 2190 1227 2217 ab
1241 2189 1358 2216 Eusebio
1375 2191 1408 2217 ad
1424 2189 1575 2217 carminum
1591 2189 1656 2216 red-

872 2231 931 2253 acta
963 2232 1129 2253 mensuram.
1154 2225 1230 2259 Apud
1267 2224 1469 2252 Theodoretutn
1507 2224 1604 2251 vero“
1632 2224 1656 2250 is

872 2261 1057 2292 Archilochus,
1074 2259 1108 2287 de
1122 2268 1176 2295 quo
1187 2267 1237 2287 nos
1257 2259 1338 2292 infra,
1353 2260 1562 2288 obcwnissimus
1577 2263 1655 2294 poeta

871 2297 946 2323 audit
959 2303 967 2322 :
980 2296 1025 2323 sed
1042 2303 1094 2322 non
1113 2295 1197 2322 semel
1221 2303 1234 2322 a
1251 2295 1391 2322 Clemente
1421 2300 1516 2322 nostro
1542 2294 1652 2321 citatur.

870 2331 911 2358 Ad
941 2331 992 2358 alia
1013 2331 1086 2358 Isaia:
1112 2331 1193 2357 verba
1218 2335 1340 2365 spectare
1367 2331 1513 2357 arbitratur
1539 2329 1562 2345 “
1586 2329 1655 2356 alios

868 2366 976 2394 Pindari
1000 2365 1154 2400 Orpheique
1173 2372 1278 2398 versus,
1310 2372 1424 2399 quorum
1438 2373 1528 2396 unus,
1554 2365 1601 2398 qui
1627 2365 1653 2391 in

867 2401 948 2428 editis
966 2399 1061 2428 horum
1079 2400 1244 2427 Stromatum
1268 2401 1344 2427 libris
1368 2401 1459 2432 deest,
1481 2400 1515 2426 ab
1539 2399 1655 2426 Eusebio

868 2435 1061 2464 restituitur“.
1079 2436 1151 2468 Vide,
1168 2440 1257 2462 autern
1276 2435 1385 2462 Pindari
1412 2435 1534 2462 carmina
1551 2435 1578 2461 iu
1596 2435 1655 2469 ejus

868 2472 1038 2505 fragmentis.

903 2503 942 2534 De
954 2507 1042 2533 divina
1059 2506 1158 2542 ubique
1177 2506 1223 2534 Dei
1239 2505 1383 2540 pratsentia
1395 2506 1473 2533 docet
1489 2505 1615 2533 Clemens
1631 2503 1655 2520 ⁸⁵

1268 2584 1293 2611 p.
1313 2575 1365 2604 668
1381 2580 1408 2603 et
1422 2583 1480 2610 seq.
1519 2576 1653 2605 “Strom.

1239 2619 1264 2646 p.
1279 2611 1331 2638 476
1344 2616 1373 2638 et
1388 2612 1451 2638 477.
1504 2612 1525 2628 ¹⁹
1539 2611 1653 2646 Strom.,

1137 2648 1159 2662 “
1174 2654 1234 2681 ευρ.
1252 2654 1278 2680 p.
1294 2647 1328 2673 lt7
1352 2650 1380 2674 et
1394 2646 1458 2674 554.
1501 2647 1585 2674 "loc.
1605 2648 1653 2676 cit.

1331 2682 1354 2698 "
1373 2689 1434 2716 pag.
1461 2682 1504 2709 l5.
1561 2682 1653 2711 Ι⁷100.

864 2720 887 2735 ²⁰
908 2720 934 2746 in
951 2719 968 2745 l.
986 2725 1021 2748 IV,
1039 2717 1116 2744 Varr.
1136 2718 1172 2744 lle
1188 2717 1251 2752 ling.
1271 2717 1328 2749 lat.,
1345 2725 1371 2750 p.
1389 2717 1433 2744 50.
1485 2718 1508 2733 ³⁰
1524 2717 1588 2744 Loc.
1605 2724 1653 2746 (at.

1244 2752 1265 2768 ³³
1282 2752 1311 2780 P.
1330 2753 1391 2779 166.
1442 2752 1464 2768 ³⁸
1476 2752 1495 2779 1.
1522 2761 1548 2784 x,
1565 2752 1652 2786 Praep.

1115 2823 1137 2839 ⁸⁸
1153 2831 1179 2855 p.
1206 2824 1260 2850 6l0
1280 2829 1306 2850 et
1327 2831 1384 2856 seq.
1436 2822 1458 2838 ³”
1473 2822 1520 2848 lib.
1540 2822 1576 2848 De
1595 2830 1653 2847 nm-

1153 2858 1174 2873 “
1193 2867 1220 2894 p.
1240 2859 1301 2886 oto.
1355 2859 1376 2873 ⁸³
1391 2859 1442 2886 loc.
1469 2858 1528 2890 cit.,
1547 2864 1573 2891 p.
1590 2856 1651 2885 088.
