  <div class='ocr_page' id='page_1' title='image "/cluster/home/n/w/nwhite01/storage/ocr_20150623/9/njp.32101077772398/774.png"; bbox 0 0 1916 3071; ppageno 0'>
   <div class='ocr_carea' id='block_1_1' title="bbox 50 137 111 164">
    <p class='ocr_par' dir='ltr' id='par_1_1' title="bbox 50 137 111 164">
     <span class='ocr_line' id='line_1_1' title="bbox 50 137 111 164; baseline 0.016 -1"><span class='ocrx_word' id='word_1_1' title='bbox 50 137 111 164; x_wconf 63' lang='grc' dir='ltr'><strong>[ετ-ι</strong></span> 
     </span>
    </p>
   </div>
   <div class='ocr_carea' id='block_1_2' title="bbox 647 136 1067 166">
    <p class='ocr_par' dir='ltr' id='par_1_2' title="bbox 647 136 1067 166">
     <span class='ocr_line' id='line_1_2' title="bbox 647 136 1067 166; baseline 0.005 -3"><span class='ocrx_word' id='word_1_2' title='bbox 647 136 691 163; x_wconf 86' lang='lat' dir='ltr'><strong>DE</strong></span> <span class='ocrx_word' id='word_1_3' title='bbox 707 136 820 165; x_wconf 81' lang='lat' dir='ltr'><strong>LIBRIS</strong></span> <span class='ocrx_word' id='word_1_4' title='bbox 839 137 1067 166; x_wconf 77' lang='lat' dir='ltr'><strong>STROMATUM.</strong></span> 
     </span>
    </p>
   </div>
   <div class='ocr_carea' id='block_1_3' title="bbox 1603 137 1672 175">
    <p class='ocr_par' dir='ltr' id='par_1_3' title="bbox 1603 137 1672 175">
     <span class='ocr_line' id='line_1_3' title="bbox 1603 137 1672 175; baseline 0 -9"><span class='ocrx_word' id='word_1_5' title='bbox 1603 137 1672 175; x_wconf 66' lang='grc' dir='ltr'><strong>ηιξ</strong></span> 
     </span>
    </p>
   </div>
   <div class='ocr_carea' id='block_1_4' title="bbox 50 195 1669 236">
    <p class='ocr_par' dir='ltr' id='par_1_4' title="bbox 50 195 1669 236">
     <span class='ocr_line' id='line_1_4' title="bbox 50 195 1669 236; baseline 0.001 -14"><span class='ocrx_word' id='word_1_6' title='bbox 50 197 122 236; x_wconf 66' lang='grc' dir='ltr'>ιιὶιειε</span> <span class='ocrx_word' id='word_1_7' title='bbox 146 201 244 236; x_wconf 77' lang='lat' dir='ltr'><strong>autem</strong></span> <span class='ocrx_word' id='word_1_8' title='bbox 271 197 348 236; x_wconf 32' lang='lat' dir='ltr'><strong>civis.</strong></span> <span class='ocrx_word' id='word_1_9' title='bbox 361 196 495 236; x_wconf 75' lang='lat' dir='ltr'><strong>ascriptus</strong></span> <span class='ocrx_word' id='word_1_10' title='bbox 522 202 562 236; x_wconf 71' lang='lat' dir='ltr'><strong>est</strong></span> <span class='ocrx_word' id='word_1_11' title='bbox 572 216 580 229; x_wconf 92' lang='lat'><strong>,</strong></span> <span class='ocrx_word' id='word_1_12' title='bbox 605 197 746 232; x_wconf 89' lang='lat' dir='ltr'><strong>profectus</strong></span> <span class='ocrx_word' id='word_1_13' title='bbox 769 205 830 236; x_wconf 81' lang='lat' dir='ltr'><strong>cum</strong></span> <span class='ocrx_word' id='word_1_14' title='bbox 845 200 870 228; x_wconf 77' lang='grc' dir='ltr'><strong>Α</strong></span> <span class='ocrx_word' id='word_1_15' title='bbox 883 197 1099 236; x_wconf 40' lang='grc' dir='ltr'>ειιειιιιιεηςιιιειη</span> <span class='ocrx_word' id='word_1_16' title='bbox 1113 196 1216 236; x_wconf 77' lang='lat' dir='ltr'><strong>audivit</strong></span> <span class='ocrx_word' id='word_1_17' title='bbox 1230 195 1368 236; x_wconf 73' lang='lat' dir='ltr'><strong>Socrates.</strong></span> <span class='ocrx_word' id='word_1_18' title='bbox 1378 195 1456 236; x_wconf 50' lang='lat' dir='ltr'><strong>lHis</strong></span> <span class='ocrx_word' id='word_1_19' title='bbox 1467 195 1547 236; x_wconf 87' lang='lat' dir='ltr'><strong>plane</strong></span> <span class='ocrx_word' id='word_1_20' title='bbox 1559 195 1669 236; x_wconf 78' lang='lat' dir='ltr'><strong>similia,</strong></span> 
     </span>
    </p>
   </div>
   <div class='ocr_carea' id='block_1_5' title="bbox 50 232 831 267">
    <p class='ocr_par' dir='ltr' id='par_1_5' title="bbox 50 232 831 267">
     <span class='ocr_line' id='line_1_5' title="bbox 50 232 831 267; baseline 0.004 -10"><span class='ocrx_word' id='word_1_21' title='bbox 50 233 121 259; x_wconf 73' lang='lat' dir='ltr'><strong>teleo</strong></span> <span class='ocrx_word' id='word_1_22' title='bbox 136 233 230 266; x_wconf 86' lang='lat' dir='ltr'><strong>patrio</strong></span> <span class='ocrx_word' id='word_1_23' title='bbox 247 233 304 259; x_wconf 86' lang='lat' dir='ltr'><strong>solo</strong></span> <span class='ocrx_word' id='word_1_24' title='bbox 319 232 459 259; x_wconf 56' lang='lat' dir='ltr'><strong>Phoenicia</strong></span> <span class='ocrx_word' id='word_1_25' title='bbox 477 233 627 263; x_wconf 74' lang='lat' dir='ltr'><strong>exciderat.</strong></span> <span class='ocrx_word' id='word_1_26' title='bbox 648 240 708 265; x_wconf 87' lang='lat' dir='ltr'><strong>seu,</strong></span> <span class='ocrx_word' id='word_1_27' title='bbox 729 238 757 259; x_wconf 93' lang='lat' dir='ltr'><strong>ut</strong></span> <span class='ocrx_word' id='word_1_28' title='bbox 771 233 831 267; x_wconf 82' lang='lat' dir='ltr'><strong>plu-</strong></span> 
     </span>
    </p>
   </div>
   <div class='ocr_carea' id='block_1_6' title="bbox 50 267 830 302">
    <p class='ocr_par' dir='ltr' id='par_1_6' title="bbox 50 267 830 302">
     <span class='ocr_line' id='line_1_6' title="bbox 50 267 830 302; baseline 0.001 -8"><span class='ocrx_word' id='word_1_29' title='bbox 50 267 114 294; x_wconf 86' lang='lat' dir='ltr'><strong>ibus</strong></span> <span class='ocrx_word' id='word_1_30' title='bbox 134 267 227 302; x_wconf 77' lang='lat' dir='ltr'><strong>visum</strong></span> <span class='ocrx_word' id='word_1_31' title='bbox 244 272 295 297; x_wconf 85' lang='lat' dir='ltr'><strong>est.</strong></span> <span class='ocrx_word' id='word_1_32' title='bbox 318 267 445 301; x_wconf 79' lang='lat' dir='ltr'><strong>indigena</strong></span> <span class='ocrx_word' id='word_1_33' title='bbox 462 267 582 295; x_wconf 84' lang='lat' dir='ltr'><strong>Milesius</strong></span> <span class='ocrx_word' id='word_1_34' title='bbox 596 272 623 294; x_wconf 89' lang='lat' dir='ltr'><strong>et</strong></span> <span class='ocrx_word' id='word_1_35' title='bbox 639 268 713 294; x_wconf 90' lang='lat' dir='ltr'><strong>claro</strong></span> <span class='ocrx_word' id='word_1_36' title='bbox 730 276 830 302; x_wconf 75' lang='lat' dir='ltr'><strong>genere</strong></span> 
     </span>
    </p>
   </div>
   <div class='ocr_carea' id='block_1_7' title="bbox 50 301 829 336">
    <p class='ocr_par' dir='ltr' id='par_1_7' title="bbox 50 301 829 336">
     <span class='ocr_line' id='line_1_7' title="bbox 50 301 829 336; baseline 0.003 -8"><span class='ocrx_word' id='word_1_37' title='bbox 50 306 129 329; x_wconf 74' lang='lat' dir='ltr'><strong>natus.</strong></span> <span class='ocrx_word' id='word_1_38' title='bbox 147 312 156 328; x_wconf 80' lang='grc' dir='ltr'><strong>ι</strong></span> <span class='ocrx_word' id='word_1_39' title='bbox 180 301 284 329; x_wconf 80' lang='lat' dir='ltr'><strong>Thales</strong></span> <span class='ocrx_word' id='word_1_40' title='bbox 300 303 403 336; x_wconf 85' lang='lat' dir='ltr'><strong>itaque,</strong></span> <span class='ocrx_word' id='word_1_41' title='bbox 419 302 441 328; x_wconf 89' lang='lat' dir='ltr'><strong>si</strong></span> <span class='ocrx_word' id='word_1_42' title='bbox 458 301 567 330; x_wconf 78' lang='lat' dir='ltr'><strong>Laenio</strong></span> <span class='ocrx_word' id='word_1_43' title='bbox 583 301 760 335; x_wconf 83' lang='lat' dir='ltr'><strong>credendum,</strong></span> <span class='ocrx_word' id='word_1_44' title='bbox 775 304 829 330; x_wconf 87' lang='lat' dir='ltr'><strong>ori-</strong></span> 
     </span>
    </p>
   </div>
   <div class='ocr_carea' id='block_1_8' title="bbox 50 337 828 371">
    <p class='ocr_par' dir='ltr' id='par_1_8' title="bbox 50 337 828 371">
     <span class='ocr_line' id='line_1_8' title="bbox 50 337 828 371; baseline 0.004 -9"><span class='ocrx_word' id='word_1_45' title='bbox 50 339 99 369; x_wconf 78' lang='lat' dir='ltr'><strong>;iue</strong></span> <span class='ocrx_word' id='word_1_46' title='bbox 123 342 152 363; x_wconf 87' lang='lat' dir='ltr'><strong>et</strong></span> <span class='ocrx_word' id='word_1_47' title='bbox 176 337 266 371; x_wconf 78' lang='lat' dir='ltr'><strong>patria</strong></span> <span class='ocrx_word' id='word_1_48' title='bbox 289 337 414 368; x_wconf 59' lang='lat' dir='ltr'><strong>Phoenix.</strong></span> <span class='ocrx_word' id='word_1_49' title='bbox 439 337 521 364; x_wconf 86' lang='lat' dir='ltr'><strong>Mileti</strong></span> <span class='ocrx_word' id='word_1_50' title='bbox 548 338 660 365; x_wconf 90' lang='lat' dir='ltr'><strong>civitate</strong></span> <span class='ocrx_word' id='word_1_51' title='bbox 689 339 828 371; x_wconf 87' lang='lat' dir='ltr'><strong>donatus,</strong></span> 
     </span>
    </p>
   </div>
   <div class='ocr_carea' id='block_1_9' title="bbox 50 372 829 408">
    <p class='ocr_par' dir='ltr' id='par_1_9' title="bbox 50 372 829 408">
     <span class='ocr_line' id='line_1_9' title="bbox 50 372 829 408; baseline 0.003 -10"><span class='ocrx_word' id='word_1_52' title='bbox 50 373 175 408; x_wconf 69' lang='lat' dir='ltr'><strong>nde.aut</strong></span> <span class='ocrx_word' id='word_1_53' title='bbox 191 380 226 398; x_wconf 83' lang='lat' dir='ltr'><strong>ex</strong></span> <span class='ocrx_word' id='word_1_54' title='bbox 246 373 326 407; x_wconf 76' lang='lat' dir='ltr'><strong>longo</strong></span> <span class='ocrx_word' id='word_1_55' title='bbox 347 373 372 400; x_wconf 94' lang='lat' dir='ltr'><strong>in</strong></span> <span class='ocrx_word' id='word_1_56' title='bbox 387 372 481 400; x_wconf 87' lang='lat' dir='ltr'><strong>eadem</strong></span> <span class='ocrx_word' id='word_1_57' title='bbox 495 373 563 400; x_wconf 84' lang='lat' dir='ltr'><strong>urbe</strong></span> <span class='ocrx_word' id='word_1_58' title='bbox 578 372 714 400; x_wconf 89' lang='lat' dir='ltr'><strong>domicilio</strong></span> <span class='ocrx_word' id='word_1_59' title='bbox 729 380 829 408; x_wconf 83' lang='lat' dir='ltr'><strong>cogno-</strong></span> 
     </span>
    </p>
   </div>
   <div class='ocr_carea' id='block_1_10' title="bbox 50 407 353 442">
    <p class='ocr_par' dir='ltr' id='par_1_10' title="bbox 50 407 353 442">
     <span class='ocr_line' id='line_1_10' title="bbox 50 407 353 442; baseline 0 -8"><span class='ocrx_word' id='word_1_60' title='bbox 50 415 98 434; x_wconf 88' lang='lat' dir='ltr'><strong>nen</strong></span> <span class='ocrx_word' id='word_1_61' title='bbox 114 407 217 434; x_wconf 81' lang='lat' dir='ltr'><strong>Milesii</strong></span> <span class='ocrx_word' id='word_1_62' title='bbox 235 408 353 442; x_wconf 80' lang='lat' dir='ltr'><strong>accepit.</strong></span> 
     </span>
    </p>
   </div>
   <div class='ocr_carea' id='block_1_11' title="bbox 72 442 829 477">
    <p class='ocr_par' dir='ltr' id='par_1_11' title="bbox 72 442 829 477">
     <span class='ocr_line' id='line_1_11' title="bbox 72 442 829 477; baseline 0.001 -8"><span class='ocrx_word' id='word_1_63' title='bbox 72 442 209 475; x_wconf 80' lang='lat' dir='ltr'><strong>Quocirca</strong></span> <span class='ocrx_word' id='word_1_64' title='bbox 229 442 353 469; x_wconf 82' lang='lat' dir='ltr'><strong>Clemens</strong></span> <span class='ocrx_word' id='word_1_65' title='bbox 369 442 442 469; x_wconf 91' lang='lat' dir='ltr'><strong>illum</strong></span> <span class='ocrx_word' id='word_1_66' title='bbox 457 442 535 476; x_wconf 90' lang='lat' dir='ltr'><strong>paulo</strong></span> <span class='ocrx_word' id='word_1_67' title='bbox 547 447 607 476; x_wconf 92' lang='lat' dir='ltr'><strong>post</strong></span> <span class='ocrx_word' id='word_1_68' title='bbox 620 449 719 477; x_wconf 79' lang='lat' dir='ltr'><strong>genere</strong></span> <span class='ocrx_word' id='word_1_69' title='bbox 734 447 761 470; x_wconf 84' lang='lat' dir='ltr'><strong>et</strong></span> <span class='ocrx_word' id='word_1_70' title='bbox 774 443 829 470; x_wconf 86' lang='lat' dir='ltr'><strong>ori-</strong></span> 
     </span>
    </p>
   </div>
   <div class='ocr_carea' id='block_1_12' title="bbox 50 477 828 514">
    <p class='ocr_par' dir='ltr' id='par_1_12' title="bbox 50 477 828 514">
     <span class='ocr_line' id='line_1_12' title="bbox 50 477 828 514; baseline 0.001 -10"><span class='ocrx_word' id='word_1_71' title='bbox 50 479 98 514; x_wconf 75' lang='lat' dir='ltr'><strong>:iue</strong></span> <span class='ocrx_word' id='word_1_72' title='bbox 111 478 275 514; x_wconf 60' lang='lat' dir='ltr'><strong>Phoenicem</strong></span> <span class='ocrx_word' id='word_1_73' title='bbox 292 478 363 514; x_wconf 81' lang='lat' dir='ltr'><strong>haud</strong></span> <span class='ocrx_word' id='word_1_74' title='bbox 384 477 520 514; x_wconf 68' lang='lat' dir='ltr'><strong>immerito</strong></span> <span class='ocrx_word' id='word_1_75' title='bbox 537 478 701 512; x_wconf 80' lang='lat' dir='ltr'><strong>nuncupat&quot;</strong></span> <span class='ocrx_word' id='word_1_76' title='bbox 715 487 724 514; x_wconf 63' lang='grc' dir='ltr'><strong>ί</strong></span> <span class='ocrx_word' id='word_1_77' title='bbox 737 478 828 514; x_wconf 78' lang='grc' dir='ltr'><strong>Θάλης</strong></span> 
     </span>
    </p>
   </div>
   <div class='ocr_carea' id='block_1_13' title="bbox 52 512 827 547">
    <p class='ocr_par' dir='ltr' id='par_1_13' title="bbox 52 512 827 547">
     <span class='ocr_line' id='line_1_13' title="bbox 52 512 827 547; baseline 0.001 -8"><span class='ocrx_word' id='word_1_78' title='bbox 52 513 63 539; x_wconf 85' lang='grc' dir='ltr'>ὲ</span> <span class='ocrx_word' id='word_1_79' title='bbox 77 512 167 544; x_wconf 82' lang='grc' dir='ltr'>Φοῖνιξ</span> <span class='ocrx_word' id='word_1_80' title='bbox 184 512 224 539; x_wconf 84' lang='grc' dir='ltr'>ὢν</span> <span class='ocrx_word' id='word_1_81' title='bbox 240 512 272 539; x_wconf 77' lang='grc' dir='ltr'>τὸ</span> <span class='ocrx_word' id='word_1_82' title='bbox 293 513 380 547; x_wconf 79' lang='grc' dir='ltr'><strong>γένος.</strong></span> <span class='ocrx_word' id='word_1_83' title='bbox 409 512 526 539; x_wconf 75' lang='lat' dir='ltr'><strong>«Thales</strong></span> <span class='ocrx_word' id='word_1_84' title='bbox 549 520 609 539; x_wconf 89' lang='lat' dir='ltr'><strong>cum</strong></span> <span class='ocrx_word' id='word_1_85' title='bbox 626 519 698 540; x_wconf 90' lang='lat' dir='ltr'><strong>cssct</strong></span> <span class='ocrx_word' id='word_1_86' title='bbox 714 512 827 540; x_wconf 68' lang='lat' dir='ltr'><strong>thnix</strong></span> 
     </span>
    </p>
   </div>
   <div class='ocr_carea' id='block_1_14' title="bbox 50 547 827 583">
    <p class='ocr_par' dir='ltr' id='par_1_14' title="bbox 50 547 827 583">
     <span class='ocr_line' id='line_1_14' title="bbox 50 547 827 583; baseline 0 -8"><span class='ocrx_word' id='word_1_87' title='bbox 50 556 152 579; x_wconf 73' lang='lat' dir='ltr'><strong>&#39;enere;</strong></span> <span class='ocrx_word' id='word_1_88' title='bbox 175 557 185 573; x_wconf 75' lang='grc' dir='ltr'><strong>ι</strong></span> <span class='ocrx_word' id='word_1_89' title='bbox 199 553 228 574; x_wconf 86' lang='lat' dir='ltr'><strong>ct</strong></span> <span class='ocrx_word' id='word_1_90' title='bbox 245 548 373 575; x_wconf 90' lang='lat' dir='ltr'><strong>continuo</strong></span> <span class='ocrx_word' id='word_1_91' title='bbox 388 548 486 583; x_wconf 51' lang='lat' dir='ltr'><strong>addit,</strong></span> <span class='ocrx_word' id='word_1_92' title='bbox 497 556 506 572; x_wconf 71' lang='grc' dir='ltr'><strong>ι</strong></span> <span class='ocrx_word' id='word_1_93' title='bbox 518 548 598 574; x_wconf 89' lang='lat' dir='ltr'><strong>etiam</strong></span> <span class='ocrx_word' id='word_1_94' title='bbox 614 547 827 583; x_wconf 72' lang='lat' dir='ltr'><strong>etim/Egyptio-</strong></span> 
     </span>
    </p>
   </div>
   <div class='ocr_carea' id='block_1_15' title="bbox 52 582 826 618">
    <p class='ocr_par' dir='ltr' id='par_1_15' title="bbox 52 582 826 618">
     <span class='ocr_line' id='line_1_15' title="bbox 52 582 826 618; baseline 0.003 -9"><span class='ocrx_word' id='word_1_95' title='bbox 52 591 93 609; x_wconf 90' lang='lat' dir='ltr'><strong>um</strong></span> <span class='ocrx_word' id='word_1_96' title='bbox 107 583 254 618; x_wconf 74' lang='lat' dir='ltr'><strong>prophetis</strong></span> <span class='ocrx_word' id='word_1_97' title='bbox 274 590 436 614; x_wconf 75' lang='lat' dir='ltr'><strong>congressus</strong></span> <span class='ocrx_word' id='word_1_98' title='bbox 460 582 579 618; x_wconf 80' lang='grc' dir='ltr'><strong>εἴρηται,</strong></span> <span class='ocrx_word' id='word_1_99' title='bbox 595 582 705 618; x_wconf 84' lang='lat' dir='ltr'><strong>dicitur.</strong></span> <span class='ocrx_word' id='word_1_100' title='bbox 718 582 826 611; x_wconf 54' lang='lat' dir='ltr'><strong>{Prius</strong></span> 
     </span>
    </p>
   </div>
   <div class='ocr_carea' id='block_1_16' title="bbox 53 617 827 653">
    <p class='ocr_par' dir='ltr' id='par_1_16' title="bbox 53 617 827 653">
     <span class='ocr_line' id='line_1_16' title="bbox 53 617 827 653; baseline 0.003 -9"><span class='ocrx_word' id='word_1_101' title='bbox 53 617 118 645; x_wconf 65' lang='lat' dir='ltr'><strong>ero}</strong></span> <span class='ocrx_word' id='word_1_102' title='bbox 134 627 144 643; x_wconf 79' lang='grc' dir='ltr'><strong>ι</strong></span> <span class='ocrx_word' id='word_1_103' title='bbox 155 617 250 650; x_wconf 90' lang='lat' dir='ltr'><strong>Solus,</strong></span> <span class='ocrx_word' id='word_1_104' title='bbox 266 618 357 653; x_wconf 85' lang='grc' dir='ltr'><strong>μόνος,</strong></span> <span class='ocrx_word' id='word_1_105' title='bbox 379 617 518 653; x_wconf 47' lang='lat' dir='ltr'><strong>inquit‘ﬂ&#39;</strong></span> <span class='ocrx_word' id='word_1_106' title='bbox 532 617 649 650; x_wconf 87' lang='lat' dir='ltr'><strong>videtur,</strong></span> <span class='ocrx_word' id='word_1_107' title='bbox 669 617 752 647; x_wconf 86' lang='grc' dir='ltr'>δοκεῖ.</span> <span class='ocrx_word' id='word_1_108' title='bbox 766 627 827 646; x_wconf 85' lang='lat' dir='ltr'><strong>esse</strong></span> 
     </span>
    </p>
   </div>
   <div class='ocr_carea' id='block_1_17' title="bbox 51 652 826 687">
    <p class='ocr_par' dir='ltr' id='par_1_17' title="bbox 51 652 826 687">
     <span class='ocr_line' id='line_1_17' title="bbox 51 652 826 687; baseline 0.001 -8"><span class='ocrx_word' id='word_1_109' title='bbox 51 660 202 687; x_wconf 81' lang='lat' dir='ltr'><strong>ongressus</strong></span> <span class='ocrx_word' id='word_1_110' title='bbox 230 652 292 679; x_wconf 84' lang='lat' dir='ltr'><strong>cum</strong></span> <span class='ocrx_word' id='word_1_111' title='bbox 317 653 456 687; x_wconf 87' lang='lat' dir='ltr'><strong>prophetis</strong></span> <span class='ocrx_word' id='word_1_112' title='bbox 478 652 677 687; x_wconf 60' lang='lat' dir='ltr'><strong>[Egyptioruun</strong></span> <span class='ocrx_word' id='word_1_113' title='bbox 691 662 700 679; x_wconf 81' lang='grc' dir='ltr'><strong>ι</strong></span> <span class='ocrx_word' id='word_1_114' title='bbox 719 653 826 680; x_wconf 87' lang='lat' dir='ltr'><strong>Plutar-</strong></span> 
     </span>
    </p>
   </div>
   <div class='ocr_carea' id='block_1_18' title="bbox 54 681 825 723">
    <p class='ocr_par' dir='ltr' id='par_1_18' title="bbox 54 681 825 723">
     <span class='ocr_line' id='line_1_18' title="bbox 54 681 825 723; baseline 0.003 -9"><span class='ocrx_word' id='word_1_115' title='bbox 54 681 103 715; x_wconf 72' lang='grc' dir='ltr'>ιιιιξ</span> <span class='ocrx_word' id='word_1_116' title='bbox 119 689 192 715; x_wconf 89' lang='lat' dir='ltr'><strong>hanc</strong></span> <span class='ocrx_word' id='word_1_117' title='bbox 215 681 466 723; x_wconf 58' lang='lat' dir='ltr'><strong>Clemeiitis&#39;nostri</strong></span> <span class='ocrx_word' id='word_1_118' title='bbox 480 681 648 723; x_wconf 44' lang='lat' dir='ltr'><strong>de‘Thaletis</strong></span> <span class='ocrx_word' id='word_1_119' title='bbox 662 696 723 716; x_wconf 90' lang='lat' dir='ltr'><strong>cum</strong></span> <span class='ocrx_word' id='word_1_120' title='bbox 739 688 825 723; x_wconf 66' lang='lat' dir='ltr'><strong>Egy-</strong></span> 
     </span>
    </p>
   </div>
   <div class='ocr_carea' id='block_1_19' title="bbox 50 722 824 758">
    <p class='ocr_par' dir='ltr' id='par_1_19' title="bbox 50 722 824 758">
     <span class='ocr_line' id='line_1_19' title="bbox 50 722 824 758; baseline 0.004 -10"><span class='ocrx_word' id='word_1_121' title='bbox 50 723 98 749; x_wconf 59' lang='lat' dir='ltr'><strong>itiis</strong></span> <span class='ocrx_word' id='word_1_122' title='bbox 106 730 260 757; x_wconf 80' lang='lat' dir='ltr'><strong>congressu</strong></span> <span class='ocrx_word' id='word_1_123' title='bbox 269 722 436 756; x_wconf 77' lang='lat' dir='ltr'><strong>Opinionem,</strong></span> <span class='ocrx_word' id='word_1_124' title='bbox 445 726 471 748; x_wconf 90' lang='lat' dir='ltr'><strong>et</strong></span> <span class='ocrx_word' id='word_1_125' title='bbox 483 722 551 756; x_wconf 89' lang='lat' dir='ltr'><strong>quod</strong></span> <span class='ocrx_word' id='word_1_126' title='bbox 564 722 598 748; x_wconf 90' lang='lat' dir='ltr'><strong>ab</strong></span> <span class='ocrx_word' id='word_1_127' title='bbox 610 722 654 749; x_wconf 90' lang='lat' dir='ltr'><strong>illo</strong></span> <span class='ocrx_word' id='word_1_128' title='bbox 663 724 695 750; x_wconf 89' lang='lat' dir='ltr'><strong>de</strong></span> <span class='ocrx_word' id='word_1_129' title='bbox 703 722 824 758; x_wconf 78' lang='lat' dir='ltr'><strong>ejusdem</strong></span> 
     </span>
    </p>
   </div>
   <div class='ocr_carea' id='block_1_20' title="bbox 50 757 824 792">
    <p class='ocr_par' dir='ltr' id='par_1_20' title="bbox 50 757 824 792">
     <span class='ocr_line' id='line_1_20' title="bbox 50 757 824 792; baseline 0.001 -8"><span class='ocrx_word' id='word_1_130' title='bbox 50 757 157 785; x_wconf 80' lang='lat' dir='ltr'><strong>‘halctis</strong></span> <span class='ocrx_word' id='word_1_131' title='bbox 170 758 260 791; x_wconf 84' lang='lat' dir='ltr'><strong>patria</strong></span> <span class='ocrx_word' id='word_1_132' title='bbox 279 762 306 784; x_wconf 92' lang='lat' dir='ltr'><strong>et</strong></span> <span class='ocrx_word' id='word_1_133' title='bbox 319 762 394 784; x_wconf 88' lang='lat' dir='ltr'><strong>secta</strong></span> <span class='ocrx_word' id='word_1_134' title='bbox 411 758 537 784; x_wconf 85' lang='lat' dir='ltr'><strong>traditum</strong></span> <span class='ocrx_word' id='word_1_135' title='bbox 549 762 601 790; x_wconf 89' lang='lat' dir='ltr'><strong>cst,</strong></span> <span class='ocrx_word' id='word_1_136' title='bbox 617 757 747 792; x_wconf 66' lang='lat' dir='ltr'><strong>prieclare</strong></span> <span class='ocrx_word' id='word_1_137' title='bbox 758 766 824 785; x_wconf 88' lang='lat' dir='ltr'><strong>con-</strong></span> 
     </span>
    </p>
   </div>
   <div class='ocr_carea' id='block_1_21' title="bbox 55 792 825 828">
    <p class='ocr_par' dir='ltr' id='par_1_21' title="bbox 55 792 825 828">
     <span class='ocr_line' id='line_1_21' title="bbox 55 792 825 828; baseline 0.004 -10"><span class='ocrx_word' id='word_1_138' title='bbox 55 793 153 820; x_wconf 88' lang='lat' dir='ltr'><strong>rmavit</strong></span> <span class='ocrx_word' id='word_1_139' title='bbox 167 802 175 820; x_wconf 88' lang='lat'><strong>:</strong></span> <span class='ocrx_word' id='word_1_140' title='bbox 192 802 201 819; x_wconf 75' lang='grc' dir='ltr'><strong>ι</strong></span> <span class='ocrx_word' id='word_1_141' title='bbox 214 792 341 825; x_wconf 81' lang='lat' dir='ltr'><strong>Videtur,</strong></span> <span class='ocrx_word' id='word_1_142' title='bbox 358 793 486 828; x_wconf 45' lang='lat' dir='ltr'><strong>inquit)&quot;.</strong></span> <span class='ocrx_word' id='word_1_143' title='bbox 497 793 630 828; x_wconf 80' lang='lat' dir='ltr'><strong>princeps</strong></span> <span class='ocrx_word' id='word_1_144' title='bbox 647 793 825 828; x_wconf 77' lang='lat' dir='ltr'><strong>philosophia:</strong></span> 
     </span>
    </p>
   </div>
   <div class='ocr_carea' id='block_1_22' title="bbox 50 826 822 859">
    <p class='ocr_par' dir='ltr' id='par_1_22' title="bbox 50 826 822 859">
     <span class='ocr_line' id='line_1_22' title="bbox 50 826 822 859; baseline 0.004 -6"><span class='ocrx_word' id='word_1_145' title='bbox 50 828 78 854; x_wconf 78' lang='lat' dir='ltr'><strong>ie</strong></span> <span class='ocrx_word' id='word_1_146' title='bbox 90 828 190 859; x_wconf 89' lang='lat' dir='ltr'><strong>fuisse,</strong></span> <span class='ocrx_word' id='word_1_147' title='bbox 210 833 239 855; x_wconf 87' lang='lat' dir='ltr'><strong>et</strong></span> <span class='ocrx_word' id='word_1_148' title='bbox 253 828 288 854; x_wconf 85' lang='lat' dir='ltr'><strong>ab</strong></span> <span class='ocrx_word' id='word_1_149' title='bbox 305 835 338 854; x_wconf 91' lang='lat' dir='ltr'><strong>eo</strong></span> <span class='ocrx_word' id='word_1_150' title='bbox 353 832 428 855; x_wconf 90' lang='lat' dir='ltr'><strong>secta</strong></span> <span class='ocrx_word' id='word_1_151' title='bbox 446 826 536 853; x_wconf 83' lang='lat' dir='ltr'><strong>ionica</strong></span> <span class='ocrx_word' id='word_1_152' title='bbox 561 826 658 854; x_wconf 84' lang='lat' dir='ltr'><strong>nomen</strong></span> <span class='ocrx_word' id='word_1_153' title='bbox 676 826 822 856; x_wconf 50' lang='lat' dir='ltr'><strong>duxitl...&quot;</strong></span> 
     </span>
    </p>
   </div>
   <div class='ocr_carea' id='block_1_23' title="bbox 50 862 860 906">
    <p class='ocr_par' dir='ltr' id='par_1_23' title="bbox 50 862 860 906">
     <span class='ocr_line' id='line_1_23' title="bbox 50 862 860 906; baseline 0 0"><span class='ocrx_word' id='word_1_154' title='bbox 50 862 162 906; x_wconf 53' lang='lat' dir='ltr'><strong>lissm,&quot;</strong></span> <span class='ocrx_word' id='word_1_155' title='bbox 177 862 360 906; x_wconf 59' lang='grc' dir='ltr'><strong>ἱειέεειρψ</strong></span> <span class='ocrx_word' id='word_1_156' title='bbox 375 862 678 906; x_wconf 28' lang='grc' dir='ltr'><strong>Ριιίιοξρριιίφκορσξτθηι</strong></span> <span class='ocrx_word' id='word_1_157' title='bbox 694 863 821 906; x_wconf 44' lang='lat' dir='ltr'><strong>dedisset,</strong></span> <span class='ocrx_word' id='word_1_158' title='bbox 840 879 860 906; x_wconf 74' lang='grc' dir='ltr'>Β</span> 
     </span>
    </p>
   </div>
   <div class='ocr_carea' id='block_1_24' title="bbox 50 897 822 932">
    <p class='ocr_par' dir='ltr' id='par_1_24' title="bbox 50 897 822 932">
     <span class='ocr_line' id='line_1_24' title="bbox 50 897 822 932; baseline 0.001 -9"><span class='ocrx_word' id='word_1_159' title='bbox 50 897 152 924; x_wconf 88' lang='lat' dir='ltr'><strong>Iiletum</strong></span> <span class='ocrx_word' id='word_1_160' title='bbox 169 898 264 928; x_wconf 85' lang='lat' dir='ltr'><strong>rediit.</strong></span> <span class='ocrx_word' id='word_1_161' title='bbox 279 897 361 924; x_wconf 38' lang='lat' dir='ltr'><strong>&#39;wtate</strong></span> <span class='ocrx_word' id='word_1_162' title='bbox 373 898 428 932; x_wconf 87' lang='lat' dir='ltr'><strong>jam</strong></span> <span class='ocrx_word' id='word_1_163' title='bbox 442 897 578 932; x_wconf 77' lang='lat' dir='ltr'><strong>grandior.</strong></span> <span class='ocrx_word' id='word_1_164' title='bbox 591 907 600 923; x_wconf 78' lang='grc' dir='ltr'><strong>ι</strong></span> <span class='ocrx_word' id='word_1_165' title='bbox 612 898 719 924; x_wconf 72' lang='lat' dir='ltr'><strong>tiursus</strong></span> <span class='ocrx_word' id='word_1_166' title='bbox 732 903 822 926; x_wconf 85' lang='lat' dir='ltr'><strong>autem</strong></span> 
     </span>
    </p>
   </div>
   <div class='ocr_carea' id='block_1_25' title="bbox 53 931 824 964">
    <p class='ocr_par' dir='ltr' id='par_1_25' title="bbox 53 931 824 964">
     <span class='ocr_line' id='line_1_25' title="bbox 53 931 824 964; baseline 0.001 -5"><span class='ocrx_word' id='word_1_167' title='bbox 53 932 84 958; x_wconf 90' lang='lat' dir='ltr'><strong>lio</strong></span> <span class='ocrx_word' id='word_1_168' title='bbox 98 932 124 959; x_wconf 90' lang='lat' dir='ltr'><strong>in</strong></span> <span class='ocrx_word' id='word_1_169' title='bbox 148 932 221 959; x_wconf 92' lang='lat' dir='ltr'><strong>libro</strong></span> <span class='ocrx_word' id='word_1_170' title='bbox 235 933 278 959; x_wconf 71' lang='grc' dir='ltr'><strong>ἐς</strong></span> <span class='ocrx_word' id='word_1_171' title='bbox 295 941 305 958; x_wconf 80' lang='grc' dir='ltr'><strong>ι</strong></span> <span class='ocrx_word' id='word_1_172' title='bbox 319 931 484 959; x_wconf 69' lang='lat' dir='ltr'><strong>Exiltimant</strong></span> <span class='ocrx_word' id='word_1_173' title='bbox 504 931 662 964; x_wconf 85' lang='lat' dir='ltr'><strong>Homerum,</strong></span> <span class='ocrx_word' id='word_1_174' title='bbox 682 933 772 960; x_wconf 81' lang='lat' dir='ltr'><strong>itidem</strong></span> <span class='ocrx_word' id='word_1_175' title='bbox 795 938 824 961; x_wconf 95' lang='lat' dir='ltr'><strong>ut</strong></span> 
     </span>
    </p>
   </div>
   <div class='ocr_carea' id='block_1_26' title="bbox 50 967 821 1002">
    <p class='ocr_par' dir='ltr' id='par_1_26' title="bbox 50 967 821 1002">
     <span class='ocr_line' id='line_1_26' title="bbox 50 967 821 1002; baseline 0.003 -9"><span class='ocrx_word' id='word_1_176' title='bbox 50 967 185 999; x_wconf 82' lang='lat' dir='ltr'><strong>&#39;haletem,</strong></span> <span class='ocrx_word' id='word_1_177' title='bbox 202 967 238 994; x_wconf 87' lang='lat' dir='ltr'><strong>ab</strong></span> <span class='ocrx_word' id='word_1_178' title='bbox 259 967 397 1002; x_wconf 69' lang='lat' dir='ltr'><strong>Egyptiis</strong></span> <span class='ocrx_word' id='word_1_179' title='bbox 420 969 541 994; x_wconf 88' lang='lat' dir='ltr'><strong>doctum.</strong></span> <span class='ocrx_word' id='word_1_180' title='bbox 555 977 564 992; x_wconf 79' lang='grc' dir='ltr'><strong>ι</strong></span> <span class='ocrx_word' id='word_1_181' title='bbox 581 967 714 1001; x_wconf 73' lang='lat' dir='ltr'><strong>Iosephus</strong></span> <span class='ocrx_word' id='word_1_182' title='bbox 732 973 821 995; x_wconf 87' lang='lat' dir='ltr'><strong>autem</strong></span> 
     </span>
    </p>
   </div>
   <div class='ocr_carea' id='block_1_27' title="bbox 50 1002 822 1037">
    <p class='ocr_par' dir='ltr' id='par_1_27' title="bbox 50 1002 822 1037">
     <span class='ocr_line' id='line_1_27' title="bbox 50 1002 822 1037; baseline 0.003 -9"><span class='ocrx_word' id='word_1_183' title='bbox 50 1002 215 1030; x_wconf 87' lang='lat' dir='ltr'><strong>Jcommuni</strong></span> <span class='ocrx_word' id='word_1_184' title='bbox 239 1003 359 1030; x_wconf 91' lang='lat' dir='ltr'><strong>omnium</strong></span> <span class='ocrx_word' id='word_1_185' title='bbox 382 1009 518 1030; x_wconf 86' lang='lat' dir='ltr'><strong>consensu</strong></span> <span class='ocrx_word' id='word_1_186' title='bbox 541 1003 720 1037; x_wconf 82' lang='lat' dir='ltr'><strong>approbatum</strong></span> <span class='ocrx_word' id='word_1_187' title='bbox 737 1003 822 1030; x_wconf 75' lang='lat' dir='ltr'><strong>fuisse</strong></span> 
     </span>
    </p>
   </div>
   <div class='ocr_carea' id='block_1_28' title="bbox 54 1037 823 1071">
    <p class='ocr_par' dir='ltr' id='par_1_28' title="bbox 54 1037 823 1071">
     <span class='ocr_line' id='line_1_28' title="bbox 54 1037 823 1071; baseline 0.004 -9"><span class='ocrx_word' id='word_1_188' title='bbox 54 1038 101 1062; x_wconf 89' lang='lat' dir='ltr'><strong>aud</strong></span> <span class='ocrx_word' id='word_1_189' title='bbox 118 1037 279 1065; x_wconf 86' lang='lat' dir='ltr'><strong>dubitanter</strong></span> <span class='ocrx_word' id='word_1_190' title='bbox 293 1041 450 1065; x_wconf 84' lang='lat' dir='ltr'><strong>asseverat:</strong></span> <span class='ocrx_word' id='word_1_191' title='bbox 466 1045 475 1062; x_wconf 86' lang='grc'><strong>‹</strong></span> <span class='ocrx_word' id='word_1_192' title='bbox 487 1037 539 1064; x_wconf 81' lang='lat' dir='ltr'><strong>Sed</strong></span> <span class='ocrx_word' id='word_1_193' title='bbox 552 1042 578 1063; x_wconf 90' lang='lat' dir='ltr'><strong>et</strong></span> <span class='ocrx_word' id='word_1_194' title='bbox 591 1045 649 1069; x_wconf 85' lang='lat' dir='ltr'><strong>eos,</strong></span> <span class='ocrx_word' id='word_1_195' title='bbox 664 1038 710 1071; x_wconf 92' lang='lat' dir='ltr'><strong>qui</strong></span> <span class='ocrx_word' id='word_1_196' title='bbox 724 1039 757 1064; x_wconf 83' lang='lat' dir='ltr'><strong>de</strong></span> <span class='ocrx_word' id='word_1_197' title='bbox 766 1045 823 1065; x_wconf 73' lang='lat' dir='ltr'><strong>cos-</strong></span> 
     </span>
    </p>
   </div>
   <div class='ocr_carea' id='block_1_29' title="bbox 50 1072 821 1107">
    <p class='ocr_par' dir='ltr' id='par_1_29' title="bbox 50 1072 821 1107">
     <span class='ocr_line' id='line_1_29' title="bbox 50 1072 821 1107; baseline 0.006 -11"><span class='ocrx_word' id='word_1_198' title='bbox 50 1072 144 1098; x_wconf 61' lang='lat' dir='ltr'><strong>;stihus</strong></span> <span class='ocrx_word' id='word_1_199' title='bbox 162 1072 213 1106; x_wconf 91' lang='lat' dir='ltr'><strong>(ita</strong></span> <span class='ocrx_word' id='word_1_200' title='bbox 240 1073 286 1100; x_wconf 89' lang='lat' dir='ltr'><strong>ille</strong></span> <span class='ocrx_word' id='word_1_201' title='bbox 311 1072 484 1107; x_wconf 78' lang='lat' dir='ltr'><strong>loquitur&quot;)</strong></span> <span class='ocrx_word' id='word_1_202' title='bbox 513 1079 545 1099; x_wconf 86' lang='lat' dir='ltr'><strong>ac</strong></span> <span class='ocrx_word' id='word_1_203' title='bbox 571 1072 669 1099; x_wconf 90' lang='lat' dir='ltr'><strong>divinis</strong></span> <span class='ocrx_word' id='word_1_204' title='bbox 695 1073 821 1106; x_wconf 83' lang='lat' dir='ltr'><strong>primitus</strong></span> 
     </span>
    </p>
   </div>
   <div class='ocr_carea' id='block_1_30' title="bbox 53 1106 820 1142">
    <p class='ocr_par' dir='ltr' id='par_1_30' title="bbox 53 1106 820 1142">
     <span class='ocr_line' id='line_1_30' title="bbox 53 1106 820 1142; baseline 0.004 -10"><span class='ocrx_word' id='word_1_205' title='bbox 53 1107 102 1138; x_wconf 87' lang='lat' dir='ltr'><strong>pud</strong></span> <span class='ocrx_word' id='word_1_206' title='bbox 118 1106 232 1135; x_wconf 61' lang='lat' dir='ltr'><strong>Graecos</strong></span> <span class='ocrx_word' id='word_1_207' title='bbox 246 1113 308 1135; x_wconf 91' lang='lat' dir='ltr'><strong>sunt</strong></span> <span class='ocrx_word' id='word_1_208' title='bbox 321 1107 512 1142; x_wconf 73' lang='lat' dir='ltr'><strong>philosophati,</strong></span> <span class='ocrx_word' id='word_1_209' title='bbox 530 1107 555 1133; x_wconf 94' lang='lat' dir='ltr'><strong>id</strong></span> <span class='ocrx_word' id='word_1_210' title='bbox 571 1112 624 1140; x_wconf 72' lang='lat' dir='ltr'><strong>est,</strong></span> <span class='ocrx_word' id='word_1_211' title='bbox 637 1107 820 1142; x_wconf 86' lang='lat' dir='ltr'><strong>Pherecydem</strong></span> 
     </span>
    </p>
   </div>
   <div class='ocr_carea' id='block_1_31' title="bbox 50 1141 822 1178">
    <p class='ocr_par' dir='ltr' id='par_1_31' title="bbox 50 1141 822 1178">
     <span class='ocr_line' id='line_1_31' title="bbox 50 1141 822 1178; baseline 0.005 -12"><span class='ocrx_word' id='word_1_212' title='bbox 50 1142 152 1178; x_wconf 69' lang='lat' dir='ltr'><strong>lyr-ium,</strong></span> <span class='ocrx_word' id='word_1_213' title='bbox 167 1148 200 1178; x_wconf 20' lang='lat' dir='ltr'><strong>iet</strong></span> <span class='ocrx_word' id='word_1_214' title='bbox 218 1141 410 1178; x_wconf 67' lang='lat' dir='ltr'><strong>Pythagoram.</strong></span> <span class='ocrx_word' id='word_1_215' title='bbox 427 1141 460 1169; x_wconf 18' lang='lat' dir='ltr'><strong>iet</strong></span> <span class='ocrx_word' id='word_1_216' title='bbox 481 1141 618 1178; x_wconf 80' lang='lat' dir='ltr'><strong>Thaletem</strong></span> <span class='ocrx_word' id='word_1_217' title='bbox 639 1141 747 1169; x_wconf 65' lang='lat' dir='ltr'><strong>omnes</strong></span> <span class='ocrx_word' id='word_1_218' title='bbox 759 1151 822 1170; x_wconf 92' lang='lat' dir='ltr'><strong>cou-</strong></span> 
     </span>
    </p>
   </div>
   <div class='ocr_carea' id='block_1_32' title="bbox 51 1177 820 1212">
    <p class='ocr_par' dir='ltr' id='par_1_32' title="bbox 51 1177 820 1212">
     <span class='ocr_line' id='line_1_32' title="bbox 51 1177 820 1212; baseline 0.005 -11"><span class='ocrx_word' id='word_1_219' title='bbox 51 1177 150 1203; x_wconf 80' lang='lat' dir='ltr'><strong>orditer</strong></span> <span class='ocrx_word' id='word_1_220' title='bbox 163 1177 287 1205; x_wconf 84' lang='lat' dir='ltr'><strong>fatentur</strong></span> <span class='ocrx_word' id='word_1_221' title='bbox 298 1178 486 1212; x_wconf 60' lang='lat' dir='ltr'><strong>[Egyptiorum</strong></span> <span class='ocrx_word' id='word_1_222' title='bbox 500 1181 526 1204; x_wconf 87' lang='lat' dir='ltr'><strong>et</strong></span> <span class='ocrx_word' id='word_1_223' title='bbox 537 1177 723 1204; x_wconf 72' lang='lat' dir='ltr'><strong>Chaldzeornm</strong></span> <span class='ocrx_word' id='word_1_224' title='bbox 737 1177 820 1205; x_wconf 87' lang='lat' dir='ltr'><strong>fuisse</strong></span> 
     </span>
    </p>
   </div>
   <div class='ocr_carea' id='block_1_33' title="bbox 56 1212 820 1246">
    <p class='ocr_par' dir='ltr' id='par_1_33' title="bbox 56 1212 820 1246">
     <span class='ocr_line' id='line_1_33' title="bbox 56 1212 820 1246; baseline 0.005 -9"><span class='ocrx_word' id='word_1_225' title='bbox 56 1212 188 1246; x_wconf 89' lang='lat' dir='ltr'><strong>iscipulos,</strong></span> <span class='ocrx_word' id='word_1_226' title='bbox 208 1217 236 1239; x_wconf 91' lang='lat' dir='ltr'><strong>et</strong></span> <span class='ocrx_word' id='word_1_227' title='bbox 258 1213 380 1240; x_wconf 87' lang='lat' dir='ltr'><strong>breviter</strong></span> <span class='ocrx_word' id='word_1_228' title='bbox 401 1212 597 1245; x_wconf 85' lang='lat' dir='ltr'><strong>conscripsisse</strong></span> <span class='ocrx_word' id='word_1_229' title='bbox 614 1219 673 1246; x_wconf 64' lang='lat' dir='ltr'><strong>qua:</strong></span> <span class='ocrx_word' id='word_1_230' title='bbox 689 1221 702 1238; x_wconf 68' lang='grc' dir='ltr'><strong>ιι</strong></span> <span class='ocrx_word' id='word_1_231' title='bbox 719 1212 820 1241; x_wconf 65' lang='lat' dir='ltr'><strong>Graecis</strong></span> 
     </span>
    </p>
   </div>
   <div class='ocr_carea' id='block_1_34' title="bbox 50 1247 819 1282">
    <p class='ocr_par' dir='ltr' id='par_1_34' title="bbox 50 1247 819 1282">
     <span class='ocr_line' id='line_1_34' title="bbox 50 1247 819 1282; baseline 0.004 -9"><span class='ocrx_word' id='word_1_232' title='bbox 50 1247 151 1273; x_wconf 61' lang='lat' dir='ltr'><strong>imnium</strong></span> <span class='ocrx_word' id='word_1_233' title='bbox 176 1248 371 1282; x_wconf 82' lang='lat' dir='ltr'><strong>antiquissima</strong></span> <span class='ocrx_word' id='word_1_234' title='bbox 389 1247 558 1281; x_wconf 89' lang='lat' dir='ltr'><strong>judicantur,</strong></span> <span class='ocrx_word' id='word_1_235' title='bbox 584 1247 667 1275; x_wconf 86' lang='lat' dir='ltr'><strong>itaut</strong></span> <span class='ocrx_word' id='word_1_236' title='bbox 689 1248 733 1273; x_wconf 85' lang='lat' dir='ltr'><strong>vix</strong></span> <span class='ocrx_word' id='word_1_237' title='bbox 761 1255 819 1276; x_wconf 88' lang='lat' dir='ltr'><strong>cre-</strong></span> 
     </span>
    </p>
   </div>
   <div class='ocr_carea' id='block_1_35' title="bbox 53 1282 819 1316">
    <p class='ocr_par' dir='ltr' id='par_1_35' title="bbox 53 1282 819 1316">
     <span class='ocr_line' id='line_1_35' title="bbox 53 1282 819 1316; baseline 0.007 -11"><span class='ocrx_word' id='word_1_238' title='bbox 53 1288 96 1307; x_wconf 71' lang='lat' dir='ltr'><strong>ani.</strong></span> <span class='ocrx_word' id='word_1_239' title='bbox 111 1282 145 1309; x_wconf 85' lang='lat' dir='ltr'><strong>ab</strong></span> <span class='ocrx_word' id='word_1_240' title='bbox 162 1282 217 1309; x_wconf 90' lang='lat' dir='ltr'><strong>illis</strong></span> <span class='ocrx_word' id='word_1_241' title='bbox 236 1283 321 1310; x_wconf 64' lang='lat' dir='ltr'><strong>fuiSs-e</strong></span> <span class='ocrx_word' id='word_1_242' title='bbox 336 1282 498 1315; x_wconf 86' lang='lat' dir='ltr'><strong>conscripta.</strong></span> <span class='ocrx_word' id='word_1_243' title='bbox 513 1292 521 1308; x_wconf 88' lang='grc' dir='ltr'><strong>ι</strong></span> <span class='ocrx_word' id='word_1_244' title='bbox 541 1282 574 1308; x_wconf 90' lang='lat' dir='ltr'><strong>Et</strong></span> <span class='ocrx_word' id='word_1_245' title='bbox 592 1286 621 1308; x_wconf 91' lang='lat' dir='ltr'><strong>ut</strong></span> <span class='ocrx_word' id='word_1_246' title='bbox 638 1283 729 1316; x_wconf 88' lang='lat' dir='ltr'><strong>plures</strong></span> <span class='ocrx_word' id='word_1_247' title='bbox 747 1283 772 1309; x_wconf 94' lang='lat' dir='ltr'><strong>in</strong></span> <span class='ocrx_word' id='word_1_248' title='bbox 790 1291 819 1311; x_wconf 86' lang='lat' dir='ltr'><strong>re</strong></span> 
     </span>
    </p>
   </div>
   <div class='ocr_carea' id='block_1_36' title="bbox 53 1317 818 1351">
    <p class='ocr_par' dir='ltr' id='par_1_36' title="bbox 53 1317 818 1351">
     <span class='ocr_line' id='line_1_36' title="bbox 53 1317 818 1351; baseline 0.003 -9"><span class='ocrx_word' id='word_1_249' title='bbox 53 1318 203 1349; x_wconf 51' lang='lat' dir='ltr'><strong>pv-rtissima</strong></span> <span class='ocrx_word' id='word_1_250' title='bbox 219 1318 288 1345; x_wconf 87' lang='lat' dir='ltr'><strong>alios</strong></span> <span class='ocrx_word' id='word_1_251' title='bbox 304 1323 385 1345; x_wconf 80' lang='lat' dir='ltr'><strong>testes</strong></span> <span class='ocrx_word' id='word_1_252' title='bbox 402 1318 571 1349; x_wconf 81' lang='lat' dir='ltr'><strong>omittamus,</strong></span> <span class='ocrx_word' id='word_1_253' title='bbox 588 1317 700 1351; x_wconf 75' lang='lat' dir='ltr'><strong>ipsemet</strong></span> <span class='ocrx_word' id='word_1_254' title='bbox 719 1317 818 1345; x_wconf 85' lang='lat' dir='ltr'><strong>Thales</strong></span> 
     </span>
    </p>
   </div>
   <div class='ocr_carea' id='block_1_37' title="bbox 50 1352 817 1388">
    <p class='ocr_par' dir='ltr' id='par_1_37' title="bbox 50 1352 817 1388">
     <span class='ocr_line' id='line_1_37' title="bbox 50 1352 817 1388; baseline 0.004 -11"><span class='ocrx_word' id='word_1_255' title='bbox 50 1359 130 1388; x_wconf 76' lang='lat' dir='ltr'><strong>asua</strong></span> <span class='ocrx_word' id='word_1_256' title='bbox 142 1353 174 1379; x_wconf 89' lang='lat' dir='ltr'><strong>ad</strong></span> <span class='ocrx_word' id='word_1_257' title='bbox 192 1352 374 1388; x_wconf 73' lang='lat' dir='ltr'><strong>Phrrecydem</strong></span> <span class='ocrx_word' id='word_1_258' title='bbox 394 1352 519 1388; x_wconf 83' lang='lat' dir='ltr'><strong>epistola,</strong></span> <span class='ocrx_word' id='word_1_259' title='bbox 535 1360 615 1388; x_wconf 76' lang='lat' dir='ltr'><strong>quam</strong></span> <span class='ocrx_word' id='word_1_260' title='bbox 630 1352 755 1379; x_wconf 82' lang='lat' dir='ltr'><strong>Laertius</strong></span> <span class='ocrx_word' id='word_1_261' title='bbox 772 1361 817 1380; x_wconf 85' lang='lat' dir='ltr'><strong>ex-</strong></span> 
     </span>
    </p>
   </div>
   <div class='ocr_carea' id='block_1_38' title="bbox 50 1386 818 1421">
    <p class='ocr_par' dir='ltr' id='par_1_38' title="bbox 50 1386 818 1421">
     <span class='ocr_line' id='line_1_38' title="bbox 50 1386 818 1421; baseline 0.005 -10"><span class='ocrx_word' id='word_1_262' title='bbox 50 1386 116 1417; x_wconf 74' lang='lat' dir='ltr'><strong>ubet,</strong></span> <span class='ocrx_word' id='word_1_263' title='bbox 126 1387 182 1414; x_wconf 69' lang='lat' dir='ltr'><strong>haec</strong></span> <span class='ocrx_word' id='word_1_264' title='bbox 194 1386 339 1421; x_wconf 65' lang='lat' dir='ltr'><strong>scripsiése</strong></span> <span class='ocrx_word' id='word_1_265' title='bbox 351 1386 436 1414; x_wconf 80' lang='lat' dir='ltr'><strong>fertur</strong></span> <span class='ocrx_word' id='word_1_266' title='bbox 445 1387 466 1403; x_wconf 87' lang='grc'>³⁰</span> <span class='ocrx_word' id='word_1_267' title='bbox 479 1395 486 1414; x_wconf 91' lang='lat'><strong>:</strong></span> <span class='ocrx_word' id='word_1_268' title='bbox 501 1396 509 1412; x_wconf 88' lang='grc' dir='ltr'><strong>ι</strong></span> <span class='ocrx_word' id='word_1_269' title='bbox 523 1387 612 1421; x_wconf 77' lang='lat' dir='ltr'><strong>Neque</strong></span> <span class='ocrx_word' id='word_1_270' title='bbox 622 1387 688 1414; x_wconf 87' lang='lat' dir='ltr'><strong>adeo</strong></span> <span class='ocrx_word' id='word_1_271' title='bbox 697 1394 818 1415; x_wconf 79' lang='lat' dir='ltr'><strong>amentes</strong></span> 
     </span>
    </p>
   </div>
   <div class='ocr_carea' id='block_1_39' title="bbox 54 1421 816 1454">
    <p class='ocr_par' dir='ltr' id='par_1_39' title="bbox 54 1421 816 1454">
     <span class='ocr_line' id='line_1_39' title="bbox 54 1421 816 1454; baseline 0.003 -6"><span class='ocrx_word' id='word_1_272' title='bbox 54 1428 57 1444; x_wconf 77' lang='grc' dir='ltr'><strong>ί</strong></span> <span class='ocrx_word' id='word_1_273' title='bbox 78 1421 164 1449; x_wconf 82' lang='lat' dir='ltr'><strong>stolidi</strong></span> <span class='ocrx_word' id='word_1_274' title='bbox 182 1431 277 1450; x_wconf 88' lang='lat' dir='ltr'><strong>sumus</strong></span> <span class='ocrx_word' id='word_1_275' title='bbox 294 1431 353 1454; x_wconf 71' lang='lat' dir='ltr'><strong>ego,</strong></span> <span class='ocrx_word' id='word_1_276' title='bbox 370 1428 397 1449; x_wconf 88' lang='lat' dir='ltr'><strong>et</strong></span> <span class='ocrx_word' id='word_1_277' title='bbox 412 1422 494 1450; x_wconf 88' lang='lat' dir='ltr'><strong>Solon</strong></span> <span class='ocrx_word' id='word_1_278' title='bbox 511 1422 695 1454; x_wconf 80' lang='lat' dir='ltr'><strong>Atheniensis,</strong></span> <span class='ocrx_word' id='word_1_279' title='bbox 712 1427 740 1448; x_wconf 91' lang='lat' dir='ltr'><strong>ut</strong></span> <span class='ocrx_word' id='word_1_280' title='bbox 756 1431 816 1450; x_wconf 78' lang='lat' dir='ltr'><strong>runt</strong></span> 
     </span>
    </p>
   </div>
   <div class='ocr_carea' id='block_1_40' title="bbox 50 1456 817 1494">
    <p class='ocr_par' dir='ltr' id='par_1_40' title="bbox 50 1456 817 1494">
     <span class='ocr_line' id='line_1_40' title="bbox 50 1456 817 1494; baseline 0.003 -13"><span class='ocrx_word' id='word_1_281' title='bbox 50 1456 137 1490; x_wconf 30' lang='lat' dir='ltr'><strong>lavigio</strong></span> <span class='ocrx_word' id='word_1_282' title='bbox 154 1457 265 1485; x_wconf 78' lang='lat' dir='ltr'><strong>Cretam</strong></span> <span class='ocrx_word' id='word_1_283' title='bbox 295 1459 464 1494; x_wconf 74' lang='lat' dir='ltr'><strong>petierimus,</strong></span> <span class='ocrx_word' id='word_1_284' title='bbox 492 1457 599 1494; x_wconf 80' lang='lat' dir='ltr'><strong>visendi</strong></span> <span class='ocrx_word' id='word_1_285' title='bbox 618 1458 716 1491; x_wconf 74' lang='lat' dir='ltr'><strong>gratia,</strong></span> <span class='ocrx_word' id='word_1_286' title='bbox 733 1457 817 1494; x_wconf 68' lang='lat' dir='ltr'><strong>Ajlgy-</strong></span> 
     </span>
    </p>
   </div>
   <div class='ocr_carea' id='block_1_41' title="bbox 55 1491 815 1528">
    <p class='ocr_par' dir='ltr' id='par_1_41' title="bbox 55 1491 815 1528">
     <span class='ocr_line' id='line_1_41' title="bbox 55 1491 815 1528; baseline 0.005 -12"><span class='ocrx_word' id='word_1_287' title='bbox 55 1495 160 1526; x_wconf 86' lang='lat' dir='ltr'><strong>lumque</strong></span> <span class='ocrx_word' id='word_1_288' title='bbox 179 1493 272 1520; x_wconf 86' lang='lat' dir='ltr'><strong>itidem</strong></span> <span class='ocrx_word' id='word_1_289' title='bbox 292 1491 538 1528; x_wconf 79' lang='lat' dir='ltr'><strong>penetraverinius,</strong></span> <span class='ocrx_word' id='word_1_290' title='bbox 549 1497 578 1518; x_wconf 91' lang='lat' dir='ltr'><strong>ut</strong></span> <span class='ocrx_word' id='word_1_291' title='bbox 593 1491 654 1518; x_wconf 82' lang='lat' dir='ltr'><strong>istic</strong></span> <span class='ocrx_word' id='word_1_292' title='bbox 664 1491 815 1520; x_wconf 84' lang='lat' dir='ltr'><strong>sacerdoti-</strong></span> 
     </span>
    </p>
   </div>
   <div class='ocr_carea' id='block_1_42' title="bbox 53 1527 814 1562">
    <p class='ocr_par' dir='ltr' id='par_1_42' title="bbox 53 1527 814 1562">
     <span class='ocr_line' id='line_1_42' title="bbox 53 1527 814 1562; baseline 0.003 -10"><span class='ocrx_word' id='word_1_293' title='bbox 53 1534 81 1552; x_wconf 77' lang='lat' dir='ltr'><strong>us</strong></span> <span class='ocrx_word' id='word_1_294' title='bbox 95 1533 122 1562; x_wconf 81' lang='lat' dir='ltr'><strong>et</strong></span> <span class='ocrx_word' id='word_1_295' title='bbox 144 1527 310 1555; x_wconf 85' lang='lat' dir='ltr'><strong>astronomis</strong></span> <span class='ocrx_word' id='word_1_296' title='bbox 326 1528 562 1562; x_wconf 72' lang='lat' dir='ltr'><strong>congrederentur,</strong></span> <span class='ocrx_word' id='word_1_297' title='bbox 581 1527 613 1553; x_wconf 78' lang='lat' dir='ltr'><strong>ad</strong></span> <span class='ocrx_word' id='word_1_298' title='bbox 637 1531 662 1553; x_wconf 90' lang='lat' dir='ltr'><strong>lc</strong></span> <span class='ocrx_word' id='word_1_299' title='bbox 686 1535 739 1554; x_wconf 85' lang='lat' dir='ltr'><strong>non</strong></span> <span class='ocrx_word' id='word_1_300' title='bbox 757 1529 814 1562; x_wconf 85' lang='lat' dir='ltr'><strong>pari</strong></span> 
     </span>
    </p>
   </div>
   <div class='ocr_carea' id='block_1_43' title="bbox 50 1553 849 1598">
    <p class='ocr_par' dir='ltr' id='par_1_43' title="bbox 50 1553 849 1598">
     <span class='ocr_line' id='line_1_43' title="bbox 50 1553 849 1598; baseline 0.005 -12"><span class='ocrx_word' id='word_1_301' title='bbox 50 1553 496 1598; x_wconf 20' lang='grc' dir='ltr'>ιιιιιιονιιειιέιῖιίιὲιθειἱιὶιιξξἱβεζι</span> <span class='ocrx_word' id='word_1_302' title='bbox 515 1563 536 1588; x_wconf 91' lang='lat' dir='ltr'><strong>si</strong></span> <span class='ocrx_word' id='word_1_303' title='bbox 554 1553 738 1598; x_wconf 19' lang='lat' dir='ltr'><strong>luecrepistola</strong></span> <span class='ocrx_word' id='word_1_304' title='bbox 754 1553 813 1595; x_wconf 66' lang='lat' dir='ltr'><strong>filii,</strong></span> <span class='ocrx_word' id='word_1_305' title='bbox 829 1553 849 1581; x_wconf 69' lang='grc' dir='ltr'>ο</span> 
     </span>
    </p>
   </div>
   <div class='ocr_carea' id='block_1_44' title="bbox 50 1596 812 1631">
    <p class='ocr_par' dir='ltr' id='par_1_44' title="bbox 50 1596 812 1631">
     <span class='ocr_line' id='line_1_44' title="bbox 50 1596 812 1631; baseline 0.001 -9"><span class='ocrx_word' id='word_1_306' title='bbox 50 1600 62 1620; x_wconf 74' lang='lat' dir='ltr'><strong>lt</strong></span> <span class='ocrx_word' id='word_1_307' title='bbox 87 1596 246 1631; x_wconf 70' lang='lat' dir='ltr'><strong>quibusdam</strong></span> <span class='ocrx_word' id='word_1_308' title='bbox 274 1599 350 1630; x_wconf 89' lang='lat' dir='ltr'><strong>aliis,</strong></span> <span class='ocrx_word' id='word_1_309' title='bbox 380 1596 486 1624; x_wconf 85' lang='lat' dir='ltr'><strong>&#39;l‘haleti</strong></span> <span class='ocrx_word' id='word_1_310' title='bbox 517 1597 653 1630; x_wconf 86' lang='lat' dir='ltr'><strong>supposita</strong></span> <span class='ocrx_word' id='word_1_311' title='bbox 677 1597 812 1631; x_wconf 86' lang='lat' dir='ltr'><strong>videatur,</strong></span> 
     </span>
    </p>
   </div>
   <div class='ocr_carea' id='block_1_45' title="bbox 51 1630 814 1666">
    <p class='ocr_par' dir='ltr' id='par_1_45' title="bbox 51 1630 814 1666">
     <span class='ocr_line' id='line_1_45' title="bbox 51 1630 814 1666; baseline 0.005 -10"><span class='ocrx_word' id='word_1_312' title='bbox 51 1635 106 1666; x_wconf 81' lang='lat' dir='ltr'><strong>erte</strong></span> <span class='ocrx_word' id='word_1_313' title='bbox 127 1630 234 1659; x_wconf 72' lang='lat' dir='ltr'><strong>Laertia</strong></span> <span class='ocrx_word' id='word_1_314' title='bbox 250 1633 330 1660; x_wconf 88' lang='lat' dir='ltr'><strong>fidem</strong></span> <span class='ocrx_word' id='word_1_315' title='bbox 355 1632 469 1659; x_wconf 74' lang='lat' dir='ltr'><strong>fortasse</strong></span> <span class='ocrx_word' id='word_1_316' title='bbox 496 1641 547 1658; x_wconf 88' lang='lat' dir='ltr'><strong>non</strong></span> <span class='ocrx_word' id='word_1_317' title='bbox 568 1632 690 1666; x_wconf 78' lang='lat' dir='ltr'><strong>negabis,</strong></span> <span class='ocrx_word' id='word_1_318' title='bbox 708 1632 764 1659; x_wconf 73' lang='lat' dir='ltr'><strong>haec</strong></span> <span class='ocrx_word' id='word_1_319' title='bbox 780 1633 814 1660; x_wconf 85' lang='lat' dir='ltr'><strong>de</strong></span> 
     </span>
    </p>
   </div>
   <div class='ocr_carea' id='block_1_46' title="bbox 50 1664 813 1702">
    <p class='ocr_par' dir='ltr' id='par_1_46' title="bbox 50 1664 813 1702">
     <span class='ocr_line' id='line_1_46' title="bbox 50 1664 813 1702; baseline 0.004 -12"><span class='ocrx_word' id='word_1_320' title='bbox 50 1664 143 1694; x_wconf 75' lang='lat' dir='ltr'><strong>&#39;halete</strong></span> <span class='ocrx_word' id='word_1_321' title='bbox 170 1668 270 1694; x_wconf 82' lang='lat' dir='ltr'><strong>iterum</strong></span> <span class='ocrx_word' id='word_1_322' title='bbox 302 1668 431 1695; x_wconf 86' lang='lat' dir='ltr'><strong>scribenti</strong></span> <span class='ocrx_word' id='word_1_323' title='bbox 447 1668 468 1683; x_wconf 85' lang='grc'><strong>³¹</strong></span> <span class='ocrx_word' id='word_1_324' title='bbox 487 1677 493 1694; x_wconf 90' lang='lat'>:</span> <span class='ocrx_word' id='word_1_325' title='bbox 515 1675 523 1691; x_wconf 72' lang='grc' dir='ltr'><strong>ι</strong></span> <span class='ocrx_word' id='word_1_326' title='bbox 537 1664 615 1693; x_wconf 80' lang='lat' dir='ltr'><strong>Nullo</strong></span> <span class='ocrx_word' id='word_1_327' title='bbox 645 1672 813 1702; x_wconf 64' lang='lat' dir='ltr'><strong>princeptore</strong></span> 
     </span>
    </p>
   </div>
   <div class='ocr_carea' id='block_1_47' title="bbox 53 1702 812 1737">
    <p class='ocr_par' dir='ltr' id='par_1_47' title="bbox 53 1702 812 1737">
     <span class='ocr_line' id='line_1_47' title="bbox 53 1702 812 1737; baseline 0.007 -12"><span class='ocrx_word' id='word_1_328' title='bbox 53 1708 94 1726; x_wconf 81' lang='lat' dir='ltr'><strong>sus</strong></span> <span class='ocrx_word' id='word_1_329' title='bbox 108 1708 158 1733; x_wconf 84' lang='lat' dir='ltr'><strong>cst.</strong></span> <span class='ocrx_word' id='word_1_330' title='bbox 176 1703 229 1729; x_wconf 90' lang='lat' dir='ltr'><strong>nisi</strong></span> <span class='ocrx_word' id='word_1_331' title='bbox 247 1704 317 1737; x_wconf 90' lang='lat' dir='ltr'><strong>quod</strong></span> <span class='ocrx_word' id='word_1_332' title='bbox 334 1702 467 1737; x_wconf 75' lang='lat' dir='ltr'><strong>ASgyptiis</strong></span> <span class='ocrx_word' id='word_1_333' title='bbox 484 1702 681 1736; x_wconf 82' lang='lat' dir='ltr'><strong>sacerdotibus,</strong></span> <span class='ocrx_word' id='word_1_334' title='bbox 701 1710 734 1729; x_wconf 90' lang='lat' dir='ltr'><strong>eo</strong></span> <span class='ocrx_word' id='word_1_335' title='bbox 748 1711 812 1737; x_wconf 86' lang='lat' dir='ltr'><strong>pro-</strong></span> 
     </span>
    </p>
   </div>
   <div class='ocr_carea' id='block_1_48' title="bbox 50 1737 477 1769">
    <p class='ocr_par' dir='ltr' id='par_1_48' title="bbox 50 1737 477 1769">
     <span class='ocr_line' id='line_1_48' title="bbox 50 1737 477 1769; baseline 0.007 -9"><span class='ocrx_word' id='word_1_336' title='bbox 50 1740 125 1769; x_wconf 78' lang='lat' dir='ltr'><strong>:ctus,</strong></span> <span class='ocrx_word' id='word_1_337' title='bbox 143 1737 316 1765; x_wconf 66' lang='lat' dir='ltr'><strong>familiariter</strong></span> <span class='ocrx_word' id='word_1_338' title='bbox 332 1739 455 1765; x_wconf 73' lang='lat' dir='ltr'><strong>adluesit.</strong></span> <span class='ocrx_word' id='word_1_339' title='bbox 468 1746 477 1762; x_wconf 79' lang='grc' dir='ltr'><strong>ι</strong></span> 
     </span>
    </p>
   </div>
   <div class='ocr_carea' id='block_1_49' title="bbox 69 1770 812 1807">
    <p class='ocr_par' dir='ltr' id='par_1_49' title="bbox 69 1770 812 1807">
     <span class='ocr_line' id='line_1_49' title="bbox 69 1770 812 1807; baseline 0.004 -10"><span class='ocrx_word' id='word_1_340' title='bbox 69 1770 173 1805; x_wconf 88' lang='lat' dir='ltr'><strong>Verum,</strong></span> <span class='ocrx_word' id='word_1_341' title='bbox 189 1773 297 1807; x_wconf 80' lang='lat' dir='ltr'><strong>inquiet</strong></span> <span class='ocrx_word' id='word_1_342' title='bbox 309 1773 417 1807; x_wconf 77' lang='lat' dir='ltr'><strong>aliquis,</strong></span> <span class='ocrx_word' id='word_1_343' title='bbox 436 1775 485 1800; x_wconf 84' lang='lat' dir='ltr'><strong>cur</strong></span> <span class='ocrx_word' id='word_1_344' title='bbox 500 1771 545 1799; x_wconf 89' lang='lat' dir='ltr'><strong>ille</strong></span> <span class='ocrx_word' id='word_1_345' title='bbox 559 1771 617 1806; x_wconf 85' lang='lat' dir='ltr'><strong>ipse</strong></span> <span class='ocrx_word' id='word_1_346' title='bbox 629 1772 728 1799; x_wconf 88' lang='lat' dir='ltr'><strong>Thales</strong></span> <span class='ocrx_word' id='word_1_347' title='bbox 746 1781 755 1798; x_wconf 76' lang='grc' dir='ltr'><strong>ι</strong></span> <span class='ocrx_word' id='word_1_348' title='bbox 768 1781 812 1800; x_wconf 92' lang='lat' dir='ltr'><strong>so-</strong></span> 
     </span>
    </p>
   </div>
   <div class='ocr_carea' id='block_1_50' title="bbox 51 1807 807 1844">
    <p class='ocr_par' dir='ltr' id='par_1_50' title="bbox 51 1807 807 1844">
     <span class='ocr_line' id='line_1_50' title="bbox 51 1807 807 1844; baseline 0.001 -11"><span class='ocrx_word' id='word_1_349' title='bbox 51 1812 90 1844; x_wconf 78' lang='lat' dir='ltr'><strong>IS_._</strong></span> <span class='ocrx_word' id='word_1_350' title='bbox 99 1807 185 1840; x_wconf 80' lang='grc' dir='ltr'><strong>μόνος,</strong></span> <span class='ocrx_word' id='word_1_351' title='bbox 197 1815 258 1844; x_wconf 82' lang='lat' dir='ltr'><strong>cum</strong></span> <span class='ocrx_word' id='word_1_352' title='bbox 270 1808 460 1844; x_wconf 63' lang='lat' dir='ltr'><strong>Egyptioruin</strong></span> <span class='ocrx_word' id='word_1_353' title='bbox 477 1808 615 1844; x_wconf 80' lang='lat' dir='ltr'><strong>prophetis</strong></span> <span class='ocrx_word' id='word_1_354' title='bbox 630 1815 807 1844; x_wconf 69' lang='lat' dir='ltr'><strong>congressus»</strong></span> 
     </span>
    </p>
   </div>
   <div class='ocr_carea' id='block_1_51' title="bbox 63 1840 810 1878">
    <p class='ocr_par' dir='ltr' id='par_1_51' title="bbox 63 1840 810 1878">
     <span class='ocr_line' id='line_1_51' title="bbox 63 1840 810 1878; baseline 0.007 -12"><span class='ocrx_word' id='word_1_355' title='bbox 63 1840 199 1870; x_wconf 86' lang='lat' dir='ltr'><strong>Clemente</strong></span> <span class='ocrx_word' id='word_1_356' title='bbox 216 1840 333 1876; x_wconf 43' lang='lat' dir='ltr'><strong>dicitur?</strong></span> <span class='ocrx_word' id='word_1_357' title='bbox 342 1840 565 1878; x_wconf 74' lang='lat' dir='ltr'><strong>quandoquidem</strong></span> <span class='ocrx_word' id='word_1_358' title='bbox 580 1842 624 1869; x_wconf 92' lang='lat' dir='ltr'><strong>ille</strong></span> <span class='ocrx_word' id='word_1_359' title='bbox 641 1840 706 1877; x_wconf 80' lang='lat' dir='ltr'><strong>ipse,</strong></span> <span class='ocrx_word' id='word_1_360' title='bbox 722 1849 750 1869; x_wconf 92' lang='lat' dir='ltr'><strong>et</strong></span> <span class='ocrx_word' id='word_1_361' title='bbox 766 1845 810 1871; x_wconf 88' lang='lat' dir='ltr'><strong>alii</strong></span> 
     </span>
    </p>
   </div>
   <div class='ocr_carea' id='block_1_52' title="bbox 52 1878 812 1912">
    <p class='ocr_par' dir='ltr' id='par_1_52' title="bbox 52 1878 812 1912">
     <span class='ocr_line' id='line_1_52' title="bbox 52 1878 812 1912; baseline 0.005 -10"><span class='ocrx_word' id='word_1_362' title='bbox 52 1883 135 1910; x_wconf 68' lang='grc' dir='ltr'><strong>παιςηο,</strong></span> <span class='ocrx_word' id='word_1_363' title='bbox 152 1884 182 1905; x_wconf 92' lang='lat' dir='ltr'><strong>ut</strong></span> <span class='ocrx_word' id='word_1_364' title='bbox 208 1878 336 1912; x_wconf 86' lang='lat' dir='ltr'><strong>vidimus,</strong></span> <span class='ocrx_word' id='word_1_365' title='bbox 354 1886 466 1905; x_wconf 84' lang='lat' dir='ltr'><strong>numero</strong></span> <span class='ocrx_word' id='word_1_366' title='bbox 484 1882 510 1905; x_wconf 87' lang='lat' dir='ltr'><strong>et</strong></span> <span class='ocrx_word' id='word_1_367' title='bbox 525 1884 659 1904; x_wconf 84' lang='lat' dir='ltr'><strong>consensu</strong></span> <span class='ocrx_word' id='word_1_368' title='bbox 683 1884 812 1906; x_wconf 82' lang='lat' dir='ltr'><strong>constan-</strong></span> 
     </span>
    </p>
   </div>
   <div class='ocr_carea' id='block_1_53' title="bbox 55 1913 809 1947">
    <p class='ocr_par' dir='ltr' id='par_1_53' title="bbox 55 1913 809 1947">
     <span class='ocr_line' id='line_1_53' title="bbox 55 1913 809 1947; baseline 0.007 -11"><span class='ocrx_word' id='word_1_369' title='bbox 55 1918 131 1947; x_wconf 64' lang='lat' dir='ltr'><strong>ssnne</strong></span> <span class='ocrx_word' id='word_1_370' title='bbox 155 1913 327 1940; x_wconf 89' lang='lat' dir='ltr'><strong>tradiderunt</strong></span> <span class='ocrx_word' id='word_1_371' title='bbox 350 1913 418 1941; x_wconf 90' lang='lat' dir='ltr'><strong>alios</strong></span> <span class='ocrx_word' id='word_1_372' title='bbox 442 1913 617 1947; x_wconf 83' lang='lat' dir='ltr'><strong>quamplures</strong></span> <span class='ocrx_word' id='word_1_373' title='bbox 648 1913 755 1940; x_wconf 86' lang='lat' dir='ltr'><strong>venisse</strong></span> <span class='ocrx_word' id='word_1_374' title='bbox 781 1915 809 1941; x_wconf 93' lang='lat' dir='ltr'><strong>in</strong></span> 
     </span>
    </p>
   </div>
   <div class='ocr_carea' id='block_1_54' title="bbox 50 1944 807 1983">
    <p class='ocr_par' dir='ltr' id='par_1_54' title="bbox 50 1944 807 1983">
     <span class='ocr_line' id='line_1_54' title="bbox 50 1944 807 1983; baseline 0.003 -10"><span class='ocrx_word' id='word_1_375' title='bbox 50 1944 183 1980; x_wconf 68' lang='lat' dir='ltr'><strong>Egyptum,</strong></span> <span class='ocrx_word' id='word_1_376' title='bbox 201 1954 281 1983; x_wconf 89' lang='lat' dir='ltr'><strong>atque</strong></span> <span class='ocrx_word' id='word_1_377' title='bbox 297 1949 333 1976; x_wconf 90' lang='lat' dir='ltr'><strong>ibi</strong></span> <span class='ocrx_word' id='word_1_378' title='bbox 349 1956 410 1976; x_wconf 92' lang='lat' dir='ltr'><strong>cum</strong></span> <span class='ocrx_word' id='word_1_379' title='bbox 426 1944 559 1982; x_wconf 63' lang='lat' dir='ltr'><strong>Egyptiis</strong></span> <span class='ocrx_word' id='word_1_380' title='bbox 574 1952 700 1983; x_wconf 87' lang='lat' dir='ltr'><strong>versatos</strong></span> <span class='ocrx_word' id='word_1_381' title='bbox 718 1948 807 1982; x_wconf 85' lang='lat' dir='ltr'><strong>philo-</strong></span> 
     </span>
    </p>
   </div>
   <div class='ocr_carea' id='block_1_55' title="bbox 50 1982 807 2018">
    <p class='ocr_par' dir='ltr' id='par_1_55' title="bbox 50 1982 807 2018">
     <span class='ocr_line' id='line_1_55' title="bbox 50 1982 807 2018; baseline 0.007 -12"><span class='ocrx_word' id='word_1_382' title='bbox 50 1982 198 2018; x_wconf 62' lang='lat' dir='ltr'><strong>iiphicisque</strong></span> <span class='ocrx_word' id='word_1_383' title='bbox 223 1982 340 2010; x_wconf 85' lang='lat' dir='ltr'><strong>imbutos</strong></span> <span class='ocrx_word' id='word_1_384' title='bbox 368 1983 453 2010; x_wconf 84' lang='lat' dir='ltr'><strong>fuisse</strong></span> <span class='ocrx_word' id='word_1_385' title='bbox 473 1982 596 2010; x_wconf 84' lang='lat' dir='ltr'><strong>scientiis</strong></span> <span class='ocrx_word' id='word_1_386' title='bbox 618 1990 650 2009; x_wconf 89' lang='lat' dir='ltr'><strong>ac</strong></span> <span class='ocrx_word' id='word_1_387' title='bbox 665 1983 807 2011; x_wconf 88' lang='lat' dir='ltr'><strong>doctrinis.</strong></span> 
     </span>
    </p>
   </div>
   <div class='ocr_carea' id='block_1_56' title="bbox 55 2018 807 2052">
    <p class='ocr_par' dir='ltr' id='par_1_56' title="bbox 55 2018 807 2052">
     <span class='ocr_line' id='line_1_56' title="bbox 55 2018 807 2052; baseline 0.008 -12"><span class='ocrx_word' id='word_1_388' title='bbox 55 2023 123 2043; x_wconf 84' lang='lat' dir='ltr'><strong>crum</strong></span> <span class='ocrx_word' id='word_1_389' title='bbox 140 2020 185 2052; x_wconf 91' lang='lat' dir='ltr'><strong>qui</strong></span> <span class='ocrx_word' id='word_1_390' title='bbox 208 2019 265 2045; x_wconf 59' lang='lat' dir='ltr'><strong>hate</strong></span> <span class='ocrx_word' id='word_1_391' title='bbox 280 2018 422 2052; x_wconf 80' lang='lat' dir='ltr'><strong>obiecerit,</strong></span> <span class='ocrx_word' id='word_1_392' title='bbox 439 2018 571 2049; x_wconf 90' lang='lat' dir='ltr'><strong>animum,</strong></span> <span class='ocrx_word' id='word_1_393' title='bbox 590 2025 693 2052; x_wconf 59' lang='lat' dir='ltr'><strong>quaaso,</strong></span> <span class='ocrx_word' id='word_1_394' title='bbox 710 2019 807 2046; x_wconf 85' lang='lat' dir='ltr'><strong>adver-</strong></span> 
     </span>
    </p>
   </div>
   <div class='ocr_carea' id='block_1_57' title="bbox 50 2052 808 2087">
    <p class='ocr_par' dir='ltr' id='par_1_57' title="bbox 50 2052 808 2087">
     <span class='ocr_line' id='line_1_57' title="bbox 50 2052 808 2087; baseline 0.009 -13"><span class='ocrx_word' id='word_1_395' title='bbox 50 2054 68 2076; x_wconf 80' lang='grc' dir='ltr'><strong>ιι</strong></span> <span class='ocrx_word' id='word_1_396' title='bbox 83 2053 230 2080; x_wconf 77' lang='lat' dir='ltr'><strong>verisimile</strong></span> <span class='ocrx_word' id='word_1_397' title='bbox 247 2061 358 2087; x_wconf 87' lang='lat' dir='ltr'><strong>prorsus</strong></span> <span class='ocrx_word' id='word_1_398' title='bbox 375 2062 428 2080; x_wconf 92' lang='lat' dir='ltr'><strong>nou</strong></span> <span class='ocrx_word' id='word_1_399' title='bbox 444 2053 528 2080; x_wconf 90' lang='lat' dir='ltr'><strong>videri</strong></span> <span class='ocrx_word' id='word_1_400' title='bbox 544 2052 722 2086; x_wconf 72' lang='lat' dir='ltr'><strong>Clementem,</strong></span> <span class='ocrx_word' id='word_1_401' title='bbox 741 2055 808 2081; x_wconf 87' lang='lat' dir='ltr'><strong>adeo</strong></span> 
     </span>
    </p>
   </div>
   <div class='ocr_carea' id='block_1_58' title="bbox 50 2086 808 2123">
    <p class='ocr_par' dir='ltr' id='par_1_58' title="bbox 50 2086 808 2123">
     <span class='ocr_line' id='line_1_58' title="bbox 50 2086 808 2123; baseline 0.009 -14"><span class='ocrx_word' id='word_1_402' title='bbox 50 2086 158 2123; x_wconf 78' lang='lat' dir='ltr'><strong>raditum</strong></span> <span class='ocrx_word' id='word_1_403' title='bbox 174 2094 203 2116; x_wconf 87' lang='lat' dir='ltr'><strong>et</strong></span> <span class='ocrx_word' id='word_1_404' title='bbox 227 2086 410 2123; x_wconf 81' lang='lat' dir='ltr'><strong>perspicacem</strong></span> <span class='ocrx_word' id='word_1_405' title='bbox 436 2089 534 2120; x_wconf 91' lang='lat' dir='ltr'><strong>virum,</strong></span> <span class='ocrx_word' id='word_1_406' title='bbox 555 2092 594 2114; x_wconf 91' lang='lat' dir='ltr'><strong>tot</strong></span> <span class='ocrx_word' id='word_1_407' title='bbox 616 2092 808 2123; x_wconf 82' lang='lat' dir='ltr'><strong>tantorumque</strong></span> 
     </span>
    </p>
   </div>
   <div class='ocr_carea' id='block_1_59' title="bbox 51 2121 808 2158">
    <p class='ocr_par' dir='ltr' id='par_1_59' title="bbox 51 2121 808 2158">
     <span class='ocr_line' id='line_1_59' title="bbox 51 2121 808 2158; baseline 0.008 -13"><span class='ocrx_word' id='word_1_408' title='bbox 51 2121 161 2158; x_wconf 81' lang='lat' dir='ltr'><strong>ominum</strong></span> <span class='ocrx_word' id='word_1_409' title='bbox 174 2121 297 2158; x_wconf 82' lang='lat' dir='ltr'><strong>opinioni</strong></span> <span class='ocrx_word' id='word_1_410' title='bbox 311 2129 338 2150; x_wconf 90' lang='lat' dir='ltr'><strong>et</strong></span> <span class='ocrx_word' id='word_1_411' title='bbox 354 2123 514 2158; x_wconf 89' lang='lat' dir='ltr'><strong>sibimetipsi</strong></span> <span class='ocrx_word' id='word_1_412' title='bbox 536 2128 588 2149; x_wconf 89' lang='lat' dir='ltr'><strong>tam</strong></span> <span class='ocrx_word' id='word_1_413' title='bbox 609 2123 726 2150; x_wconf 87' lang='lat' dir='ltr'><strong>absurde</strong></span> <span class='ocrx_word' id='word_1_414' title='bbox 743 2121 808 2151; x_wconf 82' lang='lat' dir='ltr'><strong>con-</strong></span> 
     </span>
    </p>
   </div>
   <div class='ocr_carea' id='block_1_60' title="bbox 50 2156 807 2194">
    <p class='ocr_par' dir='ltr' id='par_1_60' title="bbox 50 2156 807 2194">
     <span class='ocr_line' id='line_1_60' title="bbox 50 2156 807 2194; baseline 0.009 -14"><span class='ocrx_word' id='word_1_415' title='bbox 50 2156 177 2185; x_wconf 81' lang='lat' dir='ltr'><strong>&#39;adixisse.</strong></span> <span class='ocrx_word' id='word_1_416' title='bbox 192 2156 273 2187; x_wconf 73' lang='lat' dir='ltr'><strong>Nobis</strong></span> <span class='ocrx_word' id='word_1_417' title='bbox 289 2159 379 2194; x_wconf 77' lang='lat' dir='ltr'><strong>itaque</strong></span> <span class='ocrx_word' id='word_1_418' title='bbox 397 2156 482 2186; x_wconf 72' lang='lat' dir='ltr'><strong>facile</strong></span> <span class='ocrx_word' id='word_1_419' title='bbox 503 2158 711 2193; x_wconf 85' lang='lat' dir='ltr'><strong>persuadebitnr</strong></span> <span class='ocrx_word' id='word_1_420' title='bbox 735 2158 807 2187; x_wconf 90' lang='lat' dir='ltr'><strong>hanc</strong></span> 
     </span>
    </p>
   </div>
   <div class='ocr_carea' id='block_1_61' title="bbox 50 2193 807 2228">
    <p class='ocr_par' dir='ltr' id='par_1_61' title="bbox 50 2193 807 2228">
     <span class='ocr_line' id='line_1_61' title="bbox 50 2193 807 2228; baseline 0.001 -8"><span class='ocrx_word' id='word_1_421' title='bbox 50 2197 116 2228; x_wconf 74' lang='lat' dir='ltr'><strong>006m</strong></span> <span class='ocrx_word' id='word_1_422' title='bbox 133 2194 213 2228; x_wconf 82' lang='grc' dir='ltr'><strong>μόνος</strong></span> <span class='ocrx_word' id='word_1_423' title='bbox 239 2194 322 2221; x_wconf 76' lang='lat' dir='ltr'><strong>textui</strong></span> <span class='ocrx_word' id='word_1_424' title='bbox 337 2193 402 2228; x_wconf 70' lang='lat' dir='ltr'><strong>ejus</strong></span> <span class='ocrx_word' id='word_1_425' title='bbox 421 2194 455 2221; x_wconf 88' lang='lat' dir='ltr'><strong>ab</strong></span> <span class='ocrx_word' id='word_1_426' title='bbox 472 2193 562 2227; x_wconf 90' lang='lat' dir='ltr'><strong>aliquo</strong></span> <span class='ocrx_word' id='word_1_427' title='bbox 577 2193 709 2220; x_wconf 86' lang='lat' dir='ltr'><strong>oscitante</strong></span> <span class='ocrx_word' id='word_1_428' title='bbox 724 2194 807 2221; x_wconf 90' lang='lat' dir='ltr'><strong>libra-</strong></span> 
     </span>
    </p>
   </div>
   <div class='ocr_carea' id='block_1_62' title="bbox 885 229 1671 268">
    <p class='ocr_par' dir='ltr' id='par_1_62' title="bbox 885 229 1671 268">
     <span class='ocr_line' id='line_1_62' title="bbox 885 229 1671 268; baseline -0.003 -7"><span class='ocrx_word' id='word_1_429' title='bbox 885 241 935 261; x_wconf 90' lang='lat' dir='ltr'><strong>nec</strong></span> <span class='ocrx_word' id='word_1_430' title='bbox 949 229 1071 268; x_wconf 77' lang='lat' dir='ltr'><strong>pluribus</strong></span> <span class='ocrx_word' id='word_1_431' title='bbox 1088 232 1178 259; x_wconf 88' lang='lat' dir='ltr'><strong>verbis</strong></span> <span class='ocrx_word' id='word_1_432' title='bbox 1195 231 1319 268; x_wconf 77' lang='lat' dir='ltr'><strong>Laertius</strong></span> <span class='ocrx_word' id='word_1_433' title='bbox 1330 231 1363 263; x_wconf 84' lang='grc'><strong>³⁸,</strong></span> <span class='ocrx_word' id='word_1_434' title='bbox 1378 229 1511 268; x_wconf 81' lang='lat' dir='ltr'><strong>Eusebius</strong></span> <span class='ocrx_word' id='word_1_435' title='bbox 1525 238 1589 258; x_wconf 92' lang='lat' dir='ltr'><strong>vero</strong></span> <span class='ocrx_word' id='word_1_436' title='bbox 1606 229 1671 268; x_wconf 56' lang='lat' dir='ltr'><strong>ohe;</strong></span> 
     </span>
    </p>
   </div>
   <div class='ocr_carea' id='block_1_63' title="bbox 885 265 1670 302">
    <p class='ocr_par' dir='ltr' id='par_1_63' title="bbox 885 265 1670 302">
     <span class='ocr_line' id='line_1_63' title="bbox 885 265 1670 302; baseline 0.001 -8"><span class='ocrx_word' id='word_1_437' title='bbox 885 265 1107 299; x_wconf 52' lang='lat' dir='ltr'><strong>rius-enarrat“;</strong></span> <span class='ocrx_word' id='word_1_438' title='bbox 1119 275 1222 302; x_wconf 86' lang='lat' dir='ltr'><strong>nosque</strong></span> <span class='ocrx_word' id='word_1_439' title='bbox 1236 267 1288 294; x_wconf 87' lang='lat' dir='ltr'><strong>hac</strong></span> <span class='ocrx_word' id='word_1_440' title='bbox 1297 266 1332 294; x_wconf 88' lang='lat' dir='ltr'><strong>de</strong></span> <span class='ocrx_word' id='word_1_441' title='bbox 1344 270 1418 294; x_wconf 86' lang='lat' dir='ltr'><strong>secta</strong></span> <span class='ocrx_word' id='word_1_442' title='bbox 1433 265 1545 301; x_wconf 82' lang='lat' dir='ltr'><strong>ejusque</strong></span> <span class='ocrx_word' id='word_1_443' title='bbox 1557 267 1670 295; x_wconf 85' lang='lat' dir='ltr'><strong>asseclis</strong></span> 
     </span>
    </p>
   </div>
   <div class='ocr_carea' id='block_1_64' title="bbox 884 303 1174 337">
    <p class='ocr_par' dir='ltr' id='par_1_64' title="bbox 884 303 1174 337">
     <span class='ocr_line' id='line_1_64' title="bbox 884 303 1174 337; baseline -0.007 -7"><span class='ocrx_word' id='word_1_444' title='bbox 884 303 948 330; x_wconf 86' lang='lat' dir='ltr'><strong>alibi</strong></span> <span class='ocrx_word' id='word_1_445' title='bbox 966 303 1174 337; x_wconf 86' lang='lat' dir='ltr'><strong>disputavimus.</strong></span> 
     </span>
    </p>
   </div>
   <div class='ocr_carea' id='block_1_65' title="bbox 918 335 1668 371">
    <p class='ocr_par' dir='ltr' id='par_1_65' title="bbox 918 335 1668 371">
     <span class='ocr_line' id='line_1_65' title="bbox 918 335 1668 371; baseline -0.001 -6"><span class='ocrx_word' id='word_1_446' title='bbox 918 338 988 371; x_wconf 84' lang='lat' dir='ltr'><strong>Quid</strong></span> <span class='ocrx_word' id='word_1_447' title='bbox 1008 335 1074 364; x_wconf 79' lang='lat' dir='ltr'><strong>vero</strong></span> <span class='ocrx_word' id='word_1_448' title='bbox 1096 338 1168 371; x_wconf 89' lang='lat' dir='ltr'><strong>quod</strong></span> <span class='ocrx_word' id='word_1_449' title='bbox 1190 336 1287 364; x_wconf 75' lang='lat' dir='ltr'><strong>ionica:</strong></span> <span class='ocrx_word' id='word_1_450' title='bbox 1308 343 1402 368; x_wconf 63' lang='lat' dir='ltr'><strong>musae,</strong></span> <span class='ocrx_word' id='word_1_451' title='bbox 1424 335 1506 367; x_wconf 86' lang='grc' dir='ltr'>Ἰάδες</span> <span class='ocrx_word' id='word_1_452' title='bbox 1524 335 1633 371; x_wconf 83' lang='grc' dir='ltr'><strong>μοῦσαι,</strong></span> <span class='ocrx_word' id='word_1_453' title='bbox 1652 344 1668 364; x_wconf 86' lang='lat' dir='ltr'><strong>a</strong></span> 
     </span>
    </p>
   </div>
   <div class='ocr_carea' id='block_1_66' title="bbox 883 371 1667 407">
    <p class='ocr_par' dir='ltr' id='par_1_66' title="bbox 883 371 1667 407">
     <span class='ocr_line' id='line_1_66' title="bbox 883 371 1667 407; baseline -0.001 -7"><span class='ocrx_word' id='word_1_454' title='bbox 883 373 1021 400; x_wconf 87' lang='lat' dir='ltr'><strong>Clemente</strong></span> <span class='ocrx_word' id='word_1_455' title='bbox 1045 372 1244 399; x_wconf 72' lang='lat' dir='ltr'><strong>laudantur“?</strong></span> <span class='ocrx_word' id='word_1_456' title='bbox 1264 371 1317 398; x_wconf 87' lang='lat' dir='ltr'><strong>Sed</strong></span> <span class='ocrx_word' id='word_1_457' title='bbox 1343 379 1467 407; x_wconf 68' lang='lat' dir='ltr'><strong>quaenam</strong></span> <span class='ocrx_word' id='word_1_458' title='bbox 1484 371 1535 400; x_wconf 76' lang='lat' dir='ltr'><strong>an:</strong></span> <span class='ocrx_word' id='word_1_459' title='bbox 1554 372 1667 407; x_wconf 75' lang='lat' dir='ltr'><strong>fuerint,</strong></span> 
     </span>
    </p>
   </div>
   <div class='ocr_carea' id='block_1_67' title="bbox 883 406 1666 440">
    <p class='ocr_par' dir='ltr' id='par_1_67' title="bbox 883 406 1666 440">
     <span class='ocr_line' id='line_1_67' title="bbox 883 406 1666 440; baseline -0.001 -5"><span class='ocrx_word' id='word_1_460' title='bbox 883 408 983 435; x_wconf 90' lang='lat' dir='ltr'><strong>fatetur</strong></span> <span class='ocrx_word' id='word_1_461' title='bbox 992 408 1124 435; x_wconf 87' lang='lat' dir='ltr'><strong>Hervetus</strong></span> <span class='ocrx_word' id='word_1_462' title='bbox 1135 407 1186 434; x_wconf 88' lang='lat' dir='ltr'><strong>sibi</strong></span> <span class='ocrx_word' id='word_1_463' title='bbox 1199 415 1251 434; x_wconf 88' lang='lat' dir='ltr'><strong>non</strong></span> <span class='ocrx_word' id='word_1_464' title='bbox 1264 407 1347 433; x_wconf 84' lang='lat' dir='ltr'><strong>fuisse</strong></span> <span class='ocrx_word' id='word_1_465' title='bbox 1354 406 1537 440; x_wconf 72' lang='lat' dir='ltr'><strong>exploratum.</strong></span> <span class='ocrx_word' id='word_1_466' title='bbox 1551 406 1666 439; x_wconf 84' lang='lat' dir='ltr'><strong>Quidam</strong></span> 
     </span>
    </p>
   </div>
   <div class='ocr_carea' id='block_1_68' title="bbox 881 438 1667 477">
    <p class='ocr_par' dir='ltr' id='par_1_68' title="bbox 881 438 1667 477">
     <span class='ocr_line' id='line_1_68' title="bbox 881 438 1667 477; baseline -0.001 -7"><span class='ocrx_word' id='word_1_467' title='bbox 881 451 946 470; x_wconf 88' lang='lat' dir='ltr'><strong>veru</strong></span> <span class='ocrx_word' id='word_1_468' title='bbox 958 447 1052 477; x_wconf 89' lang='lat' dir='ltr'><strong>putant</strong></span> <span class='ocrx_word' id='word_1_469' title='bbox 1063 450 1096 469; x_wconf 88' lang='lat' dir='ltr'><strong>eo</strong></span> <span class='ocrx_word' id='word_1_470' title='bbox 1112 443 1221 477; x_wconf 85' lang='lat' dir='ltr'><strong>nomine</strong></span> <span class='ocrx_word' id='word_1_471' title='bbox 1230 442 1280 469; x_wconf 89' lang='lat' dir='ltr'><strong>hos</strong></span> <span class='ocrx_word' id='word_1_472' title='bbox 1290 438 1480 468; x_wconf 58' lang='lat' dir='ltr'><strong>loniéaa&#39;sectae</strong></span> <span class='ocrx_word' id='word_1_473' title='bbox 1491 438 1667 476; x_wconf 76' lang='lat' dir='ltr'><strong>philosophos</strong></span> 
     </span>
    </p>
   </div>
   <div class='ocr_carea' id='block_1_69' title="bbox 882 476 1664 513">
    <p class='ocr_par' dir='ltr' id='par_1_69' title="bbox 882 476 1664 513">
     <span class='ocr_line' id='line_1_69' title="bbox 882 476 1664 513; baseline -0.004 -8"><span class='ocrx_word' id='word_1_474' title='bbox 882 476 1040 513; x_wconf 71' lang='lat' dir='ltr'><strong>significari.</strong></span> <span class='ocrx_word' id='word_1_475' title='bbox 1066 477 1121 505; x_wconf 86' lang='lat' dir='ltr'><strong>Nec</strong></span> <span class='ocrx_word' id='word_1_476' title='bbox 1147 476 1262 513; x_wconf 81' lang='lat' dir='ltr'><strong>forsitan</strong></span> <span class='ocrx_word' id='word_1_477' title='bbox 1283 484 1353 503; x_wconf 88' lang='lat' dir='ltr'><strong>vana</strong></span> <span class='ocrx_word' id='word_1_478' title='bbox 1372 483 1487 513; x_wconf 84' lang='lat' dir='ltr'><strong>prorsus</strong></span> <span class='ocrx_word' id='word_1_479' title='bbox 1511 481 1664 513; x_wconf 72' lang='lat' dir='ltr'><strong>esteorum</strong></span> 
     </span>
    </p>
   </div>
   <div class='ocr_carea' id='block_1_70' title="bbox 881 511 1667 548">
    <p class='ocr_par' dir='ltr' id='par_1_70' title="bbox 881 511 1667 548">
     <span class='ocr_line' id='line_1_70' title="bbox 881 511 1667 548; baseline -0.003 -8"><span class='ocrx_word' id='word_1_480' title='bbox 881 511 1051 548; x_wconf 84' lang='lat' dir='ltr'><strong>conjectura.</strong></span> <span class='ocrx_word' id='word_1_481' title='bbox 1066 512 1183 548; x_wconf 83' lang='lat' dir='ltr'><strong>Tametsi</strong></span> <span class='ocrx_word' id='word_1_482' title='bbox 1199 512 1271 548; x_wconf 85' lang='lat' dir='ltr'><strong>enim</strong></span> <span class='ocrx_word' id='word_1_483' title='bbox 1298 512 1348 538; x_wconf 86' lang='lat' dir='ltr'><strong>hoc</strong></span> <span class='ocrx_word' id='word_1_484' title='bbox 1371 511 1430 545; x_wconf 87' lang='lat' dir='ltr'><strong>ipso</strong></span> <span class='ocrx_word' id='word_1_485' title='bbox 1452 511 1560 538; x_wconf 92' lang='lat' dir='ltr'><strong>nomine</strong></span> <span class='ocrx_word' id='word_1_486' title='bbox 1575 511 1667 548; x_wconf 66' lang='lat' dir='ltr'><strong>poesis</strong></span> 
     </span>
    </p>
   </div>
   <div class='ocr_carea' id='block_1_71' title="bbox 881 546 1664 582">
    <p class='ocr_par' dir='ltr' id='par_1_71' title="bbox 881 546 1664 582">
     <span class='ocr_line' id='line_1_71' title="bbox 881 546 1664 582; baseline -0.001 -8"><span class='ocrx_word' id='word_1_487' title='bbox 881 554 907 574; x_wconf 88' lang='lat' dir='ltr'><strong>et</strong></span> <span class='ocrx_word' id='word_1_488' title='bbox 926 546 1028 576; x_wconf 84' lang='lat' dir='ltr'><strong>musica</strong></span> <span class='ocrx_word' id='word_1_489' title='bbox 1045 547 1181 582; x_wconf 76' lang='lat' dir='ltr'><strong>designari</strong></span> <span class='ocrx_word' id='word_1_490' title='bbox 1205 547 1340 579; x_wconf 84' lang='lat' dir='ltr'><strong>videatur,</strong></span> <span class='ocrx_word' id='word_1_491' title='bbox 1357 549 1579 582; x_wconf 11' lang='lat' dir='ltr'><strong>constatqt‘amen</strong></span> <span class='ocrx_word' id='word_1_492' title='bbox 1596 546 1664 582; x_wconf 86' lang='lat' dir='ltr'><strong>illud</strong></span> 
     </span>
    </p>
   </div>
   <div class='ocr_carea' id='block_1_72' title="bbox 880 580 1666 617">
    <p class='ocr_par' dir='ltr' id='par_1_72' title="bbox 880 580 1666 617">
     <span class='ocr_line' id='line_1_72' title="bbox 880 580 1666 617; baseline 0 -8"><span class='ocrx_word' id='word_1_493' title='bbox 880 584 914 610; x_wconf 87' lang='lat' dir='ltr'><strong>ad</strong></span> <span class='ocrx_word' id='word_1_494' title='bbox 936 583 1063 610; x_wconf 86' lang='lat' dir='ltr'><strong>liberales</strong></span> <span class='ocrx_word' id='word_1_495' title='bbox 1079 580 1187 617; x_wconf 82' lang='lat' dir='ltr'><strong>quoque</strong></span> <span class='ocrx_word' id='word_1_496' title='bbox 1209 588 1281 609; x_wconf 85' lang='lat' dir='ltr'><strong>artes</strong></span> <span class='ocrx_word' id='word_1_497' title='bbox 1304 586 1331 608; x_wconf 89' lang='lat' dir='ltr'><strong>et</strong></span> <span class='ocrx_word' id='word_1_498' title='bbox 1348 580 1545 616; x_wconf 84' lang='lat' dir='ltr'><strong>philosophiam</strong></span> <span class='ocrx_word' id='word_1_499' title='bbox 1559 580 1666 616; x_wconf 78' lang='lat' dir='ltr'><strong>signiﬁ-</strong></span> 
     </span>
    </p>
   </div>
   <div class='ocr_carea' id='block_1_73' title="bbox 879 616 1431 651">
    <p class='ocr_par' dir='ltr' id='par_1_73' title="bbox 879 616 1431 651">
     <span class='ocr_line' id='line_1_73' title="bbox 879 616 1431 651; baseline -0.004 -7"><span class='ocrx_word' id='word_1_500' title='bbox 879 619 993 644; x_wconf 84' lang='lat' dir='ltr'><strong>candam</strong></span> <span class='ocrx_word' id='word_1_501' title='bbox 1009 616 1094 645; x_wconf 84' lang='lat' dir='ltr'><strong>fuisse</strong></span> <span class='ocrx_word' id='word_1_502' title='bbox 1108 616 1253 651; x_wconf 84' lang='lat' dir='ltr'><strong>aliquando</strong></span> <span class='ocrx_word' id='word_1_503' title='bbox 1270 616 1431 643; x_wconf 85' lang='lat' dir='ltr'><strong>adhibitum.</strong></span> 
     </span>
    </p>
   </div>
   <div class='ocr_carea' id='block_1_74' title="bbox 915 649 1663 688">
    <p class='ocr_par' dir='ltr' id='par_1_74' title="bbox 915 649 1663 688">
     <span class='ocr_line' id='line_1_74' title="bbox 915 649 1663 688; baseline -0.001 -9"><span class='ocrx_word' id='word_1_504' title='bbox 915 652 993 688; x_wconf 74' lang='lat'><strong>251</strong></span> <span class='ocrx_word' id='word_1_505' title='bbox 1015 649 1213 688; x_wconf 65' lang='lat' dir='ltr'><strong>Quidquid&#39;sit,</strong></span> <span class='ocrx_word' id='word_1_506' title='bbox 1230 651 1370 688; x_wconf 68' lang='lat' dir='ltr'><strong>perhibet_</strong></span> <span class='ocrx_word' id='word_1_507' title='bbox 1381 651 1506 688; x_wconf 79' lang='lat' dir='ltr'><strong>Clemens</strong></span> <span class='ocrx_word' id='word_1_508' title='bbox 1522 657 1556 688; x_wconf 74' lang='lat' dir='ltr'><strong>ex</strong></span> <span class='ocrx_word' id='word_1_509' title='bbox 1571 649 1663 688; x_wconf 71' lang='lat' dir='ltr'><strong>ionica</strong></span> 
     </span>
    </p>
   </div>
   <div class='ocr_carea' id='block_1_75' title="bbox 879 685 1663 722">
    <p class='ocr_par' dir='ltr' id='par_1_75' title="bbox 879 685 1663 722">
     <span class='ocr_line' id='line_1_75' title="bbox 879 685 1663 722; baseline -0.003 -7"><span class='ocrx_word' id='word_1_510' title='bbox 879 685 1128 722; x_wconf 50' lang='lat' dir='ltr'><strong>scéia&#39;p—roiluxisse</strong></span> <span class='ocrx_word' id='word_1_511' title='bbox 1142 685 1284 722; x_wconf 77' lang='lat' dir='ltr'><strong>Cynicam,</strong></span> <span class='ocrx_word' id='word_1_512' title='bbox 1298 686 1500 722; x_wconf 74' lang='lat' dir='ltr'><strong>Academicam,</strong></span> <span class='ocrx_word' id='word_1_513' title='bbox 1521 685 1663 722; x_wconf 80' lang='lat' dir='ltr'><strong>Peripate-</strong></span> 
     </span>
    </p>
   </div>
   <div class='ocr_carea' id='block_1_76' title="bbox 879 720 1664 755">
    <p class='ocr_par' dir='ltr' id='par_1_76' title="bbox 879 720 1664 755">
     <span class='ocr_line' id='line_1_76' title="bbox 879 720 1664 755; baseline -0.003 -6"><span class='ocrx_word' id='word_1_514' title='bbox 879 720 975 755; x_wconf 67' lang='lat' dir='ltr'><strong>ticam,</strong></span> <span class='ocrx_word' id='word_1_515' title='bbox 991 723 1122 750; x_wconf 86' lang='lat' dir='ltr'><strong>Stoicam.</strong></span> <span class='ocrx_word' id='word_1_516' title='bbox 1144 720 1183 749; x_wconf 84' lang='lat' dir='ltr'><strong>Ita</strong></span> <span class='ocrx_word' id='word_1_517' title='bbox 1204 723 1286 749; x_wconf 87' lang='lat' dir='ltr'><strong>etiam</strong></span> <span class='ocrx_word' id='word_1_518' title='bbox 1308 720 1476 752; x_wconf 75' lang='lat' dir='ltr'><strong>Laertius“.</strong></span> <span class='ocrx_word' id='word_1_519' title='bbox 1493 728 1574 755; x_wconf 84' lang='lat' dir='ltr'><strong>quem</strong></span> <span class='ocrx_word' id='word_1_520' title='bbox 1592 721 1664 747; x_wconf 85' lang='lat' dir='ltr'><strong>sicut</strong></span> 
     </span>
    </p>
   </div>
   <div class='ocr_carea' id='block_1_77' title="bbox 877 756 1662 792">
    <p class='ocr_par' dir='ltr' id='par_1_77' title="bbox 877 756 1662 792">
     <span class='ocr_line' id='line_1_77' title="bbox 877 756 1662 792; baseline -0.001 -8"><span class='ocrx_word' id='word_1_521' title='bbox 877 763 905 784; x_wconf 89' lang='lat' dir='ltr'><strong>et</strong></span> <span class='ocrx_word' id='word_1_522' title='bbox 914 759 1050 784; x_wconf 87' lang='lat' dir='ltr'><strong>variorum</strong></span> <span class='ocrx_word' id='word_1_523' title='bbox 1063 758 1089 784; x_wconf 93' lang='lat' dir='ltr'><strong>in</strong></span> <span class='ocrx_word' id='word_1_524' title='bbox 1100 757 1160 792; x_wconf 85' lang='lat' dir='ltr'><strong>ejus</strong></span> <span class='ocrx_word' id='word_1_525' title='bbox 1171 758 1273 792; x_wconf 90' lang='lat' dir='ltr'><strong>scripta</strong></span> <span class='ocrx_word' id='word_1_526' title='bbox 1285 756 1546 792; x_wconf 76' lang='lat' dir='ltr'><strong>animadversiones,</strong></span> <span class='ocrx_word' id='word_1_527' title='bbox 1555 763 1662 783; x_wconf 87' lang='lat' dir='ltr'><strong>necnon</strong></span> 
     </span>
    </p>
   </div>
   <div class='ocr_carea' id='block_1_78' title="bbox 877 790 1394 826">
    <p class='ocr_par' dir='ltr' id='par_1_78' title="bbox 877 790 1394 826">
     <span class='ocr_line' id='line_1_78' title="bbox 877 790 1394 826; baseline -0.006 -6"><span class='ocrx_word' id='word_1_528' title='bbox 877 797 905 820; x_wconf 91' lang='lat' dir='ltr'><strong>et</strong></span> <span class='ocrx_word' id='word_1_529' title='bbox 921 793 1044 820; x_wconf 89' lang='lat' dir='ltr'><strong>Vossium</strong></span> <span class='ocrx_word' id='word_1_530' title='bbox 1063 790 1137 819; x_wconf 85' lang='lat' dir='ltr'><strong>adire</strong></span> <span class='ocrx_word' id='word_1_531' title='bbox 1147 797 1172 819; x_wconf 92' lang='lat' dir='ltr'><strong>te</strong></span> <span class='ocrx_word' id='word_1_532' title='bbox 1187 790 1239 820; x_wconf 81' lang='lat' dir='ltr'><strong>non</strong></span> <span class='ocrx_word' id='word_1_533' title='bbox 1258 792 1348 826; x_wconf 80' lang='lat' dir='ltr'><strong>pigeat</strong></span> <span class='ocrx_word' id='word_1_534' title='bbox 1360 790 1394 818; x_wconf 80' lang='grc'><strong>³⁷.</strong></span> 
     </span>
    </p>
   </div>
   <div class='ocr_carea' id='block_1_79' title="bbox 912 825 1661 862">
    <p class='ocr_par' dir='ltr' id='par_1_79' title="bbox 912 825 1661 862">
     <span class='ocr_line' id='line_1_79' title="bbox 912 825 1661 862; baseline -0.001 -7"><span class='ocrx_word' id='word_1_535' title='bbox 912 828 947 855; x_wconf 83' lang='lat' dir='ltr'><strong>At</strong></span> <span class='ocrx_word' id='word_1_536' title='bbox 963 828 996 855; x_wconf 89' lang='lat' dir='ltr'><strong>de</strong></span> <span class='ocrx_word' id='word_1_537' title='bbox 1010 828 1043 855; x_wconf 91' lang='lat' dir='ltr'><strong>iis</strong></span> <span class='ocrx_word' id='word_1_538' title='bbox 1055 828 1177 862; x_wconf 68' lang='lat' dir='ltr'><strong>quredam</strong></span> <span class='ocrx_word' id='word_1_539' title='bbox 1192 832 1281 854; x_wconf 83' lang='lat' dir='ltr'><strong>tamen</strong></span> <span class='ocrx_word' id='word_1_540' title='bbox 1291 825 1531 861; x_wconf 32' lang='lat' dir='ltr'><strong>’przetereamcque</strong></span> <span class='ocrx_word' id='word_1_541' title='bbox 1546 825 1661 854; x_wconf 80' lang='lat' dir='ltr'><strong>forsitan</strong></span> 
     </span>
    </p>
   </div>
   <div class='ocr_carea' id='block_1_80' title="bbox 876 862 1659 893">
    <p class='ocr_par' dir='ltr' id='par_1_80' title="bbox 876 862 1659 893">
     <span class='ocr_line' id='line_1_80' title="bbox 876 862 1659 893; baseline -0.003 -4"><span class='ocrx_word' id='word_1_542' title='bbox 876 863 989 890; x_wconf 83' lang='lat' dir='ltr'><strong>omnino</strong></span> <span class='ocrx_word' id='word_1_543' title='bbox 1011 863 1153 893; x_wconf 90' lang='lat' dir='ltr'><strong>inutiliter,</strong></span> <span class='ocrx_word' id='word_1_544' title='bbox 1179 871 1194 889; x_wconf 87' lang='lat' dir='ltr'><strong>a</strong></span> <span class='ocrx_word' id='word_1_545' title='bbox 1221 863 1299 889; x_wconf 90' lang='lat' dir='ltr'><strong>nobis</strong></span> <span class='ocrx_word' id='word_1_546' title='bbox 1324 862 1562 889; x_wconf 81' lang='lat' dir='ltr'><strong>animadvertenda</strong></span> <span class='ocrx_word' id='word_1_547' title='bbox 1586 862 1659 888; x_wconf 76' lang='lat' dir='ltr'><strong>sunt”.</strong></span> 
     </span>
    </p>
   </div>
   <div class='ocr_carea' id='block_1_81' title="bbox 875 895 1660 930">
    <p class='ocr_par' dir='ltr' id='par_1_81' title="bbox 875 895 1660 930">
     <span class='ocr_line' id='line_1_81' title="bbox 875 895 1660 930; baseline -0.003 -6"><span class='ocrx_word' id='word_1_548' title='bbox 875 897 1015 925; x_wconf 83' lang='lat' dir='ltr'><strong>Testatum</strong></span> <span class='ocrx_word' id='word_1_549' title='bbox 1031 898 1103 925; x_wconf 90' lang='lat' dir='ltr'><strong>enim</strong></span> <span class='ocrx_word' id='word_1_550' title='bbox 1116 897 1242 924; x_wconf 86' lang='lat' dir='ltr'><strong>Clemens</strong></span> <span class='ocrx_word' id='word_1_551' title='bbox 1257 896 1323 923; x_wconf 85' lang='lat' dir='ltr'><strong>facit</strong></span> <span class='ocrx_word' id='word_1_552' title='bbox 1334 897 1520 930; x_wconf 78' lang='lat' dir='ltr'><strong>Anaxagoram</strong></span> <span class='ocrx_word' id='word_1_553' title='bbox 1535 904 1567 922; x_wconf 84' lang='lat' dir='ltr'><strong>ex</strong></span> <span class='ocrx_word' id='word_1_554' title='bbox 1585 895 1660 923; x_wconf 83' lang='lat' dir='ltr'><strong>lonia</strong></span> 
     </span>
    </p>
   </div>
   <div class='ocr_carea' id='block_1_82' title="bbox 874 931 1660 966">
    <p class='ocr_par' dir='ltr' id='par_1_82' title="bbox 874 931 1660 966">
     <span class='ocr_line' id='line_1_82' title="bbox 874 931 1660 966; baseline -0.001 -7"><span class='ocrx_word' id='word_1_555' title='bbox 874 932 996 960; x_wconf 85' lang='lat' dir='ltr'><strong>scholam</strong></span> <span class='ocrx_word' id='word_1_556' title='bbox 1016 932 1187 959; x_wconf 83' lang='lat' dir='ltr'><strong>transtulisse</strong></span> <span class='ocrx_word' id='word_1_557' title='bbox 1208 932 1339 959; x_wconf 85' lang='lat' dir='ltr'><strong>Athenas.</strong></span> <span class='ocrx_word' id='word_1_558' title='bbox 1363 931 1395 957; x_wconf 86' lang='lat' dir='ltr'><strong>Et</strong></span> <span class='ocrx_word' id='word_1_559' title='bbox 1420 938 1449 957; x_wconf 87' lang='lat' dir='ltr'><strong>re</strong></span> <span class='ocrx_word' id='word_1_560' title='bbox 1472 932 1580 965; x_wconf 90' lang='lat' dir='ltr'><strong>quidem</strong></span> <span class='ocrx_word' id='word_1_561' title='bbox 1596 932 1660 966; x_wconf 81' lang='lat' dir='ltr'><strong>.ipsa</strong></span> 
     </span>
    </p>
   </div>
   <div class='ocr_carea' id='block_1_83' title="bbox 874 966 1658 995">
    <p class='ocr_par' dir='ltr' id='par_1_83' title="bbox 874 966 1658 995">
     <span class='ocr_line' id='line_1_83' title="bbox 874 966 1658 995; baseline -0.003 -1"><span class='ocrx_word' id='word_1_562' title='bbox 874 968 1000 994; x_wconf 85' lang='lat' dir='ltr'><strong>Laertius</strong></span> <span class='ocrx_word' id='word_1_563' title='bbox 1018 968 1044 994; x_wconf 89' lang='lat' dir='ltr'><strong>in</strong></span> <span class='ocrx_word' id='word_1_564' title='bbox 1071 968 1142 994; x_wconf 91' lang='lat' dir='ltr'><strong>illius</strong></span> <span class='ocrx_word' id='word_1_565' title='bbox 1171 967 1229 995; x_wconf 87' lang='lat' dir='ltr'><strong>Vita</strong></span> <span class='ocrx_word' id='word_1_566' title='bbox 1259 968 1316 994; x_wconf 80' lang='lat' dir='ltr'><strong>[nec</strong></span> <span class='ocrx_word' id='word_1_567' title='bbox 1340 966 1437 993; x_wconf 88' lang='lat' dir='ltr'><strong>litteris</strong></span> <span class='ocrx_word' id='word_1_568' title='bbox 1469 967 1658 994; x_wconf 73' lang='lat' dir='ltr'><strong>mandavit“:</strong></span> 
     </span>
    </p>
   </div>
   <div class='ocr_carea' id='block_1_84' title="bbox 876 1000 1659 1037">
    <p class='ocr_par' dir='ltr' id='par_1_84' title="bbox 876 1000 1659 1037">
     <span class='ocr_line' id='line_1_84' title="bbox 876 1000 1659 1037; baseline 0 -9"><span class='ocrx_word' id='word_1_569' title='bbox 876 1011 885 1028; x_wconf 88' lang='grc'><em>‹</em></span> <span class='ocrx_word' id='word_1_570' title='bbox 899 1002 1088 1037; x_wconf 89' lang='lat' dir='ltr'><strong>Philosophari</strong></span> <span class='ocrx_word' id='word_1_571' title='bbox 1102 1003 1217 1029; x_wconf 84' lang='lat' dir='ltr'><strong>Athenis</strong></span> <span class='ocrx_word' id='word_1_572' title='bbox 1231 1007 1352 1037; x_wconf 73' lang='lat' dir='ltr'><strong>coeperat</strong></span> <span class='ocrx_word' id='word_1_573' title='bbox 1367 1003 1416 1029; x_wconf 82' lang='lat' dir='ltr'><strong>sub</strong></span> <span class='ocrx_word' id='word_1_574' title='bbox 1431 1000 1515 1028; x_wconf 84' lang='lat' dir='ltr'><strong>Callia</strong></span> <span class='ocrx_word' id='word_1_575' title='bbox 1530 1002 1659 1029; x_wconf 89' lang='lat' dir='ltr'><strong>vicesimo</strong></span> 
     </span>
    </p>
   </div>
   <div class='ocr_carea' id='block_1_85' title="bbox 872 1037 1658 1071">
    <p class='ocr_par' dir='ltr' id='par_1_85' title="bbox 872 1037 1658 1071">
     <span class='ocr_line' id='line_1_85' title="bbox 872 1037 1658 1071; baseline 0.001 -8"><span class='ocrx_word' id='word_1_576' title='bbox 872 1038 960 1064; x_wconf 77' lang='lat' dir='ltr'><strong>:etatis</strong></span> <span class='ocrx_word' id='word_1_577' title='bbox 977 1045 1058 1069; x_wconf 85' lang='lat' dir='ltr'><strong>anno,</strong></span> <span class='ocrx_word' id='word_1_578' title='bbox 1072 1043 1100 1064; x_wconf 92' lang='lat' dir='ltr'><strong>ut</strong></span> <span class='ocrx_word' id='word_1_579' title='bbox 1113 1038 1264 1065; x_wconf 82' lang='lat' dir='ltr'><strong>Demetrius</strong></span> <span class='ocrx_word' id='word_1_580' title='bbox 1274 1037 1424 1064; x_wconf 87' lang='lat' dir='ltr'><strong>Phalereus</strong></span> <span class='ocrx_word' id='word_1_581' title='bbox 1436 1037 1463 1063; x_wconf 94' lang='lat' dir='ltr'><strong>in</strong></span> <span class='ocrx_word' id='word_1_582' title='bbox 1474 1037 1658 1071; x_wconf 85' lang='lat' dir='ltr'><strong>descriptione</strong></span> 
     </span>
    </p>
   </div>
   <div class='ocr_carea' id='block_1_86' title="bbox 873 1072 1660 1106">
    <p class='ocr_par' dir='ltr' id='par_1_86' title="bbox 873 1072 1660 1106">
     <span class='ocr_line' id='line_1_86' title="bbox 873 1072 1660 1106; baseline 0.001 -8"><span class='ocrx_word' id='word_1_583' title='bbox 873 1072 1025 1106; x_wconf 88' lang='lat' dir='ltr'><strong>principum</strong></span> <span class='ocrx_word' id='word_1_584' title='bbox 1043 1072 1137 1103; x_wconf 79' lang='lat' dir='ltr'><strong>refert.</strong></span> <span class='ocrx_word' id='word_1_585' title='bbox 1163 1072 1209 1099; x_wconf 90' lang='lat' dir='ltr'><strong>ubi</strong></span> <span class='ocrx_word' id='word_1_586' title='bbox 1223 1077 1250 1099; x_wconf 90' lang='lat' dir='ltr'><strong>et</strong></span> <span class='ocrx_word' id='word_1_587' title='bbox 1268 1073 1377 1106; x_wconf 80' lang='lat' dir='ltr'><strong>triginta</strong></span> <span class='ocrx_word' id='word_1_588' title='bbox 1402 1079 1488 1099; x_wconf 87' lang='lat' dir='ltr'><strong>annos</strong></span> <span class='ocrx_word' id='word_1_589' title='bbox 1504 1080 1660 1099; x_wconf 82' lang='lat' dir='ltr'><strong>commora-</strong></span> 
     </span>
    </p>
   </div>
   <div class='ocr_carea' id='block_1_87' title="bbox 874 1107 1658 1142">
    <p class='ocr_par' dir='ltr' id='par_1_87' title="bbox 874 1107 1658 1142">
     <span class='ocr_line' id='line_1_87' title="bbox 874 1107 1658 1142; baseline 0.003 -9"><span class='ocrx_word' id='word_1_590' title='bbox 874 1113 929 1134; x_wconf 89' lang='lat' dir='ltr'><strong>tum</strong></span> <span class='ocrx_word' id='word_1_591' title='bbox 944 1108 1062 1134; x_wconf 87' lang='lat' dir='ltr'><strong>tradunt.</strong></span> <span class='ocrx_word' id='word_1_592' title='bbox 1075 1117 1084 1133; x_wconf 81' lang='grc' dir='ltr'><strong>ι</strong></span> <span class='ocrx_word' id='word_1_593' title='bbox 1104 1108 1200 1134; x_wconf 89' lang='lat' dir='ltr'><strong>Verum</strong></span> <span class='ocrx_word' id='word_1_594' title='bbox 1219 1107 1262 1134; x_wconf 90' lang='lat' dir='ltr'><strong>ille</strong></span> <span class='ocrx_word' id='word_1_595' title='bbox 1279 1108 1339 1141; x_wconf 86' lang='lat' dir='ltr'><strong>ipse</strong></span> <span class='ocrx_word' id='word_1_596' title='bbox 1355 1107 1381 1134; x_wconf 89' lang='lat' dir='ltr'><strong>in</strong></span> <span class='ocrx_word' id='word_1_597' title='bbox 1400 1107 1589 1142; x_wconf 83' lang='lat' dir='ltr'><strong>subsequentis</strong></span> <span class='ocrx_word' id='word_1_598' title='bbox 1604 1109 1658 1136; x_wconf 87' lang='lat' dir='ltr'><strong>Ar-</strong></span> 
     </span>
    </p>
   </div>
   <div class='ocr_carea' id='block_1_88' title="bbox 872 1142 1656 1179">
    <p class='ocr_par' dir='ltr' id='par_1_88' title="bbox 872 1142 1656 1179">
     <span class='ocr_line' id='line_1_88' title="bbox 872 1142 1656 1179; baseline 0.003 -11"><span class='ocrx_word' id='word_1_599' title='bbox 872 1143 958 1179; x_wconf 85' lang='lat' dir='ltr'><strong>chelai</strong></span> <span class='ocrx_word' id='word_1_600' title='bbox 977 1143 1035 1179; x_wconf 75' lang='lat' dir='ltr'><strong>Vita</strong></span> <span class='ocrx_word' id='word_1_601' title='bbox 1052 1152 1058 1170; x_wconf 93' lang='lat'>:</span> <span class='ocrx_word' id='word_1_602' title='bbox 1077 1151 1087 1167; x_wconf 79' lang='grc' dir='ltr'><strong>ι</strong></span> <span class='ocrx_word' id='word_1_603' title='bbox 1099 1142 1204 1179; x_wconf 83' lang='lat' dir='ltr'><strong>Primus</strong></span> <span class='ocrx_word' id='word_1_604' title='bbox 1218 1142 1264 1179; x_wconf 78' lang='lat' dir='ltr'><strong>hic</strong></span> <span class='ocrx_word' id='word_1_605' title='bbox 1281 1150 1315 1169; x_wconf 80' lang='lat' dir='ltr'><strong>ex</strong></span> <span class='ocrx_word' id='word_1_606' title='bbox 1332 1142 1405 1179; x_wconf 88' lang='lat' dir='ltr'><strong>lonia</strong></span> <span class='ocrx_word' id='word_1_607' title='bbox 1415 1162 1427 1179; x_wconf 18' lang='grc' dir='ltr'><strong>,γ</strong></span> <span class='ocrx_word' id='word_1_608' title='bbox 1440 1142 1569 1178; x_wconf 76' lang='lat' dir='ltr'><strong>inquit”,</strong></span> <span class='ocrx_word' id='word_1_609' title='bbox 1588 1144 1656 1179; x_wconf 81' lang='lat' dir='ltr'><strong>phy-</strong></span> 
     </span>
    </p>
   </div>
   <div class='ocr_carea' id='block_1_89' title="bbox 871 1177 1659 1213">
    <p class='ocr_par' dir='ltr' id='par_1_89' title="bbox 871 1177 1659 1213">
     <span class='ocr_line' id='line_1_89' title="bbox 871 1177 1659 1213; baseline 0.001 -9"><span class='ocrx_word' id='word_1_610' title='bbox 871 1178 955 1205; x_wconf 87' lang='lat' dir='ltr'><strong>sicam</strong></span> <span class='ocrx_word' id='word_1_611' title='bbox 980 1178 1175 1212; x_wconf 87' lang='lat' dir='ltr'><strong>philosophiam</strong></span> <span class='ocrx_word' id='word_1_612' title='bbox 1193 1177 1315 1204; x_wconf 86' lang='lat' dir='ltr'><strong>Athenas</strong></span> <span class='ocrx_word' id='word_1_613' title='bbox 1341 1178 1452 1210; x_wconf 79' lang='lat' dir='ltr'><strong>iuVexit,</strong></span> <span class='ocrx_word' id='word_1_614' title='bbox 1482 1183 1509 1205; x_wconf 92' lang='lat' dir='ltr'><strong>et</strong></span> <span class='ocrx_word' id='word_1_615' title='bbox 1537 1177 1659 1213; x_wconf 73' lang='lat' dir='ltr'><strong>appella-</strong></span> 
     </span>
    </p>
   </div>
   <div class='ocr_carea' id='block_1_90' title="bbox 872 1213 1657 1248">
    <p class='ocr_par' dir='ltr' id='par_1_90' title="bbox 872 1213 1657 1248">
     <span class='ocr_line' id='line_1_90' title="bbox 872 1213 1657 1248; baseline 0.004 -10"><span class='ocrx_word' id='word_1_616' title='bbox 872 1217 916 1238; x_wconf 85' lang='lat' dir='ltr'><strong>tus</strong></span> <span class='ocrx_word' id='word_1_617' title='bbox 932 1217 975 1239; x_wconf 89' lang='lat' dir='ltr'><strong>est</strong></span> <span class='ocrx_word' id='word_1_618' title='bbox 990 1213 1128 1248; x_wconf 82' lang='lat' dir='ltr'><strong>physicus,</strong></span> <span class='ocrx_word' id='word_1_619' title='bbox 1145 1213 1215 1247; x_wconf 90' lang='lat' dir='ltr'><strong>quod</strong></span> <span class='ocrx_word' id='word_1_620' title='bbox 1233 1213 1258 1239; x_wconf 93' lang='lat' dir='ltr'><strong>in</strong></span> <span class='ocrx_word' id='word_1_621' title='bbox 1277 1220 1338 1239; x_wconf 85' lang='lat' dir='ltr'><strong>cuin</strong></span> <span class='ocrx_word' id='word_1_622' title='bbox 1355 1213 1523 1247; x_wconf 79' lang='lat' dir='ltr'><strong>philusophia</strong></span> <span class='ocrx_word' id='word_1_623' title='bbox 1543 1213 1657 1242; x_wconf 85' lang='lat' dir='ltr'><strong>desierit</strong></span> 
     </span>
    </p>
   </div>
   <div class='ocr_carea' id='block_1_91' title="bbox 871 1247 1655 1282">
    <p class='ocr_par' dir='ltr' id='par_1_91' title="bbox 871 1247 1655 1282">
     <span class='ocr_line' id='line_1_91' title="bbox 871 1247 1655 1282; baseline 0.001 -8"><span class='ocrx_word' id='word_1_624' title='bbox 871 1248 1014 1281; x_wconf 80' lang='lat' dir='ltr'><strong>naturalis,</strong></span> <span class='ocrx_word' id='word_1_625' title='bbox 1031 1249 1144 1274; x_wconf 70' lang='lat' dir='ltr'><strong>Socrate</strong></span> <span class='ocrx_word' id='word_1_626' title='bbox 1167 1248 1274 1274; x_wconf 88' lang='lat' dir='ltr'><strong>cthiceu</strong></span> <span class='ocrx_word' id='word_1_627' title='bbox 1291 1247 1494 1275; x_wconf 85' lang='lat' dir='ltr'><strong>introduecnte.</strong></span> <span class='ocrx_word' id='word_1_628' title='bbox 1517 1257 1526 1273; x_wconf 75' lang='grc' dir='ltr'><strong>ι</strong></span> <span class='ocrx_word' id='word_1_629' title='bbox 1552 1249 1655 1282; x_wconf 77' lang='lat' dir='ltr'><strong>Quam-</strong></span> 
     </span>
    </p>
   </div>
   <div class='ocr_carea' id='block_1_92' title="bbox 869 1282 1656 1317">
    <p class='ocr_par' dir='ltr' id='par_1_92' title="bbox 869 1282 1656 1317">
     <span class='ocr_line' id='line_1_92' title="bbox 869 1282 1656 1317; baseline 0 -7"><span class='ocrx_word' id='word_1_630' title='bbox 869 1283 963 1310; x_wconf 89' lang='lat' dir='ltr'><strong>obrem</strong></span> <span class='ocrx_word' id='word_1_631' title='bbox 978 1283 1097 1317; x_wconf 87' lang='lat' dir='ltr'><strong>quidam,</strong></span> <span class='ocrx_word' id='word_1_632' title='bbox 1122 1283 1167 1317; x_wconf 88' lang='lat' dir='ltr'><strong>qui</strong></span> <span class='ocrx_word' id='word_1_633' title='bbox 1178 1286 1235 1309; x_wconf 78' lang='lat' dir='ltr'><strong>inec</strong></span> <span class='ocrx_word' id='word_1_634' title='bbox 1252 1282 1350 1310; x_wconf 86' lang='lat' dir='ltr'><strong>Lacrtii</strong></span> <span class='ocrx_word' id='word_1_635' title='bbox 1372 1283 1454 1310; x_wconf 84' lang='lat' dir='ltr'><strong>verba</strong></span> <span class='ocrx_word' id='word_1_636' title='bbox 1477 1284 1528 1310; x_wconf 88' lang='lat' dir='ltr'><strong>sibi</strong></span> <span class='ocrx_word' id='word_1_637' title='bbox 1543 1284 1656 1312; x_wconf 88' lang='lat' dir='ltr'><strong>omnino</strong></span> 
     </span>
    </p>
   </div>
   <div class='ocr_carea' id='block_1_93' title="bbox 869 1318 1653 1353">
    <p class='ocr_par' dir='ltr' id='par_1_93' title="bbox 869 1318 1653 1353">
     <span class='ocr_line' id='line_1_93' title="bbox 869 1318 1653 1353; baseline 0.006 -12"><span class='ocrx_word' id='word_1_638' title='bbox 869 1318 990 1353; x_wconf 78' lang='lat' dir='ltr'><strong>opposita</strong></span> <span class='ocrx_word' id='word_1_639' title='bbox 1007 1323 1033 1345; x_wconf 87' lang='lat' dir='ltr'><strong>et</strong></span> <span class='ocrx_word' id='word_1_640' title='bbox 1050 1318 1186 1345; x_wconf 86' lang='lat' dir='ltr'><strong>contraria</strong></span> <span class='ocrx_word' id='word_1_641' title='bbox 1203 1325 1262 1344; x_wconf 83' lang='lat' dir='ltr'><strong>esse</strong></span> <span class='ocrx_word' id='word_1_642' title='bbox 1279 1322 1384 1353; x_wconf 86' lang='lat' dir='ltr'><strong>putant,</strong></span> <span class='ocrx_word' id='word_1_643' title='bbox 1409 1318 1435 1344; x_wconf 85' lang='lat' dir='ltr'><strong>in</strong></span> <span class='ocrx_word' id='word_1_644' title='bbox 1458 1319 1529 1345; x_wconf 89' lang='lat' dir='ltr'><strong>hunc</strong></span> <span class='ocrx_word' id='word_1_645' title='bbox 1553 1326 1653 1346; x_wconf 86' lang='lat' dir='ltr'><strong>secun-</strong></span> 
     </span>
    </p>
   </div>
   <div class='ocr_carea' id='block_1_94' title="bbox 869 1352 1653 1387">
    <p class='ocr_par' dir='ltr' id='par_1_94' title="bbox 869 1352 1653 1387">
     <span class='ocr_line' id='line_1_94' title="bbox 869 1352 1653 1387; baseline 0.003 -9"><span class='ocrx_word' id='word_1_646' title='bbox 869 1352 931 1378; x_wconf 91' lang='lat' dir='ltr'><strong>dum</strong></span> <span class='ocrx_word' id='word_1_647' title='bbox 948 1352 1048 1380; x_wconf 84' lang='lat' dir='ltr'><strong>Laertii</strong></span> <span class='ocrx_word' id='word_1_648' title='bbox 1065 1353 1153 1381; x_wconf 88' lang='lat' dir='ltr'><strong>locum</strong></span> <span class='ocrx_word' id='word_1_649' title='bbox 1175 1354 1216 1380; x_wconf 89' lang='lat' dir='ltr'><strong>vel</strong></span> <span class='ocrx_word' id='word_1_650' title='bbox 1234 1353 1446 1379; x_wconf 82' lang='lat' dir='ltr'><strong>additamentum</strong></span> <span class='ocrx_word' id='word_1_651' title='bbox 1464 1354 1583 1387; x_wconf 81' lang='lat' dir='ltr'><strong>aliquod,</strong></span> <span class='ocrx_word' id='word_1_652' title='bbox 1610 1354 1653 1380; x_wconf 89' lang='lat' dir='ltr'><strong>vel</strong></span> 
     </span>
    </p>
   </div>
   <div class='ocr_carea' id='block_1_95' title="bbox 869 1388 1653 1422">
    <p class='ocr_par' dir='ltr' id='par_1_95' title="bbox 869 1388 1653 1422">
     <span class='ocr_line' id='line_1_95' title="bbox 869 1388 1653 1422; baseline 0.003 -9"><span class='ocrx_word' id='word_1_653' title='bbox 869 1388 1043 1415; x_wconf 84' lang='lat' dir='ltr'><strong>librariorum</strong></span> <span class='ocrx_word' id='word_1_654' title='bbox 1074 1393 1192 1415; x_wconf 87' lang='lat' dir='ltr'><strong>erratum</strong></span> <span class='ocrx_word' id='word_1_655' title='bbox 1220 1389 1363 1422; x_wconf 87' lang='lat' dir='ltr'><strong>irrepsisse</strong></span> <span class='ocrx_word' id='word_1_656' title='bbox 1388 1388 1571 1421; x_wconf 84' lang='lat' dir='ltr'><strong>Suspieantur.</strong></span> <span class='ocrx_word' id='word_1_657' title='bbox 1598 1389 1653 1415; x_wconf 86' lang='lat' dir='ltr'><strong>Sed</strong></span> 
     </span>
    </p>
   </div>
   <div class='ocr_carea' id='block_1_96' title="bbox 868 1422 1651 1458">
    <p class='ocr_par' dir='ltr' id='par_1_96' title="bbox 868 1422 1651 1458">
     <span class='ocr_line' id='line_1_96' title="bbox 868 1422 1651 1458; baseline 0.001 -10"><span class='ocrx_word' id='word_1_658' title='bbox 868 1422 931 1456; x_wconf 90' lang='lat' dir='ltr'><strong>quid</strong></span> <span class='ocrx_word' id='word_1_659' title='bbox 949 1428 1022 1450; x_wconf 83' lang='lat' dir='ltr'><strong>vetat</strong></span> <span class='ocrx_word' id='word_1_660' title='bbox 1043 1426 1189 1458; x_wconf 86' lang='lat' dir='ltr'><strong>quominus</strong></span> <span class='ocrx_word' id='word_1_661' title='bbox 1213 1423 1336 1450; x_wconf 87' lang='lat' dir='ltr'><strong>Laertius</strong></span> <span class='ocrx_word' id='word_1_662' title='bbox 1358 1423 1391 1449; x_wconf 91' lang='lat' dir='ltr'><strong>de</strong></span> <span class='ocrx_word' id='word_1_663' title='bbox 1415 1423 1526 1458; x_wconf 82' lang='lat' dir='ltr'><strong>physica</strong></span> <span class='ocrx_word' id='word_1_664' title='bbox 1546 1428 1651 1450; x_wconf 86' lang='lat' dir='ltr'><strong>tantum</strong></span> 
     </span>
    </p>
   </div>
   <div class='ocr_carea' id='block_1_97' title="bbox 868 1457 1651 1493">
    <p class='ocr_par' dir='ltr' id='par_1_97' title="bbox 868 1457 1651 1493">
     <span class='ocr_line' id='line_1_97' title="bbox 868 1457 1651 1493; baseline 0.004 -11"><span class='ocrx_word' id='word_1_665' title='bbox 868 1457 1035 1492; x_wconf 84' lang='lat' dir='ltr'><strong>philosophia</strong></span> <span class='ocrx_word' id='word_1_666' title='bbox 1053 1459 1088 1485; x_wconf 88' lang='lat' dir='ltr'><strong>ibi</strong></span> <span class='ocrx_word' id='word_1_667' title='bbox 1106 1466 1198 1485; x_wconf 83' lang='lat' dir='ltr'><strong>revera</strong></span> <span class='ocrx_word' id='word_1_668' title='bbox 1227 1459 1335 1485; x_wconf 85' lang='lat' dir='ltr'><strong>locutus</strong></span> <span class='ocrx_word' id='word_1_669' title='bbox 1353 1457 1590 1493; x_wconf 55' lang='lat' dir='ltr'><strong>fueritiqunquid</strong></span> <span class='ocrx_word' id='word_1_670' title='bbox 1607 1459 1651 1486; x_wconf 87' lang='lat' dir='ltr'><strong>illa</strong></span> 
     </span>
    </p>
   </div>
   <div class='ocr_carea' id='block_1_98' title="bbox 867 1493 1652 1528">
    <p class='ocr_par' dir='ltr' id='par_1_98' title="bbox 867 1493 1652 1528">
     <span class='ocr_line' id='line_1_98' title="bbox 867 1493 1652 1528; baseline 0.003 -10"><span class='ocrx_word' id='word_1_671' title='bbox 867 1493 990 1520; x_wconf 83' lang='lat' dir='ltr'><strong>Athenas</strong></span> <span class='ocrx_word' id='word_1_672' title='bbox 1012 1501 1064 1520; x_wconf 90' lang='lat' dir='ltr'><strong>non</strong></span> <span class='ocrx_word' id='word_1_673' title='bbox 1085 1494 1172 1528; x_wconf 83' lang='lat' dir='ltr'><strong>potuit</strong></span> <span class='ocrx_word' id='word_1_674' title='bbox 1194 1493 1227 1520; x_wconf 88' lang='lat' dir='ltr'><strong>ab</strong></span> <span class='ocrx_word' id='word_1_675' title='bbox 1250 1493 1384 1520; x_wconf 84' lang='lat' dir='ltr'><strong>Archelao</strong></span> <span class='ocrx_word' id='word_1_676' title='bbox 1410 1494 1555 1526; x_wconf 80' lang='lat' dir='ltr'><strong>introduci,</strong></span> <span class='ocrx_word' id='word_1_677' title='bbox 1577 1499 1652 1528; x_wconf 83' lang='lat' dir='ltr'><strong>post-</strong></span> 
     </span>
    </p>
   </div>
   <div class='ocr_carea' id='block_1_99' title="bbox 868 1528 1651 1563">
    <p class='ocr_par' dir='ltr' id='par_1_99' title="bbox 868 1528 1651 1563">
     <span class='ocr_line' id='line_1_99' title="bbox 868 1528 1651 1563; baseline 0.003 -10"><span class='ocrx_word' id='word_1_678' title='bbox 868 1536 948 1562; x_wconf 85' lang='lat' dir='ltr'><strong>quam</strong></span> <span class='ocrx_word' id='word_1_679' title='bbox 964 1529 1053 1555; x_wconf 85' lang='lat' dir='ltr'><strong>louica</strong></span> <span class='ocrx_word' id='word_1_680' title='bbox 1073 1529 1165 1555; x_wconf 83' lang='lat' dir='ltr'><strong>schola</strong></span> <span class='ocrx_word' id='word_1_681' title='bbox 1184 1529 1218 1555; x_wconf 83' lang='lat' dir='ltr'><strong>ab</strong></span> <span class='ocrx_word' id='word_1_682' title='bbox 1233 1529 1394 1562; x_wconf 80' lang='lat' dir='ltr'><strong>Anaxagora</strong></span> <span class='ocrx_word' id='word_1_683' title='bbox 1412 1528 1473 1555; x_wconf 91' lang='lat' dir='ltr'><strong>illuc</strong></span> <span class='ocrx_word' id='word_1_684' title='bbox 1496 1529 1651 1563; x_wconf 82' lang='lat' dir='ltr'><strong>transplan-</strong></span> 
     </span>
    </p>
   </div>
   <div class='ocr_carea' id='block_1_100' title="bbox 867 1563 1650 1599">
    <p class='ocr_par' dir='ltr' id='par_1_100' title="bbox 867 1563 1650 1599">
     <span class='ocr_line' id='line_1_100' title="bbox 867 1563 1650 1599; baseline 0.004 -12"><span class='ocrx_word' id='word_1_685' title='bbox 867 1568 921 1599; x_wconf 76' lang='lat' dir='ltr'><strong>tata</strong></span> <span class='ocrx_word' id='word_1_686' title='bbox 934 1563 995 1590; x_wconf 88' lang='lat' dir='ltr'><strong>cst?</strong></span> <span class='ocrx_word' id='word_1_687' title='bbox 1008 1563 1061 1590; x_wconf 82' lang='lat' dir='ltr'><strong>Sed</strong></span> <span class='ocrx_word' id='word_1_688' title='bbox 1075 1565 1176 1591; x_wconf 84' lang='lat' dir='ltr'><strong>hancce</strong></span> <span class='ocrx_word' id='word_1_689' title='bbox 1189 1564 1373 1596; x_wconf 85' lang='lat' dir='ltr'><strong>conjecturam</strong></span> <span class='ocrx_word' id='word_1_690' title='bbox 1386 1563 1498 1590; x_wconf 85' lang='lat' dir='ltr'><strong>eruditis</strong></span> <span class='ocrx_word' id='word_1_691' title='bbox 1510 1566 1650 1599; x_wconf 70' lang='lat' dir='ltr'><strong>mquisque</strong></span> 
     </span>
    </p>
   </div>
   <div class='ocr_carea' id='block_1_101' title="bbox 862 1597 1349 1632">
    <p class='ocr_par' dir='ltr' id='par_1_101' title="bbox 862 1597 1349 1632">
     <span class='ocr_line' id='line_1_101' title="bbox 862 1597 1349 1632; baseline 0.002 -9"><span class='ocrx_word' id='word_1_692' title='bbox 862 1597 1000 1631; x_wconf 71' lang='lat' dir='ltr'><strong>iudicibus</strong></span> <span class='ocrx_word' id='word_1_693' title='bbox 1017 1599 1140 1625; x_wconf 88' lang='lat' dir='ltr'><strong>lubenter</strong></span> <span class='ocrx_word' id='word_1_694' title='bbox 1158 1599 1349 1632; x_wconf 87' lang='lat' dir='ltr'><strong>pcrmiltimus.</strong></span> 
     </span>
    </p>
   </div>
   <div class='ocr_carea' id='block_1_102' title="bbox 899 1632 1651 1667">
    <p class='ocr_par' dir='ltr' id='par_1_102' title="bbox 899 1632 1651 1667">
     <span class='ocr_line' id='line_1_102' title="bbox 899 1632 1651 1667; baseline 0.003 -9"><span class='ocrx_word' id='word_1_695' title='bbox 899 1632 998 1660; x_wconf 75' lang='lat' dir='ltr'><strong>Narrat</strong></span> <span class='ocrx_word' id='word_1_696' title='bbox 1015 1633 1114 1660; x_wconf 86' lang='lat' dir='ltr'><strong>deinde</strong></span> <span class='ocrx_word' id='word_1_697' title='bbox 1128 1634 1254 1660; x_wconf 77' lang='lat' dir='ltr'><strong>Clemens</strong></span> <span class='ocrx_word' id='word_1_698' title='bbox 1270 1633 1523 1667; x_wconf 84' lang='lat' dir='ltr'><strong>Antisthenem,qui</strong></span> <span class='ocrx_word' id='word_1_699' title='bbox 1535 1642 1548 1660; x_wconf 90' lang='lat' dir='ltr'><strong>a</strong></span> <span class='ocrx_word' id='word_1_700' title='bbox 1561 1633 1651 1660; x_wconf 81' lang='lat' dir='ltr'><strong>Theo-</strong></span> 
     </span>
    </p>
   </div>
   <div class='ocr_carea' id='block_1_103' title="bbox 864 1667 1650 1703">
    <p class='ocr_par' dir='ltr' id='par_1_103' title="bbox 864 1667 1650 1703">
     <span class='ocr_line' id='line_1_103' title="bbox 864 1667 1650 1703; baseline 0.003 -9"><span class='ocrx_word' id='word_1_701' title='bbox 864 1667 990 1695; x_wconf 70' lang='lat' dir='ltr'><strong>dorelo“</strong></span> <span class='ocrx_word' id='word_1_702' title='bbox 1009 1668 1150 1696; x_wconf 70' lang='lat' dir='ltr'><strong>«Socratis</strong></span> <span class='ocrx_word' id='word_1_703' title='bbox 1175 1669 1328 1700; x_wconf 77' lang='lat' dir='ltr'><strong>familiaris,</strong></span> <span class='ocrx_word' id='word_1_704' title='bbox 1350 1669 1530 1702; x_wconf 70' lang='lat' dir='ltr'><strong>Diogenisque</strong></span> <span class='ocrx_word' id='word_1_705' title='bbox 1548 1676 1650 1703; x_wconf 61' lang='lat' dir='ltr'><strong>prince—</strong></span> 
     </span>
    </p>
   </div>
   <div class='ocr_carea' id='block_1_104' title="bbox 865 1703 1647 1738">
    <p class='ocr_par' dir='ltr' id='par_1_104' title="bbox 865 1703 1647 1738">
     <span class='ocr_line' id='line_1_104' title="bbox 865 1703 1647 1738; baseline 0.004 -10"><span class='ocrx_word' id='word_1_706' title='bbox 865 1708 945 1736; x_wconf 74' lang='lat' dir='ltr'><strong>ptort</strong></span> <span class='ocrx_word' id='word_1_707' title='bbox 974 1704 1083 1735; x_wconf 88' lang='lat' dir='ltr'><strong>dicitur,</strong></span> <span class='ocrx_word' id='word_1_708' title='bbox 1102 1704 1210 1738; x_wconf 74' lang='lat' dir='ltr'><strong>Cynica:</strong></span> <span class='ocrx_word' id='word_1_709' title='bbox 1236 1709 1317 1730; x_wconf 67' lang='lat' dir='ltr'><strong>sectae</strong></span> <span class='ocrx_word' id='word_1_710' title='bbox 1337 1703 1421 1730; x_wconf 76' lang='lat' dir='ltr'><strong>finisse</strong></span> <span class='ocrx_word' id='word_1_711' title='bbox 1448 1708 1588 1731; x_wconf 80' lang='lat' dir='ltr'><strong>auctorem</strong></span> <span class='ocrx_word' id='word_1_712' title='bbox 1615 1712 1647 1731; x_wconf 85' lang='lat' dir='ltr'><strong>ac</strong></span> 
     </span>
    </p>
   </div>
   <div class='ocr_carea' id='block_1_105' title="bbox 865 1739 1646 1772">
    <p class='ocr_par' dir='ltr' id='par_1_105' title="bbox 865 1739 1646 1772">
     <span class='ocr_line' id='line_1_105' title="bbox 865 1739 1646 1772; baseline 0.003 -9"><span class='ocrx_word' id='word_1_713' title='bbox 865 1743 1016 1772; x_wconf 75' lang='lat' dir='ltr'><strong>parentem.</strong></span> <span class='ocrx_word' id='word_1_714' title='bbox 1040 1740 1115 1771; x_wconf 76' lang='lat' dir='ltr'><strong>Quod</strong></span> <span class='ocrx_word' id='word_1_715' title='bbox 1141 1739 1249 1772; x_wconf 86' lang='lat' dir='ltr'><strong>quidem</strong></span> <span class='ocrx_word' id='word_1_716' title='bbox 1276 1739 1346 1765; x_wconf 88' lang='lat' dir='ltr'><strong>haud</strong></span> <span class='ocrx_word' id='word_1_717' title='bbox 1363 1739 1446 1765; x_wconf 82' lang='lat' dir='ltr'><strong>semel</strong></span> <span class='ocrx_word' id='word_1_718' title='bbox 1464 1747 1479 1765; x_wconf 71' lang='grc' dir='ltr'>ει</span> <span class='ocrx_word' id='word_1_719' title='bbox 1502 1739 1612 1766; x_wconf 83' lang='lat' dir='ltr'><strong>Laertio</strong></span> <span class='ocrx_word' id='word_1_720' title='bbox 1622 1739 1646 1754; x_wconf 76' lang='lat'>“</span> 
     </span>
    </p>
   </div>
   <div class='ocr_carea' id='block_1_106' title="bbox 866 1771 1648 1809">
    <p class='ocr_par' dir='ltr' id='par_1_106' title="bbox 866 1771 1648 1809">
     <span class='ocr_line' id='line_1_106' title="bbox 866 1771 1648 1809; baseline 0.003 -10"><span class='ocrx_word' id='word_1_721' title='bbox 866 1771 946 1809; x_wconf 74' lang='lat' dir='ltr'><strong>atque</strong></span> <span class='ocrx_word' id='word_1_722' title='bbox 960 1775 1041 1800; x_wconf 81' lang='lat' dir='ltr'><strong>etiam</strong></span> <span class='ocrx_word' id='word_1_723' title='bbox 1052 1774 1136 1801; x_wconf 73' lang='lat' dir='ltr'><strong>Suida</strong></span> <span class='ocrx_word' id='word_1_724' title='bbox 1144 1771 1165 1789; x_wconf 76' lang='lat'>“</span> <span class='ocrx_word' id='word_1_725' title='bbox 1177 1779 1205 1801; x_wconf 91' lang='lat' dir='ltr'><strong>et</strong></span> <span class='ocrx_word' id='word_1_726' title='bbox 1218 1775 1278 1800; x_wconf 86' lang='lat' dir='ltr'><strong>aliis</strong></span> <span class='ocrx_word' id='word_1_727' title='bbox 1293 1774 1420 1809; x_wconf 80' lang='lat' dir='ltr'><strong>traditum</strong></span> <span class='ocrx_word' id='word_1_728' title='bbox 1432 1775 1567 1802; x_wconf 84' lang='lat' dir='ltr'><strong>Ausonius</strong></span> <span class='ocrx_word' id='word_1_729' title='bbox 1578 1781 1648 1809; x_wconf 86' lang='lat' dir='ltr'><strong>quo-</strong></span> 
     </span>
    </p>
   </div>
   <div class='ocr_carea' id='block_1_107' title="bbox 866 1808 1349 1844">
    <p class='ocr_par' dir='ltr' id='par_1_107' title="bbox 866 1808 1349 1844">
     <span class='ocr_line' id='line_1_107' title="bbox 866 1808 1349 1844; baseline 0.004 -10"><span class='ocrx_word' id='word_1_730' title='bbox 866 1808 926 1834; x_wconf 85' lang='lat' dir='ltr'><strong>dam</strong></span> <span class='ocrx_word' id='word_1_731' title='bbox 946 1808 972 1836; x_wconf 93' lang='lat' dir='ltr'><strong>in</strong></span> <span class='ocrx_word' id='word_1_732' title='bbox 989 1809 1185 1844; x_wconf 75' lang='lat' dir='ltr'><strong>epigrammate</strong></span> <span class='ocrx_word' id='word_1_733' title='bbox 1200 1808 1349 1836; x_wconf 74' lang='lat' dir='ltr'><strong>cecinit“:</strong></span> 
     </span>
    </p>
   </div>
   <div class='ocr_carea' id='block_1_108' title="bbox 916 1852 1605 1889">
    <p class='ocr_par' dir='ltr' id='par_1_108' title="bbox 916 1852 1605 1889">
     <span class='ocr_line' id='line_1_108' title="bbox 916 1852 1605 1889; baseline 0.003 -10"><span class='ocrx_word' id='word_1_734' title='bbox 916 1852 1040 1880; x_wconf 70' lang='lat' dir='ltr'><strong>Inventor</strong></span> <span class='ocrx_word' id='word_1_735' title='bbox 1054 1855 1154 1888; x_wconf 85' lang='lat' dir='ltr'><strong>primus</strong></span> <span class='ocrx_word' id='word_1_736' title='bbox 1168 1853 1275 1888; x_wconf 80' lang='lat' dir='ltr'><strong>Cynices</strong></span> <span class='ocrx_word' id='word_1_737' title='bbox 1289 1862 1335 1889; x_wconf 82' lang='lat' dir='ltr'><strong>ego</strong></span> <span class='ocrx_word' id='word_1_738' title='bbox 1348 1862 1422 1889; x_wconf 78' lang='lat' dir='ltr'><strong>:qiuv</strong></span> <span class='ocrx_word' id='word_1_739' title='bbox 1437 1855 1504 1881; x_wconf 80' lang='lat' dir='ltr'><strong>ratio</strong></span> <span class='ocrx_word' id='word_1_740' title='bbox 1523 1855 1605 1884; x_wconf 60' lang='lat' dir='ltr'><strong>istaec.</strong></span> 
     </span>
    </p>
   </div>
   <div class='ocr_carea' id='block_1_109' title="bbox 951 1889 1433 1924">
    <p class='ocr_par' dir='ltr' id='par_1_109' title="bbox 951 1889 1433 1924">
     <span class='ocr_line' id='line_1_109' title="bbox 951 1889 1433 1924; baseline 0.002 -11"><span class='ocrx_word' id='word_1_741' title='bbox 951 1889 1055 1916; x_wconf 66' lang='lat' dir='ltr'><strong>Alcides</strong></span> <span class='ocrx_word' id='word_1_742' title='bbox 1073 1889 1154 1916; x_wconf 75' lang='lat' dir='ltr'><strong>multo</strong></span> <span class='ocrx_word' id='word_1_743' title='bbox 1167 1889 1266 1915; x_wconf 78' lang='lat' dir='ltr'><strong>dicitur</strong></span> <span class='ocrx_word' id='word_1_744' title='bbox 1279 1897 1334 1916; x_wconf 77' lang='lat' dir='ltr'><strong>esse</strong></span> <span class='ocrx_word' id='word_1_745' title='bbox 1349 1891 1433 1924; x_wconf 79' lang='lat' dir='ltr'><strong>prior.</strong></span> 
     </span>
    </p>
   </div>
   <div class='ocr_carea' id='block_1_110' title="bbox 915 1922 1576 1958">
    <p class='ocr_par' dir='ltr' id='par_1_110' title="bbox 915 1922 1576 1958">
     <span class='ocr_line' id='line_1_110' title="bbox 915 1922 1576 1958; baseline 0 -8"><span class='ocrx_word' id='word_1_746' title='bbox 915 1922 1008 1950; x_wconf 78' lang='lat' dir='ltr'><strong>Alcide</strong></span> <span class='ocrx_word' id='word_1_747' title='bbox 1028 1924 1159 1958; x_wconf 78' lang='lat' dir='ltr'><strong>quondm»</strong></span> <span class='ocrx_word' id='word_1_748' title='bbox 1177 1925 1279 1957; x_wconf 79' lang='lat' dir='ltr'><strong>[nerant</strong></span> <span class='ocrx_word' id='word_1_749' title='bbox 1297 1922 1404 1950; x_wconf 72' lang='lat' dir='ltr'><strong>duriore</strong></span> <span class='ocrx_word' id='word_1_750' title='bbox 1423 1924 1576 1950; x_wconf 77' lang='lat' dir='ltr'><strong>secimdus:</strong></span> 
     </span>
    </p>
   </div>
   <div class='ocr_carea' id='block_1_111' title="bbox 950 1958 1609 1993">
    <p class='ocr_par' dir='ltr' id='par_1_111' title="bbox 950 1958 1609 1993">
     <span class='ocr_line' id='line_1_111' title="bbox 950 1958 1609 1993; baseline 0 -9"><span class='ocrx_word' id='word_1_751' title='bbox 950 1958 1029 1985; x_wconf 80' lang='lat' dir='ltr'><strong>Nunc</strong></span> <span class='ocrx_word' id='word_1_752' title='bbox 1047 1967 1092 1993; x_wconf 79' lang='lat' dir='ltr'><strong>ego</strong></span> <span class='ocrx_word' id='word_1_753' title='bbox 1107 1967 1165 1985; x_wconf 75' lang='lat' dir='ltr'><strong>sum</strong></span> <span class='ocrx_word' id='word_1_754' title='bbox 1179 1958 1288 1993; x_wconf 70' lang='lat' dir='ltr'><strong>Cymaea</strong></span> <span class='ocrx_word' id='word_1_755' title='bbox 1303 1959 1415 1992; x_wconf 73' lang='lat' dir='ltr'><strong>primus,</strong></span> <span class='ocrx_word' id='word_1_756' title='bbox 1428 1965 1451 1986; x_wconf 77' lang='lat' dir='ltr'><strong>et</strong></span> <span class='ocrx_word' id='word_1_757' title='bbox 1466 1960 1511 1986; x_wconf 80' lang='lat' dir='ltr'><strong>ille</strong></span> <span class='ocrx_word' id='word_1_758' title='bbox 1527 1959 1609 1986; x_wconf 68' lang='lat' dir='ltr'><strong>Deus.</strong></span> 
     </span>
    </p>
   </div>
   <div class='ocr_carea' id='block_1_112' title="bbox 896 2013 1646 2049">
    <p class='ocr_par' dir='ltr' id='par_1_112' title="bbox 896 2013 1646 2049">
     <span class='ocr_line' id='line_1_112' title="bbox 896 2013 1646 2049; baseline 0.003 -9"><span class='ocrx_word' id='word_1_759' title='bbox 896 2014 973 2041; x_wconf 83' lang='lat' dir='ltr'><strong>Unde</strong></span> <span class='ocrx_word' id='word_1_760' title='bbox 991 2013 1105 2041; x_wconf 87' lang='lat' dir='ltr'><strong>forsitan</strong></span> <span class='ocrx_word' id='word_1_761' title='bbox 1123 2013 1248 2041; x_wconf 88' lang='lat' dir='ltr'><strong>Clemens</strong></span> <span class='ocrx_word' id='word_1_762' title='bbox 1271 2019 1362 2041; x_wconf 86' lang='lat' dir='ltr'><strong>noster</strong></span> <span class='ocrx_word' id='word_1_763' title='bbox 1386 2014 1413 2040; x_wconf 92' lang='lat' dir='ltr'><strong>in</strong></span> <span class='ocrx_word' id='word_1_764' title='bbox 1436 2022 1483 2041; x_wconf 84' lang='lat' dir='ltr'><strong>sua</strong></span> <span class='ocrx_word' id='word_1_765' title='bbox 1500 2015 1535 2041; x_wconf 84' lang='lat' dir='ltr'><strong>ad</strong></span> <span class='ocrx_word' id='word_1_766' title='bbox 1558 2019 1646 2049; x_wconf 73' lang='lat' dir='ltr'><strong>gente:</strong></span> 
     </span>
    </p>
   </div>
   <div class='ocr_carea' id='block_1_113' title="bbox 860 2048 1644 2083">
    <p class='ocr_par' dir='ltr' id='par_1_113' title="bbox 860 2048 1644 2083">
     <span class='ocr_line' id='line_1_113' title="bbox 860 2048 1644 2083; baseline 0.001 -7"><span class='ocrx_word' id='word_1_767' title='bbox 860 2050 1042 2076; x_wconf 79' lang='lat' dir='ltr'><strong>Admonitione</strong></span> <span class='ocrx_word' id='word_1_768' title='bbox 1056 2048 1090 2081; x_wconf 69' lang='lat'><strong>“,</strong></span> <span class='ocrx_word' id='word_1_769' title='bbox 1115 2050 1154 2076; x_wconf 89' lang='lat' dir='ltr'><strong>sic</strong></span> <span class='ocrx_word' id='word_1_770' title='bbox 1167 2050 1368 2082; x_wconf 85' lang='lat' dir='ltr'><strong>Antisthenem,</strong></span> <span class='ocrx_word' id='word_1_771' title='bbox 1396 2050 1434 2076; x_wconf 90' lang='lat' dir='ltr'><strong>uti</strong></span> <span class='ocrx_word' id='word_1_772' title='bbox 1460 2051 1487 2076; x_wconf 93' lang='lat' dir='ltr'><strong>in</strong></span> <span class='ocrx_word' id='word_1_773' title='bbox 1511 2048 1644 2083; x_wconf 72' lang='lat' dir='ltr'><strong>superiori</strong></span> 
     </span>
    </p>
   </div>
   <div class='ocr_carea' id='block_1_114' title="bbox 860 2084 1645 2114">
    <p class='ocr_par' dir='ltr' id='par_1_114' title="bbox 860 2084 1645 2114">
     <span class='ocr_line' id='line_1_114' title="bbox 860 2084 1645 2114; baseline 0 -2"><span class='ocrx_word' id='word_1_774' title='bbox 860 2085 1051 2112; x_wconf 64' lang='lat' dir='ltr'><strong>dissertatione</strong></span> <span class='ocrx_word' id='word_1_775' title='bbox 1067 2092 1081 2110; x_wconf 92' lang='lat' dir='ltr'><strong>a</strong></span> <span class='ocrx_word' id='word_1_776' title='bbox 1098 2085 1174 2111; x_wconf 90' lang='lat' dir='ltr'><strong>nobis</strong></span> <span class='ocrx_word' id='word_1_777' title='bbox 1190 2086 1364 2111; x_wconf 85' lang='lat' dir='ltr'><strong>observatum</strong></span> <span class='ocrx_word' id='word_1_778' title='bbox 1387 2084 1471 2114; x_wconf 73' lang='lat' dir='ltr'><strong>est&quot;.</strong></span> <span class='ocrx_word' id='word_1_779' title='bbox 1489 2086 1589 2112; x_wconf 61' lang='lat' dir='ltr'><strong>citas-se</strong></span> <span class='ocrx_word' id='word_1_780' title='bbox 1604 2086 1645 2112; x_wconf 89' lang='lat' dir='ltr'><strong>le-</strong></span> 
     </span>
    </p>
   </div>
   <div class='ocr_carea' id='block_1_115' title="bbox 859 2120 1644 2155">
    <p class='ocr_par' dir='ltr' id='par_1_115' title="bbox 859 2120 1644 2155">
     <span class='ocr_line' id='line_1_115' title="bbox 859 2120 1644 2155; baseline 0.003 -9"><span class='ocrx_word' id='word_1_781' title='bbox 859 2122 945 2154; x_wconf 68' lang='lat' dir='ltr'><strong>gitur:</strong></span> <span class='ocrx_word' id='word_1_782' title='bbox 957 2128 967 2145; x_wconf 80' lang='grc' dir='ltr'><strong>ι</strong></span> <span class='ocrx_word' id='word_1_783' title='bbox 978 2120 1155 2146; x_wconf 84' lang='lat' dir='ltr'><strong>Antisthenes</strong></span> <span class='ocrx_word' id='word_1_784' title='bbox 1166 2128 1219 2146; x_wconf 91' lang='lat' dir='ltr'><strong>non</strong></span> <span class='ocrx_word' id='word_1_785' title='bbox 1230 2120 1279 2146; x_wconf 86' lang='lat' dir='ltr'><strong>hoc</strong></span> <span class='ocrx_word' id='word_1_786' title='bbox 1292 2120 1579 2155; x_wconf 51' lang='lat' dir='ltr'><strong>cynicumcogitavitp</strong></span> <span class='ocrx_word' id='word_1_787' title='bbox 1589 2126 1644 2148; x_wconf 87' lang='lat' dir='ltr'><strong>etc.</strong></span> 
     </span>
    </p>
   </div>
   <div class='ocr_carea' id='block_1_116' title="bbox 859 2155 1642 2189">
    <p class='ocr_par' dir='ltr' id='par_1_116' title="bbox 859 2155 1642 2189">
     <span class='ocr_line' id='line_1_116' title="bbox 859 2155 1642 2189; baseline 0.001 -9"><span class='ocrx_word' id='word_1_788' title='bbox 859 2155 916 2181; x_wconf 79' lang='lat' dir='ltr'><strong>Non</strong></span> <span class='ocrx_word' id='word_1_789' title='bbox 933 2155 1078 2182; x_wconf 87' lang='lat' dir='ltr'><strong>defuerunt</strong></span> <span class='ocrx_word' id='word_1_790' title='bbox 1101 2160 1191 2182; x_wconf 90' lang='lat' dir='ltr'><strong>tamen</strong></span> <span class='ocrx_word' id='word_1_791' title='bbox 1218 2155 1315 2189; x_wconf 86' lang='lat' dir='ltr'><strong>quibus</strong></span> <span class='ocrx_word' id='word_1_792' title='bbox 1339 2156 1365 2181; x_wconf 92' lang='lat' dir='ltr'><strong>in</strong></span> <span class='ocrx_word' id='word_1_793' title='bbox 1388 2155 1500 2181; x_wconf 88' lang='lat' dir='ltr'><strong>dubium</strong></span> <span class='ocrx_word' id='word_1_794' title='bbox 1525 2157 1642 2188; x_wconf 84' lang='lat' dir='ltr'><strong>venerit,</strong></span> 
     </span>
    </p>
   </div>
   <div class='ocr_carea' id='block_1_117' title="bbox 860 2189 1645 2224">
    <p class='ocr_par' dir='ltr' id='par_1_117' title="bbox 860 2189 1645 2224">
     <span class='ocr_line' id='line_1_117' title="bbox 860 2189 1645 2224; baseline 0.001 -8"><span class='ocrx_word' id='word_1_795' title='bbox 860 2195 950 2216; x_wconf 87' lang='lat' dir='ltr'><strong>ntrunt</strong></span> <span class='ocrx_word' id='word_1_796' title='bbox 967 2190 1010 2216; x_wconf 87' lang='lat' dir='ltr'><strong>ille</strong></span> <span class='ocrx_word' id='word_1_797' title='bbox 1035 2197 1128 2216; x_wconf 88' lang='lat' dir='ltr'><strong>revera</strong></span> <span class='ocrx_word' id='word_1_798' title='bbox 1148 2189 1226 2223; x_wconf 89' lang='lat' dir='ltr'><strong>hujus</strong></span> <span class='ocrx_word' id='word_1_799' title='bbox 1251 2195 1334 2216; x_wconf 77' lang='lat' dir='ltr'><strong>secta:</strong></span> <span class='ocrx_word' id='word_1_800' title='bbox 1360 2191 1487 2224; x_wconf 86' lang='lat' dir='ltr'><strong>princeps</strong></span> <span class='ocrx_word' id='word_1_801' title='bbox 1514 2190 1596 2217; x_wconf 86' lang='lat' dir='ltr'><strong>fuerit</strong></span> <span class='ocrx_word' id='word_1_802' title='bbox 1617 2196 1645 2217; x_wconf 89' lang='lat' dir='ltr'><strong>et</strong></span> 
     </span>
    </p>
   </div>
   <div class='ocr_carea' id='block_1_118' title="bbox 50 2225 1641 2262">
    <p class='ocr_par' dir='ltr' id='par_1_118' title="bbox 50 2225 1641 2262">
     <span class='ocr_line' id='line_1_118' title="bbox 50 2225 1641 2262; baseline -0.001 -10"><span class='ocrx_word' id='word_1_803' title='bbox 50 2232 69 2251; x_wconf 73' lang='lat' dir='ltr'><strong>l0</strong></span> <span class='ocrx_word' id='word_1_804' title='bbox 82 2225 209 2262; x_wconf 69' lang='lat' dir='ltr'><strong>additam,</strong></span> <span class='ocrx_word' id='word_1_805' title='bbox 224 2229 265 2256; x_wconf 92' lang='lat' dir='ltr'><strong>vel</strong></span> <span class='ocrx_word' id='word_1_806' title='bbox 283 2225 370 2262; x_wconf 82' lang='lat' dir='ltr'><strong>ipsum</strong></span> <span class='ocrx_word' id='word_1_807' title='bbox 391 2237 444 2256; x_wconf 88' lang='lat' dir='ltr'><strong>non</strong></span> <span class='ocrx_word' id='word_1_808' title='bbox 460 2231 486 2256; x_wconf 89' lang='lat' dir='ltr'><strong>in</strong></span> <span class='ocrx_word' id='word_1_809' title='bbox 505 2225 563 2260; x_wconf 83' lang='lat' dir='ltr'><strong>sua,</strong></span> <span class='ocrx_word' id='word_1_810' title='bbox 577 2229 623 2255; x_wconf 90' lang='lat' dir='ltr'><strong>sed</strong></span> <span class='ocrx_word' id='word_1_811' title='bbox 639 2228 663 2255; x_wconf 91' lang='lat' dir='ltr'><strong>in</strong></span> <span class='ocrx_word' id='word_1_812' title='bbox 677 2229 804 2260; x_wconf 84' lang='lat' dir='ltr'><strong>aliorum,</strong></span> <span class='ocrx_word' id='word_1_813' title='bbox 822 2227 844 2253; x_wconf 87' lang='grc' dir='ltr'><strong>Ι)</strong></span> <span class='ocrx_word' id='word_1_814' title='bbox 859 2231 966 2262; x_wconf 79' lang='lat' dir='ltr'><strong>auctor.</strong></span> <span class='ocrx_word' id='word_1_815' title='bbox 980 2226 1042 2262; x_wconf 9' lang='lat' dir='ltr'><strong>Qua,</strong></span> <span class='ocrx_word' id='word_1_816' title='bbox 1056 2226 1088 2251; x_wconf 88' lang='lat' dir='ltr'><strong>de</strong></span> <span class='ocrx_word' id='word_1_817' title='bbox 1105 2232 1133 2252; x_wconf 93' lang='lat' dir='ltr'><strong>re</strong></span> <span class='ocrx_word' id='word_1_818' title='bbox 1149 2226 1247 2259; x_wconf 66' lang='lat' dir='ltr'><strong>legesis</strong></span> <span class='ocrx_word' id='word_1_819' title='bbox 1265 2225 1422 2262; x_wconf 72' lang='lat' dir='ltr'><strong>lllenagiiin</strong></span> <span class='ocrx_word' id='word_1_820' title='bbox 1439 2225 1541 2262; x_wconf 74' lang='lat' dir='ltr'><strong>Laertii</strong></span> <span class='ocrx_word' id='word_1_821' title='bbox 1556 2225 1604 2252; x_wconf 85' lang='lat' dir='ltr'><strong>lib.</strong></span> <span class='ocrx_word' id='word_1_822' title='bbox 1615 2233 1641 2252; x_wconf 82' lang='lat' dir='ltr'><strong>vi</strong></span> 
     </span>
    </p>
   </div>
   <div class='ocr_carea' id='block_1_119' title="bbox 50 2263 803 2299">
    <p class='ocr_par' dir='ltr' id='par_1_119' title="bbox 50 2263 803 2299">
     <span class='ocr_line' id='line_1_119' title="bbox 50 2263 803 2299; baseline 0.011 -15"><span class='ocrx_word' id='word_1_823' title='bbox 50 2263 131 2289; x_wconf 85' lang='lat' dir='ltr'><strong>uuetsi</strong></span> <span class='ocrx_word' id='word_1_824' title='bbox 158 2271 173 2290; x_wconf 89' lang='lat' dir='ltr'><strong>a</strong></span> <span class='ocrx_word' id='word_1_825' title='bbox 201 2264 316 2291; x_wconf 85' lang='lat' dir='ltr'><strong>veritate</strong></span> <span class='ocrx_word' id='word_1_826' title='bbox 343 2265 453 2291; x_wconf 92' lang='lat' dir='ltr'><strong>omnino</strong></span> <span class='ocrx_word' id='word_1_827' title='bbox 477 2263 674 2298; x_wconf 82' lang='lat' dir='ltr'><strong>aberrautiuui,</strong></span> <span class='ocrx_word' id='word_1_828' title='bbox 699 2269 729 2290; x_wconf 92' lang='lat' dir='ltr'><strong>ut</strong></span> <span class='ocrx_word' id='word_1_829' title='bbox 755 2264 803 2299; x_wconf 86' lang='lat' dir='ltr'><strong>ipsi</strong></span> 
     </span>
    </p>
   </div>
   <div class='ocr_carea' id='block_1_120' title="bbox 51 2299 508 2335">
    <p class='ocr_par' dir='ltr' id='par_1_120' title="bbox 51 2299 508 2335">
     <span class='ocr_line' id='line_1_120' title="bbox 51 2299 508 2335; baseline 0.004 -12"><span class='ocrx_word' id='word_1_830' title='bbox 51 2302 94 2335; x_wconf 78' lang='lat' dir='ltr'><strong>L&#39;pe</strong></span> <span class='ocrx_word' id='word_1_831' title='bbox 107 2305 158 2335; x_wconf 81' lang='lat' dir='ltr'><strong>usu</strong></span> <span class='ocrx_word' id='word_1_832' title='bbox 173 2299 256 2331; x_wconf 87' lang='lat' dir='ltr'><strong>venit,</strong></span> <span class='ocrx_word' id='word_1_833' title='bbox 272 2299 344 2335; x_wconf 89' lang='lat' dir='ltr'><strong>l0qui</strong></span> <span class='ocrx_word' id='word_1_834' title='bbox 363 2300 508 2326; x_wconf 85' lang='lat' dir='ltr'><strong>sententia.</strong></span> 
     </span>
    </p>
   </div>
   <div class='ocr_carea' id='block_1_121' title="bbox 50 2329 801 2370">
    <p class='ocr_par' dir='ltr' id='par_1_121' title="bbox 50 2329 801 2370">
     <span class='ocr_line' id='line_1_121' title="bbox 50 2329 801 2370; baseline 0.005 -13"><span class='ocrx_word' id='word_1_835' title='bbox 50 2329 145 2370; x_wconf 57' lang='grc' dir='ltr'><strong>⁵Ιφιιιειι</strong></span> <span class='ocrx_word' id='word_1_836' title='bbox 161 2329 479 2370; x_wconf 44' lang='grc' dir='ltr'>μοι-τοίριιὶῖυδοριιοιιιιιι</span> <span class='ocrx_word' id='word_1_837' title='bbox 501 2339 574 2361; x_wconf 85' lang='lat' dir='ltr'><strong>secta</strong></span> <span class='ocrx_word' id='word_1_838' title='bbox 588 2341 602 2361; x_wconf 71' lang='grc' dir='ltr'>τι</span> <span class='ocrx_word' id='word_1_839' title='bbox 618 2333 741 2370; x_wconf 84' lang='lat' dir='ltr'><strong>Thalete,</strong></span> <span class='ocrx_word' id='word_1_840' title='bbox 764 2335 801 2361; x_wconf 91' lang='lat' dir='ltr'><strong>uti</strong></span> 
     </span>
    </p>
   </div>
   <div class='ocr_carea' id='block_1_122' title="bbox 50 2369 801 2404">
    <p class='ocr_par' dir='ltr' id='par_1_122' title="bbox 50 2369 801 2404">
     <span class='ocr_line' id='line_1_122' title="bbox 50 2369 801 2404; baseline 0.008 -14"><span class='ocrx_word' id='word_1_841' title='bbox 50 2369 149 2400; x_wconf 83' lang='lat' dir='ltr'><strong>iximus,</strong></span> <span class='ocrx_word' id='word_1_842' title='bbox 162 2369 323 2403; x_wconf 85' lang='lat' dir='ltr'><strong>constituta,</strong></span> <span class='ocrx_word' id='word_1_843' title='bbox 340 2378 401 2404; x_wconf 72' lang='lat' dir='ltr'><strong>qua:</strong></span> <span class='ocrx_word' id='word_1_844' title='bbox 417 2370 501 2396; x_wconf 86' lang='lat' dir='ltr'><strong>fuerit</strong></span> <span class='ocrx_word' id='word_1_845' title='bbox 522 2375 547 2395; x_wconf 87' lang='lat' dir='ltr'><strong>et</strong></span> <span class='ocrx_word' id='word_1_846' title='bbox 571 2370 680 2404; x_wconf 86' lang='lat' dir='ltr'><strong>quinam</strong></span> <span class='ocrx_word' id='word_1_847' title='bbox 697 2369 801 2396; x_wconf 81' lang='lat' dir='ltr'><strong>&#39;l‘haleti</strong></span> 
     </span>
    </p>
   </div>
   <div class='ocr_carea' id='block_1_123' title="bbox 50 2404 800 2440">
    <p class='ocr_par' dir='ltr' id='par_1_123' title="bbox 50 2404 800 2440">
     <span class='ocr_line' id='line_1_123' title="bbox 50 2404 800 2440; baseline 0.007 -13"><span class='ocrx_word' id='word_1_848' title='bbox 50 2405 223 2440; x_wconf 53' lang='lat' dir='ltr'><strong>recesserint,</strong></span> <span class='ocrx_word' id='word_1_849' title='bbox 253 2406 348 2440; x_wconf 88' lang='lat' dir='ltr'><strong>paucis</strong></span> <span class='ocrx_word' id='word_1_850' title='bbox 378 2405 503 2440; x_wconf 76' lang='lat' dir='ltr'><strong>Clemens</strong></span> <span class='ocrx_word' id='word_1_851' title='bbox 534 2405 571 2440; x_wconf 78' lang='lat' dir='ltr'><strong>ita</strong></span> <span class='ocrx_word' id='word_1_852' title='bbox 601 2404 727 2440; x_wconf 74' lang='lat' dir='ltr'><strong>edisserit</strong></span> <span class='ocrx_word' id='word_1_853' title='bbox 755 2404 800 2432; x_wconf 83' lang='grc'><strong>³³;</strong></span> 
     </span>
    </p>
   </div>
   <div class='ocr_carea' id='block_1_124' title="bbox 51 2435 802 2472">
    <p class='ocr_par' dir='ltr' id='par_1_124' title="bbox 51 2435 802 2472">
     <span class='ocr_line' id='line_1_124' title="bbox 51 2435 802 2472; baseline 0.003 -7"><span class='ocrx_word' id='word_1_854' title='bbox 51 2435 262 2472; x_wconf 49' lang='lat' dir='ltr'><strong>Anaximander,-</strong></span> <span class='ocrx_word' id='word_1_855' title='bbox 273 2440 426 2467; x_wconf 76' lang='lat' dir='ltr'><strong>Praxidami</strong></span> <span class='ocrx_word' id='word_1_856' title='bbox 441 2439 524 2470; x_wconf 83' lang='lat' dir='ltr'><strong>illius,</strong></span> <span class='ocrx_word' id='word_1_857' title='bbox 538 2439 657 2466; x_wconf 85' lang='lat' dir='ltr'><strong>Milesius</strong></span> <span class='ocrx_word' id='word_1_858' title='bbox 680 2440 802 2467; x_wconf 67' lang='lat' dir='ltr'><strong>sucueclit</strong></span> 
     </span>
    </p>
   </div>
   <div class='ocr_carea' id='block_1_125' title="bbox 52 2469 800 2502">
    <p class='ocr_par' dir='ltr' id='par_1_125' title="bbox 52 2469 800 2502">
     <span class='ocr_line' id='line_1_125' title="bbox 52 2469 800 2502; baseline 0.009 -7"><span class='ocrx_word' id='word_1_859' title='bbox 52 2469 138 2501; x_wconf 83' lang='lat' dir='ltr'><strong>haleti.</strong></span> <span class='ocrx_word' id='word_1_860' title='bbox 162 2475 191 2501; x_wconf 82' lang='lat' dir='ltr'><strong>Ei</strong></span> <span class='ocrx_word' id='word_1_861' title='bbox 207 2469 394 2502; x_wconf 78' lang='lat' dir='ltr'><strong>Anaximenes</strong></span> <span class='ocrx_word' id='word_1_862' title='bbox 417 2469 563 2502; x_wconf 80' lang='lat' dir='ltr'><strong>Euristrati</strong></span> <span class='ocrx_word' id='word_1_863' title='bbox 585 2474 715 2502; x_wconf 85' lang='lat' dir='ltr'><strong>Milesius.</strong></span> <span class='ocrx_word' id='word_1_864' title='bbox 736 2474 800 2502; x_wconf 86' lang='lat' dir='ltr'><strong>Post</strong></span> 
     </span>
    </p>
   </div>
   <div class='ocr_carea' id='block_1_126' title="bbox 50 2508 799 2545">
    <p class='ocr_par' dir='ltr' id='par_1_126' title="bbox 50 2508 799 2545">
     <span class='ocr_line' id='line_1_126' title="bbox 50 2508 799 2545; baseline 0.005 -12"><span class='ocrx_word' id='word_1_865' title='bbox 50 2511 102 2545; x_wconf 70' lang='lat' dir='ltr'><strong>ueni</strong></span> <span class='ocrx_word' id='word_1_866' title='bbox 116 2509 290 2545; x_wconf 75' lang='lat' dir='ltr'><strong>Anaxagoras</strong></span> <span class='ocrx_word' id='word_1_867' title='bbox 307 2509 462 2544; x_wconf 77' lang='lat' dir='ltr'><strong>Hegesibuli</strong></span> <span class='ocrx_word' id='word_1_868' title='bbox 485 2509 682 2536; x_wconf 82' lang='lat' dir='ltr'><strong>Clazomenius.</strong></span> <span class='ocrx_word' id='word_1_869' title='bbox 692 2508 752 2545; x_wconf 8' lang='lat' dir='ltr'><strong>qllic</strong></span> <span class='ocrx_word' id='word_1_870' title='bbox 765 2518 799 2537; x_wconf 80' lang='lat' dir='ltr'><strong>ex</strong></span> 
     </span>
    </p>
   </div>
   <div class='ocr_carea' id='block_1_127' title="bbox 50 2543 796 2572">
    <p class='ocr_par' dir='ltr' id='par_1_127' title="bbox 50 2543 796 2572">
     <span class='ocr_line' id='line_1_127' title="bbox 50 2543 796 2572; baseline 0.005 -5"><span class='ocrx_word' id='word_1_871' title='bbox 50 2543 97 2568; x_wconf 83' lang='lat' dir='ltr'><strong>Iuia</strong></span> <span class='ocrx_word' id='word_1_872' title='bbox 111 2543 230 2572; x_wconf 79' lang='lat' dir='ltr'><strong>scholam</strong></span> <span class='ocrx_word' id='word_1_873' title='bbox 254 2543 374 2572; x_wconf 79' lang='lat' dir='ltr'><strong>traduxit</strong></span> <span class='ocrx_word' id='word_1_874' title='bbox 396 2545 528 2572; x_wconf 86' lang='lat' dir='ltr'><strong>Athenas.</strong></span> <span class='ocrx_word' id='word_1_875' title='bbox 551 2545 582 2572; x_wconf 84' lang='lat' dir='ltr'><strong>Ei</strong></span> <span class='ocrx_word' id='word_1_876' title='bbox 601 2543 723 2572; x_wconf 86' lang='lat' dir='ltr'><strong>succedit</strong></span> <span class='ocrx_word' id='word_1_877' title='bbox 745 2545 796 2572; x_wconf 91' lang='lat' dir='ltr'><strong>Ar-</strong></span> 
     </span>
    </p>
   </div>
   <div class='ocr_carea' id='block_1_128' title="bbox 60 2660 687 2699">
    <p class='ocr_par' dir='ltr' id='par_1_128' title="bbox 60 2660 687 2699">
     <span class='ocr_line' id='line_1_128' title="bbox 60 2660 687 2699; baseline 0 -9"><span class='ocrx_word' id='word_1_878' title='bbox 60 2660 82 2699; x_wconf 64' lang='grc' dir='ltr'><strong>¹ζ</strong></span> <span class='ocrx_word' id='word_1_879' title='bbox 95 2662 191 2692; x_wconf 85' lang='lat' dir='ltr'><strong>Strom.</strong></span> <span class='ocrx_word' id='word_1_880' title='bbox 210 2665 228 2692; x_wconf 89' lang='grc' dir='ltr'><strong>ι.</strong></span> <span class='ocrx_word' id='word_1_881' title='bbox 246 2673 265 2697; x_wconf 87' lang='grc' dir='ltr'>ι,</span> <span class='ocrx_word' id='word_1_882' title='bbox 285 2672 314 2699; x_wconf 87' lang='lat' dir='ltr'><strong>p.</strong></span> <span class='ocrx_word' id='word_1_883' title='bbox 329 2664 392 2692; x_wconf 73' lang='lat'><strong>502.</strong></span> <span class='ocrx_word' id='word_1_884' title='bbox 445 2665 468 2680; x_wconf 72' lang='grc' dir='ltr'><strong>ὀ</strong></span> <span class='ocrx_word' id='word_1_885' title='bbox 483 2663 562 2695; x_wconf 89' lang='lat' dir='ltr'><strong>ibid.,</strong></span> <span class='ocrx_word' id='word_1_886' title='bbox 581 2671 609 2699; x_wconf 91' lang='lat' dir='ltr'><strong>p.</strong></span> <span class='ocrx_word' id='word_1_887' title='bbox 624 2663 687 2691; x_wconf 75' lang='lat'><strong>500.</strong></span> 
     </span>
    </p>
   </div>
   <div class='ocr_carea' id='block_1_129' title="bbox 50 2694 262 2734">
    <p class='ocr_par' dir='ltr' id='par_1_129' title="bbox 50 2694 262 2734">
     <span class='ocr_line' id='line_1_129' title="bbox 50 2694 262 2734; baseline 0.014 -11"><span class='ocrx_word' id='word_1_888' title='bbox 50 2713 57 2734; x_wconf 43' lang='grc' dir='ltr'>ι.</span> <span class='ocrx_word' id='word_1_889' title='bbox 65 2694 142 2734; x_wconf 83' lang='lat' dir='ltr'><strong>0_sir.,</strong></span> <span class='ocrx_word' id='word_1_890' title='bbox 156 2708 181 2734; x_wconf 95' lang='lat' dir='ltr'><strong>p.</strong></span> <span class='ocrx_word' id='word_1_891' title='bbox 201 2694 262 2727; x_wconf 39' lang='lat'><strong>164.-</strong></span> 
     </span>
    </p>
   </div>
   <div class='ocr_carea' id='block_1_130' title="bbox 53 2730 753 2770">
    <p class='ocr_par' dir='ltr' id='par_1_130' title="bbox 53 2730 753 2770">
     <span class='ocr_line' id='line_1_130' title="bbox 53 2730 753 2770; baseline 0.007 -15"><span class='ocrx_word' id='word_1_892' title='bbox 53 2730 140 2766; x_wconf 49' lang='lat' dir='ltr'><strong>halet.,&#39;</strong></span> <span class='ocrx_word' id='word_1_893' title='bbox 152 2730 165 2770; x_wconf 64' lang='grc' dir='ltr'><strong>ξ</strong></span> <span class='ocrx_word' id='word_1_894' title='bbox 179 2736 223 2763; x_wconf 76' lang='grc'><strong>45.</strong></span> <span class='ocrx_word' id='word_1_895' title='bbox 261 2735 282 2751; x_wconf 86' lang='grc'><strong>³¹</strong></span> <span class='ocrx_word' id='word_1_896' title='bbox 303 2735 316 2770; x_wconf 87' lang='lat'>§</span> <span class='ocrx_word' id='word_1_897' title='bbox 333 2735 378 2762; x_wconf 74' lang='grc'><strong>27.</strong></span> <span class='ocrx_word' id='word_1_898' title='bbox 426 2735 448 2750; x_wconf 82' lang='grc'><strong><em>³²</em></strong></span> <span class='ocrx_word' id='word_1_899' title='bbox 463 2730 564 2761; x_wconf 79' lang='grc' dir='ltr'><strong>5ιι·υἱιὶ.</strong></span> <span class='ocrx_word' id='word_1_900' title='bbox 580 2734 598 2760; x_wconf 92' lang='grc' dir='ltr'>Ι.</span> <span class='ocrx_word' id='word_1_901' title='bbox 613 2730 679 2770; x_wconf 34' lang='lat' dir='ltr'><strong>rip.</strong></span> <span class='ocrx_word' id='word_1_902' title='bbox 690 2733 753 2770; x_wconf 69' lang='lat'><strong>501.</strong></span> 
     </span>
    </p>
   </div>
   <div class='ocr_carea' id='block_1_131' title="bbox 50 2769 693 2803">
    <p class='ocr_par' dir='ltr' id='par_1_131' title="bbox 50 2769 693 2803">
     <span class='ocr_line' id='line_1_131' title="bbox 50 2769 693 2803; baseline 0.002 -9"><span class='ocrx_word' id='word_1_903' title='bbox 50 2772 132 2800; x_wconf 64' lang='lat' dir='ltr'><strong>impar.</strong></span> <span class='ocrx_word' id='word_1_904' title='bbox 148 2769 200 2803; x_wconf 55' lang='grc' dir='ltr'><strong>ἐκ,</strong></span> <span class='ocrx_word' id='word_1_905' title='bbox 215 2779 240 2799; x_wconf 86' lang='lat' dir='ltr'><strong>c.</strong></span> <span class='ocrx_word' id='word_1_906' title='bbox 254 2769 314 2797; x_wconf 48' lang='grc' dir='ltr'>ΗΠ</span> <span class='ocrx_word' id='word_1_907' title='bbox 338 2771 359 2786; x_wconf 78' lang='grc'><strong>³⁵</strong></span> <span class='ocrx_word' id='word_1_908' title='bbox 371 2770 474 2798; x_wconf 80' lang='lat' dir='ltr'><strong>Strom.</strong></span> <span class='ocrx_word' id='word_1_909' title='bbox 489 2770 571 2800; x_wconf 91' lang='lat' dir='ltr'><strong>lib.v,</strong></span> <span class='ocrx_word' id='word_1_910' title='bbox 586 2777 612 2803; x_wconf 94' lang='lat' dir='ltr'><strong>p.</strong></span> <span class='ocrx_word' id='word_1_911' title='bbox 632 2769 693 2796; x_wconf 80' lang='grc'>578.</span> 
     </span>
    </p>
   </div>
   <div class='ocr_carea' id='block_1_132' title="bbox 50 2803 578 2839">
    <p class='ocr_par' dir='ltr' id='par_1_132' title="bbox 50 2803 578 2839">
     <span class='ocr_line' id='line_1_132' title="bbox 50 2803 578 2839; baseline 0.013 -13"><span class='ocrx_word' id='word_1_912' title='bbox 50 2803 114 2836; x_wconf 85' lang='lat' dir='ltr'><strong>lseq.</strong></span> <span class='ocrx_word' id='word_1_913' title='bbox 149 2805 170 2821; x_wconf 86' lang='grc'><strong><em>³⁸</em></strong></span> <span class='ocrx_word' id='word_1_914' title='bbox 185 2806 202 2832; x_wconf 92' lang='grc' dir='ltr'>Ι.</span> <span class='ocrx_word' id='word_1_915' title='bbox 222 2814 239 2832; x_wconf 93' lang='grc' dir='ltr'><strong>ιι</strong></span> <span class='ocrx_word' id='word_1_916' title='bbox 254 2806 279 2832; x_wconf 92' lang='lat' dir='ltr'><strong>iu</strong></span> <span class='ocrx_word' id='word_1_917' title='bbox 299 2805 358 2832; x_wconf 83' lang='lat' dir='ltr'><strong>Vita</strong></span> <span class='ocrx_word' id='word_1_918' title='bbox 372 2806 505 2838; x_wconf 77' lang='lat' dir='ltr'><strong>Anaxag.,</strong></span> <span class='ocrx_word' id='word_1_919' title='bbox 524 2804 578 2839; x_wconf 74' lang='lat'><strong>§7.</strong></span> 
     </span>
    </p>
   </div>
   <div class='ocr_carea' id='block_1_133' title="bbox 50 2839 673 2875">
    <p class='ocr_par' dir='ltr' id='par_1_133' title="bbox 50 2839 673 2875">
     <span class='ocr_line' id='line_1_133' title="bbox 50 2839 673 2875; baseline 0.003 -11"><span class='ocrx_word' id='word_1_920' title='bbox 50 2842 133 2875; x_wconf 68' lang='lat' dir='ltr'><strong>meam.</strong></span> <span class='ocrx_word' id='word_1_921' title='bbox 147 2840 178 2867; x_wconf 85' lang='lat'><strong>19</strong></span> <span class='ocrx_word' id='word_1_922' title='bbox 195 2846 222 2867; x_wconf 88' lang='lat' dir='ltr'><strong>et</strong></span> <span class='ocrx_word' id='word_1_923' title='bbox 239 2842 284 2867; x_wconf 91' lang='lat' dir='ltr'><strong>lih.</strong></span> <span class='ocrx_word' id='word_1_924' title='bbox 303 2847 340 2871; x_wconf 82' lang='grc' dir='ltr'><strong>νι,</strong></span> <span class='ocrx_word' id='word_1_925' title='bbox 365 2841 391 2867; x_wconf 93' lang='lat' dir='ltr'><strong>in</strong></span> <span class='ocrx_word' id='word_1_926' title='bbox 412 2841 469 2867; x_wconf 89' lang='lat' dir='ltr'><strong>Vita</strong></span> <span class='ocrx_word' id='word_1_927' title='bbox 482 2841 583 2866; x_wconf 85' lang='lat' dir='ltr'><strong>Antist.</strong></span> <span class='ocrx_word' id='word_1_928' title='bbox 600 2839 613 2875; x_wconf 85' lang='lat'>§</span> <span class='ocrx_word' id='word_1_929' title='bbox 631 2840 673 2866; x_wconf 78' lang='grc'>15.</span> 
     </span>
    </p>
   </div>
   <div class='ocr_carea' id='block_1_134' title="bbox 65 2873 775 2911">
    <p class='ocr_par' dir='ltr' id='par_1_134' title="bbox 65 2873 775 2911">
     <span class='ocr_line' id='line_1_134' title="bbox 65 2873 775 2911; baseline 0.008 -16"><span class='ocrx_word' id='word_1_930' title='bbox 65 2873 158 2901; x_wconf 81' lang='lat' dir='ltr'><strong>dissert.</strong></span> <span class='ocrx_word' id='word_1_931' title='bbox 175 2884 234 2911; x_wconf 86' lang='lat' dir='ltr'><strong>sup.</strong></span> <span class='ocrx_word' id='word_1_932' title='bbox 250 2884 273 2903; x_wconf 90' lang='lat' dir='ltr'><strong>c.</strong></span> <span class='ocrx_word' id='word_1_933' title='bbox 290 2876 332 2907; x_wconf 91' lang='lat'><strong>11,</strong></span> <span class='ocrx_word' id='word_1_934' title='bbox 348 2875 361 2910; x_wconf 70' lang='grc' dir='ltr'><strong>ξ</strong></span> <span class='ocrx_word' id='word_1_935' title='bbox 379 2876 404 2902; x_wconf 80' lang='grc'>5.</span> <span class='ocrx_word' id='word_1_936' title='bbox 443 2875 465 2890; x_wconf 69' lang='lat'><strong>&quot;&quot;</strong></span> <span class='ocrx_word' id='word_1_937' title='bbox 482 2877 585 2902; x_wconf 59' lang='lat' dir='ltr'><strong>Strom.</strong></span> <span class='ocrx_word' id='word_1_938' title='bbox 602 2873 618 2902; x_wconf 85' lang='lat' dir='ltr'><strong>i.</strong></span> <span class='ocrx_word' id='word_1_939' title='bbox 636 2883 653 2907; x_wconf 75' lang='grc' dir='ltr'>ι,</span> <span class='ocrx_word' id='word_1_940' title='bbox 671 2883 695 2910; x_wconf 84' lang='lat' dir='ltr'><strong>p.</strong></span> <span class='ocrx_word' id='word_1_941' title='bbox 714 2875 775 2902; x_wconf 68' lang='grc'><strong>502.</strong></span> 
     </span>
    </p>
   </div>
   <div class='ocr_carea' id='block_1_135' title="bbox 285 2664 392 2700">
    <p class='ocr_par' dir='ltr' id='par_1_135' title="bbox 285 2664 392 2700">
     <span class='ocr_line' id='line_1_135' title="bbox 285 2664 392 2700; baseline 0.009 -9"><span class='ocrx_word' id='word_1_942' title='bbox 285 2672 314 2700; x_wconf 90' lang='lat' dir='ltr'><strong>p.</strong></span> <span class='ocrx_word' id='word_1_943' title='bbox 329 2664 392 2692; x_wconf 71' lang='lat'><strong>502.</strong></span> 
     </span>
    </p>
   </div>
   <div class='ocr_carea' id='block_1_136' title="bbox 566 2662 1266 2704">
    <p class='ocr_par' dir='ltr' id='par_1_136' title="bbox 566 2662 1266 2704">
     <span class='ocr_line' id='line_1_136' title="bbox 566 2662 1266 2704; baseline -0.001 -13"><span class='ocrx_word' id='word_1_944' title='bbox 566 2671 609 2704; x_wconf 31' lang='lat' dir='ltr'><strong>np.</strong></span> <span class='ocrx_word' id='word_1_945' title='bbox 624 2663 687 2691; x_wconf 78' lang='grc'><strong>500.</strong></span> <span class='ocrx_word' id='word_1_946' title='bbox 716 2699 722 2704; x_wconf 36' lang='grc'><strong><em>⁸</em></strong></span> <span class='ocrx_word' id='word_1_947' title='bbox 739 2663 761 2704; x_wconf 53' lang='grc' dir='ltr'><em>τ’</em></span> <span class='ocrx_word' id='word_1_948' title='bbox 773 2662 792 2690; x_wconf 90' lang='lat' dir='ltr'><strong>l.</strong></span> <span class='ocrx_word' id='word_1_949' title='bbox 810 2671 841 2696; x_wconf 83' lang='lat' dir='ltr'><strong>ii,</strong></span> <span class='ocrx_word' id='word_1_950' title='bbox 858 2663 1000 2704; x_wconf 52' lang='lat' dir='ltr'><strong>Cephei}:</strong></span> <span class='ocrx_word' id='word_1_951' title='bbox 1017 2663 1187 2704; x_wconf 61' lang='lat' dir='ltr'><strong>pliilo_sop_li.,_</strong></span> <span class='ocrx_word' id='word_1_952' title='bbox 1198 2671 1223 2690; x_wconf 90' lang='lat' dir='ltr'><strong>c.</strong></span> <span class='ocrx_word' id='word_1_953' title='bbox 1238 2663 1266 2695; x_wconf 85' lang='grc'><strong>5,</strong></span> 
     </span>
    </p>
   </div>
   <div class='ocr_carea' id='block_1_137' title="bbox 301 2699 1384 2770">
    <p class='ocr_par' dir='ltr' id='par_1_137' title="bbox 301 2699 1384 2770">
     <span class='ocr_line' id='line_1_137' title="bbox 301 2699 1384 2734; baseline -0.001 -8"><span class='ocrx_word' id='word_1_954' title='bbox 301 2700 353 2727; x_wconf 82' lang='lat'><strong>“1.</strong></span> <span class='ocrx_word' id='word_1_955' title='bbox 368 2708 376 2727; x_wconf 86' lang='lat'><strong>1</strong></span> <span class='ocrx_word' id='word_1_956' title='bbox 389 2699 482 2728; x_wconf 85' lang='lat' dir='ltr'><strong>Contr.</strong></span> <span class='ocrx_word' id='word_1_957' title='bbox 504 2699 621 2734; x_wconf 88' lang='lat' dir='ltr'><strong>Appian.</strong></span> <span class='ocrx_word' id='word_1_958' title='bbox 637 2703 697 2733; x_wconf 90' lang='lat' dir='ltr'><strong>post</strong></span> <span class='ocrx_word' id='word_1_959' title='bbox 716 2699 787 2731; x_wconf 89' lang='lat' dir='ltr'><strong>init.,</strong></span> <span class='ocrx_word' id='word_1_960' title='bbox 812 2707 839 2733; x_wconf 88' lang='lat' dir='ltr'><strong>p.</strong></span> <span class='ocrx_word' id='word_1_961' title='bbox 860 2699 938 2726; x_wconf 77' lang='grc'>1054.</span> <span class='ocrx_word' id='word_1_962' title='bbox 976 2699 1000 2714; x_wconf 74' lang='grc'><strong>³⁸³</strong></span> <span class='ocrx_word' id='word_1_963' title='bbox 1020 2701 1039 2725; x_wconf 91' lang='grc' dir='ltr'>Ι.</span> <span class='ocrx_word' id='word_1_964' title='bbox 1061 2707 1069 2725; x_wconf 92' lang='grc' dir='ltr'><strong>ι</strong></span> <span class='ocrx_word' id='word_1_965' title='bbox 1085 2699 1123 2726; x_wconf 91' lang='lat' dir='ltr'><strong>De</strong></span> <span class='ocrx_word' id='word_1_966' title='bbox 1137 2699 1204 2726; x_wconf 87' lang='lat' dir='ltr'><strong>Vitis</strong></span> <span class='ocrx_word' id='word_1_967' title='bbox 1220 2704 1248 2726; x_wconf 87' lang='lat' dir='ltr'><strong>et</strong></span> <span class='ocrx_word' id='word_1_968' title='bbox 1265 2700 1325 2733; x_wconf 74' lang='lat' dir='ltr'><strong>dog.</strong></span> <span class='ocrx_word' id='word_1_969' title='bbox 1341 2700 1384 2733; x_wconf 89' lang='lat' dir='ltr'><strong>phi</strong></span> 
     </span>
     <span class='ocr_line' id='line_1_138' title="bbox 303 2733 1384 2770; baseline -0.001 -9"><span class='ocrx_word' id='word_1_970' title='bbox 303 2735 316 2770; x_wconf 86' lang='lat'>§</span> <span class='ocrx_word' id='word_1_971' title='bbox 333 2735 378 2762; x_wconf 74' lang='lat'><strong>27.</strong></span> <span class='ocrx_word' id='word_1_972' title='bbox 426 2735 448 2750; x_wconf 82' lang='lat'>&quot;</span> <span class='ocrx_word' id='word_1_973' title='bbox 463 2734 564 2761; x_wconf 90' lang='lat' dir='ltr'><strong>Strom.</strong></span> <span class='ocrx_word' id='word_1_974' title='bbox 580 2734 598 2760; x_wconf 92' lang='grc' dir='ltr'>Ι.</span> <span class='ocrx_word' id='word_1_975' title='bbox 613 2742 679 2770; x_wconf 20' lang='grc' dir='ltr'>ι,ηρ.ν</span> <span class='ocrx_word' id='word_1_976' title='bbox 690 2733 753 2770; x_wconf 69' lang='lat'><strong>501.</strong></span> <span class='ocrx_word' id='word_1_977' title='bbox 767 2769 772 2770; x_wconf 20' lang='grc' dir='ltr'><em>γ</em></span> <span class='ocrx_word' id='word_1_978' title='bbox 798 2734 820 2750; x_wconf 82' lang='grc'><strong>⁸³</strong></span> <span class='ocrx_word' id='word_1_979' title='bbox 836 2741 951 2770; x_wconf 62' lang='lat' dir='ltr'><strong>prooem.</strong></span> <span class='ocrx_word' id='word_1_980' title='bbox 966 2734 992 2761; x_wconf 92' lang='lat' dir='ltr'><strong>iu</strong></span> <span class='ocrx_word' id='word_1_981' title='bbox 1011 2734 1082 2770; x_wconf 81' lang='lat' dir='ltr'><strong>Vitas</strong></span> <span class='ocrx_word' id='word_1_982' title='bbox 1097 2739 1125 2760; x_wconf 90' lang='lat' dir='ltr'><strong>et</strong></span> <span class='ocrx_word' id='word_1_983' title='bbox 1141 2734 1231 2770; x_wconf 78' lang='lat' dir='ltr'><strong>dogm.</strong></span> <span class='ocrx_word' id='word_1_984' title='bbox 1249 2735 1347 2768; x_wconf 89' lang='lat' dir='ltr'><strong>philos.</strong></span> <span class='ocrx_word' id='word_1_985' title='bbox 1370 2735 1384 2770; x_wconf 59' lang='grc' dir='ltr'>ᾗ</span> 
     </span>
    </p>
   </div>
   <div class='ocr_carea' id='block_1_138' title="bbox 732 2769 1134 2804">
    <p class='ocr_par' dir='ltr' id='par_1_138' title="bbox 732 2769 1134 2804">
     <span class='ocr_line' id='line_1_139' title="bbox 732 2769 1134 2804; baseline 0.005 -10"><span class='ocrx_word' id='word_1_986' title='bbox 732 2769 755 2785; x_wconf 71' lang='grc'><strong>³⁵</strong></span> <span class='ocrx_word' id='word_1_987' title='bbox 767 2769 817 2797; x_wconf 89' lang='lat' dir='ltr'><strong>loc.</strong></span> <span class='ocrx_word' id='word_1_988' title='bbox 829 2771 877 2796; x_wconf 87' lang='lat' dir='ltr'><strong>cit.</strong></span> <span class='ocrx_word' id='word_1_989' title='bbox 890 2769 916 2795; x_wconf 91' lang='lat' dir='ltr'><strong>in</strong></span> <span class='ocrx_word' id='word_1_990' title='bbox 929 2777 1044 2803; x_wconf 58' lang='lat' dir='ltr'><strong>prorem.</strong></span> <span class='ocrx_word' id='word_1_991' title='bbox 1059 2769 1073 2804; x_wconf 83' lang='lat'><strong>§</strong></span> <span class='ocrx_word' id='word_1_992' title='bbox 1090 2770 1134 2796; x_wconf 81' lang='lat'><strong>15.</strong></span> 
     </span>
    </p>
   </div>
   <div class='ocr_carea' id='block_1_139' title="bbox 617 2803 1085 2871">
    <p class='ocr_par' dir='ltr' id='par_1_139' title="bbox 617 2803 1085 2871">
     <span class='ocr_line' id='line_1_140' title="bbox 617 2803 1085 2839; baseline 0.002 -9"><span class='ocrx_word' id='word_1_993' title='bbox 617 2804 639 2820; x_wconf 81' lang='grc'><strong>³⁹</strong></span> <span class='ocrx_word' id='word_1_994' title='bbox 659 2804 684 2831; x_wconf 94' lang='lat' dir='ltr'><strong>in</strong></span> <span class='ocrx_word' id='word_1_995' title='bbox 702 2804 762 2832; x_wconf 86' lang='lat' dir='ltr'><strong>Vita</strong></span> <span class='ocrx_word' id='word_1_996' title='bbox 776 2804 884 2831; x_wconf 78' lang='lat' dir='ltr'><strong>Archel.</strong></span> <span class='ocrx_word' id='word_1_997' title='bbox 899 2803 912 2839; x_wconf 85' lang='lat'>§</span> <span class='ocrx_word' id='word_1_998' title='bbox 929 2805 969 2832; x_wconf 82' lang='lat'><strong>16.</strong></span> <span class='ocrx_word' id='word_1_999' title='bbox 1006 2804 1028 2819; x_wconf 78' lang='lat'><strong>“‘</strong></span> <span class='ocrx_word' id='word_1_1000' title='bbox 1042 2803 1085 2831; x_wconf 62' lang='grc' dir='ltr'>ιίι</span> 
     </span>
     <span class='ocr_line' id='line_1_141' title="bbox 631 2837 1085 2871; baseline 0.002 -5"><span class='ocrx_word' id='word_1_1001' title='bbox 631 2840 673 2866; x_wconf 78' lang='grc'>15.</span> <span class='ocrx_word' id='word_1_1002' title='bbox 727 2840 750 2855; x_wconf 69' lang='grc' dir='ltr'>η</span> <span class='ocrx_word' id='word_1_1003' title='bbox 762 2840 795 2867; x_wconf 88' lang='lat' dir='ltr'><strong>ad</strong></span> <span class='ocrx_word' id='word_1_1004' title='bbox 814 2839 888 2866; x_wconf 87' lang='lat' dir='ltr'><strong>verb.</strong></span> <span class='ocrx_word' id='word_1_1005' title='bbox 911 2837 1085 2871; x_wconf 76' lang='grc' dir='ltr'><strong>Ἀντισθένης</strong></span> 
     </span>
    </p>
   </div>
   <div class='ocr_carea' id='block_1_140' title="bbox 762 2847 1182 2910">
    <p class='ocr_par' dir='ltr' id='par_1_140' title="bbox 762 2847 1182 2910">
     <span class='ocr_line' id='line_1_142' title="bbox 762 2847 1182 2875; baseline 0.002 -10"><span class='ocrx_word' id='word_1_1006' title='bbox 762 2847 795 2867; x_wconf 87' lang='lat' dir='ltr'><strong>au</strong></span> <span class='ocrx_word' id='word_1_1007' title='bbox 814 2847 888 2866; x_wconf 71' lang='grc' dir='ltr'><strong>νει-υ,</strong></span> <span class='ocrx_word' id='word_1_1008' title='bbox 913 2847 1094 2875; x_wconf 72' lang='grc' dir='ltr'><strong>Ἀντισυενης.</strong></span> <span class='ocrx_word' id='word_1_1009' title='bbox 1149 2847 1182 2866; x_wconf 78' lang='grc'><strong>’³,</strong></span> 
     </span>
     <span class='ocr_line' id='line_1_143' title="bbox 762 2874 1182 2910; baseline 0.005 -10"><span class='ocrx_word' id='word_1_1010' title='bbox 762 2878 775 2901; x_wconf 76' lang='lat' dir='ltr'><strong>t.</strong></span> <span class='ocrx_word' id='word_1_1011' title='bbox 813 2874 871 2900; x_wconf 74' lang='lat'><strong>&quot;1.</strong></span> <span class='ocrx_word' id='word_1_1012' title='bbox 894 2882 918 2901; x_wconf 90' lang='lat' dir='ltr'><strong>\‘l</strong></span> <span class='ocrx_word' id='word_1_1013' title='bbox 949 2875 1020 2903; x_wconf 90' lang='lat' dir='ltr'><strong>illius</strong></span> <span class='ocrx_word' id='word_1_1014' title='bbox 1039 2875 1182 2910; x_wconf 73' lang='lat' dir='ltr'><strong>Vita&#39;,iuit.</strong></span> 
     </span>
    </p>
   </div>
   <div class='ocr_carea' id='block_1_141' title="bbox 860 2260 1641 2295">
    <p class='ocr_par' dir='ltr' id='par_1_141' title="bbox 860 2260 1641 2295">
     <span class='ocr_line' id='line_1_144' title="bbox 860 2260 1641 2295; baseline 0.003 -9"><span class='ocrx_word' id='word_1_1015' title='bbox 860 2260 896 2286; x_wconf 70' lang='lat' dir='ltr'><strong>De</strong></span> <span class='ocrx_word' id='word_1_1016' title='bbox 913 2261 970 2286; x_wconf 78' lang='lat' dir='ltr'><strong>vitis</strong></span> <span class='ocrx_word' id='word_1_1017' title='bbox 986 2265 1010 2287; x_wconf 80' lang='lat' dir='ltr'><strong>et</strong></span> <span class='ocrx_word' id='word_1_1018' title='bbox 1026 2261 1143 2294; x_wconf 83' lang='lat' dir='ltr'><strong>dogutul.</strong></span> <span class='ocrx_word' id='word_1_1019' title='bbox 1159 2261 1320 2294; x_wconf 65' lang='lat' dir='ltr'><strong>philusopln,</strong></span> <span class='ocrx_word' id='word_1_1020' title='bbox 1340 2261 1354 2295; x_wconf 59' lang='grc' dir='ltr'>ᾗ</span> <span class='ocrx_word' id='word_1_1021' title='bbox 1377 2261 1420 2292; x_wconf 78' lang='grc'>15,</span> <span class='ocrx_word' id='word_1_1022' title='bbox 1441 2261 1641 2288; x_wconf 86' lang='lat' dir='ltr'><strong>adnotatioues.</strong></span> 
     </span>
    </p>
   </div>
   <div class='ocr_carea' id='block_1_142' title="bbox 894 2295 1642 2330">
    <p class='ocr_par' dir='ltr' id='par_1_142' title="bbox 894 2295 1642 2330">
     <span class='ocr_line' id='line_1_145' title="bbox 894 2295 1642 2330; baseline 0.001 -8"><span class='ocrx_word' id='word_1_1023' title='bbox 894 2295 971 2322; x_wconf 90' lang='lat' dir='ltr'><strong>lluuc</strong></span> <span class='ocrx_word' id='word_1_1024' title='bbox 989 2300 1120 2329; x_wconf 75' lang='lat' dir='ltr'><strong>praeterea</strong></span> <span class='ocrx_word' id='word_1_1025' title='bbox 1146 2297 1233 2330; x_wconf 87' lang='lat' dir='ltr'><strong>patria</strong></span> <span class='ocrx_word' id='word_1_1026' title='bbox 1255 2295 1390 2330; x_wconf 68' lang='lat' dir='ltr'><strong>Phrygem</strong></span> <span class='ocrx_word' id='word_1_1027' title='bbox 1417 2296 1501 2322; x_wconf 76' lang='lat' dir='ltr'><strong>fuisse</strong></span> <span class='ocrx_word' id='word_1_1028' title='bbox 1518 2296 1642 2323; x_wconf 86' lang='lat' dir='ltr'><strong>Clemens</strong></span> 
     </span>
    </p>
   </div>
   <div class='ocr_carea' id='block_1_143' title="bbox 857 2330 1642 2365">
    <p class='ocr_par' dir='ltr' id='par_1_143' title="bbox 857 2330 1642 2365">
     <span class='ocr_line' id='line_1_146' title="bbox 857 2330 1642 2365; baseline 0 -8"><span class='ocrx_word' id='word_1_1029' title='bbox 857 2331 1048 2357; x_wconf 76' lang='lat' dir='ltr'><strong>animadvertit</strong></span> <span class='ocrx_word' id='word_1_1030' title='bbox 1060 2330 1092 2362; x_wconf 76' lang='lat'><strong>“,</strong></span> <span class='ocrx_word' id='word_1_1031' title='bbox 1114 2332 1161 2357; x_wconf 87' lang='lat' dir='ltr'><strong>sed</strong></span> <span class='ocrx_word' id='word_1_1032' title='bbox 1180 2331 1206 2357; x_wconf 92' lang='lat' dir='ltr'><strong>id</strong></span> <span class='ocrx_word' id='word_1_1033' title='bbox 1224 2339 1276 2356; x_wconf 91' lang='lat' dir='ltr'><strong>non</strong></span> <span class='ocrx_word' id='word_1_1034' title='bbox 1299 2332 1411 2357; x_wconf 85' lang='lat' dir='ltr'><strong>omnino</strong></span> <span class='ocrx_word' id='word_1_1035' title='bbox 1427 2336 1530 2357; x_wconf 90' lang='lat' dir='ltr'><strong>certum</strong></span> <span class='ocrx_word' id='word_1_1036' title='bbox 1547 2332 1642 2365; x_wconf 85' lang='lat' dir='ltr'><strong>explo-</strong></span> 
     </span>
    </p>
   </div>
   <div class='ocr_carea' id='block_1_144' title="bbox 858 2365 1641 2399">
    <p class='ocr_par' dir='ltr' id='par_1_144' title="bbox 858 2365 1641 2399">
     <span class='ocr_line' id='line_1_147' title="bbox 858 2365 1641 2399; baseline 0 -7"><span class='ocrx_word' id='word_1_1037' title='bbox 858 2371 1001 2399; x_wconf 84' lang='lat' dir='ltr'><strong>ratumque</strong></span> <span class='ocrx_word' id='word_1_1038' title='bbox 1023 2370 1091 2392; x_wconf 84' lang='lat' dir='ltr'><strong>erat.</strong></span> <span class='ocrx_word' id='word_1_1039' title='bbox 1114 2365 1151 2392; x_wconf 86' lang='lat' dir='ltr'><strong>Du</strong></span> <span class='ocrx_word' id='word_1_1040' title='bbox 1170 2367 1215 2392; x_wconf 86' lang='lat' dir='ltr'><strong>illo</strong></span> <span class='ocrx_word' id='word_1_1041' title='bbox 1243 2370 1342 2392; x_wconf 87' lang='lat' dir='ltr'><strong>etenim</strong></span> <span class='ocrx_word' id='word_1_1042' title='bbox 1373 2367 1429 2393; x_wconf 64' lang='lat' dir='ltr'><strong>haec</strong></span> <span class='ocrx_word' id='word_1_1043' title='bbox 1454 2372 1517 2393; x_wconf 90' lang='lat' dir='ltr'><strong>sunt</strong></span> <span class='ocrx_word' id='word_1_1044' title='bbox 1540 2365 1641 2393; x_wconf 86' lang='lat' dir='ltr'><strong>Laertii</strong></span> 
     </span>
    </p>
   </div>
   <div class='ocr_carea' id='block_1_145' title="bbox 857 2401 1641 2428">
    <p class='ocr_par' dir='ltr' id='par_1_145' title="bbox 857 2401 1641 2428">
     <span class='ocr_line' id='line_1_148' title="bbox 857 2401 1641 2428; baseline 0.001 -1"><span class='ocrx_word' id='word_1_1045' title='bbox 857 2402 937 2427; x_wconf 80' lang='lat' dir='ltr'><strong>verba</strong></span> <span class='ocrx_word' id='word_1_1046' title='bbox 946 2401 968 2416; x_wconf 77' lang='grc'><strong>⁴’⁷</strong></span> <span class='ocrx_word' id='word_1_1047' title='bbox 980 2410 986 2427; x_wconf 84' lang='grc'><strong>;</strong></span> <span class='ocrx_word' id='word_1_1048' title='bbox 1000 2409 1009 2425; x_wconf 88' lang='grc'><strong><em>‹</em></strong></span> <span class='ocrx_word' id='word_1_1049' title='bbox 1020 2401 1195 2428; x_wconf 84' lang='lat' dir='ltr'><strong>Antisthenes</strong></span> <span class='ocrx_word' id='word_1_1050' title='bbox 1205 2401 1375 2428; x_wconf 86' lang='lat' dir='ltr'><strong>Autistheuis</strong></span> <span class='ocrx_word' id='word_1_1051' title='bbox 1384 2402 1458 2428; x_wconf 80' lang='lat' dir='ltr'><strong>[ilius</strong></span> <span class='ocrx_word' id='word_1_1052' title='bbox 1467 2402 1641 2428; x_wconf 82' lang='lat' dir='ltr'><strong>Atheniensis</strong></span> 
     </span>
    </p>
   </div>
   <div class='ocr_carea' id='block_1_146' title="bbox 854 2436 1641 2470">
    <p class='ocr_par' dir='ltr' id='par_1_146' title="bbox 854 2436 1641 2470">
     <span class='ocr_line' id='line_1_149' title="bbox 854 2436 1641 2470; baseline 0 -8"><span class='ocrx_word' id='word_1_1053' title='bbox 854 2436 915 2463; x_wconf 83' lang='lat' dir='ltr'><strong>l&#39;uit.</strong></span> <span class='ocrx_word' id='word_1_1054' title='bbox 932 2436 1077 2462; x_wconf 84' lang='lat' dir='ltr'><strong>Dicebatur</strong></span> <span class='ocrx_word' id='word_1_1055' title='bbox 1094 2441 1182 2462; x_wconf 83' lang='lat' dir='ltr'><strong>autent</strong></span> <span class='ocrx_word' id='word_1_1056' title='bbox 1197 2445 1248 2462; x_wconf 93' lang='lat' dir='ltr'><strong>non</strong></span> <span class='ocrx_word' id='word_1_1057' title='bbox 1261 2443 1321 2462; x_wconf 83' lang='lat' dir='ltr'><strong>esse</strong></span> <span class='ocrx_word' id='word_1_1058' title='bbox 1336 2437 1474 2470; x_wconf 72' lang='lat' dir='ltr'><strong>indigena.</strong></span> <span class='ocrx_word' id='word_1_1059' title='bbox 1488 2437 1564 2469; x_wconf 75' lang='lat' dir='ltr'><strong>Quod</strong></span> <span class='ocrx_word' id='word_1_1060' title='bbox 1579 2445 1641 2463; x_wconf 89' lang='lat' dir='ltr'><strong>cum</strong></span> 
     </span>
    </p>
   </div>
   <div class='ocr_carea' id='block_1_147' title="bbox 854 2470 1642 2504">
    <p class='ocr_par' dir='ltr' id='par_1_147' title="bbox 854 2470 1642 2504">
     <span class='ocr_line' id='line_1_150' title="bbox 854 2470 1642 2504; baseline 0.001 -7"><span class='ocrx_word' id='word_1_1061' title='bbox 854 2472 905 2498; x_wconf 88' lang='lat' dir='ltr'><strong>sibi</strong></span> <span class='ocrx_word' id='word_1_1062' title='bbox 924 2475 1024 2504; x_wconf 86' lang='lat' dir='ltr'><strong>probro</strong></span> <span class='ocrx_word' id='word_1_1063' title='bbox 1041 2472 1162 2501; x_wconf 86' lang='lat' dir='ltr'><strong>daretur.</strong></span> <span class='ocrx_word' id='word_1_1064' title='bbox 1175 2473 1275 2498; x_wconf 77' lang='lat' dir='ltr'><strong>dixisse</strong></span> <span class='ocrx_word' id='word_1_1065' title='bbox 1289 2473 1376 2498; x_wconf 83' lang='lat' dir='ltr'><strong>fertur</strong></span> <span class='ocrx_word' id='word_1_1066' title='bbox 1390 2479 1397 2499; x_wconf 88' lang='lat'><strong>:</strong></span> <span class='ocrx_word' id='word_1_1067' title='bbox 1413 2470 1565 2499; x_wconf 84' lang='lat' dir='ltr'><strong>Etdcorunt</strong></span> <span class='ocrx_word' id='word_1_1068' title='bbox 1584 2480 1642 2498; x_wconf 90' lang='lat' dir='ltr'><strong>ma-</strong></span> 
     </span>
    </p>
   </div>
   <div class='ocr_carea' id='block_1_148' title="bbox 855 2506 1639 2541">
    <p class='ocr_par' dir='ltr' id='par_1_148' title="bbox 855 2506 1639 2541">
     <span class='ocr_line' id='line_1_151' title="bbox 855 2506 1639 2541; baseline 0 -8"><span class='ocrx_word' id='word_1_1069' title='bbox 855 2513 896 2533; x_wconf 92' lang='lat' dir='ltr'><strong>ter</strong></span> <span class='ocrx_word' id='word_1_1070' title='bbox 912 2506 1029 2541; x_wconf 78' lang='lat' dir='ltr'><strong>Phrygia</strong></span> <span class='ocrx_word' id='word_1_1071' title='bbox 1054 2512 1107 2533; x_wconf 88' lang='lat' dir='ltr'><strong>est.</strong></span> <span class='ocrx_word' id='word_1_1072' title='bbox 1135 2506 1281 2534; x_wconf 80' lang='lat' dir='ltr'><strong>Videbatur</strong></span> <span class='ocrx_word' id='word_1_1073' title='bbox 1303 2509 1375 2533; x_wconf 90' lang='lat' dir='ltr'><strong>enim</strong></span> <span class='ocrx_word' id='word_1_1074' title='bbox 1402 2507 1476 2534; x_wconf 90' lang='lat' dir='ltr'><strong>illius</strong></span> <span class='ocrx_word' id='word_1_1075' title='bbox 1501 2514 1587 2534; x_wconf 86' lang='lat' dir='ltr'><strong>mater</strong></span> <span class='ocrx_word' id='word_1_1076' title='bbox 1605 2515 1639 2534; x_wconf 83' lang='lat' dir='ltr'><strong>ex</strong></span> 
     </span>
    </p>
   </div>
   <div class='ocr_carea' id='block_1_149' title="bbox 851 2541 1639 2575">
    <p class='ocr_par' dir='ltr' id='par_1_149' title="bbox 851 2541 1639 2575">
     <span class='ocr_line' id='line_1_152' title="bbox 851 2541 1639 2575; baseline 0.001 -7"><span class='ocrx_word' id='word_1_1077' title='bbox 851 2542 977 2569; x_wconf 85' lang='lat' dir='ltr'><strong>Thracia.</strong></span> <span class='ocrx_word' id='word_1_1078' title='bbox 992 2552 1002 2568; x_wconf 74' lang='grc' dir='ltr'><strong>ι</strong></span> <span class='ocrx_word' id='word_1_1079' title='bbox 1020 2542 1098 2575; x_wconf 88' lang='lat' dir='ltr'><strong>Quod</strong></span> <span class='ocrx_word' id='word_1_1080' title='bbox 1122 2543 1221 2570; x_wconf 85' lang='lat' dir='ltr'><strong>alicubi</strong></span> <span class='ocrx_word' id='word_1_1081' title='bbox 1238 2551 1254 2569; x_wconf 89' lang='lat' dir='ltr'><strong>a</strong></span> <span class='ocrx_word' id='word_1_1082' title='bbox 1271 2541 1417 2570; x_wconf 83' lang='lat' dir='ltr'><strong>Plutarcho</strong></span> <span class='ocrx_word' id='word_1_1083' title='bbox 1434 2544 1516 2570; x_wconf 86' lang='lat' dir='ltr'><strong>etiam</strong></span> <span class='ocrx_word' id='word_1_1084' title='bbox 1537 2543 1639 2570; x_wconf 85' lang='lat' dir='ltr'><strong>asseri-</strong></span> 
     </span>
    </p>
   </div>
   <div class='ocr_carea' id='block_1_150' title="bbox 1285 2663 1639 2698">
    <p class='ocr_par' dir='ltr' id='par_1_150' title="bbox 1285 2663 1639 2698">
     <span class='ocr_line' id='line_1_153' title="bbox 1285 2663 1639 2698; baseline 0.003 -8"><span class='ocrx_word' id='word_1_1085' title='bbox 1285 2670 1310 2698; x_wconf 89' lang='lat' dir='ltr'><strong>p.</strong></span> <span class='ocrx_word' id='word_1_1086' title='bbox 1327 2663 1391 2690; x_wconf 78' lang='lat'><strong>875.</strong></span> <span class='ocrx_word' id='word_1_1087' title='bbox 1445 2664 1469 2680; x_wconf 80' lang='grc'><strong>³⁸</strong></span> <span class='ocrx_word' id='word_1_1088' title='bbox 1482 2664 1501 2690; x_wconf 94' lang='lat' dir='ltr'><strong>l.</strong></span> <span class='ocrx_word' id='word_1_1089' title='bbox 1516 2663 1554 2690; x_wconf 88' lang='lat' dir='ltr'><strong>De</strong></span> <span class='ocrx_word' id='word_1_1090' title='bbox 1569 2663 1639 2691; x_wconf 85' lang='lat' dir='ltr'><strong>Iside</strong></span> 
     </span>
    </p>
   </div>
   <div class='ocr_carea' id='block_1_151' title="bbox 976 2698 1638 2760">
    <p class='ocr_par' dir='ltr' id='par_1_151' title="bbox 976 2698 1638 2760">
     <span class='ocr_line' id='line_1_154' title="bbox 976 2698 1637 2733; baseline 0.002 -9"><span class='ocrx_word' id='word_1_1091' title='bbox 976 2699 1000 2714; x_wconf 71' lang='grc' dir='ltr'><strong>³ο</strong></span> <span class='ocrx_word' id='word_1_1092' title='bbox 1020 2701 1039 2725; x_wconf 89' lang='grc' dir='ltr'>Ι.</span> <span class='ocrx_word' id='word_1_1093' title='bbox 1061 2707 1069 2725; x_wconf 92' lang='grc' dir='ltr'><strong>ι</strong></span> <span class='ocrx_word' id='word_1_1094' title='bbox 1085 2699 1123 2726; x_wconf 91' lang='lat' dir='ltr'><strong>De</strong></span> <span class='ocrx_word' id='word_1_1095' title='bbox 1137 2699 1204 2726; x_wconf 87' lang='lat' dir='ltr'><strong>Vitis</strong></span> <span class='ocrx_word' id='word_1_1096' title='bbox 1220 2704 1248 2726; x_wconf 87' lang='lat' dir='ltr'><strong>et</strong></span> <span class='ocrx_word' id='word_1_1097' title='bbox 1265 2700 1325 2733; x_wconf 74' lang='lat' dir='ltr'><strong>dog.</strong></span> <span class='ocrx_word' id='word_1_1098' title='bbox 1341 2698 1505 2733; x_wconf 85' lang='lat' dir='ltr'><strong>philosoph.,</strong></span> <span class='ocrx_word' id='word_1_1099' title='bbox 1529 2699 1554 2724; x_wconf 93' lang='lat' dir='ltr'><strong>in</strong></span> <span class='ocrx_word' id='word_1_1100' title='bbox 1579 2698 1637 2725; x_wconf 81' lang='lat' dir='ltr'><strong>Vita</strong></span> 
     </span>
     <span class='ocr_line' id='line_1_155' title="bbox 976 2733 1638 2760; baseline -0.002 0"><span class='ocrx_word' id='word_1_1101' title='bbox 976 2742 992 2760; x_wconf 86' lang='grc' dir='ltr'><strong>ιι</strong></span> <span class='ocrx_word' id='word_1_1102' title='bbox 1011 2734 1082 2760; x_wconf 88' lang='lat' dir='ltr'><strong>Vitas</strong></span> <span class='ocrx_word' id='word_1_1103' title='bbox 1097 2739 1125 2760; x_wconf 90' lang='lat' dir='ltr'><strong>et</strong></span> <span class='ocrx_word' id='word_1_1104' title='bbox 1141 2734 1231 2760; x_wconf 68' lang='lat' dir='ltr'><strong>deum.</strong></span> <span class='ocrx_word' id='word_1_1105' title='bbox 1250 2735 1347 2760; x_wconf 89' lang='lat' dir='ltr'><strong>ohilos.</strong></span> <span class='ocrx_word' id='word_1_1106' title='bbox 1370 2735 1384 2760; x_wconf 60' lang='grc' dir='ltr'><strong>ἃ</strong></span> <span class='ocrx_word' id='word_1_1107' title='bbox 1401 2733 1443 2760; x_wconf 84' lang='grc'>16.</span> <span class='ocrx_word' id='word_1_1108' title='bbox 1493 2734 1516 2749; x_wconf 71' lang='grc'><strong>³⁵</strong></span> <span class='ocrx_word' id='word_1_1109' title='bbox 1533 2733 1551 2759; x_wconf 91' lang='lat' dir='ltr'><strong>l.</strong></span> <span class='ocrx_word' id='word_1_1110' title='bbox 1567 2741 1584 2759; x_wconf 61' lang='grc' dir='ltr'><strong>Χ</strong></span> <span class='ocrx_word' id='word_1_1111' title='bbox 1601 2733 1638 2760; x_wconf 81' lang='lat' dir='ltr'><strong>De</strong></span> 
     </span>
    </p>
   </div>
   <div class='ocr_carea' id='block_1_152' title="bbox 1172 2733 1637 2808">
    <p class='ocr_par' dir='ltr' id='par_1_152' title="bbox 1172 2733 1637 2808">
     <span class='ocr_line' id='line_1_156' title="bbox 1172 2733 1637 2771; baseline -0.002 -11"><span class='ocrx_word' id='word_1_1112' title='bbox 1172 2743 1231 2768; x_wconf 56' lang='lat' dir='ltr'><strong>igni.</strong></span> <span class='ocrx_word' id='word_1_1113' title='bbox 1249 2735 1347 2768; x_wconf 89' lang='lat' dir='ltr'><strong>philos.</strong></span> <span class='ocrx_word' id='word_1_1114' title='bbox 1370 2735 1384 2770; x_wconf 59' lang='grc' dir='ltr'>ᾗ</span> <span class='ocrx_word' id='word_1_1115' title='bbox 1401 2733 1443 2761; x_wconf 84' lang='grc'>16.</span> <span class='ocrx_word' id='word_1_1116' title='bbox 1493 2734 1516 2749; x_wconf 70' lang='grc'><strong>³⁵</strong></span> <span class='ocrx_word' id='word_1_1117' title='bbox 1533 2733 1551 2759; x_wconf 91' lang='lat' dir='ltr'><strong>l.</strong></span> <span class='ocrx_word' id='word_1_1118' title='bbox 1567 2741 1584 2759; x_wconf 61' lang='grc' dir='ltr'><strong>Χ</strong></span> <span class='ocrx_word' id='word_1_1119' title='bbox 1601 2733 1637 2771; x_wconf 66' lang='lat' dir='ltr'><strong>lle</strong></span> 
     </span>
     <span class='ocr_line' id='line_1_157' title="bbox 1172 2769 1637 2808; baseline -0.006 -12"><span class='ocrx_word' id='word_1_1120' title='bbox 1172 2770 1193 2784; x_wconf 87' lang='grc'><strong>³⁷</strong></span> <span class='ocrx_word' id='word_1_1121' title='bbox 1205 2769 1242 2808; x_wconf 71' lang='lat' dir='ltr'><strong>De</strong></span> <span class='ocrx_word' id='word_1_1122' title='bbox 1255 2770 1407 2808; x_wconf 75' lang='lat' dir='ltr'><strong>philosopli.</strong></span> <span class='ocrx_word' id='word_1_1123' title='bbox 1421 2769 1637 2808; x_wconf 27' lang='lat' dir='ltr'><strong>sectaucapztjz,</strong></span> 
     </span>
    </p>
   </div>
   <div class='ocr_carea' id='block_1_153' title="bbox 1006 2803 1636 2874">
    <p class='ocr_par' dir='ltr' id='par_1_153' title="bbox 1006 2803 1636 2874">
     <span class='ocr_line' id='line_1_158' title="bbox 1006 2803 1636 2838; baseline 0 -7"><span class='ocrx_word' id='word_1_1124' title='bbox 1006 2804 1028 2819; x_wconf 77' lang='lat'><strong>“‘</strong></span> <span class='ocrx_word' id='word_1_1125' title='bbox 1042 2803 1119 2837; x_wconf 62' lang='grc' dir='ltr'><strong>ιίιν,</strong></span> <span class='ocrx_word' id='word_1_1126' title='bbox 1133 2812 1213 2831; x_wconf 83' lang='lat' dir='ltr'><strong>serui.</strong></span> <span class='ocrx_word' id='word_1_1127' title='bbox 1224 2806 1252 2837; x_wconf 78' lang='lat'><strong>5,</strong></span> <span class='ocrx_word' id='word_1_1128' title='bbox 1271 2805 1308 2831; x_wconf 81' lang='lat' dir='ltr'><strong>De</strong></span> <span class='ocrx_word' id='word_1_1129' title='bbox 1320 2805 1409 2838; x_wconf 71' lang='lat' dir='ltr'><strong>angel.</strong></span> <span class='ocrx_word' id='word_1_1130' title='bbox 1426 2812 1451 2838; x_wconf 86' lang='lat' dir='ltr'><strong>p.</strong></span> <span class='ocrx_word' id='word_1_1131' title='bbox 1468 2803 1530 2831; x_wconf 77' lang='lat' dir='ltr'><strong>5l5.</strong></span> <span class='ocrx_word' id='word_1_1132' title='bbox 1569 2803 1590 2818; x_wconf 79' lang='grc'><strong>⁸¹</strong></span> <span class='ocrx_word' id='word_1_1133' title='bbox 1609 2803 1636 2831; x_wconf 85' lang='lat' dir='ltr'><strong>in</strong></span> 
     </span>
     <span class='ocr_line' id='line_1_159' title="bbox 1006 2839 1635 2874; baseline 0.003 -9"><span class='ocrx_word' id='word_1_1134' title='bbox 1006 2839 1094 2874; x_wconf 77' lang='grc' dir='ltr'>οένης.</span> <span class='ocrx_word' id='word_1_1135' title='bbox 1149 2839 1295 2873; x_wconf 70' lang='lat' dir='ltr'><strong>&quot;Ausum,</strong></span> <span class='ocrx_word' id='word_1_1136' title='bbox 1311 2840 1395 2874; x_wconf 68' lang='lat' dir='ltr'><strong>epigr.</strong></span> <span class='ocrx_word' id='word_1_1137' title='bbox 1414 2840 1458 2867; x_wconf 70' lang='lat'><strong>26.</strong></span> <span class='ocrx_word' id='word_1_1138' title='bbox 1514 2839 1536 2854; x_wconf 78' lang='lat'><strong>“</strong></span> <span class='ocrx_word' id='word_1_1139' title='bbox 1550 2846 1576 2873; x_wconf 88' lang='lat' dir='ltr'><strong>p.</strong></span> <span class='ocrx_word' id='word_1_1140' title='bbox 1589 2839 1635 2867; x_wconf 68' lang='grc' dir='ltr'>ιιι.</span> 
     </span>
    </p>
   </div>
  </div>
