1916 3071
234 125 305 154 1995

570 124 604 152 ΙΝ
621 123 837 152 CLEMENTEM-
853 125 954 154 ALEX.
975 126 1006 154 Ι).
1029 127 1072 155 LE
1090 127 1233 157 NOURRY
1254 127 1481 157 DISSERTATIO
1494 129 1528 158 ll.

1787 131 1850 159 19.96

227 191 286 229 Isi-ro
299 185 461 229 rationibus,
478 184 547 220 lege,
569 185 591 212 si
613 189 692 229 vacet
703 189 731 212 et
742 185 821 229 velis,
835 185 1008 214 Plutarchum

1064 188 1227 229 ueToSaztxﬁ
1236 187 1485 229 XL‘IﬂGEtlptittliva,
1494 195 1554 229 qum
1561 195 1609 229 nos
1710 187 1850 217 animantia

228 222 298 249 libro
315 229 335 247 ιι
352 220 484 254 δῃηιροι..
502 225 596 254 quaest.
618 220 645 251 5.
657 228 719 254 pag.
741 220 793 247 667
809 225 836 248 et
854 228 924 255 seq.,
942 226 969 248 et
983 224 1009 249 in

227 264 288 292 pag.
308 255 361 283 685
393 255 500 292 llenrigi
513 290 518 292 _
531 255 663 289 Stephani
686 256 906 292 observationes;
926 257 1013 284 Athe-

227 290 315 319 naeum
349 292 393 317 lib.
415 298 443 317 Ill
472 290 660 324 Deipnottoph.,
681 298 743 323 pag.
767 290 821 321 96;
839 291 1012 319 Aristotelem

227 326 276 354 lib.
300 334 325 352 vr
351 325 418 352 "ist.
437 325 560 360 aninint.,
578 332 637 359 cap.
653 325 698 356 20,
717 325 803 352 ctlib.
819 333 877 359 vui,
900 334 962 360 cap.
980 327 1009 354 2i

229 367 256 389 et
270 361 320 393 28;
339 360 466 392 Plinium,
482 359 553 386 Hist.
563 364 652 386 natur.
672 360 718 387 lib.
738 368 797 393 vuiI
818 361 919 395 cap.5l
936 359 942 393 ξ
960 361 1013 388 Bo-

228 397 352 424 cltartum
375 395 410 421 De
424 395 534 422 animal.
548 403 618 422 επεν.
636 396 741 427 scriptu
765 396 814 422 lib.
837 404 868 427 ll,
889 404 949 430 cap.
967 397 1012 429 57,

227 439 291 466 pag.
303 431 355 458 695
366 435 393 457 et
404 438 479 466 scq.;
497 430 658 462 Gesnerum,
670 430 881 460 Aldrovandum.
897 437 924 458 et
934 432 1012 465 alios,

229 465 275 501 qui
293 466 326 493 de
343 465 506 492 animalibus
524 466 607 492 libros
624 470 652 492 et
667 469 800 495 tractatus
821 466 976 499 ediderunt,
997 474 1012 493 a

229 502 328 535 quibus
342 508 374 528 ea
389 508 497 535 quoque
513 506 709 530 memorantur,
724 508 784 534 quae
800 501 832 528 de
843 501 937 528 iisdem
947 502 1015 528 suil-

231 536 265 563 lis
280 542 359 570 alque
369 536 451 562 etiam
467 535 579 563 hircinis
594 536 726 563 carnibus
740 536 877 563 memoria:
888 536 1014 564 Clemens

229 572 317 599 adhuc
331 570 449 605 prodidit
458 570 491 599 ".

264 606 398 640 Quasdam
410 606 454 633 ille
469 610 598 640 praeterea
622 610 716 632 narrat
732 613 792 633 esse
811 605 912 633 bestias
926 606 952 633 in
967 614 1014 634 ca-

228 641 321 669 vernis
332 641 461 672 latcntes.
472 648 533 674 qute
545 640 703 668 ferebantur
717 647 764 668 aut
785 641 858 668 acris
881 642 1012 668 crassitu-

229 677 302 708 dine,
324 681 371 702 aut
390 677 498 710 propria
523 676 644 710 corporis
667 676 841 704 exhalatione
861 677 969 709 nutriri,
985 682 1013 704 et

229 712 296 739 citra
313 711 491 738 offensionem
513 711 618 746 augeri.
643 711 679 738 De
695 711 792 745 quibus
812 711 941 745 legendus
972 717 1013 739 est

228 747 429 778 Aldrovandus,
441 746 486 773 ubi
502 747 535 773 de
552 746 680 772 monstris
691 748 822 780 disputat.
847 746 909 773 [iure
921 752 1010 774 autem

229 783 301 810 haud
328 781 408 808 dubie
436 789 490 807 non
520 781 609 808 minus
638 781 758 808 fabulasa
785 786 812 808 et
836 781 930 808 ﬁctilia
949 787 1012 808 sunt

229 825 309 852 quam
332 823 446 852 eaquae
470 816 572 843 Plinius
593 820 620 843 et
632 815 873 852 Solinusscriplis
894 818 1014 843 tradide-

230 851 341 883 runt“,
362 851 535 878 Astomorum
558 855 665 885 gentem
697 851 770 878 ιιιιΙΙο
799 852 860 878 cibo
885 851 1011 886 nulloque

228 893 306 923 potu,
321 888 368 923 sed
394 886 513 923 radicum
522 885 662 923 _duu_tattat
683 891 710 914 et
730 885 827 923 (lorum
849 886 957 923 olfactu
972 888 1010 912 vi-

229 920 433 983 :ere;.d§ltl;abo
457 921 556 948 etenim
585 921 677 948 isthaec
700 923 732 949 ad
756 921 861 949 fabulas
883 920 1011 955 rejicitet

249 967 289 983 |lli|
332 966 337 972 ‘
397 975 404 983 ι

229 961 359 985 ainandal
371 961 404 984 ".

263 992 340 1025 Quod
359 999 422 1019 vero
437 991 508 1018 inter
524 991 626 1019 bestias
646 991 769 1026 aliasque
787 996 930 1019 creaturas
954 991 1012 1020 sive

231 1029 365 1055 animatas
380 1028 437 1053 sive
454 1034 507 1053 non
524 1027 657 1053 animatas
672 1027 707 1054 sit
723 1027 879 1059 discrimen,
899 1027 939 1054 his
951 1027 1011 1055 Cle-

230 1071 306 1090 mens
317 1067 419 1094 noster,
435 1067 495 1095 post
511 1067 615 1089 veteres
627 1062 798 1096 philosophos
810 1067 836 1089 et
852 1061 1007 1096 Philonem,

230 1098 322 1125 docuit
337 1097 426 1124 verbis
438 1096 461 1112 5°
475 1105 482 1124 :
500 1106 509 1122 ι
525 1097 625 1123 Eorum
645 1104 705 1131 qua:
720 1102 871 1128 moventur,
887 1097 938 1124 alia
949 1098 1010 1131 qui-

230 1134 291 1160 dem
304 1140 339 1159 ex
357 1132 522 1166 appetitione
542 1138 684 1159 moventur
701 1136 727 1158 ct
740 1131 854 1164 visione,
866 1133 938 1159 sicut
953 1132 1010 1159 ani-

230 1168 325 1194 ntalia:
343 1168 394 1193 alia
410 1172 499 1193 autem
520 1174 566 1201 per
589 1167 806 1199 translationem,
830 1167 900 1194 sicut
922 1168 1010 1193 inani-

230 1209 323 1235 litata;
347 1210 378 1229 ex
398 1202 524 1228 inanimis
547 1206 636 1229 autem
658 1202 764 1235 plantas
790 1209 897 1236 quoque
918 1203 1011 1229 dicunt

231 1238 333 1265 moveri
352 1237 517 1264 transeundo
530 1238 562 1264 ad
574 1242 758 1272 augmentum,
775 1238 796 1264 si
817 1239 878 1271 quis
894 1237 932 1264 eis
950 1244 1010 1264 csse

229 1273 337 1308 plantas
358 1273 491 1299 inanimas
511 1274 684 1299 conceSserit.
704 1272 736 1299 Et
757 1272 879 1299 habitum
898 1273 1007 1306 quidem

229 1309 342 1342 lapides,
359 1313 483 1334 naturam
505 1314 569 1334 vero
591 1308 698 1341 planae,
715 1313 741 1334 et
760 1308 964 1341 appetitionem,
981 1312 1008 1333 et

228 1343 361 1370 visionem
377 1347 403 1370 et
418 1350 449 1368 ea
474 1349 534 1376 qua:
549 1343 624 1377 prius
637 1343 706 1369 dicta
721 1347 792 1373 sunt,
811 1343 888 1368 bruta
903 1349 1010 1376 quoque

230 1379 410 1413 participant;
426 1377 604 1413 ratiocinandi
626 1385 689 1404 vero
709 1383 826 1412 potestas
843 1382 884 1404 est
901 1377 1008 1412 propria

229 1412 355 1440 humana:
366 1414 471 1439 animae.
493 1422 502 1438 ι
517 1412 676 1439 Geueralem
691 1413 810 1439 oumium
825 1418 1010 1439 creaturarum

230 1449 466 1478 constitutionem,
478 1455 524 1474 seu
537 1447 686 1481 speriﬁcas,
696 1453 724 1473 ut
733 1447 886 1474 scholastici
898 1447 1012 1481 loquun-

231 1488 285 1516 tur,
298 1491 389 1511 earum
399 1482 568 1510 diiierentias
579 1483 614 1509 ibi
629 1483 752 1509 Clemens
766 1483 879 1510 strictim
891 1483 1009 1516 attingit.

229 1518 357 1551 Qua-dam
396 1518 467 1545 enim
502 1518 647 1552 partietpes
677 1523 739 1544 sunt
764 1517 846 1550 ἕξεως
873 1525 1010 1550 corporea:

230 1549 390 1585 dilectionis,
415 1549 531 1584 stabilis,
554 1549 624 1586 aegre
647 1553 764 1584 mobilis,
781 1560 832 1587 qua
855 1549 1045 1579 lirmissimoC

230 1589 352 1620 vinculo,
383 1589 452 1615 sicut
487 1588 590 1622 lapides
616 1588 799 1614 continentur.
828 1588 894 1614 Alia.-
914 1595 1009 1622 quent-

230 1625 374 1650 admodum
391 1623 496 1657 plantte-
516 1624 643 1649 dicutttur
671 1623 798 1649 κινεῖσθαι
821 1622 1009 1658 μεταϐατικῶς

230 1660 270 1691 εἰς
283 1658 405 1693 αὔξησιν,
424 1667 432 1682 ι
449 1658 550 1684 ιιιοιει·ἰ
567 1658 731 1693 transeundo
751 1658 777 1684 iu
791 1663 975 1693 augmentum.
996 1667 1006 1683 ι

230 1694 314 1720 Bruta
331 1692 395 1720 vero
416 1693 505 1728 ὁρμῆς
524 1692 570 1718 καὶ
590 1692 749 1727 φαντασίας,
767 1702 775 1717 ι
797 1692 961 1727 appetitione
982 1698 1009 1719 et

231 1730 335 1756 visione
362 1738 371 1754 ι
395 1733 457 1754 sunt
482 1730 603 1761 [trimith
623 1729 656 1754 At
683 1728 737 1754 lucc
750 1728 828 1762 paulo
850 1728 1009 1762 explicatius

231 1769 309 1791 antea
330 1763 407 1789 Philo
433 1763 593 1789 dixerat“:
625 1772 633 1787 ι
662 1762 792 1796 Lapidum
815 1767 842 1790 et
862 1762 1007 1797 lignorum,

230 1807 291 1834 qua:
313 1798 451 1834 abstracta
463 1802 541 1834 sunt,
559 1805 574 1824 a
591 1798 855 1834 coaliturviuculuur
869 1797 1005 1834 validissi-

231 1832 303 1861 mum
320 1833 390 1860 Deus
403 1833 467 1859 fecit
482 1833 611 1865 habitum,
629 1833 725 1868 δεσμὸν
743 1832 936 1868 κραταιότατον
953 1833 1009 1866 ἕξιν

231 1869 385 1904 εἰργάσατο,
420 1868 609 1904 quirspiritus
638 1874 680 1895 est
706 1875 845 1904 conversa
869 1868 1009 1895 reﬂectens

232 1903 405 1937 iuseipsum.
432 1903 565 1937 Incipiens
589 1904 661 1929 enini
687 1911 700 1930 a
725 1904 820 1930 ntediis
841 1903 867 1930 in
886 1908 1008 1930 extrema

231 1940 366 1967 tenditur:
407 1945 524 1972 cumque
556 1946 707 1972 supremam
744 1939 863 1973 attigerit
892 1938 1008 1973 superli-

230 1976 297 2002 cicm
323 1973 468 2001 reﬂectitur
495 1981 600 2005 rursus,
626 1973 717 2007 quoad
753 1977 847 2001 eodem
872 1974 921 2000 loci
946 1981 1009 2008 per.

230 2010 334 2037 venerit
364 2010 435 2035 unde
460 2008 575 2042 primum
601 2010 739 2041 prolectus
757 2013 825 2035 erat.
853 2010 941 2042 Atque
961 2009 1009 2037 hic

229 2050 271 2072 est
286 2044 428 2072 circularis
445 2051 541 2070 cursus
562 2044 680 2074 habitus,
697 2043 788 2075 ἕξεως.
812 2043 942 2071 Naturam
961 2051 1009 2070 au-

231 2086 297 2113 tent,
325 2079 415 2113 φύσιν,
439 2079 509 2105 Dens
524 2079 557 2105 iis
573 2079 705 2108 attribuit,
721 2087 779 2112 qua:
804 2080 939 2105 radicibus
954 2079 1009 2105 lia:-

230 2120 307 2147 reut;
320 2121 433 2149 eamque
445 2114 568 2140 attribuit
593 2121 654 2139 cum
668 2121 683 2139 e
699 2114 821 2148 plurimis
837 2114 1008 2141 facultatibus

229 2156 445 2183 attemperatam,
471 2154 525 2175 tum
549 2155 613 2175 vero
637 2149 731 2175 altrice
756 2149 781 2176 vi
808 2154 835 2175 et
864 2149 1006 2183 genitrice.

229 2186 355 2213 Animam
376 2185 457 2211 etiam
480 2184 556 2210 lictor
584 2184 640 2217 ipse
667 2183 753 2211 tribus
779 2184 858 2211 rebus
884 2184 972 2216 tinxit,
991 2192 1006 2211 a

1066 224 1191 254 dicimus,
1213 231 1245 250 eo
1266 224 1442 256 amplioribus
1466 224 1584 250 universi
1607 224 1739 257 partibus
1761 231 1850 251 acces-

1065 259 1149 285 sionis
1161 261 1218 284 vice
1240 263 1391 285 cesserunt.
1418 268 1428 284 ›
1450 258 1604 291 Perpende,
1629 265 1746 292 qureso.
1766 264 1849 286 utrum

1064 293 1189 320 Clemens
1204 299 1295 320 noster
1303 294 1335 319 ad
1352 294 1408 320 lucc
1422 293 1542 320 Philonis
1555 293 1641 319 verba
1653 292 1850 320 collineaverit.

1065 328 1146 355 Vides
1159 329 1230 354 enim
1252 328 1285 354 ab
1301 329 1358 362 ipso
1373 329 1466 355 eadem
1481 329 1601 359 nomina.
1618 327 1688 361 ἕξις,
1706 328 1798 362 φύσις,
1817 330 1826 354 ὁ

1064 366 1111 400 μή,
1126 363 1273 400 φαντασίατ
1289 363 1487 400 μεταϐςιτικῶς,
1513 363 1603 390 etalio
1625 364 1724 390 eodeni
1750 363 1849 400 signiti-

1065 398 1127 424 ca'tu
1151 399 1284 432 usurpari.
1306 399 1386 432 Atqui
1409 400 1430 425 si
1451 398 1580 425 Clemens
1595 399 1709 424 adeum
1724 399 1850 432 respexit,

1065 433 1107 459 Itis
1122 438 1196 459 certe
1211 433 1310 465 verbis,
1325 441 1333 458 ι
1352 433 1373 459 si
1389 434 1451 468 quis
1460 434 1500 460 eis
1513 440 1573 459 esse
1593 433 1703 466 plantas
1718 432 1850 468 inanima;

1064 469 1242 497 concesserit.
1264 477 1272 492 ι
1295 467 1466 495 manifestum
1491 468 1585 501 utique
1608 469 1741 494 omnibus
1764 467 1849 494 facere

1063 503 1183 536 videtur,
1197 511 1226 530 se
1241 507 1338 529 contra
1362 503 1475 531 aliorum
1492 503 1677 537 quorumdam
1694 503 1849 535 opinionem

1063 538 1263 565 existimavisse
1282 538 1365 565 solam
1385 545 1519 570 naturam,
1535 537 1627 572 φύσιν,
1650 538 1812 571 nullamque
1828 541 1849 564 in

1063 573 1163 607 plantis
1182 580 1241 600 esse
1262 573 1390 600 animam.
1405 574 1475 606 Quid
1496 579 1587 599 autem
1607 581 1638 600 ea
1653 573 1690 599 de
1704 580 1734 598 re
1751 578 1852 599 veteres

1063 608 1216 642 philosophi
1231 608 1399 641 censuerint,
1412 614 1505 635 narrat
1521 608 1692 635 Plutarchus
1704 608 1728 623 ⁸³
1740 629 1749 641 ,
1764 616 1851 639 quem,

1063 643 1085 670 si
1102 643 1185 674 lubet,
1198 643 1319 670 consule.

1098 679 1230 705 Arborum
1248 686 1328 712 porro
1343 677 1507 710 insitionem,
1523 685 1603 712 quam
1617 685 1679 704 cum
1689 676 1853 704 Christiana:

1063 713 1193 740 doctrinm
1217 714 1388 747 susceptione
1411 713 1536 739 Clemens
1563 714 1707 746 componit
1728 713 1766 742 ".
1792 722 1850 746 qua-

1063 748 1212 782 druplicem
1229 756 1288 774 esse
1300 756 1332 774 ex
1347 748 1465 781 antiquis
1482 749 1602 783 physicis
1614 749 1654 774 sic
1668 749 1848 775 demonstrat.

1062 783 1164 813 Prima.
1183 784 1278 817 inquit,
1291 783 1398 809 arboris
1410 783 1499 810 insitio
1511 785 1540 809 tit
1554 784 1624 809 inter
1640 783 1747 817 lignum
1757 789 1785 809 et
1797 791 1850 810 cur-

1064 818 1163 849 ticem:
1180 823 1260 852 atque
1276 819 1346 844 hunc
1361 818 1387 844 in
1406 818 1515 844 modum
1531 819 1704 844 catechismo
1732 826 1850 852 paganus

1063 853 1144 880 idiota
1163 861 1242 880 sacra
1265 853 1386 880 doctrina
1409 853 1550 879 imbuitur.
1569 853 1696 879 Secunda
1722 859 1785 883 est,
1801 862 1848 886 qua

1061 888 1134 914 sicut
1148 888 1221 922 ligno
1236 889 1341 914 arboris
1356 889 1418 914 lisso
1435 888 1486 914 alia
1503 888 1605 922 planta,
1623 890 1658 914 ita
1682 889 1850 921 phitosoplns

1060 930 1121 984 post
1139 924 1254 950 dissecta
1269 930 1362 949 eorunt
1380 923 1519 956 dogmata,
1536 924 1663 949 veritatis
1679 924 1814 957 cognitio.
1826 929 1849 949 et

1078 958 1159 984 ud;eis
1172 963 1266 984 anerto
1283 957 1388 984 Veteris
1400 957 1567 984 Tcstantenti
1585 966 1651 984 vero
1667 966 1766 984 sensu.
1783 966 1848 984 nova

1078 958 1159 984 ud;eis
1172 963 1266 992 aperto
1283 957 1388 984 Veteris
1400 957 1567 984 Tcstantenti
1585 966 1651 984 vero
1667 966 1766 988 sensu,
1783 966 1848 984 nova

1060 994 1160 1020 Christi
1181 991 1309 1019 inseritur
1323 993 1458 1020 doctrina.
1478 991 1570 1019 Tertia
1594 993 1706 1020 arboris
1723 993 1850 1019 insitione

1060 1033 1174 1063 uterque
1190 1028 1314 1055 surculus
1336 1028 1367 1054 ad
1396 1028 1538 1055 medullam
1555 1035 1642 1061 usque
1669 1029 1800 1054 raditur:
1814 1036 1849 1054 ειιτ

1060 1063 1142 1090 etiam
1167 1064 1284 1090 hterelici
1303 1064 1337 1090 ad
1354 1063 1496 1090 veritatem
1524 1063 1548 1089 vi
1573 1063 1731 1089 trahuntur.
1751 1063 1848 1095 Quarta

1060 1104 1173 1124 vocatur
1199 1098 1360 1128 inoculatio,
1382 1097 1609 1132 ἐνοφθαλμισμὸς,
1635 1105 1719 1132 quam
1749 1097 1848 1124 Plinius

1061 1140 1168 1167 quoque
1185 1141 1237 1159 non
1253 1133 1332 1166 plane
1348 1140 1427 1159 secus
1442 1141 1473 1158 ac
1489 1132 1615 1159 Clemens
1632 1138 1729 1160 ucster
1746 1134 1788 1160 sic
1803 1141 1848 1160 ex-

1062 1168 1199 1202 plicat":
1218 1177 1228 1193 (
1250 1168 1399 1194 lnoculatio
1425 1167 1535 1194 sutorio:
1558 1167 1641 1194 simili
1669 1168 1763 1194 ﬁstula
1791 1176 1849 1201 ape-

1061 1203 1147 1230 riendi
1165 1204 1190 1229 in
1207 1204 1304 1229 arbore
1318 1203 1437 1234 oculmn,
1453 1202 1554 1229 conice
1571 1202 1657 1229 inciso
1669 1223 1678 1235 ,
1703 1210 1849 1237 semenque

1062 1238 1217 1264 iucludendi
1253 1240 1346 1264 eadem
1380 1237 1465 1263 tistqu
1500 1237 1636 1263 Sublatum
1661 1246 1696 1265 ex
1732 1238 1799 1265 alia.
1824 1239 1848 1264 lu

1061 1273 1121 1300 ﬁcis
1147 1279 1236 1299 autem
1267 1278 1294 1299 et
1323 1272 1400 1298 malis
1430 1273 1486 1298 lucc
1513 1272 1564 1298 l‘uit
1594 1273 1746 1300 inoculatio
1777 1274 1846 1299 anti-

1061 1315 1125 1341 qua.
1153 1307 1300 1342 Virgiliaua
1326 1308 1422 1342 quaerit
1457 1308 1544 1333 sinum
1575 1308 1601 1333 in
1633 1309 1706 1335 nodo
1734 1316 1848 1342 gemma:

1060 1343 1164 1377 expulsi
1188 1344 1318 1375 corticis,
1343 1349 1529 1377 geminamque
1555 1350 1587 1368 ex
1611 1343 1664 1369 alia
1683 1344 1787 1369 arbore
1809 1344 1848 1368 in-

1061 1378 1165 1429 ξιιιιιὶξ.ε
1176 1387 1186 1404 ι
1202 1378 1306 1412 Virgilii
1320 1384 1410 1404 autem
1424 1384 1518 1404 versus
1534 1385 1550 1402 a
1565 1377 1652 1404 l’iiuio
1667 1378 1808 1413 designati
1823 1378 1848 1404 hi

1061 1418 1125 1440 sunt
1141 1418 1186 1440 "1

1098 1457 1154 1486 Nec
1177 1459 1269 1486 modus
1295 1458 1408 1485 inserere
1421 1477 1428 1490 ,
1449 1462 1528 1493 atque
1546 1456 1642 1493 oculos
1662 1458 1800 1490 imponere

1636 1491 1762 1528 [simplex
1772 1501 1782 1519 :

1099 1527 1169 1555 Nam
1184 1537 1236 1563 qua
1252 1537 1278 1555 se
1292 1528 1377 1555 medio
1396 1527 1505 1554 trudunt
1531 1527 1563 1554 de
1584 1527 1678 1554 conire
1693 1535 1817 1561 genium,

1097 1564 1131 1590 Et
1149 1569 1237 1590 tenues
1252 1567 1374 1596 rumpunt
1396 1564 1510 1593 tunicas,
1525 1568 1652 1597 angustus
1678 1563 1708 1589 in
1724 1563 1785 1595 ipso

1097 1598 1143 1625 Fit
1161 1598 1228 1625 nodo
1241 1599 1315 1625 sinu:
1326 1606 1335 1624 :
1349 1598 1399 1624 huc
1415 1598 1502 1624 aliena
1518 1606 1550 1624 ex
1564 1599 1657 1624 arbore
1673 1606 1783 1632 germen

1097 1633 1254 1667 lncludunt,
1271 1634 1373 1668 udoque
1389 1633 1480 1659 docent
1496 1633 1637 1659 inolescere
1648 1633 1729 1659 libro.

1097 1670 1147 1696 Aut
1164 1677 1253 1695 rursus
1271 1670 1365 1695 euodes
1381 1669 1467 1694 trunci
1484 1673 1682 1698 resecantur..et
1701 1668 1757 1694 alte

1096 1703 1224 1731 Findilur
1234 1705 1261 1730 in
1273 1703 1388 1730 solidum
1399 1703 1487 1729 cuneis
1504 1703 1554 1733 uia.
1570 1703 1666 1729 deinde
1679 1703 1785 1736 [crura

1096 1739 1199 1766 Planta:
1221 1739 1415 1770 immittuntur,
1439 1745 1483 1764 nec
1504 1738 1611 1772 longum
1638 1744 1760 1770 tempus.
1777 1744 1801 1764 et

1653 1772 1762 1808 [ingens

1096 1809 1170 1836 Exiit
1183 1809 1216 1836 ad
1228 1809 1320 1836 caelum
1336 1808 1416 1835 ramis
1436 1807 1555 1841 felicibus
1571 1807 1661 1838 arbos,

1095 1844 1261 1879 Miraturque
1278 1853 1356 1871 nouus
1368 1844 1485 1877 frondes,
1502 1847 1526 1869 et
1541 1851 1592 1870 non
1603 1851 1652 1870 sua
1669 1851 1765 1877 poma.

1095 1902 1226 1938 Legenda
1240 1902 1265 1928 in
1285 1902 1333 1928 hos
1347 1900 1449 1938 Virgilii
1465 1907 1561 1938 versus
1576 1905 1603 1927 et
1619 1901 1646 1926 in
1661 1901 1784 1938 citatum
1797 1901 1848 1928 Pii—

1060 1939 1096 1966 nii
1123 1936 1212 1964 locum
1236 1936 1440 1963 observationes
1462 1936 1621 1968 variorum,
1647 1936 1696 1969 qui
1721 1943 1846 1970 quartum

1060 1974 1111 2001 hoc
1127 1972 1262 1999 insitionis
1275 1979 1359 2006 genus
1380 1971 1436 2005 jam
1454 1970 1499 1996 diu
1517 1970 1695 2004 antiquatum
1714 1979 1780 1998 esse
1794 1980 1846 1997 am-

1060 2009 1242 2035 madverlunt.
1259 2008 1291 2032 At
1307 2006 1438 2032 Hervetus
1452 2006 1501 2031 sibi
1517 2013 1568 2031 non
1586 2007 1654 2032 satis
1674 2007 1846 2040 exploratum

1059 2051 1119 2070 esse
1142 2048 1243 2074 monet,
1258 2049 1373 2076 quocum
1388 2041 1452 2066 illud
1470 2048 1484 2066 a
1500 2041 1643 2067 Clemente
1658 2048 1845 2076 comparetur.

1060 2077 1159 2105 Verum
1175 2078 1207 2103 de
1226 2085 1258 2103 eo
1274 2078 1330 2109 ipse
1343 2077 1467 2102 Clemens
1489 2081 1580 2109 aperte
1596 2077 1684 2102 dixit:
1709 2086 1718 2101 ι
1738 2077 1796 2103 Hoc
1810 2083 1846 2102 est

1059 2121 1142 2148 genus
1157 2111 1311 2146 γνωστικῆς
1336 2110 1524 2148 διδασκαλίας)
1548 2111 1680 2148 gnosticrc
1707 2113 1845 2143 doctrinae,

1058 2146 1118 2182 {iure
1145 2155 1187 2174 res
1214 2152 1302 2181 potest
1327 2147 1482 2180 perspicere
1510 2146 1593 2179 ipsas.
1614 2154 1625 2170 ι
1654 2147 1764 2179 Quibus
1786 2155 1845 2172 sam:

1059 2181 1151 2210 verbis
1166 2187 1289 2215 quartum
1307 2181 1443 2207 insitionis
1466 2181 1589 2211 modum.
1610 2187 1659 2206 seu
1689 2183 1846 2208 inoculatio-

229 2227 337 2252 nalura,
372 2219 488 2255 φύσεως,
506 2215 703 2255 rdili'erentem:
738 2226 818 2255 sensu
830 2238 838 2250 ,
866 2218 1005 2255 αἰσθήσει·
1026 2224 1046 2251 ο
1062 2225 1203 2255 nem,cum
1216 2217 1334 2255 perfecta
1351 2216 1536 2255 gitosticorum
1548 2215 1775 2255 Christianorum
1788 2225 1845 2254 con-

229 2257 306 2287 viso.
331 2254 481 2290 φαντασίᾳ·
506 2254 621 2287 impetu,
641 2254 732 2290 νὸρμῇ.
756 2263 765 2279 ι
791 2253 887 2290 ’ξιιυιιδ
919 2253 1007 2280 autem

229 2291 273 2318 bis
295 2288 592 2324 explicatis,’coutinuo
613 2288 741 2315 addidit:
768 2298 777 2314 ι
801 2288 849 2314 His
869 2293 905 2315 tot
929 2290 1009 2316 rebus

230 2326 356 2352 animalia
377 2328 508 2359 pnes-tant
533 2324 577 2355 iis,
600 2331 659 2357 qua:
690 2324 825 2350 radicibus
847 2325 1007 2352 harent"...

227 2361 282 2388 Pra
291 2366 345 2387 stat
358 2360 438 2386 homo
452 2359 557 2385 caeteris
575 2360 758 2386 animantibus
773 2360 872 2385 eximio
887 2367 1008 2391 munere.

230 2404 312 2430 quatit
326 2400 440 2430 mentem
453 2394 628 2430 appellamus.
645 2403 654 2420 ι
672 2394 755 2420 Paulo
765 2395 871 2420 demum
886 2395 1010 2430 superius

229 2429 380 2464 scripserat
398 2429 420 2444 ⁵²
447 2437 454 2455 ;
480 2437 489 2453 ι
518 2429 572 2464 Hae
597 2429 701 2455 ratione
721 2430 804 2463 stirps
831 2430 873 2455 illa
900 2429 1011 2456 fertilis-

230 2468 310 2498 sima,
327 2465 383 2491 suis
400 2471 460 2490 cum
477 2463 614 2490 radicibus
626 2464 746 2497 condita,
763 2464 831 2492 actis
854 2465 920 2498 ipsis
936 2465 1010 2490 radi-

230 2503 308 2528 cibus
323 2499 455 2526 atlirmata
484 2503 541 2530 est;
567 2503 596 2524 at
609 2506 672 2525 vero
693 2500 860 2533 singularum
883 2500 1009 2533 Slil'plUlll

230 2536 330 2570 partim
350 2535 463 2570 transitu
488 2539 639 2570 IIIOVcltltlt',
661 2534 757 2570 partim
780 2535 848 2561 citra
873 2535 1011 2570 transitio-

230 2567 291 2598 item
319 2569 425 2604 condita
463 2573 526 2595 sunt
547 2576 554 2595 :
574 2567 628 2594 τῶν
662 2569 691 2595 ἐν
717 2569 808 2603 μέρει,
838 2569 885 2595 καὶ
912 2569 1012 2604 βραχυ-

229 2607 316 2642 τέρων
340 2603 440 2642 qna-rium
464 2603 499 2629 τὰ
521 2603 570 2638 μὲν
596 2604 786 2642 paratio-vtam;
806 2604 913 2640 κινητὰ,
931 2604 969 2642 τὰ.
983 2604 1011 2629 δὲ

230 2638 293 2669 avsa
315 2638 499 2675 μεταϐάσςως,
515 2643 545 2675 ut
559 2640 663 2675 _t:odeut
687 2639 713 2665 iu
734 2639 794 2666 loco
817 2638 1010 2675 ιιιιιιιδιιιιιιιὶμ

230 2683 256 2705 et
274 2671 333 2711 ψιὼ
348 2674 487 2701 transitive
501 2673 610 2707 quidem
623 2678 695 2700 motu
709 2679 831 2705 utuntur,
845 2674 879 2700 τὰ
892 2673 941 2709 μὲν
961 2671 1007 2700 οὖν

265 2777 287 2794 ⁸⁷
303 2777 403 2804 Strom.
423 2777 440 2802 l.
458 2783 505 2807 vti,
519 2783 545 2810 ι).
564 2775 625 2803 716.

229 2812 339 2847 Geogr.,
354 2821 379 2847 p.
396 2812 456 2839 7H.
499 2811 521 2827 '°
537 2812 637 2838 Stroux.
653 2811 672 2839 Ι.
686 2820 714 2843 ιι,
729 2821 755 2847 p.
770 2813 832 2840 ius.

232 2848 268 2874 De
293 2849 380 2881 placit.
398 2847 510 2881 philos.,
528 2854 552 2875 c.
573 2847 618 2873 '26.
656 2848 678 2863 ⁸⁸
691 2850 794 2876 διιυιιι.
809 2851 828 2878 ι.
845 2856 880 2881 vt,
893 2856 919 2882 p.
933 2848 993 2875 672.

229 2887 258 2910 ct
274 2890 350 2917 δαίς.
384 2883 404 2898 ⁵⁷
421 2883 439 2908 ι.
456 2890 480 2909 vt
495 2903 502 2916 ,
518 2890 544 2917 p.
561 2883 624 2909 690.

672 2776 694 2792 “
711 2777 757 2804 lib.
772 2785 798 2804 ix
821 2778 922 2804 llislor.
944 2780 1045 2809 natur.,
1067 2784 1126 2811 cap.
1160 2775 1186 2804 ἓ.
1205 2775 1302 2807 Solin.,
1329 2782 1352 2801 e.
1370 2774 1397 2806 5,

686 2820 714 2839 tt.
730 2821 755 2839 ι).
770 2813 832 2839 4υ8.
872 2814 893 2828 ⁵¹
913 2813 947 2839 De
963 2814 1066 2839 tuund..
1081 2821 1095 2839 υ
1120 2812 1187 2838 ilbi
1201 2817 1228 2837 et
1251 2819 1309 2839 seu.
1349 2810 1397 2836 "th

934 2820 947 2839 e
963 2820 1066 2843 Iltlllltl.,
1080 2821 1095 2846 p

1063 2254 1147 2280 tendit
1162 2253 1303 2283 ductriua,
1317 2259 1368 2285 qua
1383 2251 1419 2277 illi
1436 2258 1479 2276 res
1502 2252 1575 2283 ipsas
1592 2252 1730 2277 nimirum
1746 2252 1845 2278 divinas

1062 2292 1177 2322 possunt
1190 2288 1342 2322 perspicere
1355 2290 1381 2312 ct
1394 2286 1549 2322 observare.
1568 2286 1595 2311 Si
1614 2290 1709 2313 autem
1726 2287 1802 2321 plura
1817 2291 1845 2312 de

1062 2320 1092 2349 ea
1111 2322 1147 2349 ibi
1171 2331 1222 2348 non
1240 2321 1356 2352 dixerit,
1371 2329 1423 2347 non
1440 2320 1492 2346 alia
1515 2326 1591 2346 certe
1608 2323 1681 2348 ratio
1698 2329 1762 2348 esse
1778 2323 1843 2348 vide-

1062 2363 1105 2384 tttr
1119 2379 1125 2390 ,
1149 2357 1199 2383 uisi
1215 2357 1277 2390 quia
1299 2357 1371 2382 illam
1392 2355 1455 2382 alibi
1469 2375 1476 2388 ,
1493 2356 1530 2381 uti
1554 2362 1603 2382 nos
1631 2357 1770 2389 vidimus,
1784 2362 1843 2383 Satis

1061 2394 1262 2426 explauavrrat.
1276 2390 1413 2426 VCa-terum
1437 2392 1470 2417 de
1497 2391 1546 2426 ltoc
1574 2395 1616 2426 et,
1629 2392 1694 2418 aliis
1712 2392 1842 2418 insitwnis

1063 2425 1149 2454 mollis
1162 2428 1260 2461 iegesis
1274 2425 1497 2461 Theophrastum
1508 2425 1554 2452 lib.
1574 2432 1582 2450 ι
1599 2425 1639 2451 οε
1654 2429 1746 2454 causis
1771 2428 1841 2460 ptu-

1062 2467 1158 2494 turum,
1171 2460 1229 2496 cap.
1243 2462 1259 2487 6
1273 2467 1301 2487 et
1316 2461 1330 2487 7
1345 2470 1353 2494 ;
1371 2460 1546 2496 Columellam
1560 2461 1639 2496 libiv
1652 2461 1693 2488 De
1702 2470 1731 2488 re
1743 2469 1841 2489 manu.

1061 2504 1122 2531 Cap.
1139 2497 1181 2528 11,
1198 2494 1226 2523 et
1245 2496 1281 2523 De
1296 2497 1432 2522 arboribus
1450 2502 1510 2529 cap.
1525 2494 1580 2528 26;
1600 2495 1756 2524 Varronem
1778 2498 1818 2523 id).
1833 2504 1840 2522 ι

1062 2530 1102 2558 De
1113 2540 1140 2558 re
1155 2533 1263 2563 rustica,
1282 2538 1343 2565 cap.
1360 2530 1405 2563 4U,
1423 2536 1475 2557 etc.

1096 2567 1236 2594 Postremo
1252 2567 1392 2593 nobiscum
1408 2585 1415 2597 ,
1430 2566 1451 2592 si
1466 2565 1574 2599 placet,
1590 2565 1710 2593 observa
1726 2567 1841 2594 Clemat-

1064 2607 1116 2629 tem
1132 2608 1252 2629 nostrqu
1265 2602 1285 2617 ⁵⁷
1300 2606 1328 2627 ιιι
1340 2603 1431 2632 rebus,
1444 2601 1556 2627 nnuime
1571 2609 1636 2628 vero
1652 2604 1804 2629 uoruinibus
1817 2607 1841 2627 ιι

1065 2637 1173 2664 vocibus
1189 2638 1374 2663 inhaerendum
1393 2643 1453 2663 essr.
1465 2637 1615 2669 probaret,
1631 2639 1784 2671 exemplum
1799 2647 1840 2664 nu—

1063 2673 1105 2700 bis
1120 2672 1243 2699 at.ulisse
1256 2678 1411 2703 corvorum,
1426 2671 1473 2705 qui
1490 2677 1573 2698 voces
1588 2672 1729 2699 humanas
1745 2674 1841 2699 imitat.-

1418 2781 1445 2807 p.
1476 2772 1520 2800 80.
1570 2773 1594 2789 ⁸⁵
1610 2774 1717 2806 Strab.,
1742 2775 1786 2801 lib.
1810 2781 1838 2800 Π

1120 2812 1187 2838 tibi
1201 2817 1228 2837 et
1251 2819 1309 2844 seq.
1349 2810 1452 2841 "ibid.,
1478 2817 1504 2843 p.
1529 2808 1601 2835 “5'2
1622 2816 1650 2836 et
1666 2819 1726 2844 scq.
1763 2810 1812 2834 ⁸³ι.
1827 2816 1837 2834 ι

1033 2848 1055 2863 ⁵⁵
1070 2844 1088 2874 ll
1110 2854 1163 2874 xui
1180 2847 1249 2874 llist.
1271 2851 1339 2880 uat.,
1352 2853 1378 2873 c.
1398 2844 1440 2872 li.
1489 2844 1543 2871 “t.
1555 2851 1574 2871 ιι
1584 2844 1702 2880 Georg,
1730 2853 1795 2872 ten.
1813 2844 1836 2871 ιζ

1813 2856 1837 2871 ιν
