1916 3071
67 178 148 206 1207

683 178 728 206 DE
742 177 853 206 LlBRlS
875 177 1102 207 STROMATUM.

1639 174 1708 203 1298

63 242 118 264 tur
130 258 138 268 ,
158 237 266 265 tametsi
284 238 358 266 illius
369 257 377 270 ,
395 238 466 272 quod
491 238 585 266 dicunt
596 259 604 272 ,
621 238 722 265 nullam
747 238 866 265 habeant
879 240 903 268 Α
918 238 1073 271 exponitur.
1091 236 1196 262 Rursus
1210 239 1301 272 autem
1320 233 1353 262 de
1366 233 1400 262 iis
1414 233 1488 262 etde
1503 233 1618 269 Epicuro
1634 233 1704 261 idem

63 273 214 301 notitiam.
245 273 299 300 Sed
327 274 361 300 de
391 273 553 307 quihusdam
589 273 649 300 aliis
681 274 802 299 animant
817 274 866 299 bus

62 308 196 335 humatio
225 316 300 335 more
337 309 518 344 loquentibus
542 308 652 344 aliquid
682 316 764 342 supra
793 309 866 344 atti-

61 344 175 376 gimus.
200 344 238 371 De
262 351 344 370 corvo
371 349 462 370 autem
479 343 602 370 Elianus
628 343 674 370 lib.
694 351 710 370 ιι
741 343 779 370 De
807 343 867 369 (tui-

62 379 206 409 mnlibus.
236 387 295 412 cap.
323 379 384 406 52:
412 388 421 404 ι
443 379 583 405 lnslitutus
603 399 610 411 ,
639 379 744 412 inquit.
771 379 866 405 liunia-

61 421 134 473 pain
153 422 246 441 vocem
268 415 378 441 emittit.
398 423 406 440 ι
427 414 533 441 Vidcsis
553 414 718 441 Aldrovandi
742 412 866 440 Graii/io—

75 456 140 473 00..
159 454 214 473 ειρ.

75 456 140 483 og.,
159 454 214 476 etc.

339 495 537 523 ARTICULUS
559 495 591 523 ll.

65 539 253 571 Explicantur
269 541 482 575 philosophorum
496 542 528 569 de
540 541 634 568 ultimo
651 542 703 571 ﬁne
719 548 743 569 et
760 550 863 569 summo

123 575 194 602 bono
214 577 361 612 opiniones.
378 577 496 608 Epicuri,
512 583 534 612 et
549 577 765 612 Cyrenaicorum,
782 577 863 603 Diuo-

123 612 215 637 mur/ii
243 616 268 637 et
295 611 478 646 Ciilliplioiiis,
507 611 659 646 Hieronymi
687 618 711 639 et
739 613 860 645 Diodori,

121 646 339 678 Anniceriorum,
365 645 522 677 Metrodori.
545 645 712 678 Stoicorum,
735 647 860 680 Zenonis,

121 680 273 711 Cleom/iis,
288 682 431 713 Antipatri.
447 682 608 713 Arrltidcmi,
626 681 737 709 Puna'tii
748 703 755 714 ,
773 682 860 709 Porsi-

121 716 212 748 doiiit,
238 717 380 752 Aristonis.
416 716 524 747 Hcrilli.
552 717 725 752 Pliysicorum
752 718 861 744 Anaxa-

121 759 218 786 gora},
250 751 401 780 Heracliti.
436 751 610 786 Pythagora",
639 753 859 779 Abderitaiioruut

123 785 269 812 Democriti
311 791 334 812 et
372 785 688 818 ΙΙεειιιιι-ἰίΑμοΙΙοιΙοιὶ
722 793 745 814 et
783 788 859 814 Nuit-

120 821 255 854 aiplimtis,
284 821 391 848 Diolinti
407 827 431 848 et
445 821 607 849 Antistheni:
619 843 626 855 ,
642 823 858 850 Academicorum

122 857 298 883 recentiorum
309 877 315 886 .
332 866 363 883 ac
383 857 501 884 Platonis
511 878 519 889 ,
534 857 687 891 Speusippi,
701 857 858 884 Xenocratis

119 897 146 927 et
168 891 335 922 Polemonis.
353 892 589 926 Prripateiicurum
608 893 768 924 Aristotelis,
783 892 856 927 Lyci,

121 926 242 953 Leucimi
256 933 279 953 et
302 927 436 958 Critolai,
453 936 484 954 ac
507 929 617 962 denique
643 937 721 960 quant
742 929 820 955 ταινίαι
833 934 856 956 et

120 962 281 996 multiplices
293 971 324 989 ea
337 965 369 988 de
387 971 413 989 re
431 963 528 997 fuerint
544 964 690 990 seiilentiie.

100 1007 145 1043 Ad
165 1007 276 1034 moralia
299 1016 464 1043 paganorum
488 1008 709 1043 philosophorum
734 1009 866 1036 instituta-

57 1042 231 1077 elliicasque
246 1042 410 1077 quaéstioues
428 1051 442 1070 a
460 1043 599 1070 Clemente
623 1048 717 1071 nostro
734 1045 858 1078 proposi-

58 1082 110 1104 tas
127 1082 157 1105 et
178 1079 327 1112 explicatas
346 1078 402 1112 jam
420 1079 572 1106 veniamus.
600 1078 694 1106 Nullas
716 1085 806 1106 autem
822 1088 854 1106 cx

58 1113 126 1148 illis?
136 1113 194 1146 ipse
211 1112 304 1145 majori
316 1122 380 1141 cura
393 1121 422 1141 se
434 1115 593 1148 EXPOSlllSSe
607 1115 677 1141 haud
691 1114 805 1141 obscure
819 1115 858 1141 si-

56 1147 473 1183 gnificat",quaineorttmdem
487 1150 706 1183 pllilOStllllltﬂ'lllll
721 1150 753 1175 de
762 1149 856 1176 ultimo

58 1183 191 1209 hominis
207 1184 259 1210 line
272 1192 303 1210 ac
316 1192 420 1210 suinino
438 1185 507 1211 bono
519 1190 545 1211 et
562 1184 689 1211 felicitate
700 1185 854 1218 opiniones.

56 1218 244 1254 Abrl':|)l('lll‘0
260 1223 351 1246 autem
374 1225 401 1246 et
423 1219 581 1254 Cyrenaicis
606 1220 747 1246 exordium
771 1221 854 1254 cepit,

57 1253 220 1287 scribitque
234 1254 276 1286 ⁵³,
295 1263 305 1279 i
323 1262 370 1281 eos
394 1253 486 1288 aperte
506 1255 596 1281 dicere
622 1254 702 1281 linem
726 1262 785 1281 esse
810 1255 854 1288 ju-

57 1288 158 1314 cunde
173 1290 265 1316 vivere
276 1309 284 1321 ,
300 1289 448 1322 perlectum
466 1295 557 1316 autem
575 1290 673 1317 bonmii
689 1289 776 1316 solam
795 1298 855 1318 esse

54 1323 241 1357 voluptatem.
260 1324 393 1359 Epicurus
410 1330 499 1351 autem
522 1325 623 1351 doloris
644 1332 752 1359 quoque
781 1334 856 1352 amo-

55 1359 168 1385 lionem
183 1360 250 1386 dicit
262 1367 323 1386 esse
338 1360 513 1391 voluptatein.
533 1369 542 1385 ι
562 1360 743 1392 Quamobrem
759 1361 854 1387 eodem

55 1393 109 1429 ille
126 1394 153 1420 in
172 1394 240 1421 libro
254 1395 359 1421 dixerat
372 1395 394 1410 ⁶⁰
411 1395 557 1428 Epicurum
576 1395 681 1422 veritati
706 1396 856 1429 prtctulisse

54 1428 246 1464 voluptatem.
264 1429 363 1456 Verum
390 1435 501 1464 postea,
527 1431 549 1457 si
578 1435 667 1457 tamen
694 1428 799 1464 integer
820 1432 855 1458 sit

54 1463 179 1491 Griecus
206 1465 277 1491 illius
301 1463 409 1497 textus,
425 1466 458 1492 ile
478 1465 536 1491 solo
553 1465 670 1499 Epicuro
693 1463 854 1494 hicc’atlhuc

55 1499 179 1536 tradidit
195 1499 218 1536 ξι
233 1509 266 1536 εγ(
287 1500 324 1527 Ea
337 1499 495 1536 (cupiditas)
512 1500 631 1535 Epicuro
657 1502 808 1535 persuasit,
826 1507 854 1528 ut.

53 1534 219 1568 philosophi
239 1535 319 1562 liuent
336 1534 449 1569 poneret
464 1534 643 1570 voluptatein.
658 1534 784 1563 Divinam
805 1537 855 1563 ita-

53 1577 116 1603 que
132 1577 189 1596 rem
207 1571 228 1597 is
242 1578 301 1598 esse
317 1571 410 1598 statuit
428 1572 549 1603 lirmaui,
564 1579 595 1598 ac
616 1571 739 1598 stabilem
761 1572 852 1599 carnis

53 1600 300 1638 constitutionem,
315 1610 341 1633 et
355 1607 427 1640 quod
440 1614 471 1633 ea
489 1607 524 1632 ita
539 1600 573 1633 sit
587 1606 687 1636 futura.
703 1614 777 1641 spent
791 1615 850 1634 cer-
866 1600 887 1629 ε

53 1643 129 1676 tam.
150 1649 166 1676 ι
179 1641 230 1668 Sed
251 1642 308 1668 haec
325 1642 380 1675 ipsa
397 1646 438 1668 est
455 1642 557 1676 opinio.
574 1649 655 1676 quam
678 1642 736 1676 ipse
751 1642 852 1669 Metro-

53 1675 131 1716 doro
143 1675 256 1716 ,ΕΡ-[ουτί
269 1676 402 1716 discipulo
419 1675 510 1716 postea
521 1675 645 1716 yiiiilicat
656 1675 694 1703 θ’(
706 1677 851 1716 Videergo

53 1718 94 1736 an
111 1710 150 1736 ibi
173 1710 359 1747 Ἐπικούρειος
374 1710 461 1746 potius
477 1712 527 1746 legi
544 1712 657 1743 debeat.
672 1720 755 1746 quam
778 1710 851 1738 Ἐιὲί-

51 1753 172 1779 κουρος.
192 1745 226 1773 Ut
242 1752 271 1773 ut
284 1745 320 1774 sit
331 1767 338 1778 ,
353 1745 417 1781 quid
432 1745 579 1782 voluptatis
595 1745 703 1774 nomine
717 1748 850 1782 Epicurus

52 1786 84 1807 et
104 1782 249 1817 Cyrenaici
266 1782 470 1813 intellexerint,
486 1783 519 1808 ita
543 1782 671 1810 Clemens
687 1784 766 1816 paulo
788 1788 850 1817 post

51 1816 183 1853 explicat
196 1817 236 1844 ":
256 1818 371 1852 i,AIqiic
388 1817 520 1852 Epicurus
536 1819 643 1852 quidem
664 1824 692 1845 et
706 1816 849 1853 Cyrenaici

52 1851 83 1877 id
101 1853 230 1884 quoil‘est
245 1851 361 1887 primum
374 1851 476 1879 naturae
485 1851 622 1887 proprium
633 1858 659 1879 et
671 1851 847 1886 conveniens,

52 1887 157 1912 dicunt
179 1895 239 1914 esse
256 1889 431 1921 voluptatein.
452 1888 601 1922 Voluptatis
616 1890 688 1915 enini
706 1897 787 1915 causa
803 1897 849 1916 ac-

52 1922 174 1953 cedcns,
191 1923 334 1957 inquiunt,
352 1924 439 1949 virtus
460 1924 566 1958 peperit
583 1923 757 1958 voluptatein.
775 1934 784 1949 ι
814 1925 849 1951 De

51 1958 111 1994 hac
129 1964 213 1990 porro
227 1959 337 1992 Epicuri
353 1959 480 1992 opinione
503 1959 578 1985 mulli
596 1959 711 1994 plurima
732 1965 759 1986 et
773 1960 847 1986 varia

52 1992 240 2026 adnotaruut,
257 2001 359 2028 nosque
374 2002 406 2020 ex
423 1993 456 2020 iis
469 2001 529 2027 quae
544 1992 677 2028 principua
696 1999 770 2028 sunt,
783 1995 847 2021 alibi

52 2029 270 2055 observavimus
287 2028 318 2055 ⁸⁸.
335 2029 363 2055 Si
377 2029 428 2055 alia
445 2029 621 2055 nihilominus
632 2030 721 2056 adhuc
739 2030 847 2056 deside-

52 2070 115 2094 res,
127 2062 186 2097 lege
197 2063 357 2091 Ciceroneni
370 2066 519 2098 praesertim
533 2064 593 2091 lih.l
606 2064 642 2091 De
653 2069 748 2091 natura
761 2067 846 2098 deor.,

50 2105 82 2131 p.
99 2098 165 2134 illi
183 2098 230 2125 lib.
251 2107 267 2126 ιι
285 2105 312 2126 et
326 2107 351 2126 Ill
367 2099 522 2132 ’l'usciilait.,
538 2105 564 2125 et
576 2100 623 2127 lib.
639 2108 644 2126 l
660 2106 686 2126 et
703 2108 718 2126 ιι
737 2100 773 2126 De
787 2100 848 2134 ﬁni-

50 2134 128 2164 bus;
145 2133 343 2161 Theoiloretum
358 2135 396 2161 De
420 2133 504 2161 Gi'irc.
523 2135 612 2168 affect.
641 2143 727 2162 curat.
739 2155 746 2166 ,
763 2143 845 2162 scrin.

50 2169 104 2199 11,
121 2177 185 2203 pag.
202 2169 253 2196 647
267 2190 275 2202 ,
289 2175 316 2196 et
332 2176 395 2197 ante
418 2171 478 2196 illos
493 2169 631 2197 Lacrtium
648 2170 695 2197 lib.
713 2178 728 2197 χ
744 2171 769 2196 iii
785 2171 846 2204 Epi-

49 2205 114 2230 curi
135 2204 208 2235 vita,
224 2204 238 2240 §
253 2205 304 2232 128
317 2210 345 2231 et
358 2213 416 2240 seq.
431 2225 438 2238 ,
455 2211 482 2232 et
496 2205 631 2232 variorum
655 2206 681 2232 iii
698 2206 768 2232 illam
788 2206 848 2232 aui-

50 2240 285 2273 iiiadversioues,
302 2246 384 2274 atque
406 2242 489 2267 etiam
513 2240 680 2268 Gasscndum
708 2242 754 2268 lib.
771 2249 797 2267 iu
814 2241 846 2268 de

918 279 1012 299 orator
1023 272 1087 298 alibi
1101 272 1220 305 disputat
1237 270 1271 298 “.

953 308 1011 334 Non
1030 304 1151 333 multum’
1168 307 1202 332 ab
1221 306 1263 333 his
1287 304 1455 332 dissidebant
1479 304 1662 331 Dinomachus
1676 309 1705 332 et

917 343 1040 374 Callipho
1054 363 1061 374 ,
1086 342 1130 376 qui
1146 362 1154 372 ,
1179 341 1407 375 quemadmodum
1424 340 1524 376 scribit
1543 345 1639 366 auctor
1653 347 1704 376 no-

917 384 973 405 ster
987 379 1019 408 ⁵⁷,
1039 388 1049 403 i
1065 373 1196 404 dixerunt
1204 384 1264 403 esse
1281 376 1359 402 liuein
1375 375 1504 409 quidquid
1519 375 1545 401 itt
1567 383 1596 401 se
1611 379 1652 401 est
1667 373 1706 401 fa-

915 421 988 444 cere,
1003 417 1030 439 et
1046 412 1243 446 consequeiiilic
1257 415 1284 437 et
1307 410 1426 437 fruenda!
1443 410 1586 446 voluptati.
1608 409 1702 446 i_Tum

916 456 980 476 vero
997 448 1076 482 paulo
1092 444 1152 480 post
1168 447 1200 473 de
1222 446 1280 473 solo
1293 445 1489 482 Calliphone,“
1504 454 1510 471 :
1528 454 1540 482 ι
1557 445 1594 472 Ex
1619 444 1702 471 Calli-

915 480 1012 517 phuuis
1027 504 1033 512 .
1048 482 1133 516 inquit
1148 502 1154 514 ,
1170 482 1301 508 sententia
1313 501 1320 512 ,
1337 481 1481 515 voluptatis
1496 480 1605 515 quidem
1619 487 1701 506 causa

914 519 1031 546 accessit
1057 519 1143 544 virtus
1156 536 1163 547 .
1189 517 1354 551 procedente
1370 521 1458 551 autem
1478 521 1599 549 tempore
1612 535 1619 545 .
1635 522 1700 551 cum

914 562 992 580 suain
1009 553 1122 580 vidisset
1137 549 1365 586 pulchritudinem
1379 571 1385 582 ,
1401 550 1489 577 cll'ecit
1506 555 1534 577 ut
1556 549 1699 584 principio,

914 590 965 616 hoc
979 594 1032 619 est.
1049 588 1179 621 voluptati
1196 592 1267 614 esset
1285 587 1390 613 honore
1403 586 1526 620 aequalis.
1546 595 1555 612 ι
1572 586 1702 621 neutro-

912 632 965 658 quo
988 629 1076 650 autem
1095 620 1191 650 Cicero
1214 622 1270 648 lucc
1287 622 1384 648 scribit
1402 621 1424 637 θ’
1441 630 1477 658 :‘i
1495 622 1551 658 aut
1576 620 1700 658 voluptas

912 655 1021 694 adiungi
1043 662 1131 692 potvst
1154 658 1185 683 ad
1205 658 1392 694 honestatem.
1409 661 1439 694 ut
1453 656 1604 694 Calliplioui
1618 655 1700 694 ρίιιρτ

911 690 1063 728 iniichoqiic
1077 693 1187 727 placuit.
1210 702 1218 718 ι
1241 692 1274 728 At
1289 693 1322 719 de
1341 693 1402 728 solo
1419 691 1579 728 Calliphone
1600 690 1698 717 alicubi

911 729 963 757 hoc
980 730 1109 762 srriptum
1127 728 1236 759 reliquit
1251 727 1274 742 ⁷⁰
1291 736 1298 754 :
1316 737 1325 753 ‹
1341 727 1512 760 Voluptatem
1528 731 1556 753 et
1571 727 1700 762 honesta-

911 770 964 791 tem
980 760 1048 791 lines
1063 771 1123 790 esse
1137 763 1258 793 Callipho
1272 763 1386 790 censuit.
1403 771 1412 788 ι
1427 762 1502 795 Quod
1515 767 1542 788 et
1555 761 1619 788 alibi
1636 760 1699 788 aliis

911 801 1007 834 repetit
1037 799 1127 825 verbis
1145 798 1178 825 '“.
1204 798 1256 825 Sed
1284 802 1428 834 utrumque
1456 797 1640 834 calliphonein
1656 801 1700 834 __et

911 832 1106 862 Dinomachum
1120 834 1205 860 alioin
1221 834 1289 860 libro
1299 834 1339 860 sic
1351 832 1411 866 jure
1423 832 1518 858 merito
1531 832 1645 866 castigat
1656 832 1697 857 7’:

913 880 922 896 ‹
939 869 1185 904 lteprehemleiulos
1198 868 1382 902 Calliplionein
1402 873 1427 894 et
1445 867 1640 894 Dinomachum
1653 870 1697 904 ju-

910 903 988 936 dico,
1008 907 1053 938 qui
1077 912 1106 931 se
1128 904 1313 938 dirempturos
1335 903 1551 930 controversiam
1578 907 1698 937 putave-

910 945 982 972 rnut,
999 940 1022 967 si
1045 947 1106 966 cum
1133 941 1276 966 honestate
1294 939 1474 973 voluptatein,
1489 942 1617 973 tauquam
1634 948 1697 968 cum

909 976 1019 1002 homine
1032 975 1174 1008 pecudem.
1191 974 1403 1008 copulavissent.
1419 983 1428 999 ι

946 1011 1042 1037 Mirum
1054 1010 1170 1036 fortasse
1183 1009 1345 1044 quibusdam
1357 1009 1492 1036 videbitur
1501 1008 1696 1044 llieronymum

908 1051 935 1073 et
949 1045 1093 1072 Diodorum
1107 1064 1114 1075 ,
1139 1052 1191 1071 non
1215 1044 1300 1071 solum
1328 1053 1342 1071 a
1366 1044 1505 1071 Clemente
1523 1050 1616 1071 nostro
1628 1065 1635 1076 ,
1649 1047 1696 1073 sed

907 1082 988 1108 etiam
1005 1088 1019 1107 a
1032 1080 1163 1107 Cicerone
1172 1079 1368 1114 Peripateticos
1380 1079 1521 1114 appellari,
1536 1080 1580 1105 ubi
1591 1084 1697 1107 utrum-

908 1124 962 1151 que
979 1115 1015 1142 ab
1029 1115 1224 1151 Epicureorum
1240 1115 1368 1151 opinione
1383 1120 1436 1151 tam
1455 1114 1537 1151 longe
1549 1122 1602 1141 non
1620 1123 1696 1142 rece-

908 1149 972 1177 dere
988 1151 1030 1177 his
1047 1150 1141 1186 verbis
1164 1150 1208 1176 ille
1224 1150 1405 1186 signiﬁcat".
1430 1158 1439 1174 ι
1462 1149 1495 1176 Ει
1517 1149 1696 1186 Hieronymus

907 1186 1106 1220 Peripateticus
1129 1185 1210 1212 linem
1229 1185 1339 1220 quidem
1364 1193 1424 1212 esse.
1446 1185 1538 1211 vivere
1560 1185 1619 1212 sine
1635 1192 1695 1212 mo-

907 1222 986 1248 lestia
999 1229 1031 1247 ac
1047 1221 1252 1255 perturbatione
1263 1240 1271 1253 ,
1294 1225 1446 1247 extremum
1463 1225 1572 1255 autent,
1590 1228 1638 1247 seu
1661 1221 1694 1247 ad

907 1257 987 1284 linem
1006 1254 1132 1290 spectans
1147 1256 1245 1282 bonum
1255 1275 1262 1287 ,
1277 1263 1339 1283 esse
1354 1256 1523 1282 felicitatem.
1545 1254 1577 1281 Et
1595 1256 1694 1282 Diodo-

907 1300 963 1325 rus,
982 1293 1028 1326 qni
1043 1290 1169 1318 similiter
1182 1291 1233 1317 fuit
1248 1297 1281 1317 ex
1294 1291 1389 1326 eadem
1410 1290 1522 1322 lueresi,
1538 1290 1619 1316 linem
1634 1298 1696 1317 esse

907 1325 1064 1361 pronuntiat
1088 1327 1154 1353 citra
1181 1326 1263 1352 ullam
1287 1325 1445 1361 molestiam
1467 1326 1632 1361 etalioiieste
1653 1326 1694 1352 vi-

906 1359 979 1389 vere.
1000 1371 1009 1387 ι
1029 1361 1119 1396 Neque
1135 1361 1253 1388 absimili
1276 1362 1355 1388 modo
1376 1360 1480 1396 Tullius
1492 1359 1516 1375 ⁷⁸
1534 1369 1540 1387 :
1561 1370 1570 1385 ι
1591 1359 1694 1388 Vacarc

904 1398 979 1424 omni
995 1397 1118 1432 molestia
1138 1395 1317 1432 Hieronymus
1330 1416 1337 1428 ,
1366 1396 1424 1432 hoc,
1443 1395 1514 1432 idem
1531 1402 1592 1422 cum
1606 1396 1693 1422 Itone—

905 1437 975 1460 state
993 1431 1124 1458 Diodorus
1137 1451 1145 1463 ,
1159 1430 1425 1465 ambo'Peripateiici
1453 1430 1534 1457 linem
1551 1437 1611 1457 esse
1626 1438 1693 1457 cen—

904 1473 1030 1496 suerunt.
1051 1477 1060 1493 ι
1078 1467 1154 1499 Quod
1170 1467 1278 1501 quidem
1295 1467 1366 1493 haud
1382 1465 1466 1493 semel
1490 1465 1534 1493 ille
1555 1466 1624 1501 etin
1641 1466 1694 1493 hoc

904 1509 932 1530 et
946 1504 971 1530 in
988 1503 1040 1529 alio
1055 1503 1124 1529 libro
1142 1503 1238 1536 repetit
1255 1502 1288 1528 ⁷⁵.
1314 1502 1366 1528 Sed
1382 1503 1451 1528 lianc
1474 1501 1561 1534 ipsam
1577 1500 1611 1527 ob
1625 1508 1692 1527 can-

904 1546 961 1574 sam
973 1537 1085 1574 dubitat
1102 1542 1322 1574 utruiu_uterque
1338 1536 1615 1574 Peripateticusdici
1629 1544 1691 1574 pos-

904 1570 949 1601 sit.
966 1573 1124 1599 Audiendus
1140 1572 1262 1607 profecto
1279 1570 1344 1607 ipse
1369 1570 1410 1598 est
1435 1572 1572 1606 quomodo
1590 1570 1694 1607 idsuis

905 1609 995 1636 verbis
1010 1606 1149 1642 exponati
1168 1616 1177 1632 ι
1199 1606 1334 1635 Praetereo
1351 1607 1451 1634 multos
1465 1627 1472 1639 ,
1497 1607 1588 1634 aiebat
1604 1606 1644 1637 ⁷⁸,
1664 1607 1690 1633 ii:

904 1644 946 1671 liis
959 1644 1066 1670 doctum
1079 1643 1216 1670 hominem
1229 1647 1256 1669 et
1267 1650 1375 1670 suavem
1391 1642 1597 1678 Hieronymum,
1609 1649 1692 1676 queui

902 1680 958 1714 jam
975 1686 1022 1706 cur
1037 1678 1247 1713 Peripateticum
1262 1678 1405 1713 appellem,
1423 1679 1514 1714 nescio
1527 1685 1535 1709 ;
1554 1684 1690 1714 summum

903 1712 975 1742 enim
1000 1712 1106 1740 bonum
1119 1714 1244 1748 exposuit
1262 1712 1424 1741 vacuitatem
1446 1712 1627 1748 doluris.7Qui
1642 1719 1693 1738 au»

905 1755 958 1777 tein
974 1751 1006 1776 de
1021 1756 1128 1775 sunimo
1146 1749 1216 1776 bono
1232 1749 1373 1780 dissentit,
1389 1749 1422 1775 de
1438 1753 1496 1775 tota
1513 1747 1691 1782 philosophiae

904 1785 1010 1812 ratione
1029 1784 1211 1812 dissentit.....
1232 1784 1365 1811 Diodorus
1381 1783 1493 1810 Critolai
1513 1783 1622 1809 auditor
1640 1782 1690 1809 ad-

900 1820 991 1855 jungit
1004 1820 1038 1845 ad
1054 1820 1224 1846 honestatem
1242 1820 1405 1846 vacuitatem
1426 1817 1604 1855 doloriscllic
1620 1825 1690 1855 quo:

902 1853 965 1890 que'
973 1862 1037 1881 suus
1052 1859 1108 1886 est,
1126 1855 1159 1881 de
1173 1862 1334 1889 summoque
1350 1856 1420 1882 horto
1430 1854 1619 1890 dissentiens,
1635 1853 1691 1890 dici

904 1889 967 1917 vere
988 1890 1186 1923 Peripateticus
1202 1897 1255 1916 non
1278 1895 1377 1923 potest.
1396 1898 1405 1915 ι
1430 1889 1583 1923 Utrumque
1607 1889 1690 1922 igitur

903 1925 998 1952 Cicero
1012 1944 1019 1956 ,
1035 1925 1140 1951 etiamsi
1155 1925 1292 1959 plerisque
1309 1926 1435 1952 omnibus
1448 1924 1604 1951 Aristotelis
1623 1923 1692 1950 alio-

904 1968 1017 1994 rumque
1036 1960 1276 1993 Peripateticorum
1304 1960 1477 1995 opinionibus
1501 1959 1690 1995 subscripsis-

902 1993 978 2027 sent,
986 2003 1017 2022 eo
1037 1999 1126 2021 tamen
1139 1996 1206 2029 ipso,
1219 1996 1290 2029 quod
1303 1993 1336 2022 ab
1348 1996 1428 2022 eisde
1440 2002 1547 2022 summo
1559 1993 1690 2029 bonodis-

901 2031 1046 2062 sentirent,
1060 2028 1254 2063 Peripateticos
1263 2038 1326 2057 vere
1335 2031 1387 2057 dici
1402 2037 1482 2063 posse
1494 2037 1547 2055 non
1562 2028 1686 2062 putabat.

936 2066 1133 2099 Epicureorum
1158 2070 1248 2092 autem
1263 2066 1337 2100 gregi
1357 2065 1427 2092 haud
1450 2065 1531 2091 dubie
1554 2070 1688 2090 annume-

901 2101 978 2128 raudi
997 2105 1058 2127 sunt
1073 2100 1229 2133 Annicerii,
1247 2101 1281 2128 de
1297 2101 1396 2135 quibus
1414 2100 1471 2126 luce
1488 2100 1618 2135 Clemens
1632 2105 1689 2135 me:

902 2136 996 2164 moria:
1011 2136 1128 2170 prodidit
1143 2136 1165 2151 ⁷⁷
1178 2147 1183 2162 ι
1205 2144 1214 2161 ι
1231 2135 1282 2169 Qui
1295 2133 1386 2162 autem
1402 2140 1535 2162 vocantur
1547 2133 1688 2170 Annicerii

901 2179 933 2199 ex
951 2168 1123 2198 successione
1136 2168 1298 2205 Cyrenaica,
1317 2171 1418 2197 nullum
1434 2170 1517 2196 totius
1530 2169 1591 2196 vita:
1607 2168 1687 2205 linem

901 2208 1074 2234 terminatum
1086 2203 1240 2233 statuerunt
1253 2215 1260 2240 ;
1274 2205 1487 2240 uniuscujusque
1498 2209 1587 2231 autem
1600 2203 1690 2230 actio-

902 2243 943 2269 itis
971 2242 1109 2277 proprium
1139 2248 1199 2268 esse
1227 2242 1329 2274 liuent,
1354 2248 1452 2277 nempe
1476 2247 1627 2277 cumquae
1654 2244 1688 2277 ex

49 2274 182 2312 ejusdem
197 2274 305 2312 Epicuri
323 2277 376 2302 vita
389 2281 417 2302 et
430 2275 551 2312 moribus
566 2284 626 2310 cap.
642 2276 658 2303 5
676 2281 704 2303 et
720 2284 778 2310 seq.
795 2276 848 2303 Sed
865 2282 887 2312 υ
901 2274 1008 2304 actione
1022 2274 1144 2312 iellicitur
1158 2277 1336 2311 voluptatem.
1354 2275 1385 2302 lli
1412 2274 1563 2312 Cyrenaici
1578 2274 1688 2312 Epicuri

49 2310 212 2343 perpendas
230 2311 321 2341 velim,
338 2318 371 2337 an
397 2312 420 2338 is
435 2311 519 2337 nimio
538 2312 564 2338 iu
584 2311 729 2345 Epicurum
754 2319 847 2338 amore

49 2350 166 2380 captus,
191 2345 265 2371 illum
289 2346 349 2380 plus
368 2354 445 2380 teque
461 2353 607 2378 excusare,
627 2354 660 2373 ac
673 2347 847 2374 doctissimos

48 2379 126 2416 alios
141 2379 296 2414 scriptores
307 2387 334 2408 et
346 2379 475 2409 Ecclesia:
490 2382 596 2415 Patres,
623 2382 710 2409 eidem
730 2383 847 2416 Epicuro

48 2414 207 2449 voluptatis
222 2417 404 2448 patrocinium
430 2417 626 2452 exprobrantes
637 2437 644 2451 ,
671 2414 802 2444 accusare
819 2422 847 2444 et

48 2455 244 2477 condemnare
261 2452 395 2478 videatur.

89 2485 237 2523 Cyrenaici
263 2495 327 2514 vero
344 2488 378 2514 ab
391 2488 530 2523 Aristippo
544 2488 693 2523 Cyrenaico
706 2508 716 2521 ,
737 2493 846 2516 auctore

47 2520 136 2556 261
154 2529 203 2547 suo
220 2527 247 2548 et
262 2520 655 2556 parente,nomeu'ti'axei'uut,
676 2520 711 2549 uti
731 2529 846 2550 testatur

48 2558 183 2582 Laertius
211 2559 238 2583 iti
264 2559 351 2591 ipsius
365 2557 421 2585 Vita
439 2557 461 2573 “
474 2579 481 2590 ,
502 2560 545 2585 ubi
565 2559 661 2585 eadem
686 2558 794 2585 illorum
813 2559 846 2585 de

48 2591 199 2623 voluptate
211 2594 346 2620 sententia
360 2595 394 2620 ab
412 2593 457 2621 illo
476 2599 558 2629 atque
575 2595 655 2621 etiam
677 2601 692 2620 ιι
713 2594 846 2622 Cicerone

89 2685 114 2700 ιε
136 2684 237 2712 Strom.
270 2686 318 2715 lib.
340 2694 370 2720 ιι,
393 2694 420 2720 p.
449 2686 512 2714 4H5.
563 2687 586 2702 ιο
617 2686 696 2719 ibid.,

47 2729 79 2756 p.
97 2720 163 2747 “7.
201 2720 223 2757 ‘7’
238 2721 314 2754 ibid.,
329 2730 355 2757 p.
376 2720 440 2749 “5.

47 2757 73 2772 °‘
92 2757 143 2782 lib.
163 2763 182 2783 It
206 2756 245 2783 Dc
259 2756 348 2790 liuib.,

43 2800 77 2826 ι).
104 2791 171 2836 iis.
213 2792 329 2836 mimi.

44 2826 181 2888 ξῒίἱιέῗῗι
194 2827 285 2892 31.23:
298 2827 541 2898 ἒιζῑεὲίῗὲιεῗκέὲ.

393 2694 420 2721 p.
449 2686 512 2714 416.
563 2687 586 2702 ⁵⁸
617 2686 696 2719 ibid.,
721 2694 748 2721 p.
781 2687 844 2714 M5.

387 2793 409 2809 ⁶⁹
425 2793 472 2819 lib.
486 2801 529 2819 \‘Ill
556 2793 592 2819 De
609 2792 683 2819 liiiib.
695 2813 702 2825 ,
725 2800 750 2827 p.
771 2792 831 2819 101.

358 2836 385 2863 p.
399 2827 444 2857 92.
471 2836 502 2854 ac
518 2829 535 2853 Ι.
550 2835 564 2854 ν
580 2828 688 2855 'l'uscul.
699 2847 705 2859 ,
719 2836 746 2861 p.
761 2828 821 2855 l‘JO.

45 2906 75 2932 p.
95 2898 198 2931 “(hac
219 2898 329 2926 Tuscul.
347 2899 366 2926 ι.
383 2907 399 2926 ιι
411 2918 420 2932 ,
435 2906 495 2933 pag.
515 2898 576 2926 158.
610 2898 634 2914 ⁷⁸
649 2898 698 2926 lib.
715 2906 728 2924 v
745 2899 781 2926 De
795 2899 857 2926 lllllll

908 2906 935 2933 ν.
952 2898 998 2926 99.

417 2722 440 2762 ᾗ
485 2721 648 2762 θξηᾼιιιΙιιςοε.
662 2742 670 2753 ,
683 2722 709 2762 _l.
724 2722 804 2762 ιι
834 2722 927 2762 ριὶὶελ,
947 2722 1033 2762 (ληιὸ,

365 2766 391 2792 p.
406 2757 439 2784 54
454 2764 481 2783 et
497 2757 542 2790 58,
558 2762 586 2784 et
598 2758 616 2784 ι.
636 2765 667 2784 ιιι
682 2757 719 2784 De
733 2758 805 2784 ollic.
818 2759 883 2784 circ.
898 2757 957 2788 lim,
974 2757 1020 2784 lib.
1033 2765 1059 2784 iv
1078 2757 1282 2792 Acad.qumst.,

387 2793 409 2809 °'
425 2793 472 2819 lib.
486 2801 529 2819 viii
556 2793 592 2819 De
609 2792 683 2819 linib.
695 2813 702 2825 ,
725 2800 750 2827 p.
771 2792 831 2819 101.
887 2792 910 2807 "°
925 2792 943 2818 Ι.
958 2799 983 2818 iv
1007 2793 1136 2819 Acailein.
1154 2797 1262 2827 quecsL,

873 2827 895 2843 'll
913 2827 928 2843 Ii

588 2828 688 2855 I‘Uscul.
699 2847 705 2859 ,
719 2826 746 2861 p.
761 2828 821 2855 tuo.
873 2827 895 2843 ⁷¹
912 2827 958 2854 lib.
972 2834 1002 2854 tit
1022 2828 1059 2854 De
1073 2826 1145 2855 ofﬁc.
1155 2826 1169 2859 ,⁷
1179 2835 1205 2862 p.
1217 2826 1293 2854 404(
1336 2827 1360 2842 ⁷³
1375 2826 1475 2854 Strom.
1495 2827 1513 2853 l.
1529 2833 1548 2852 tt
1559 2828 1569 2857 ξ
1580 2832 1607 2859 p.
1620 2826 1684 2851 M5.

588 2863 610 2879 ⁷⁵
627 2863 674 2890 lib.
693 2871 711 2890 ti
729 2863 766 2889 De
790 2863 876 2896 linib.,
902 2870 964 2897 pag.
985 2862 1035 2896 54;
1050 2862 1134 2897 ibid.,
1159 2870 1186 2897 p.
1217 2862 1252 2890 52
1283 2867 1308 2889 et
1324 2861 1357 2888 57
1370 2882 1377 2893 ,
1392 2868 1419 2889 et
1435 2862 1482 2889 lib.
1499 2870 1513 2888 v
1531 2861 1568 2888 De
1589 2861 1664 2888 linib.
1676 2877 1685 2892 ,

902 2311 1047 2347 voluptatis
1060 2312 1204 2348 terminum
1218 2309 1230 2344 ξ
1252 2312 1302 2339 hoc
1319 2316 1360 2339 est
1374 2331 1382 2343 ,
1398 2309 1498 2348 doloris
1521 2309 1688 2348 ablutionem

902 2346 1042 2374 iulirinant
1058 2351 1086 2373 et
1100 2346 1230 2382 abrogant
1241 2367 1248 2379 ,
1267 2355 1326 2374 eam
1342 2346 1687 2382 constitutionanmortui

901 2383 1090 2418 appellantes;
1109 2379 1258 2409 iionsolum
1275 2382 1346 2409 enim
1363 2390 1412 2408 nos
1426 2381 1527 2416 gaudio
1538 2379 1608 2407 allici
1625 2386 1689 2414 pro-

900 2417 960 2453 pter
975 2418 1135 2452 voluptates,
1149 2419 1195 2444 sed
1211 2418 1292 2444 etiam
1309 2421 1420 2452 propter
1434 2417 1645 2453 consuetudines
1660 2418 1689 2441 et

900 2450 1029 2481 honores.
1040 2450 1173 2488 Epicurus
1183 2458 1273 2488 autem
1288 2450 1426 2479 existimat
1441 2459 1551 2488 omnem
1567 2450 1687 2488 leﬁliliillll

899 2498 933 2517 ex
947 2496 1029 2516 carne
1047 2485 1135 2523 primo
1159 2487 1265 2515 affecta.
1287 2497 1296 2514 ι
1319 2487 1479 2523 Annicerios
1501 2494 1577 2513 suain
1605 2494 1619 2513 a
1634 2485 1688 2520 C‘y-

901 2524 1172 2559 renaicisroriginem
1200 2523 1358 2559 sumpsisse
1371 2523 1444 2559 haud
1467 2522 1687 2559 iinmeritoACle-

899 2568 976 2587 tuens
991 2557 1116 2586 alliriuat.
1140 2558 1285 2592 Tripliccm
1314 2558 1414 2592 quippe
1440 2558 1466 2584 in
1484 2563 1587 2584 sectam
1602 2557 1687 2592 Cyre-

899 2595 970 2623 naici
985 2595 1066 2623 divisi
1082 2599 1144 2622 sunt
1158 2614 1166 2626 ,
1182 2593 1357 2629 llegesiacaut
1371 2613 1384 2627 γ
1394 2592 1575 2621 ’l‘lieodoriaiu
1589 2599 1618 2621 et
1637 2593 1688 2620 Διι-

1228 2686 1248 2701 ⁶¹
1281 2685 1364 2718 ibid.,
1389 2693 1415 2720 p.
1446 2685 1510 2714 ΗΞ.
1565 2683 1686 2716 “ibid.,

1181 2722 1203 2738 ⁵⁸
1223 2721 1269 2748 ιιι).
1290 2729 1312 2748 ιι
1329 2722 1354 2747 iii
1377 2721 1503 2755 Aristippi
1524 2721 1591 2751 vita.
1607 2720 1622 2756 §
1639 2720 1686 2748 86.

1306 2764 1332 2791 p.
1362 2756 1407 2783 55.
1446 2757 1466 2772 ⁸⁷
1483 2756 1583 2791 Strom.
1612 2757 1685 2791 Litt,

1287 2790 1313 2827 p.
1327 2791 1388 2827 55.7
1420 2791 1442 2807 “
1457 2792 1502 2818 lib.
1527 2799 1545 2817 ll
1575 2790 1611 2816 De
1625 2790 1684 2827 lini"

1336 2827 1360 2842 ⁷³
1375 2826 1475 2854 Strom.
1495 2827 1513 2853 l.
1529 2833 1548 2852 tt
1559 2828 1569 2857 ξ
1580 2832 1607 2859 p.
1620 2825 1684 2851 415.

898 2685 920 2701 σο
951 2686 1035 2718 imit,
1055 2693 1083 2720 p.
1117 2686 1180 2714 365.

1179 2835 1205 2862 p.
1217 2826 1280 2854 404.

1035 2898 1057 2914 ⁷⁷
1074 2896 1177 2926 Strom.
1199 2898 1217 2927 ι,
1240 2905 1278 2930 ii,
1293 2905 1321 2931 p.
1343 2897 1405 2923 M7.
