1916 3071
246 163 314 193 1299

579 162 613 190 ΙΝ
630 161 841 189 CLEMENTEM
862 161 962 189 ALEX.
985 161 1015 188 Ι).
1036 160 1079 188 LE
1098 160 1242 190 NOURRY
1261 161 1490 190 DlSSERTATlO
1507 162 1541 190 ll.

1801 163 1862 192 1500

245 222 389 250 nieeriam.
404 221 488 255 Hujus
505 225 594 248 autem
610 228 709 254 parens
725 220 775 248 fuit
789 221 932 247 Anniceris
943 221 1028 255 Cyre-
1044 222 1067 249 Α
1082 225 1160 249 rent.
1189 221 1306 254 eligente
1326 229 1356 247 ea
1380 229 1441 256 qua:
1460 226 1553 248 essent
1573 220 1727 248 secundum
1744 225 1862 246 naturam

246 259 351 289 naieus,
365 265 379 283 τι
395 264 450 291 quo
464 256 556 291 viginti
571 262 618 282 aut
636 256 744 290 triginta
765 256 893 291 nummis,
911 256 948 282 uti
961 256 1030 282 scri-

244 293 285 320 bit
302 290 426 319 haertius
441 291 473 321 ⁷⁸.
486 290 527 318 vel
542 290 677 317 sestertiis
689 295 761 322 octo,
774 291 854 317 sicuti
873 290 1030 317 Lactantius

246 329 285 354 ait
299 328 334 359 ⁷³,
351 327 427 354 Plato
445 327 601 359 redemptus
616 330 668 351 est.
686 325 792 352 Videsis
810 325 925 360 Menagii
941 326 1031 352 obser-

244 363 368 389 vationes
383 363 408 389 in
422 362 567 388 secundum
586 360 688 387 Laertii
707 361 818 392 librum,
834 360 904 396 §86.
924 361 961 387 De
976 361 1031 387 An-

246 398 410 424 niceriorum
430 403 512 431 porro
526 395 654 429 opinione
677 395 855 431 itarCicero':
883 405 893 421 ι
910 396 950 422 Ab
967 395 1030 422 Ari-

247 433 346 466 stippo.
364 430 452 465 inquit
465 431 499 460 ⁸ο,
513 431 653 466 Cyrenaici
669 435 696 457 et
717 430 1028 465 Anniceriipbilosoplii

247 465 390 497 nominati,
407 473 486 493 omne
502 465 600 492 bonum
613 466 639 492 in
652 466 788 499 voluptate
802 471 960 500 posuerunt.
975 466 1030 492 vir-

246 507 384 536 tutemque
395 505 560 528 censuerunt
574 502 608 527 oh
618 508 687 536 ream
707 508 761 528 rem
776 508 836 527 esse
855 500 1028 536 laudandam,

246 537 317 569 quod
345 536 464 563 efﬁciens
488 540 561 562 esset
581 535 738 570 voluptatis.
759 536 862 568 Quibus
886 535 1028 568 obsoletis,

245 572 323 598 ﬂoret
344 571 497 605 Epicurus,
523 570 643 604 ejusdem
667 570 722 597 fere
750 571 858 604 adjutor
881 575 1029 605 auctorque

244 607 396 634 sententiae.
417 616 426 632 ι
449 606 486 632 lbi
510 606 619 638 quidem
649 605 753 632 Tullius
782 606 907 633 consulto
931 605 1029 640 adjecit

245 642 391 675 Epicurum
412 641 532 675 ejusdem
558 641 615 667 fere
640 642 782 668 sententia:
811 640 895 667 fuisse
913 646 1029 668 asserto-

244 685 301 703 rem
318 682 345 703 et
362 681 518 711 patromim.
539 675 636 702 Noster
653 683 718 702 vero
731 676 856 703 Clemens
870 675 968 701 clarius
981 676 1029 703 de-

244 712 330 738 r-larat
349 710 374 738 in
396 719 450 746 quo
465 716 580 746 utraque
605 715 630 737 et
652 710 760 746 Epicuri
780 715 808 737 et
821 710 1027 746 Anniceriorum

244 748 336 780 opinio
361 744 508 778 discrepet.
526 745 644 773 Consule
665 745 756 773 Laert.
774 745 821 773 lib.
836 754 875 779 ιι,
899 745 913 781 §
930 744 964 773 96
976 766 985 778 ,
1001 746 1027 772 in

243 782 374 815 Aristippi
388 782 452 808 vita.

279 817 369 852 Pergit
384 816 528 852 ideinripse
540 820 636 842 auctor
650 815 795 852 noster“,
809 820 835 842 et
851 816 914 850 qtiid
929 815 1029 843 Metro-

244 850 431 884 doriiquuem
446 851 606 884 Epicureum
623 850 783 877 nominatim
800 855 890 884 vocat,
907 852 940 878 de
952 859 1028 878 stitit-

1082 255 1276 290 rejieienteque
1296 256 1443 283 contraria.
1464 266 1473 282 ι
1492 256 1599 282 Videsis
1616 256 1708 282 adhuc
1733 256 1807 282 illius
1823 256 1862 282 llll.

1082 298 1108 317 Iv
1126 290 1165 316 De
1189 291 1263 325 ﬁnib.
1281 299 1341 326 pag.
1354 291 1398 318 91.
1415 291 1452 318 De
1466 292 1499 318 iis
1513 296 1603 317 autem
1617 291 1791 326 singillatim,
1806 298 1864 325 qne-

1084 327 1254 352 madmodum
1270 325 1407 356 Clemens,
1420 327 1477 353 haec
1495 328 1521 353 in
1538 326 1623 352 verba
1640 325 1770 352 Laertius
1783 326 1863 351 disse-

1083 361 1119 387 rit
1133 361 1177 387 8'z
1195 369 1204 386 t
1225 360 1330 388 Primus
1357 361 1430 388 Zeno
1450 362 1475 388 in
1500 361 1570 387 libro
1588 361 1628 387 De
1642 366 1743 387 natura
1759 361 1864 387 homini:

1082 395 1162 422 ﬁnem
1179 396 1218 422 ait
1234 401 1415 423 consentanee
1437 397 1587 423 secundum
1613 401 1742 422 naturam
1767 396 1863 427 vivere,

1081 431 1108 457 id
1125 435 1214 458 autem
1232 436 1274 458 est
1297 432 1444 459 secundum
1460 432 1590 458 virtutem
1605 431 1700 457 vivere
1714 440 1722 463 ;
1749 432 1783 456 ad
1812 439 1864 457 eam

1080 466 1181 500 quippe
1201 470 1297 492 natura
1314 473 1364 493 nos
1377 466 1463 500 ducit.
1481 466 1614 492 Similiter
1629 471 1656 492 et
1674 466 1828 492 Cleanthes
1845 468 1865 492 in

1081 499 1153 527 libro’
1164 500 1202 527 De
1213 501 1355 535 voluptate.
1368 499 1622 532 ell’ossidonius,et
1635 500 1743 527 llecato
1760 501 1788 526 in
1805 501 1865 527 libro

1082 535 1118 562 De
1132 535 1277 569 ﬁnibus....
1292 536 1480 563 Archedemus
1504 541 1596 562 autem
1622 536 1691 562 nihil
1720 535 1865 562 ciliciorum

1080 570 1230 598 omittendo
1250 571 1412 597 vivere......
1427 571 1573 598 Cleanthes
1584 576 1676 597 autem
1695 578 1866 597 communem

1081 606 1267 633 tantummodo
1282 610 1407 632 naturam
1417 606 1539 640 suscipit,
1549 613 1630 640 quam
1642 607 1722 640 sequi
1735 612 1865 641 Oportet,

1080 648 1133 666 non
1151 645 1239 667 autem
1255 641 1448 674 particularem
1462 649 1469 673 ;
1486 641 1672 675 virtutemque
1696 640 1866 667 aﬂ'ectionem

1080 683 1141 702 esse
1156 675 1236 709 vulgo
1251 675 1417 703 intellectam
1430 696 1438 707 ,
1456 681 1483 702 et
1499 676 1585 710 ipsam
1611 681 1727 710 propter
1743 684 1774 702 se
1789 677 1866 708 ipsam

1079 717 1139 738 esse
1150 711 1340 744 expetendam,
1355 719 1406 738 non
1419 711 1453 738 ob
1465 716 1566 738 metum
1579 711 1713 745 aliquem,
1726 716 1775 738 aut
1787 719 1866 745 spem,

1079 750 1126 772 aut
1148 745 1249 779 aliquid
1266 753 1360 773 eorum
1376 754 1436 780 qua:
1453 751 1516 773 sunt
1531 751 1644 772 externa
1659 766 1668 778 ,
1687 747 1739 773 sed
1766 747 1793 772 in
1818 748 1865 779 ipsi

1079 781 1253 816 constitutam
1276 788 1337 808 esse
1360 781 1467 808 beatam
1495 782 1578 808 vitam
1599 789 1606 813 ;
1634 787 1733 814 utpote
1756 789 1818 816 quze
1839 784 1867 808 sit

1079 816 1178 842 animae
1192 815 1272 843 insita
1291 816 1324 843 ad
1341 816 1546 843 consensionem
1561 817 1644 843 totius
1661 815 1778 844 vitae”;
1797 817 1866 843 Doci-

1080 850 1162 877 bilem
1187 857 1251 877 vero
1274 858 1334 878 esse
1348 852 1474 878 virtutem
1498 856 1526 878 et
1549 851 1726 885 Chrysippus
1744 852 1770 878 in
1787 853 1866 885 primo

245 896 289 914 mo
306 887 376 914 bono
390 887 517 921 opinatus
539 886 583 921 sit,
601 885 644 912 his
666 885 739 911 illius
762 886 854 913 verbis
877 886 1006 920 patefacit
1020 894 1027 913 :
1044 893 1065 921 Β
1083 885 1119 912 De
1132 886 1184 919 ﬁne
1198 886 1276 919 dixit,
1292 891 1320 912 et
1335 886 1525 917 Cleantlies,et
1535 887 1715 913 Poseidonius
1730 887 1757 913 in
1773 888 1867 913 Exhor-

245 933 254 948 ε
273 920 503 955 Δηίιιιτυίὶιιιιυίι
516 921 558 952 ⁸³,
577 920 676 947 bonum
695 921 758 954 quid
781 925 822 948 est
836 921 927 954 aliud,
946 929 1027 955 quam

244 959 333 988 lirma,
350 957 456 983 stabilis
478 963 509 982 ac
531 956 598 982 bona
615 956 707 982 carnis
724 956 892 985 constitutio.
916 961 944 983 et
965 964 1028 990 spes

244 994 296 1020 iide
313 992 392 1025 digna
408 992 478 1025 quod
495 998 525 1017 ea
540 991 578 1018 sic
595 990 683 1017 futura
701 991 759 1017 sit?
774 1000 783 1017 ι
804 991 934 1018 Eumdem
947 991 1028 1025 plane

241 1029 269 1055 in
288 1029 395 1054 modum
411 1026 527 1054 Cicero:
546 1035 556 1052 ι
574 1025 640 1060 Ipsa,
659 1025 697 1052 ait
711 1025 744 1057 ⁸³,
759 1025 939 1058 Metrodorus,
957 1034 1027 1061 pene

241 1063 310 1090 alter
323 1062 466 1096 Epicurus,
483 1062 589 1088 beatum
609 1067 669 1088 esse
679 1061 817 1096 describit
834 1061 877 1087 his
897 1061 955 1088 fere
969 1069 1028 1088 ver-

242 1099 284 1125 bis
299 1107 306 1124 :
321 1097 387 1125 Cum
404 1104 502 1131 corpus
516 1096 583 1123 bene
598 1095 774 1122 constitutum
791 1095 836 1129 sit,
849 1100 876 1122 et
890 1097 925 1123 sit
936 1096 1027 1131 explo-

243 1138 331 1160 ratum
347 1133 382 1160 ita
402 1131 532 1158 futurum.
553 1141 561 1156 ι
579 1131 655 1163 Quod
672 1131 780 1164 quidem
799 1132 856 1158 suis
877 1131 921 1158 ille
937 1132 1027 1158 verbis

243 1168 339 1195 iterum
356 1168 423 1194 dixit
439 1167 482 1193 lib.
498 1174 516 1193 ιι
532 1165 651 1196 Τιιεειιί..
666 1173 726 1200 pag.
743 1166 804 1198 158,
822 1166 859 1193 lib
876 1173 904 1193 Ill
922 1166 960 1193 De
972 1167 1027 1201 ofﬁ-

241 1203 305 1235 ciis,
321 1210 384 1237 pag.
398 1201 465 1233 401,
481 1206 510 1237 et
525 1201 570 1228 lib.
587 1209 594 1228 ι
612 1201 650 1227 De
665 1207 753 1237 natur.
772 1202 862 1237 devia,
882 1210 944 1236 pag.
962 1201 1024 1234 2H,

242 1238 286 1264 ubi
311 1236 343 1265 de
362 1236 462 1266 eodem
487 1236 641 1264 Metrodoro
664 1236 721 1262 lizee
746 1236 849 1263 habet:
877 1245 886 1261 ι
905 1237 1026 1264 Accusat

242 1273 424 1300 Timocratem
440 1272 553 1298 fratrem
568 1279 646 1298 suum
664 1271 850 1304 Metrodorus,
864 1272 935 1306 quod
949 1273 1026 1299 dubi-

241 1314 278 1335 tet
292 1309 394 1340 omnia,
411 1315 470 1342 qum
483 1307 516 1333 ad
534 1307 640 1333 beatam
653 1306 734 1332 vitam
752 1307 1027 1342 pertineant.rventre

241 1344 329 1370 metiri
344 1352 350 1370 :
366 1341 452 1377 neque
466 1342 491 1369 id
505 1342 588 1377 semel
604 1341 680 1373 dicit,
694 1342 741 1368 sed
759 1342 866 1376 smpins.
889 1351 898 1368 ι
915 1341 1026 1377 Legesis

239 1375 415 1406 Plutarchum
445 1377 492 1413 lib.
522 1375 583 1404 Non
616 1384 691 1410 posse
720 1377 834 1413 titaviler
861 1377 925 1408 νίυ..
957 1375 1023 1413 pag.

241 1414 305 1440 1091
322 1434 329 1446 ,
351 1414 395 1440 ubi
414 1413 447 1439 de
470 1412 623 1438 Metrodoro
639 1417 720 1445 atque
736 1411 850 1445 Epicuro
870 1411 1024 1440 sermonem

239 1449 314 1481 facit,
327 1453 406 1483 atque
422 1449 503 1474 etiam
522 1447 657 1474 Laertium
672 1452 700 1474 et
716 1446 886 1475 Gassendum
903 1447 942 1475 De
956 1448 1024 1482 Epi-

239 1485 296 1511 curi
309 1485 370 1512 vita.

275 1518 360 1546 Porro
376 1522 464 1544 autem
479 1517 603 1544 Clemens
619 1522 711 1544 noster
724 1517 787 1544 alibi
799 1517 823 1533 ⁸⁸
835 1517 956 1551 ejusdem
969 1517 1025 1546 Me-

239 1555 344 1582 trodori
359 1554 483 1588 Epicurei
500 1554 581 1579 verba
600 1553 730 1586 protulit,
748 1553 846 1587 quibus
864 1554 909 1580 ille
931 1553 1024 1581 Mene-

239 1595 352 1617 stratum
365 1589 502 1619 admonet,
513 1589 617 1615 tametsi
632 1588 690 1621 ipse
703 1588 825 1615 mortalis
839 1589 875 1615 sit
886 1597 893 1620 ;
903 1589 1022 1615 animam

240 1630 330 1651 tamen
348 1624 419 1651 illius
434 1623 582 1650 ascendere
594 1642 602 1654 ,
621 1624 707 1650 donec
731 1623 860 1650 steculum
885 1628 912 1651 et
933 1630 1022 1650 rerum

239 1660 398 1687 inﬁnitatem
410 1658 569 1692 conspiciat.
583 1658 627 1684 ubi
637 1657 713 1691 juxta
728 1657 848 1684 Platonis
860 1659 1021 1685 sententiam

240 1695 321 1722 homo
331 1700 444 1727 corpore
455 1700 506 1719 non
518 1693 632 1726 amplius
646 1693 770 1727 alligatus
781 1700 847 1727 pura
863 1693 923 1720 luce
939 1693 1022 1721 Deum

238 1728 478 1763 contemplabitur.
494 1727 534 1754 lbi
557 1733 647 1755 autem
670 1728 727 1755 haec
742 1729 777 1755 ab
799 1735 832 1754 eo
846 1729 938 1755 divine
951 1729 1022 1756 dicta

239 1772 300 1792 esse
311 1763 422 1791 asserit.

273 1799 312 1826 Ad
328 1799 433 1826 Stoicos
441 1797 523 1825 etiam
537 1797 662 1832 Clemens
671 1799 752 1830 venit,
769 1798 860 1833 aitque
872 1799 895 1814 ⁸⁸
908 1807 915 1825 :
928 1809 937 1824 ‹
949 1799 1022 1828 Zeno

239 1834 350 1863 Stoicus
374 1835 453 1860 linem
467 1840 528 1860 esse
540 1837 616 1868 putat
637 1841 671 1860 ex
687 1835 785 1860 virtute
800 1842 903 1862 Vivere.
925 1835 1022 1862 Clean-

240 1872 299 1898 thes
311 1872 399 1895 auteui
415 1873 519 1895 natura:
539 1869 732 1896 convenienter
754 1871 863 1901 vivere,
887 1875 968 1904 atque
994 1870 1020 1897 in

238 1907 307 1933 bene
322 1903 530 1936 ratiocinando;
548 1904 619 1937 quod
645 1904 671 1930 in
688 1905 723 1932 iis
735 1925 743 1937 ,
765 1911 824 1939 qua;
843 1909 905 1931 sunt
923 1903 1020 1932 secun-

238 1942 302 1967 dum
317 1945 441 1966 naturam
455 1939 597 1973 eligendis.
610 1938 691 1966 situm
703 1947 763 1967 esse
775 1938 883 1966 'statuit.
897 1939 930 1966 Et
942 1941 1020 1967 Anti-

237 1981 313 2011 pater
327 1974 386 2008 ejus
405 1974 545 2011 familiaris
560 1974 585 2002 iii
602 1974 635 2011 iis
651 1975 758 2008 quidem
773 1982 834 2009 quze
849 1979 912 2002 sunt
925 1983 1021 2002 secun-

237 2009 300 2038 dum
316 2014 439 2037 naturam
451 2009 558 2036 assidue
569 2013 597 2036 et
608 2010 711 2044 absque
723 2011 775 2036 ulla
790 2011 961 2044 prolapsione
975 2011 1021 2037 de-

237 2046 351 2082 ligendis
363 2065 371 2079 ,
386 2045 419 2072 iis
433 2049 534 2082 _autem
548 2052 609 2079 qua:
623 2050 686 2082 sunt
704 2051 803 2082 printer
816 2050 939 2082 naturam
958 2045 1021 2080 reji-

236 2080 341 2109 ciendis
353 2101 360 2113 ,
381 2080 499 2114 positum
522 2087 583 2106 esse
603 2080 752 2107 existimat.
766 2081 800 2108 Et
816 2088 908 2107 rursus
922 2081 1020 2107 Archi-

236 2117 333 2144 demus
346 2116 386 2144 sic
400 2115 480 2142 linem
495 2122 554 2142 esse
567 2115 720 2149 exponebat
734 2116 759 2142 in
773 2116 815 2148 iis,
830 2122 887 2149 quae
901 2120 964 2150 sunt
977 2123 1020 2143 se-

236 2152 354 2178 cundum
370 2156 496 2185 naturam
519 2151 633 2176 maxima
647 2154 674 2177 et
695 2152 827 2185 praecipua
840 2169 847 2181 ,
870 2151 1020 2185 deligendis

238 2195 289 2214 non
307 2194 386 2221 posse
401 2184 550 2213 transilire.
574 2185 678 2212 Prmter
696 2184 751 2212 'hos
774 2191 863 2213 autem
884 2184 1019 2213 Panaetius

236 2222 432 2249 convenienter
444 2221 536 2247 vivere
549 2221 772 2254 appetitionibus,
788 2229 847 2255 quae
869 2221 938 2247 dat-c
957 2226 1020 2251 sunt

236 2257 314 2284 nobis
325 2264 340 2283 a
356 2261 461 2283 natura.
475 2255 618 2282 Postremo
629 2260 720 2282 autent
731 2255 918 2286 Possidonius,
929 2257 1018 2284 vivere

236 2291 446 2326 contemplanda
463 2291 651 2318 universorum
666 2292 820 2324 veritatem,
838 2298 864 2318 et
882 2293 1017 2325 ordinem,

235 2332 263 2353 et
278 2334 319 2360 se,
335 2326 422 2361 quoad
438 2326 496 2360 ejus
509 2326 567 2353 fieri
580 2331 677 2360 potest,
693 2327 728 2353 ita
743 2327 893 2359 instituere,
904 2327 1016 2354 utnulla

235 2362 262 2388 in
280 2369 309 2388 re
324 2362 440 2388 ducatur
458 2370 473 2388 a
488 2366 565 2395 parte
586 2361 684 2387 animae
698 2369 757 2396 qua:
777 2367 853 2389 caret
869 2363 985 2389 ratione.
1005 2371 1015 2388 ι

235 2398 279 2432 De,
301 2397 353 2423 illis
375 2401 474 2432 autem,
489 2396 614 2422 onniiluis
637 2397 695 2432 ipse
720 2401 816 2429 antea,
833 2403 915 2432 atque
935 2398 1016 2424 etiam

235 2431 300 2458 alibi
314 2433 384 2458 idem
399 2431 547 2465 simplicius
560 2432 627 2458 dixit
640 2431 663 2446 ⁸⁸
679 2439 686 2459 :
705 2441 715 2457 ι
734 2432 817 2459 Stoici
835 2431 937 2460 naturae
948 2440 1016 2460 cou-

234 2473 387 2509 scqtienteil
397 2467 487 2508 vivere
507 2467 670 2509 lipemnesse
682 2472 885 2509 statuerunt.)
908 2467 938 2493 τὸ
954 2468 1018 2509 ἀκρ-

233 2500 336 2533 λοῦθως
356 2503 389 2536 τῇ
411 2501 490 2536 φύσει
504 2500 565 2534 ζῇν.
584 2501 659 2534 Quod
680 2501 783 2529 Graecis
801 2503 910 2530 totidetn
928 2504 1018 2530 verbis

234 2541 329 2574 narrat
343 2536 423 2572 262
441 2536 673 2574 Theodoretnsf’.
689 2539 724 2564 At
738 2537 832 2565 Cicero
852 2540 937 2574 magis
951 2546 1018 2566 euu-

233 2573 321 2599 cleate
336 2581 343 2599 :
360 2582 370 2597 ί
386 2577 464 2603 Sunt,
480 2572 567 2606 inquit
581 2572 613 2604 ⁵³,
629 2572 695 2599 lines
710 2572 1016 2602 bonorum.....‘Stoicis

233 2607 390 2634 consentire
412 2611 515 2633 natura!
528 2627 535 2639 ,
552 2609 625 2641 quod
648 2614 708 2633 esse
723 2608 815 2635 volunt
827 2616 842 2635 e
857 2609 956 2636 virtute
968 2629 975 2642 ,
989 2610 1015 2636 id

232 2648 284 2675 est,
298 2643 411 2670 honeste
425 2643 536 2669 vivere:
551 2643 623 2676 quod
640 2642 675 2671 ita
698 2643 1016 2678 interpretantur,vivere

233 2684 294 2706 cum
311 2677 488 2713 intelligentia
501 2684 595 2704 earum
615 2685 722 2710 rerum,
739 2686 799 2712 qua:
813 2683 909 2706 natura
923 2681 1015 2707 eveni-

267 2748 291 2765 "
309 2749 337 2776 in
357 2748 478 2781 Platonis
492 2749 558 2784 vita,

231 2792 257 2819 ῃ.
278 2785 341 2811 614.
379 2785 401 2800 ⁸¹
419 2785 520 2812 Strom.
535 2786 583 2812 lib.
597 2793 626 2819 ιι,

233 2820 280 2856 Ιώ.
292 2828 321 2854 ιι,
335 2827 361 2854 p.
377 2820 438 2856 M6.
465 2819 503 2856 7",
515 2820 592 2851 ibid.,
603 2828 631 2855 p.
644 2819 706 2853 404,
722 2826 748 2848 et
760 2822 806 2849 lib.
820 2830 846 2855 v,
860 2830 885 2856 p.
901 2823 962 2851 594.

1079 921 1234 954 lotionibus,
1249 927 1276 948 et
1293 921 1403 948 llecato.
1418 921 1495 954 Quod
1510 927 1602 948 autem
1618 922 1752 948 doeihilis
1773 923 1824 952 sit.
1839 932 1865 949 rt

1079 962 1113 992 eo
1126 960 1246 992 constat,
1257 957 1329 990 quod
1346 956 1408 983 boni
1423 964 1457 983 ex
1471 957 1550 983 malis
1566 957 1642 983 liant.
1659 956 1802 984 Panaetius
1816 967 1867 992 qui-

1078 991 1139 1017 dem
1157 990 1226 1018 duas
1244 991 1332 1025 posuit
1346 992 1478 1023 virtutes,
1495 992 1744 1026 contemplatiram
1764 999 1792 1020 et
1807 990 1865 1019 aut

1077 1033 1138 1051 vam
1152 1034 1159 1055 ς
1177 1026 1222 1052 alii
1235 1032 1301 1056 tres.
1319 1026 1489 1059 rationalem,
1502 1028 1657 1053 naturalem
1676 1032 1705 1053 et
1720 1029 1864 1059 moralem;

1078 1064 1197 1098 quatuor
1208 1061 1395 1095 Possidonius,
1408 1062 1500 1096 plures
1522 1061 1690 1094 Cleanthes,
1706 1063 1865 1098 Chrysippus

1078 1100 1104 1121 et
1121 1096 1272 1130 Antipater.
1295 1105 1305 1122 ι

1113 1131 1231 1158 Zenonis
1247 1139 1312 1158 vero
1328 1131 1480 1167 opinionem
1497 1131 1593 1159 Cicero
1609 1132 1705 1160 fusius
1723 1133 1865 1167 clariusque

1081 1166 1118 1203 i_ta
1140 1166 1265 1203 enucleat
1279 1167 1301 1183 °°
1317 1174 1325 1193 :
1340 1176 1349 1192 ‹
1365 1166 1437 1193 Zeno
1454 1167 1613 1194 nullomodo
1638 1168 1663 1194 is
1690 1174 1767 1200 erat,
1786 1171 1825 1203 qui
1842 1175 1865 1195 ut

1078 1201 1283 1235 Theophrastus
1295 1209 1394 1229 nervos
1411 1203 1519 1229 virtutis
1538 1203 1689 1233 inciderit;
1707 1205 1756 1230 sed
1773 1201 1864 1233 contra,

1077 1237 1122 1270 qui
1138 1237 1229 1263 omnia
1245 1245 1304 1270 quin
1318 1237 1350 1263 ad
1369 1238 1475 1263 beatam
1493 1238 1577 1264 vitam
1593 1239 1774 1271 pertinerent
1785 1240 1808 1266 in
1821 1248 1864 1265 nua

1077 1272 1176 1298 virtute
1190 1277 1312 1306 poneret,
1328 1279 1378 1299 nec
1397 1272 1545 1306 quidquam
1568 1273 1642 1299 aliud
1667 1281 1824 1301 numeraret
1844 1276 1864 1299 in

1077 1306 1166 1343 bonis,
1185 1307 1264 1341 idqtie
1278 1307 1427 1343 appellaret
1447 1307 1604 1340 honestum,
1620 1311 1699 1343 quod
1722 1315 1797 1336 esset
1809 1310 1865 1336 sim-

1077 1341 1137 1374 plex
1153 1341 1301 1375 quoddam,
1313 1341 1340 1369 et
1362 1342 1459 1372 solum.
1480 1348 1506 1369 et
1523 1351 1608 1369 unum
1630 1341 1758 1370 bonum.
1776 1345 1866 1372 Calen

1076 1383 1166 1403 auleni
1187 1377 1236 1404 etsi
1252 1384 1302 1404 nec
1324 1377 1404 1409 bona,
1421 1385 1471 1404 nec
1492 1378 1560 1404 mala
1582 1384 1694 1410 essent,
1716 1385 1806 1407 tamen
1823 1381 1867 1406 alia

1077 1412 1225 1439 secundum
1243 1417 1368 1439 naturam
1389 1413 1505 1443 dicebat,
1530 1414 1581 1440 alia
1603 1419 1719 1441 natura:
1735 1423 1797 1442 esse
1810 1423 1867 1442 con-

1077 1447 1178 1479 traria;
1195 1447 1228 1474 iis
1242 1447 1308 1482 ipsis
1320 1448 1370 1474 alia
1388 1448 1528 1482 interjecta
1546 1454 1573 1476 et
1589 1450 1686 1476 media
1704 1452 1866 1477 numerabat.

1076 1482 1140 1514 Quae
1156 1487 1245 1509 autem
1262 1483 1408 1509 secundum
1426 1489 1552 1509 naturam
1567 1489 1679 1516 essent,
1699 1492 1734 1512 ea
1749 1487 1867 1512 sumenda

1075 1524 1103 1543 et
1117 1519 1232 1552 quadam
1249 1518 1430 1545 arsthnatione
1451 1519 1588 1553 dignanda
1608 1521 1749 1548 dicebat:
1772 1527 1869 1548 contr:-

1075 1560 1128 1585 que
1139 1553 1295 1591 contraria;
1309 1557 1401 1591 neutra
1413 1557 1503 1591 autem
1513 1554 1538 1580 in
1549 1555 1648 1582 mediis
1668 1556 1848 1591 relinquebat.
1858 1566 1866 1581 ι

1075 1592 1127 1614 etc.
1164 1586 1267 1615 Videsis
1292 1588 1414 1614 eumdem
1440 1588 1599 1616 Ciceronem
1625 1591 1662 1617 de
1698 1586 1797 1618 Coll-8m
1823 1591 1867 1617 Ze~

1074 1630 1145 1649 none
1159 1623 1271 1657 aliisque
1283 1623 1354 1649 illius
1370 1624 1483 1650 asseclis
1501 1629 1528 1650 et
1541 1628 1762 1653 successoribus
1776 1628 1866 1653 ibidem

1074 1657 1188 1696 pag.
1198 1664 1225 1684 et
1240 1658 1372 1696 lib.ivpe
1381 1658 1488 1696 ﬁnibus,
1501 1667 1561 1694 pag.
1577 1660 1613 1687 86
1631 1666 1753 1696 etseqq.
1765 1670 1772 1694 ;
1785 1662 1829 1688 lib.
1843 1671 1867 1688 ιιι

1075 1693 1113 1731 {le
1128 1694 1279 1731 oﬂio.._pag.
1292 1692 1355 1731 589,
1370 1697 1396 1719 et
1408 1694 1455 1720 lib.
1473 1692 1670 1723 iv'AEademic.
1686 1692 1798 1731 qut-25L,
1811 1706 1867 1731 pag.

1073 1728 1119 1760 51,
1136 1729 1181 1755 ubi
1201 1728 1335 1765 Panaetius
1353 1734 1490 1765 evocatur
1508 1731 1637 1764 princeps
1655 1728 1746 1765 prope
1766 1728 1865 1760 Stoicu-

1074 1771 1143 1802 riun,
1162 1772 1177 1803 tl.
1188 1768 1219 1803 et
1231 1763 1342 1798 [ηις-54,
1359 1764 1505 1792 Cleanthes
1523 1773 1533 1790 ι
1551 1763 1633 1800 quasi
1649 1763 1792 1802 majorum
1808 1776 1868 1803 gen-

1074 1799 1140 1825 tium
1162 1799 1281 1825 Stoicus.
1299 1808 1308 1824 ι

1109 1833 1174 1872 Eam
1194 1833 1310 1872 rogasse
1327 1834 1362 1860 ob
1384 1841 1495 1861 causam
1516 1835 1552 1862 ita
1575 1835 1708 1863 Clemens
1727 1838 1867 1872 prosequi~

1074 1873 1117 1895 tur
1136 1868 1158 1883 ’ί
1174 1875 1181 1894 :
1196 1878 1205 1894 ι
1224 1867 1338 1901 Quidam
1364 1873 1453 1896 autem
1479 1877 1513 1896 ex
1539 1867 1747 1899 recentioribus
1774 1867 1867 1900 Stoico

1073 1905 1155 1944 tinem
1176 1911 1236 1930 esse
1260 1904 1444 1944 tradiderunt,
1459 1905 1491 1944 τὸ
1517 1904 1567 1941 ζῇν
1592 1906 1756 1939 ἀκολούθως
1771 1911 1804 1944 τῇ

1071 1937 1213 1974 ἀνθρώπου
1230 1940 1384 1974 κατασκευῇ
1393 1945 1400 1953 ⁸
1412 1948 1422 1964 ι
1440 1937 1760 1975 νινετε”εοιιεθ‹ιιιθηιεὲ·
1772 1937 1866 1971 consti-

1073 1975 1167 2000 tutioui
1197 1975 1324 2000 hominis.
1347 1983 1357 1999 ι
1380 1975 1459 2002 Prius
1488 1980 1578 2002 autem
1601 1977 1722 2005 vidimus
1745 1979 1816 2006 hanc
1835 1979 1865 2004 ab

1071 2010 1130 2048 ipso
1146 2014 1227 2048 atque
1240 2016 1262 2048 _a
1283 2009 1451 2048 Theodoreio
1472 2011 1573 2048 Stoicis
1596 2013 1731 2039 omnibus
1756 2022 1865 2048 gener:-

1073 2046 1119 2071 tim
1147 2044 1246 2071 ascribi
1270 2045 1445 2078 sententiain,
1468 2046 1548 2072 linem
1574 2054 1636 2073 esse
1660 2048 1692 2074 τὸ
1710 2044 1864 2079 rixata-309:;

1071 2079 1150 2114 φύσει
1170 2078 1230 2114 ζῆν.
1250 2079 1322 2118 Quid
1338 2085 1437 2118 autem
1450 2082 1533 2118 qlianc
1553 2081 1624 2108 inter
1644 2088 1674 2109 et
1693 2078 1863 2118 superiorem

1071 2117 1234 2154 sententiain
1250 2115 1357 2142 intersit
1372 2115 1549 2149 discriminis,
1567 2121 1703 2152 expende,
1720 2115 1830 2154 quaso,
1840 2124 1863 2145 et

1070 2156 1225 2184 pronuntia.

1104 2186 1215 2223 Interim
1241 2191 1311 2223 vero
1329 2190 1466 2223 auctorem
1479 2192 1621 2223 Jnostrum
1646 2195 1813 2223 sequamur.
1830 2189 1862 2216 lu

1071 2225 1161 2247 autem
1177 2221 1220 2246 ille
1238 2221 1325 2254 pergit
1337 2221 1360 2236 ⁹¹
1377 2229 1383 2247 :
1404 2229 1413 2246 ι
1435 2220 1504 2253 Quid
1528 2223 1575 2248 tibi
1593 2220 1753 2251 Aristonem
1773 2232 1863 2251 recen-

1072 2255 1164 2293 seam?
1179 2255 1203 2293 ls_
1218 2254 1298 2293 linem
1324 2256 1429 2293 dicebat
1447 2264 1506 2283 esse
1526 2257 1700 2293 ἀδιαφορίαν,
1718 2260 1748 2286 id
1770 2265 1813 2287 est
1826 2260 1861 2286 iu-

1072 2289 1267 2329 dill‘erentiam;
1285 2290 1544 2329 indilferensautem
1557 2289 1642 2329 plane
1666 2289 1804 2329 relinquit
1825 2296 1862 2320 iii—

1072 2326 1210 2352 dill'erens.
1231 2326 1283 2353 Aut
1301 2333 1332 2352 ea
1348 2334 1406 2360 quae
1422 2327 1456 2353 ab
1479 2326 1581 2355 Herillo
1602 2326 1793 2361 dicuntum-in
1810 2338 1861 2356 me-

1071 2362 1145 2398 dium
1169 2361 1377 2398 add_ucam?_Ex
1392 2363 1505 2389 scientia
1528 2364 1620 2390 vivere
1644 2366 1722 2398 ponit
1748 2366 1861 2392 llerillus

1071 2395 1162 2434 linem.
1181 2405 1193 2434 ρ
1211 2395 1454 2434 EadeinULaertius
1476 2399 1509 2424 de
1534 2395 1651 2434 utroque
1670 2400 1757 2434 paulo
1779 2400 1860 2433 expli-

1071 2433 1159 2459 catius
1180 2431 1300 2470 loquit_u_r
1311 2432 1353 2458 "z
1372 2433 1510 2470 (“Ariston
1537 2431 1622 2460 Chius
1646 2431 1858 2470 Plialaiitusque,

1070 2472 1248 2502 cognomento
1261 2467 1351 2500 Siren,
1369 2467 1449 2494 linem
1465 2475 1525 2494 esse
1536 2470 1604 2495 dixit
1617 2471 1650 2496 ad
1669 2470 1778 2502 aliquid
1796 2467 1859 2497 inter

1071 2503 1195 2528 virtutem
1223 2506 1249 2528 et
1274 2502 1366 2528 vitium
1390 2502 1576 2530 indilferenter
1599 2512 1629 2530 se
1650 2506 1802 2533 habentem
1824 2506 1859 2530 vi-

1072 2544 1143 2569 vere,
1159 2537 1260 2564 nullain
1279 2538 1427 2571 quamlibet
1448 2538 1582 2565 modicam
1598 2541 1765 2568 varietatem
1783 2542 1858 2568 relin-

1069 2573 1188 2606 quendo,
1205 2572 1251 2598 sed
1273 2579 1302 2599 5e
1324 2573 1462 2606 aequaliter
1483 2574 1509 2600 in
1536 2576 1665 2602 omnibus
1690 2576 1830 2603 habendo.
1846 2584 1855 2600 ι

1069 2610 1166 2644 Postea
1192 2615 1256 2634 vero
1271 2608 1321 2644 'f:
1346 2617 1355 2633 ι
1379 2608 1495 2635 llerillus
1526 2609 1755 2644 Carthaginiensis
1782 2612 1856 2638 tinem

1069 2642 1212 2680 scientiam
1237 2643 1316 2680 dixit,
1343 2644 1414 2678 quod
1436 2648 1478 2671 est
1501 2651 1610 2680 semper
1630 2642 1743 2680 Vivere,
1765 2650 1856 2674 cuncta

1071 2678 1214 2706 referendo
1226 2679 1259 2705 ad
1276 2679 1416 2706 vivendum
1428 2686 1489 2706 cum
1506 2679 1632 2712 scientia,
1648 2688 1686 2708 ne
1705 2678 1855 2716 ignorantia

576 2749 647 2785 §20.
684 2750 761 2789 "fige
776 2751 843 2789 falsa
854 2753 982 2789 sapient.,
996 2762 1022 2781 ea

1077 2755 1112 2782 l5.
1150 2753 1173 2789 ⁸9
1190 2753 1208 2780 Ι.
1223 2761 1249 2789 ιιι
1264 2752 1302 2789 De
1321 2751 1406 2786 ofﬁc.,
1419 2760 1480 2788 pag.
1505 2752 1569 2780 401.
1606 2754 1629 2769 ³⁸
1640 2752 1749 2781 Strom.
1763 2754 1810 2780 lib.
1823 2760 1854 2785 τι,

649 2793 676 2824 ρε
688 2787 813 2824 ﬁlim"
828 2788 875 2814 lib.
886 2787 907 2815 ii
935 2788 971 2816 De
985 2790 1021 2816 lin

1077 2798 1147 2824 pag.,
1160 2788 1222 2824 66η-
1241 2788 1264 2805 ⁸⁵
1278 2788 1380 2815 Strom.
1407 2787 1464 2815 lib.’
1481 2795 1497 2814 ν
1509 2808 1518 2819 ,

1000 2825 1022 2840 ⁸⁷
1037 2822 1167 2852 Οεῖὶνξηυ.
1184 2822 1276 2851 all'ect.
1293 2831 1363 2856 cur.,
1381 2831 1463 2851 serm.
1480 2823 1523 2856 11,

1538 2797 1598 2824 pag.
1620 2789 1684 2816 6M.
1723 2789 1748 2804 ³³
1758 2790 1853 2816 Strom.

1542 2823 1648 2858 p.647.
1683 2823 1707 2840 δ’
1723 2824 1773 2852 lib.
1787 2832 1804 2851 ιι
1822 2824 1854 2850 υς

235 2855 327 2897 Qui)...
338 2863 364 2890 p.
380 2855 447 2897 i7.”
462 2855 484 2872 ⁸⁹
497 2855 515 2884 l.
536 2857 614 2897 vuln
633 2858 684 2897 vita
702 2855 883 2897 Zenonu§_$"l
894 2863 920 2886 et
934 2867 992 2897 seq.
1017 2860 1046 2897 ἐξ
1059 2861 1145 2897 lib.__n
1161 2859 1244 2897 dead.
1257 2855 1369 2897 quaestu
1385 2866 1410 2895 p.
1424 2859 1451 2886 8.
1489 2859 1511 2877 ⁹¹
1527 2855 1630 2889 Strom.
1648 2860 1697 2888 lib.
1715 2867 1747 2893 ti,
1758 2868 1785 2897 p.
1796 2860 1854 2887 “ti.

238 2889 260 2908 ⁸³
273 2890 338 2919 ibid.
380 2891 402 2908 "
419 2890 466 2922 lib.
480 2899 516 2920 vn
539 2891 566 2918 in
582 2891 639 2920 Vita
658 2892 773 2926 Zenon.,
798 2889 893 2928 §'160.
909 2929 913 2932 .
934 2894 958 2910 “
971 2889 997 2923 in
1017 2895 1022 2905 ‘

1077 2917 1079 2923 ι
1103 2895 1205 2929 llerilli,
1221 2893 1236 2930 ς
1253 2889 1314 2921 1'65.
