1916 3071
220 153 290 181 1505

556 153 589 180 ΙΝ
606 152 815 181 CLEMENTEM
835 152 937 180 ALEX.
958 153 988 181 D.
1009 153 1051 180 LE
1070 153 1214 181 NOURRY
1232 153 1460 182 DISSEBTATIO
1480 154 1511 180 ll.

1784 154 1846 181 l30l

218 213 253 240 10
281 212 410 248 Quamvis
426 217 514 238 autem
537 213 588 238 duo
606 212 705 239 fuerint
728 213 886 247 scriptores,
900 218 1004 239 eertum
1021 215 1042 242 Λ
1058 221 1123 240 coro
1147 213 1180 240 de
1209 213 1410 248 antiquioribus
1437 213 1495 240 haec
1514 212 1625 246 scripsit
1653 212 1681 238 in
1706 213 1788 240 verba
1806 213 1844 241 "z

218 254 308 274 tamen
324 253 364 274 est
380 247 579 274 Theodori-tnui
602 249 624 263 ²²
644 249 758 275 llceatmi
782 248 932 282 philosophi
949 255 1006 274 me-

217 284 340 315 minisse,
354 283 410 315 qui,
423 284 460 308 uti
472 283 595 310 Clemens
611 289 704 309 noster
716 284 809 310 scribit
821 284 855 316 ”,
870 291 1004 310 sonituum

217 318 328 355 bonum,
349 318 398 354 τὴν
415 318 590 355 αὐτάρκειαν,
611 327 620 344 t
639 318 836 351 sulIlcientiaiu,
854 329 863 344 ι
884 326 945 345 esse
961 327 1006 346 at-

216 354 380 380 hitrahatur.

253 389 344 416 Eidem
366 389 589 422 pliil0sophorum
613 388 720 415 familia-
745 394 771 415 et
794 388 873 415 classi
897 389 930 415 ali
953 396 1004 415 au-

214 429 291 450 ctore
312 429 405 450 nostro
429 425 604 451 ascribiinlur
620 432 628 450 :
649 424 836 456 Ἀπολλόδοτος
852 425 867 450 ὁ
880 424 1003 459 Κυζικη-

214 460 268 491 voc,
284 460 332 492 τὴν
349 459 539 495 ψυχαγωγίαν,
557 459 682 495 καθάπερ
703 460 878 495 Ναυσιφάνης
891 460 940 495 τὴν
955 468 1004 486 κα-

212 484 347 531 ῖάὲξ).ῂξιν
357 484 362 509 ῖ
377 484 483 531 ίέξίύὶήῦ
490 484 562 531 ἇόἱέ
569 484 627 529 '5'...
644 484 710 522 die,
721 484 757 530 Ᾰῆ
762 484 891 530 μὸὶᾡίέἇυ
899 484 903 485 ⁷
912 484 1004 531 ἐῶάῇ-

213 504 362 528 ταπιιηςιν·
382 504 483 529 ταυτην
500 504 536 529 γα
571 504 621 529 εφη
644 504 696 522 om
721 504 891 530 Δημοκριτου
913 504 1000 531 αυαμ-

213 529 275 565 ϐίην
293 530 428 564 λέγεσθαι.
448 531 524 563 Quod
539 504 652 557 {minus
666 532 800 564 interpres
814 532 853 557 sic
867 531 1000 559 reddidit:

215 576 225 590 ι
255 566 431 599 Apollodotus
468 567 619 600 (Jyziceuus
654 566 735 592 animi
774 565 1001 600 delectationem,

212 601 439 631 quemadmodum
462 600 649 635 Nausiphanes
669 601 876 628 admirationem
897 602 938 628 vel
954 603 1003 628 oh-

212 636 450 668 stupi-faction-‘iu.
476 635 539 662 Eam
564 636 635 662 cnim
656 636 721 662 dicit
740 643 754 662 a
784 636 937 663 Democrito
956 644 1003 663 vo-

211 671 268 696 cari
296 670 442 705 ὰθαμόἱην.
467 681 475 696 i
497 670 591 698 Obiter
610 671 811 697 animadvertas
831 672 912 698 velim
935 679 1002 706 quo-

212 706 292 732 tiiodo
309 707 432 740 quaedam
447 706 539 734 Crit-ca
557 706 705 734 Clementis
722 706 801 732 verba
819 707 845 733 in
862 707 1001 741 ambiguo,

210 740 262 766 alia
282 741 393 769 minime
417 742 442 768 in
468 741 593 768 Latinum
616 748 707 773 versa,
731 742 764 767 ab
786 741 830 768 illo
854 740 1002 775 interprete

211 775 308 803 Latino
323 777 366 804 hic
383 782 463 810 atque
477 777 559 812 etiam
578 776 718 812 alibiinon
744 776 825 812 semel
844 777 1000 812 relinquan-

211 815 264 847 tur.
277 813 310 838 At
323 813 344 838 si
359 820 409 839 vox
424 811 557 847 ἀθαμϐίη.
580 813 618 838 uti
643 811 744 847 Suidas
766 811 894 839 observat
915 817 942 839 et
967 821 1000 840 ex

209 846 271 874 aliis
298 846 606 880 scriptoribus-probari
633 846 709 873 facile
736 851 846 881 posset,
871 848 940 874 idem
965 849 1001 874 sit

208 886 291 916 atque
306 883 418 916 ἄφοϐος,
436 883 586 916 impavidus
612 889 644 908 ac
662 882 780 916 stuporis
797 887 824 908 et
841 883 1001 917 obstupefa—

209 917 308 945 ctionis
322 926 434 951 expers:
450 918 512 945 inde
536 918 580 944 hic
592 917 652 944 elici
671 917 768 951 poterit
785 917 934 945 Clementis
952 926 1000 946 n0-

208 952 258 978 stri
275 960 393 980 sensus:
411 952 601 987 Nausiphanes
625 952 720 979 docuit
745 960 880 979 summum
899 953 998 980 bonum

208 994 268 1014 csse
286 989 508 1020 admirationem,
524 989 570 1016 sad
594 995 653 1022 quae
666 988 784 1022 stuporis
799 993 825 1014 et
839 988 998 1022 obstupefa-

207 1023 310 1050 ctionis
327 1030 426 1057 expers
440 1023 476 1049 sit
488 1029 514 1050 et
529 1031 628 1050 vacua.

243 1057 330 1086 Porro
347 1064 435 1086 autem
457 1058 489 1086 iis
505 1059 617 1085 minime
634 1057 845 1092 refragabimur,
861 1057 906 1091 qui
921 1059 999 1091 Apol-

207 1092 329 1120 lodotuin
347 1102 406 1120 eum
424 1101 484 1120 esse
500 1094 684 1127 probaverim,
700 1093 745 1128 qui
761 1101 774 1119 a
789 1092 896 1120 Laertio
915 1094 998 1127 Apol-

208 1128 318 1165 lodorus
341 1133 367 1156 et
395 1129 604 1165 llortityrauuiis
628 1129 837 1165 cognominatus
851 1129 996 1165 ,rEpieuri

206 1163 358 1198 discipulus
378 1163 611 1191 diciturIVidesis
636 1165 761 1192 eumdem
787 1163 924 1190 Laeriiiun
947 1165 995 1192 lib.

206 1206 222 1225 ι
237 1198 262 1225 in
278 1200 330 1236 vita
347 1200 464 1236 Epicuri,
482 1200 496 1236 §
514 1199 569 1231 25;
591 1199 770 1236 Casseudunr
786 1199 831 1236 liii.
848 1207 879 1236 ii_
891 1199 929 1226 De
944 1200 996 1236 rita

203 1239 229 1261 ct
244 1235 358 1270 "toribus
373 1234 494 1269 Epicuri;
512 1243 573 1269 cap.
591 1235 617 1266 6,
635 1243 695 1270 pag.
720 1235 786 1265 187;
805 1234 929 1270 Vossiniu
946 1235 993 1262 lih.

204 1277 232 1296 Iv
252 1269 291 1296 De
313 1271 376 1297 hi'st.
392 1268 489 1301 Gram.
503 1268 563 1305 cap.
582 1268 712 1305 Suppag.
729 1269 793 1301 466,
817 1277 849 1296 ac
872 1268 993 1296 Jonsiuin

205 1305 251 1331 lib.
267 1313 286 1331 ti
303 1305 340 1331 De
351 1308 440 1341 script.
458 1307 519 1333 liist.
532 1306 694 1340 philosopli.,
714 1310 767 1341 etc.
794 1305 994 1341 Nausiphanem

203 1345 295 1367 autem
310 1348 390 1376 supra
403 1339 581 1368 ostendimus
608 1341 692 1368 fuisse
715 1339 821 1374 Epicuri
846 1345 995 1374 praecepto-

205 1383 272 1407 rem,
285 1383 364 1410 quem
384 1383 472 1404 tamen
494 1377 528 1403 ab
546 1377 591 1403 illo
610 1377 735 1403 omnibus
756 1376 931 1403 contumeliis
951 1383 996 1402 ve-

203 1415 295 1437 xatum
312 1410 396 1439 fuisse
411 1412 506 1439 Cicero
523 1416 637 1439 testatus
647 1416 688 1438 est
700 1411 734 1438 ’⁸.

239 1445 316 1474 Hunc
337 1447 407 1481 apud
431 1447 597 1474 Clementem
623 1452 744 1473 nostrum
757 1445 779 1461 ⁸⁵
789 1445 890 1480 excipit
910 1444 994 1472 Dioti-

202 1489 273 1513 inus,
300 1482 346 1515 qui
368 1483 493 1509 ultimum
518 1482 598 1508 finem
621 1488 681 1508 esse
703 1481 843 1508 constituit
859 1490 868 1506 ι
886 1481 994 1507 absolu-

204 1521 271 1548 tam,
289 1527 297 1543 i
313 1522 341 1543 ιιι
354 1518 465 1551 ipsemet
483 1517 607 1544 Clemens
620 1516 750 1551 loquitur,
766 1525 775 1541 ι
791 1517 922 1551 honorum
936 1523 993 1549 per-

1061 257 1070 273 t
1093 249 1208 276 lloncste
1232 250 1321 276 vivere
1346 249 1478 275 fruentem
1496 248 1577 275 rebus
1592 248 1640 279 iis,
1658 255 1730 281 quas
1751 249 1845 281 primas

1057 283 1159 310 homini
1184 289 1278 310 natura
1294 284 1427 314 conciliet,
1443 289 1469 309 et
1483 289 1559 310 vetns
1571 283 1721 310 Academia
1736 286 1844 317 censuit,

1057 323 1086 345 ιιι
1097 319 1216 345 indicant
1232 320 1334 352 scripta
1347 318 1600 352 Polciuouis.quein
1617 318 1777 344 Antiochus
1794 328 1846 352 pro-

1056 353 1101 380 hat
1131 355 1259 386 maxime,
1282 359 1309 381 et
1333 354 1511 385 Aristotcles;
1540 355 1655 389 ejusque
1678 354 1765 380 amici
1781 363 1845 382 nunc

1055 389 1178 422 proxime
1191 389 1319 416 videnlur
1333 389 1473 416 accedere.
1492 399 1501 414 i

1094 423 1286 451 Verumtamen
1303 428 1430 451 testatum
1450 424 1575 451 Cit-meus
1591 424 1659 452 facit
1678 425 1817 458 duplicem
1831 434 1843 452 ι

1055 458 1170 496 Platone
1192 459 1399 496 Academiarum
1422 459 1544 496 principe
1566 462 1704 496 assignari
1729 461 1845 488 hominis

1055 493 1135 521 linem
1148 494 1188 522 “z
1212 504 1221 520 t
1236 494 1324 521 Unum
1341 495 1449 529 quidem
1466 493 1636 526 (Clementis
1651 497 1742 523 nostri
1768 497 1844 523 verba

1054 530 1176 564 situt),id
1200 531 1271 564 quod
1286 535 1327 556 est
1343 530 1540 563 participabile.
1557 536 1584 557 et
1600 532 1724 564 primum
1740 531 1767 557 in
1786 531 1845 565 ipsis

1054 565 1160 598 formis,
1175 565 1246 598 quod
1262 565 1369 599 quidem
1387 565 1509 591 nominat
1524 566 1636 593 bonum.
1652 567 1784 593 Alterum
1803 575 1846 592 au-

1054 604 1118 635 tem,
1129 600 1153 626 id
1170 601 1241 633 quod
1255 605 1297 627 est
1312 600 1385 626 illius
1399 600 1547 633 particeps,
1566 606 1594 628 et
1606 609 1668 635 qua:
1683 603 1720 628 ali
1735 609 1770 628 eo
1786 609 1845 634 pro-

1054 634 1203 667 ﬁciscitur,
1220 635 1318 668 accipit
1338 635 1557 667 similitudinem;
1581 634 1654 670 quod
1673 638 1791 670 quidem
1807 642 1845 663 est

1055 670 1080 696 in
1100 670 1268 702 hominibus,
1284 671 1329 704 qui
1345 671 1472 697 virtutem
1487 675 1513 696 et
1532 679 1625 697 veram
1641 672 1844 705 philosophiam

1052 706 1103 732 sibi
1122 706 1270 732 vindicant.
1286 715 1294 730 i
1313 706 1345 732 Et
1370 706 1428 732 lizee
1441 707 1549 740 quidem
1571 714 1585 732 a
1605 707 1724 733 Platone
1747 707 1842 733 tradita

1052 745 1115 767 sunt
1131 746 1196 768 tom.
1224 741 1253 770 il,
1273 741 1318 767 lib.
1345 749 1371 768 iv
1390 741 1427 767 De
1451 743 1541 775 legib..
1565 750 1628 776 pag.
1656 743 1720 770 716.
1740 743 1843 769 Similia

1053 781 1141 802 autem
1160 776 1205 803 ille
1222 776 1303 803 habet
1321 777 1348 803 in
1363 777 1447 803 citato
1463 782 1554 809 postea
1576 785 1590 804 a
1612 777 1759 804 Clemente
1774 777 1844 804 illius

1053 809 1194 844 Their-leta,
1222 816 1287 837 tom.
1314 812 1346 844 ll,
1373 819 1431 845 pag.
1450 812 1512 839 176.
1540 812 1608 839 llinc
1633 821 1704 839 sane
1728 818 1758 839 et
1783 813 1843 846 jure

1052 847 1160 882 quidem
1175 847 1271 873 merito
1284 847 1470 874 Theodoretus
1484 857 1489 874 :
1511 858 1519 872 I
1530 847 1617 878 Plato,
1634 848 1724 882 inquit
1737 847 1773 878 ³⁸,
1787 849 1844 874 Ari-

1018 890 1038 917 Β
1053 881 1139 917 stouis
1156 882 1308 909 lilius.......
1326 883 1458 909 bonorum
1474 883 1554 909 linem
1569 883 1668 910 statuit
1691 883 1759 912 Deo,
1776 891 1844 917 quo-

1053 916 1085 942 ad
1103 924 1268 950 possumus,
1289 917 1394 944 siiniles
1416 918 1484 944 fieri.
1503 927 1512 944 ι
1541 918 1674 945 Eusebius
1699 918 1722 933 ³³
1751 916 1840 946 tamen

1052 952 1132 987 linem
1160 952 1279 979 hominis
1302 960 1316 978 a
1342 951 1455 979 Platone
1474 953 1499 980 in
1522 954 1580 987 ipsa
1598 954 1703 980 virtute
1721 955 1840 986 pesitum

1050 985 1177 1022 allirmat.
1197 986 1249 1014 Sed
1273 987 1298 1014 id
1314 995 1422 1021 quoque
1436 985 1560 1015 Clemens
1576 989 1687 1015 videtur
1699 985 1750 1022 pro
1766 995 1840 1015 certo

1050 1021 1143 1055 utique
1154 1022 1284 1056 posuisse.
1299 1023 1331 1049 Et
1347 1030 1411 1049 vero
1421 1024 1495 1057 quis,
1509 1024 1558 1050 iiisi
1574 1024 1676 1050 virtute
1692 1021 1839 1058 pneditus,

1049 1058 1149 1092 poterit
1163 1066 1280 1092 umquam
1299 1058 1343 1084 Dei
1358 1058 1482 1091 accipere
1496 1059 1706 1085 similitudinem
1719 1059 1731 1085 ?

1084 1091 1139 1119 Nec
1152 1091 1268 1119 obscure
1281 1094 1389 1128 quidem
1407 1093 1532 1121 Clemens
1547 1095 1646 1120 ibidem
1662 1095 1802 1128 signiﬁcat
1816 1096 1838 1111 “

1049 1126 1187 1154 Platonem
1209 1126 1302 1154 istlizec
1321 1129 1444 1155 hausisse
1464 1137 1478 1155 a
1497 1130 1628 1161 magistro
1644 1126 1837 1162 sroSoerate,

1048 1163 1105 1195 qui,
1125 1169 1153 1189 ut
1169 1168 1264 1190 auctor
1279 1164 1356 1190 nobis
1372 1169 1413 1190 est
1426 1165 1582 1196 Cleanthes,
1599 1165 1717 1191 docebat
1734 1175 1745 1190 ι
1762 1174 1839 1192 eum-

1048 1198 1184 1234 deinresse
1205 1199 1406 1234 viriiinjustum
1429 1203 1456 1226 et
1479 1200 1604 1231 beatum;
1624 1207 1743 1234 eumque
1758 1209 1838 1227 exse-

1047 1233 1142 1270 crari_,
1164 1233 1209 1267 qui
1224 1233 1336 1270 primus
1353 1234 1445 1261 divisit
1466 1234 1575 1270 justum
1591 1235 1625 1261 ab
1641 1233 1716 1265 utili;
1737 1241 1768 1262 ut
1791 1237 1837 1270 qni

1047 1275 1103 1293 rem
1115 1268 1211 1295 fecerit
1224 1269 1344 1302 impiam.
1359 1278 1368 1294 ι
1385 1269 1461 1301 Quod
1474 1275 1547 1296 certe
1559 1269 1699 1297 Ciceronis
1711 1268 1838 1298 Theodo-

1047 1303 1153 1337 retique
1166 1304 1322 1330 testimonio
1338 1305 1487 1331 luculenter
1499 1306 1649 1331 asseritur:
1668 1313 1678 1329 ε
1690 1305 1834 1333 Socrates:

1046 1338 1117 1364 enim
1130 1339 1247 1374 ,rillqllll
1266 1339 1369 1366 Tullius
1388 1340 1410 1355 ³⁷
1422 1360 1429 1371 ,
1449 1349 1459 1365 t
1470 1341 1607 1367 exsecrari
1629 1348 1691 1366 eum
1708 1342 1836 1372 solebat,

1045 1373 1092 1411 qui
1111 1373 1213 1411 primus
1230 1374 1375 1411 utilitatem
1392 1383 1406 1402 a
1420 1381 1517 1402 natura
1531 1382 1578 1401 sua
1594 1375 1660 1410 (seu
1675 1377 1836 1411 honestate)

1046 1407 1232 1441 sejuuxisset;
1248 1410 1273 1436 id
1289 1411 1361 1445 enim
1379 1411 1542 1444 querebatur
1558 1407 1641 1445 caput
1655 1418 1717 1437 esse
1731 1407 1838 1437 exitio?

1046 1451 1104 1468 rum
1129 1445 1259 1471 omnium.
1276 1454 1286 1470 ι
1307 1444 1493 1472 Theodoretus
1518 1444 1648 1473 vero“:
1680 1455 1690 1471 ‹
1712 1446 1837 1474 Platoni:

1045 1484 1154 1515 quoque
1170 1485 1321 1515 prreceptor
1337 1480 1476 1512 Socrates,
1495 1480 1567 1506 ﬁlius
1584 1480 1760 1515 Sopliroiiici,
1780 1490 1835 1508 non

1045 1513 1147 1550 divitiis
1163 1513 1334 1548 aﬂluenieui,
1359 1523 1447 1550 neque
1463 1517 1583 1542 secundo
1602 1513 1683 1542 vetito
1698 1522 1835 1547 utentem.

201 1548 534 1589 fecliouem[quamdicit
555 1548 687 1589 appella—ri
705 1550 818 1589 adstruit,
838 1561 847 1576 ι
861 1548 990 1589 queniail-
1005 1560 1027 1589 ρ
1044 1548 1210 1589 ξθιΙᾸιιειίιίθ
1230 1548 1408 1589 exornatum;
1421 1551 1651 1589 felieein__s_ulebat
1672 1553 1834 1589 appellare;

202 1587 322 1619 inodum,
348 1585 389 1614 nti
411 1588 539 1619 vidimus,
560 1587 731 1613 Democritus
751 1585 876 1613 dixerat.’
893 1585 991 1612 Narrat

200 1629 266 1648 vero
277 1621 402 1650 Laertius
415 1622 437 1637 “
452 1621 597 1649 Diotimum
615 1622 696 1649 fuisse
714 1622 834 1649 Stoicum
849 1626 876 1648 et
893 1621 992 1648 infesto

201 1657 293 1684 animo
306 1659 437 1684 adversus
457 1657 613 1690 Epicurum,
630 1665 708 1690 quem
725 1657 859 1683 acerrime
874 1657 992 1683 insecta-

201 1697 246 1718 tus
260 1697 313 1719 est.
339 1693 373 1719 At
397 1693 441 1719 ille
462 1698 556 1725 postea
583 1692 708 1718 allieismi
734 1697 888 1722 accusatus,
904 1693 992 1724 capite

200 1733 296 1760 pceuas
310 1727 368 1758 luit.
386 1727 407 1754 si
423 1727 575 1754 adhibenda
601 1727 636 1754 sit
660 1728 726 1753 lides
749 1727 895 1758 Demetrio,
911 1734 989 1760 quem

199 1762 347 1789 Athenaeus
360 1763 417 1790 hzec
428 1762 493 1789 citat
506 1763 533 1788 in
548 1763 628 1789 verba
639 1762 661 1777 "
670 1770 691 1787 ει
700 1762 830 1797 Θεότιμος
841 1761 910 1795 (lege
929 1760 988 1787 Διό-

199 1796 300 1831 τιμος),
322 1797 369 1831 qui
398 1797 482 1824 libros
495 1796 820 1832 aliquotscripsitcoutra
832 1797 987 1831 Epicurum,

200 1832 234 1857 ab
249 1832 380 1866 Epicureo
393 1833 501 1859 Zenone
513 1837 657 1859 accusatus
670 1831 918 1866 (atheismi),capite
932 1838 988 1866 pce-

199 1867 315 1902 nasluit.
328 1873 356 1894 ιιι
366 1868 402 1894 ait
415 1868 567 1895 Demetrius
581 1868 730 1902 Maguesius
741 1868 766 1894 in
784 1866 964 1901 Homonymis.
976 1875 985 1892 ι

235 1901 263 1928 lu
292 1904 416 1929 eumdem
446 1910 528 1937 porro
553 1901 775 1937 philosophorum
805 1910 945 1928 numerum
972 1910 986 1928 ιι

198 1937 337 1973 Clemente
354 1936 470 1965 refertur
493 1936 678 1969 Antisthenes,
697 1937 742 1973 qui
766 1937 889 1964 ultimum
911 1936 986 1973 illum

200 1972 279 2008 linem
294 1973 409 2000 docebat
425 1981 484 2000 esse
507 1973 556 2008 τὴν
572 1973 700 2008 ἀτυφίαν,
715 1980 769 2007 quo
792 1973 874 2000 etiam
900 1972 986 1999 verbo

199 2007 386 2035 Tlieodoretus
402 2016 467 2035 usus
480 2014 522 2035 est
535 2007 567 2034 “.
584 2009 636 2035 Sed
655 2009 727 2036 illius
742 2008 840 2043 prioris
855 2007 986 2041 interpres

200 2051 210 2068 ι
227 2043 312 2070 fastus
326 2045 501 2075 vacuitatem,
519 2053 527 2069 ι
544 2044 704 2078 posterioris
717 2042 780 2070 vero
796 2053 806 2069 ι
825 2042 985 2070 modestiam

198 2078 282 2104 animi
302 2088 311 2104 ι
328 2079 424 2105 Latine
441 2079 569 2106 reddidit.
587 2078 712 2105 Laertius
731 2086 796 2105 vero
822 2078 855 2105 al)
874 2086 906 2104 eo
924 2085 989 2111 piu-

198 2114 354 2150 nuntiatum
377 2114 533 2148 perhibet"
548 2114 599 2150 τήν
624 2123 654 2140 τε
676 2113 783 2147 ἀδοξίαν
810 2110 987 2147 ἀγαθδνξκυὶ

198 2148 255 2174 ἴσον
269 2149 308 2184 τῷ
323 2149 406 2184 πόνῳ,
423 2157 433 2174 t
450 2150 542 2182 gloriae
560 2148 738 2183 privationem
765 2151 862 2175 bouutn
877 2156 937 2175 esse
959 2152 986 2174 et

199 2183 437 2211 labori'similem.
455 2193 464 2209 ι
481 2185 503 2211 Α
527 2184 604 2211 nobis
631 2189 721 2211 autem
743 2184 818 2219 plura
839 2185 872 2211 de
890 2183 983 2210 eodem

195 2219 215 2245 A
222 2220 358 2245 ntisthcne
369 2220 424 2253 jam
440 2220 582 2246 observata
599 2225 672 2246 sunt.

231 2253 300 2287 Quid
313 2260 404 2281 autem
417 2255 510 2281 eodvm
530 2255 562 2282 de
582 2259 742 2290 argumento
763 2253 917 2290 Academici
941 2261 983 2290 re-

196 2289 332 2316 centiores
348 2290 503 2320 statuerint.
521 2290 562 2316 his
575 2289 699 2317 Clemens
719 2291 808 2316 verbis
820 2289 927 2315 edocuit
941 2289 963 2304 "°
977 2297 983 2315 :

198 2334 207 2349 ι
226 2324 261 2350 Ex
279 2324 423 2351 Academia
448 2325 614 2352 recentiores
639 2325 732 2351 volunt
757 2323 878 2351 nonnulli
904 2324 983 2350 liuent

196 2359 304 2385 tradere
322 2360 425 2386 firmam
444 2368 475 2386 ac
492 2361 615 2387 stabilem
632 2368 646 2387 a
664 2360 728 2386 visis
750 2359 952 2386 abstinentiam.
972 2369 981 2385 ι

195 2394 283 2420 Simili
305 2394 383 2427 plane
398 2396 476 2421 modo
491 2404 505 2421 a
523 2396 654 2422 Cicerone
676 2395 774 2422 litteris
795 2394 982 2428 consignatum

195 2429 312 2463 legimus
324 2429 345 2444 ³ι
359 2438 366 2455 :
384 2438 392 2454 ι
405 2430 519 2463 Quidam
532 2431 686 2457 Academici
700 2430 874 2457 constituisse
887 2429 982 2455 dicun-

195 2470 240 2490 tur
261 2469 413 2500 extremum
431 2465 512 2500 264
532 2466 664 2492 bonorum
681 2471 708 2492 et
726 2472 860 2492 summum
884 2472 981 2500 munus

193 2506 254 2526 esse
267 2499 408 2533 sapientis,
417 2499 550 2527 obsistere
559 2501 624 2528 visis
637 2507 816 2534 asseususque
826 2507 890 2526 suos
902 2499 980 2525 firme

194 2536 370 2571 sustinere._)
393 2534 448 2561 Hos
473 2540 580 2568 autem,
604 2536 635 2563 ὲκ
655 2536 706 2571 τῆς
725 2534 891 2570 Ἀκαδημίας
915 2542 982 2571 vein.

193 2569 298 2605 τέρους,
311 2577 321 2594 t
336 2569 513 2597 Academicos
526 2569 702 2603 recentiores,
721 2580 730 2596 ι
748 2576 776 2597 υῑ
789 2569 914 2597 Clemens
929 2570 979 2600 ait,

192 2604 280 2632 fuisse
295 2605 358 2632 inde
372 2605 494 2640 colligas,
509 2607 582 2641 quod
600 2607 653 2633 alio
669 2606 696 2633 in
720 2606 790 2633 libro
809 2606 923 2640 ipsetuet
935 2605 980 2632 Ci-

1043 1585 1195 1619 luipiosque
1220 1587 1335 1613 vocabat
1359 1593 1405 1612 eos
1430 1587 1475 1620 qui
1504 1587 1648 1613 utilitatem
1678 1595 1692 1612 a
1723 1587 1835 1619 justiti:

1042 1620 1227 1658 sejungereiit.
1245 1620 1337 1648 Solum
1356 1622 1429 1648 enim
1453 1621 1520 1648 utile
1540 1622 1592 1649 hoc
1611 1623 1741 1655 ducebat,
1762 1624 1836 1657 quod

1037 1659 1153 1687 justum.
1164 1664 1174 1681 ι

1077 1690 1240 1726 Praeclarum
1266 1698 1346 1724 porro
1374 1691 1440 1718 illud
1468 1691 1591 1719 Platonis
1612 1692 1811 1719 documentum
1827 1714 1833 1726 ,

1040 1724 1149 1762 aliaque
1170 1725 1289 1759 ejusdem
1307 1727 1458 1761 philosophi
1481 1727 1577 1761 placita
1589 1747 1597 1757 ,
1612 1735 1627 1753 a
1646 1727 1752 1755 Stoicis
1767 1724 1833 1762 pro;

1039 1760 1103 1786 bata
1123 1766 1150 1787 et
1170 1767 1338 1796 propugnata
1356 1760 1438 1789 fuisse
1453 1760 1495 1788 sic
1510 1763 1636 1789 Clemens
1652 1760 1779 1789 ostendit
1792 1765 1832 1790 ":

1042 1803 1052 1820 ‹
1065 1796 1210 1830 Antipater
1224 1795 1334 1832 Stoicus
1349 1797 1434 1824 tribus
1448 1805 1517 1831 quos
1529 1798 1638 1831 scripsit
1654 1798 1746 1829 libris,
1760 1802 1832 1832 quod

1038 1837 1071 1857 ex
1089 1832 1224 1858 sententia
1243 1831 1363 1859 Platonis
1386 1832 1472 1859 solum
1491 1834 1633 1859 honestum
1647 1839 1691 1859 est
1707 1831 1811 1860 bonum
1825 1855 1831 1865 ,

1038 1866 1134 1899 prohat
1155 1867 1236 1893 etiam
1261 1867 1332 1901 quod
1356 1875 1388 1894 ex
1410 1867 1467 1900 cjns
1482 1868 1615 1894 sententia
1631 1868 1669 1894 sit
1692 1869 1832 1895 sumi-iens

1039 1902 1124 1927 virtus
1139 1901 1173 1927 ad
1199 1903 1417 1934 beatitudinem;
1435 1907 1458 1928 et
1479 1902 1619 1935 complura
1640 1904 1692 1928 alia
1720 1906 1832 1931 :ttliluCll.

1037 1936 1182 1969 dogmata,
1200 1944 1260 1970 qua:
1275 1938 1439 1964 conveniunt
1465 1945 1526 1964 cum
1547 1938 1659 1964 Stoicis.
1679 1939 1715 1964 At
1731 1940 1767 1965 de
1789 1941 1832 1966 liis

1037 1970 1148 2008 legenda
1164 1977 1229 2008 sunt
1244 1971 1384 2001 Ciceronis
1399 1971 1543 2008 Paradoxa
1559 1980 1620 2007 pag.
1641 1973 1695 1999 431
1713 1979 1742 2000 et
1758 1983 1830 2008 seq,

1036 2005 1090 2042 lib.
1112 2014 1142 2033 Ill
1157 2007 1196 2033 De
1219 2008 1325 2042 oﬁiciis,
1345 2015 1405 2040 pati.
1433 2007 1496 2038 589.
1523 2005 1641 2038 elc.,_et
1659 2009 1743 2042 Lipsii
1772 2005 1829 2036 ut.

1036 2041 1202 2102 nuduitélad
1218 2043 1300 2070 Stoic.
1327 2043 1486 2078 plit'loaaplt.,
1507 2044 1616 2070 dissert.
1644 2041 1697 2076 20,7
1710 2049 1768 2071 tum
1784 2046 1828 2075 ιν,

1036 2083 1096 2102 οςιε.
1169 2097 1175 2102 .

1035 2083 1096 2110 pag.
1112 2078 1175 2103 481.

1070 2113 1090 2138 Α
1108 2112 1218 2139 Platone
1232 2111 1357 2139 Clemens
1370 2113 1394 2129 ⁸ο
1409 2114 1442 2139 ad
1456 2113 1558 2147 primos
1569 2113 1644 2139 venit
1658 2113 1732 2141 illius
1744 2116 1830 2142 disci-

1035 2147 1124 2181 pulos,
1146 2148 1326 2181 Speusippum
1344 2149 1466 2181 ejusdem
1489 2149 1620 2178 Platonis,
1637 2154 1666 2175 ut
1684 2151 1770 2176 etiam
1785 2150 1827 2177 Ci-

1034 2190 1097 2218 cero
1116 2188 1229 2217 narrat,
1248 2191 1279 2208 ex
1299 2191 1394 2210 sorore
1413 2183 1495 2209 lilium
1510 2203 1517 2213 ,
1543 2184 1729 2218 relictumque
1747 2188 1824 2218 quasi

1035 2217 1179 2250 lueredeui,
1196 2223 1277 2251 atque
1293 2219 1374 2244 etiam
1393 2219 1570 2245 Xenocratem
1587 2224 1615 2245 et
1628 2217 1806 2247 l’oleinoucui
1817 2240 1824 2250 ,

1035 2251 1156 2279 Platonis
1179 2261 1286 2287 quoque
1299 2273 1306 2285 ,
1326 2259 1394 2280 teste
1408 2255 1502 2279 eodem
1521 2253 1656 2280 Cicerone
1667 2255 1701 2285 δ’,
1719 2257 1826 2282 audito-

1035 2288 1137 2325 rcs,_de
1152 2289 1249 2321 quibus
1262 2296 1309 2314 nos
1324 2296 1406 2322 supra
1423 2289 1613 2315 disseruimus.
1631 2289 1742 2316 Illorum
1763 2299 1825 2325 por-

1035 2329 1064 2358 ro
1085 2322 1117 2349 de
1132 2330 1239 2358 summo
1264 2324 1332 2350 bono
1356 2324 1499 2358 opiniones
1524 2324 1606 2350 refert
1627 2327 1699 2350 idem
1727 2322 1824 2352 (licem

1034 2356 1079 2383 lib.
1099 2364 1125 2383 tv
1152 2357 1190 2384 De
1210 2358 1318 2391 ﬁnibiu,
1345 2356 1407 2393 pag.
1431 2358 1477 2390 86,
1492 2366 1641 2392 rursusque
1662 2359 1824 2387 Xenocratis

1032 2393 1192 2428 sententiain
1211 2394 1258 2419 lib.
1284 2401 1299 2419 v
1316 2393 1473 2425 Tusculam,
1500 2401 1560 2428 pag.
1594 2393 1657 2427 145,
1678 2403 1712 2422 ac
1734 2397 1784 2422 lib.
1805 2404 1822 2422 ιι

1033 2427 1071 2453 De
1084 2428 1172 2462 legib.,
1193 2436 1251 2463 pag.
1269 2429 1330 2455 550.

1070 2463 1256 2497 Peripateticae
1269 2464 1378 2494 scholia.
1395 2463 1480 2498 cujus,
1497 2464 1533 2491 uti
1548 2464 1604 2499 jam
1625 2465 1822 2493 animadverti.

1036 2506 1096 2525 mus
1109 2518 1116 2529 ,
1141 2504 1236 2525 auctor
1251 2499 1409 2526 Aristoteles
1425 2499 1496 2531 fuit,
1524 2505 1675 2527 sectatores
1693 2503 1821 2528 ultimum

1035 2534 1106 2560 hunc
1117 2553 1125 2564 ,
1143 2534 1182 2560 uti
1197 2534 1325 2561 Clemens
1349 2540 1442 2561 noster
1466 2540 1582 2561 testatur
1596 2536 1618 2551 θ’
1631 2555 1639 2566 ,
1656 2537 1822 2563 definierunt

1033 2575 1093 2595 esse
1106 2569 1186 2595 linem
1198 2568 1296 2606 ατὸνζῇν
1312 2570 1371 2596 κατ’
1386 2570 1486 2606 ἀρετήν
1497 2590 1505 2602 ,
1524 2579 1534 2595 ι
1550 2572 1643 2598 vivere
1662 2579 1696 2597 ex
1720 2578 1821 2598 virtute

1117 2604 1247 2639 compleri
1268 2604 1469 2633 beatitudineiu'
1492 2606 1589 2640 triplici
1606 2614 1709 2641 genere
1735 2608 1821 2634 bono-

227 2686 317 2724 ‘V'ﬁloc.
337 2687 400 2724 ςὶιΣΥ
422 2695 482 2722 pag.
508 2687 570 2715 6t5.
600 2688 628 2724 A"
639 2688 741 2724 Strom.
755 2687 773 2715 l.
789 2696 824 2719 iv.
839 2695 866 2722 p.
882 2686 945 2714 H7.
976 2687 998 2703 “
1011 2687 1080 2724 libat
1090 2687 1128 2715 De
1139 2692 1196 2715 nat.
1213 2688 1299 2720 deor.,
1315 2695 1375 2722 pag.
1389 2687 1451 2715 9.05.
1483 2689 1506 2704 "
1519 2688 1621 2716 Strom.
1636 2689 1653 2716 Ι.
1669 2698 1708 2719 ir.
1722 2691 1818 2724 p.417.

187 2721 209 2736 “
232 2723 280 2749 lib.
306 2730 321 2749 x
337 2723 362 2749 in
378 2723 437 2750 Vita
455 2724 575 2757 Epicuri,
595 2722 650 2758 §5.

188 2765 214 2782 ui
240 2758 293 2784 vita
316 2757 430 2791 Aiitist.,
452 2758 466 2791 ᾗ
486 2758 529 2785 li.
561 2759 584 2774 ’°
598 2757 653 2786 loc.
670 2758 729 2789 cit..
743 2758 844 2791 p.4l6.

188 2790 210 2828 Ἴ
236 2792 337 2820 Strom.
365 2790 426 2820 lilia
443 2790 473 2825 ii,
502 2801 563 2828 pag.
591 2794 652 2821 M7.

192 2826 253 2864 {iet
268 2828 294 2854 4.
351 2829 373 2844 "
392 2829 451 2856 loco
467 2826 554 2861 citati,
570 2837 628 2864 pag.

191 2861 319 2899 fStroui.
340 2864 387 2890 lib.
405 2871 432 2896 ν,
458 2872 518 2899 pag.
541 2861 602 2892 595.

194 2897 216 2912 η
232 2898 290 2926 loco
304 2899 418 2933 t-itai.,p.
437 2897 529 2927 “siet
545 2907 602 2936 seq.

661 2828 724 2857 417.

688 2724 709 2739 ¹⁷
722 2723 741 2749 1.
762 2731 809 2750 xui
825 2723 962 2757 Deipuos.,
977 2730 1038 2757 pag.
1052 2723 1114 2749 611.
1165 2723 1188 2739 ³⁸
1199 2723 1268 2750 106..

688 2758 729 2789 ίι..
743 2767 769 2791 p.
781 2758 844 2788 416,
887 2758 908 2773 ³⁸
925 2758 972 2785 lib.
987 2765 1015 2784 ιιι
1033 2758 1069 2784 De
1085 2758 1172 2789 ﬁnib.,
1185 2766 1210 2793 p.
1226 2758 1268 2785 76.

705 2794 727 2809 ³⁵
742 2793 844 2820 Theod.
874 2793 927 2820 loc.
955 2793 1014 2825 cit..
1045 2801 1128 2821 serui.
1147 2794 1190 2824 11.

789 2829 810 2844 ³⁷
827 2829 873 2856 lib.
906 2828 970 2855 iDe
997 2829 1110 2862 legibus,
1144 2837 1205 2864 pag.

658 2865 680 2880 ⁸ο
699 2865 802 2893 Strom.
820 2865 866 2891 lih.
887 2873 916 2898 ii,
935 2872 994 2900 pag.
1010 2864 1062 2891 418
1087 2870 1114 2892 et
1142 2873 1198 2900 seq.

1032 2723 1139 2760 ._61l.__
1165 2723 1328 2760 ³⁸1‹)ςι.>‹;ιι.1
1338 2732 1420 2760 serui.
1437 2724 1479 2754 11,
1499 2732 1559 2760 pag.
1582 2725 1644 2751 645.
1691 2727 1715 2741 ’³
1730 2727 1777 2753 lib.
1795 2734 1818 2754 \‘t

1308 2758 1330 2774 ⁵¹
1349 2759 1395 2796 liii.
1411 2767 1436 2796 iv
1465 2758 1549 2786 Acad.
1563 2766 1675 2794 quaest,
1693 2769 1757 2796 pag.
1775 2762 1816 2789 55.

1219 2794 1316 2830 p.745.
1352 2794 1386 2830 77"
1418 2793 1504 2830 Praep.
1530 2793 1627 2830 evang.
1649 2793 1701 2825 lib:
1722 2793 1814 2826 {n.r.

1349 2829 1372 2845 ³⁸
1415 2838 1439 2867 ι.ᾼ
1459 2829 1504 2867 ιν,
1530 2829 1615 2858 εει-ιιι]
1646 2833 1689 2864 il,
1708 2841 1734 2867 p.
1756 2833 1816 2860 δια.

1255 2865 1275 2880 δί
1302 2865 1348 2893 lib.
1385 2873 1393 2892 ι
1427 2865 1510 2893 Acad.
1538 2872 1636 2900 quaest.
1656 2888 1664 2900 ,
1704 2865 1766 2902 pag.
1792 2877 1814 2897 ι..
