1916 3071
63 181 129 209 1309

674 184 718 212 DE
735 184 845 213 LlBRlS
861 185 1086 215 STROMATUM.

1613 189 1681 216 l3l0

64 241 404 283 neralim‘Lacedagmoniis
418 245 497 283 verba
511 244 624 283 legimus
640 246 663 261 ⁸³
683 255 690 273 :
707 256 716 272 ι
737 246 849 283 ερειγιητ
863 250 886 278 Α
900 247 958 274 Alia
973 253 1052 275 erant
1065 255 1124 282 qua!
1137 247 1293 283 nominabat
1313 247 1474 283 ἐξωτερικά,
1493 247 1545 275 alia
1565 256 1624 283 qum
1635 257 1680 283 ap-

63 285 156 303 norum
177 276 227 315 lex»
246 279 356 305 multam
381 280 492 311 statuit,
515 276 629 315 primam
657 289 710 308 non
741 276 848 309 (llICBllli

64 319 185 352 uxorem,
203 313 316 352 alteram
329 321 395 352 vero
416 313 657 352 ducertti,‘tertiam
672 321 701 343 et
720 316 848 352 gravissi-

64 353 133 386 mam
147 346 184 386 illi
202 348 248 381 qtti
262 349 358 386 ntala_m
374 350 490 377 duxerit.
508 346 628 378 {Locus
656 346 736 384 porro
760 351 850 378 Plato-

66 382 107 407 nis
120 389 134 407 a
149 381 291 410 Clemente
310 384 409 411 citatus
423 386 544 412 occurrit
564 391 628 413 lout.
653 381 686 416 ll.
708 386 753 413 lib.
773 395 792 413 ιι
810 387 848 412 De

62 416 150 456 regis,
167 417 433 456 pag._774._Legesis
456 425 586 453 prmlerea
608 420 734 456 Cragiutn
753 421 798 448 lib.
815 429 846 448 ιιι

62 450 99 478 De
112 450 215 486 republ:
236 450 433 486 Laudantem,
448 450 504 482 tab.
520 456 546 482 4.

325 499 521 529 ARTICULUS
543 502 587 529 lV.

62 544 144 585 Multa
170 545 255 580 fuisse
270 547 414 585 facultate
431 549 462 585 'q_
476 548 637 585 philosophis
662 548 846 585 Pythagoreis,

94 580 245 619 Platones:
256 581 393 619 Epicuro,
418 583 462 609 ubi
476 580 509 610 ᾱε
527 580 631 619 summa
646 580 846 619 ab'llipparclto

92 623 185 652 parte;
203 618 236 642 de
252 617 394 644 interdicta
409 619 584 652 quorumdam
593 618 707 646 Zenonis
719 617 846 647 librorum

93 651 222 690 lectione;
240 653 278 690 μς
295 653 368 690 coria
388 652 617 690 Aristotelirorum
638 655 793 689 scriptorum
807 664 847 690 ge-

93 694 152 713 nere
163 695 173 713 :
185 687 219 713 de
233 686 332 720 fabulis
348 688 443 721 quibus
455 688 603 722 philosophi
618 698 666 716 sua
689 686 846 717 documenta

92 722 225 758 glebam,
252 730 283 748 ac
307 722 339 758 de
362 723 518 750 mulieribus
540 723 700 758 philosophis
726 725 845 757 Theano,

95 755 228 795 Themista
245 761 271 795 et
290 757 404 795 quinque
418 755 544 795 _l)iodorir
564 755 692 795 ﬁliabus,-
719 760 752 786 de
778 755 846 795 Ilin

91 792 211 825 paro/tia,
235 792 327 824 Arata,
348 792 502 825 Lasthenia.
523 794 653 821 Axiotltea
674 800 698 821 et
720 792 844 829 Aspasia.

92 837 222 874 Quamvis
238 838 352 873 publicae
371 843 463 866 essent
485 839 706 874 pltilosophorum
733 841 843 873 scholae,

62 881 139 911 Lnon
157 873 208 911 soli
228 879 331 911 tamen,
345 874 434 911 inquit
455 874 578 911 Clemens
590 876 624 911 ⁸1.
643 875 803 911 Pythagorei
819 882 845 903 et

901 283 1016 316 pellabat
1026 282 1186 318 ἁκροατικά.
1210 283 1375 318 Ἐξωτερικά
1389 282 1559 315 dicebantur,
1576 291 1635 317 qua:
1648 285 1682 311 ad

900 318 1050 345 rhetoricas
1066 318 1265 349 meditationes,
1283 318 1439 344 facultatem
1456 319 1622 353 argutiarum
1644 320 1683 345 ci-

899 353 1046 387 viliumque
1061 361 1151 389 rerum
1165 353 1497 389 notitiamrconducehant.
1519 353 1682 389 Ἀκροατικά

899 391 989 415 autem
1003 388 1178 418 vocabantur,
1200 387 1225 414 itt
1245 388 1342 421 quibus
1367 388 1533 422 philosophia
1552 387 1682 416 remotior

900 423 1079 457 sttbtiliorque
1093 423 1254 457 agitabatur,
1268 430 1383 456 quzeqne
1395 424 1426 449 ad
1445 429 1548 449 natura:
1559 428 1681 451 content-

919 458 1030 485 lationes
1054 458 1299 491 disceptationesve
1317 457 1472 484 dialecticas
1497 459 1678 492 pertinebant.

913 493 967 520 luic
992 492 1155 529 disciplinae,
1172 500 1251 529 quam
1267 493 1345 529 Adixit
1365 493 1548 529 ἁκροατικήν,
1575 498 1681 527 tempus

898 530 1057 555 exercendae
1075 527 1154 554 dabat
1169 529 1195 553 in
1210 527 1292 562 Lycio
1309 527 1488 561 matutinum;
1504 527 1554 555 nec
1571 529 1604 555 ad
1618 536 1679 554 eam

898 570 1060 597 quemquam
1085 567 1185 589 temere
1208 563 1377 594 admittebat,
1403 563 1454 590 nisi
1477 571 1590 597 quorttm
1616 569 1681 590 ante

898 598 1035 633 ingenium
1048 603 1075 623 et
1085 597 1247 624 eruditionis
1258 597 1402 633 elementa,
1417 603 1498 632 atque
1511 599 1537 624 in
1551 598 1680 625 discendo

898 631 1015 659 studium
1031 633 1204 667 laboremque
1221 631 1397 665 explorasset.
1419 631 1478 660 Illas
1496 640 1560 660 vero
1580 632 1679 666 ἐξωτε-

917 668 977 699 ικάς
994 668 1144 694 auditiones
1157 668 1369 702 exercitiumque
1396 668 1503 695 dicendi
1531 668 1626 695 eodettt
1651 668 1679 695 in

907 711 956 730 oco
973 703 1074 736 vesperi
1088 702 1214 734 iaciebat,
1226 709 1330 737 easque
1356 702 1434 735 vulgo
1454 703 1597 737 juvenibus
1619 703 1678 729 sine

898 738 1002 765 delectu
1017 738 1164 771 pratbebat.
1190 746 1198 763 ι
1224 736 1331 763 Videsis
1350 736 1488 765 variorum
1510 738 1581 764 ltuttc
1597 738 1623 764 in
1638 738 1679 764 lo-

896 780 968 809 cum,
987 773 1052 809 etin
1068 772 1166 800 Laertii
1182 771 1245 801 libr.
1261 779 1277 798 ν
1299 771 1427 807 Meuagii,
1450 772 1463 809 §
1485 773 1534 799 197
1561 777 1588 799 et
1606 780 1678 808 seq.,

896 807 1108 834 observationes.

932 843 1001 876 Quid
1019 850 1084 869 vero
1100 842 1170 876 quod
1186 841 1339 876 philosophi
1364 842 1479 877 fabulas,
1504 850 1556 869 non
1583 850 1678 870 omnes

897 883 998 910 tamen,
1018 877 1164 912 allegorico
1186 885 1265 904 sensti
1287 878 1456 911 exponendo,
1484 879 1609 912 dogmata
1630 885 1678 904 sua

61 907 132 948 Plato
152 907 238 935 multa
259 907 427 948 ocultabant,
446 909 492 936 sed
509 910 589 937 etiam
610 907 843 944 Epicurefdicttttt
858 921 879 948 Β
895 907 1020 940 velabant
1037 907 1232 947 tegebautqtte?
1249 912 1286 940 Ex
1303 907 1344 938 Itis
1359 907 1454 939 autem.
1467 907 1596 947 quasdam
1616 912 1678 940 Clc-

60 943 178 979 qumdam
200 950 263 971 esse
290 945 360 979 apud
384 951 412 971 se
439 952 550 977 arcana,
570 950 597 972 et
619 943 669 972 non
685 948 842 979 permittere

62 977 184 1016 omnibus
197 983 240 1016 _ttt
262 977 409 1016 eag'scripta
434 979 569 1016 legant.)
603 980 639 1007 De
664 977 842 1016 Pythagoreis

61 1013 179 1046 quaedam
195 1013 253 1045 jam
274 1014 462 1041 adnotavimus
478 1014 511 1042 ⁸⁸,
531 1014 615 1047 Quam
641 1013 735 1043 sev'ere
751 1013 841 1043 autem

61 1049 87 1086 in
100 1048 211 1086 hujusce
229 1049 404 1086 Pythagoreas
425 1050 457 1076 de
475 1051 644 1077 occultandis
661 1052 717 1078 suis
734 1052 843 1086 dogma—

62 1083 129 1120 tibus
150 1083 218 1117 legis
232 1083 458 1120 pravariCatores
473 1086 745 1120 animadverteretur,
770 1083 843 1120 patet

62 1117 204 1153 llipparclti
232 1117 367 1153 exemplo,
388 1120 458 1154 qttod
486 1128 500 1146 a
525 1119 661 1147 Clemente
687 1122 730 1148 his
752 1117 842 1148 verbis

62 1159 168 1187 ponitur
182 1154 205 1170 ⁸⁸
219 1162 226 1180 :
250 1163 258 1179 ι
279 1154 363 1190 Aiunt
380 1154 562 1189 llipparclttttn
578 1155 776 1190 Pythagoreum
797 1163 843 1183 ac-

62 1193 182 1215 cusatttm
214 1189 288 1222 qttod
319 1195 411 1224 aperte
437 1189 720 1224 scripsissel’decreta
745 1190 843 1225 Pytha-

63 1231 140 1257 gorea,
155 1225 299 1257 expulsum
313 1224 398 1252 fuisse
410 1233 424 1251 a
445 1225 547 1256 schola,
557 1230 585 1251 et
597 1227 631 1252 ob
644 1226 669 1252 id
682 1226 767 1260 ipsum
781 1230 841 1252 tan-

62 1266 139 1292 quam
157 1265 267 1286 tnortuo
284 1260 439 1294 impositam
463 1260 615 1286 columnam
641 1260 733 1288 fuisse.
756 1270 765 1286 I
788 1261 843 1287 Nec

63 1294 156 1320 mirum
170 1301 250 1321 sane.
273 1294 389 1327 Etenim,
406 1299 435 1321 ttt
455 1295 493 1322 ait
505 1295 634 1329 Origenes
647 1296 693 1328 "5:
713 1305 722 1321 ι
740 1295 842 1330 Pytha-

63 1335 199 1365 gOreorum
215 1329 324 1365 quidem
340 1331 491 1357 veneranda
507 1330 599 1356 schola
615 1331 731 1365 ponebat
749 1329 843 1357 emno-

63 1364 149 1399 tapltia
163 1364 314 1398 disciplinae
331 1373 387 1391 sua:
404 1365 600 1396 desertoribus,
615 1364 750 1393 inimirum
771 1366 842 1399 quod

64 1398 190 1434 haberent
207 1406 256 1426 eos
269 1407 318 1434 pro
330 1405 453 1427 mortuis.
473 1409 482 1425 ›
501 1403 534 1426 At
548 1400 580 1426 de
602 1400 754 1434 llipparclto
767 1398 843 1426 vide-

63 1433 98 1472 sis
109 1433 221 1472 Menagii
237 1435 264 1461 in
279 1434 418 1462 Laertium
432 1437 466 1463 de
475 1436 532 1463 Vita
552 1433 720 1471 Pythagorzc,
741 1435 754 1472 §
778 1436 841 1468 358,

62 1468 272 1496 observationes.

98 1503 237 1540 Secundus
250 1510 310 1539 post
325 1505 508 1540 Pythagoreos
523 1514 536 1533 a
553 1506 694 1534 Clemente
705 1505 781 1533 Plato
793 1513 842 1540 ap-

63 1539 173 1576 pellatur
188 1539 224 1576 f',
241 1548 320 1574 quem
349 1539 518 1575 ienigittatice
539 1547 565 1569 et
579 1542 742 1576 parabolice,
761 1539 842 1576 atque

64 1573 347 1611 ideircorobscuritatis
359 1573 473 1603 latebris
486 1573 606 1611 qumdain
623 1577 776 1603 occultasse
788 1573 840 1603 non

64 1609 145 1635 solum
161 1610 216 1643 hic,
237 1614 286 1637 sed
309 1611 388 1646 paulo
403 1616 466 1638 ante
484 1609 611 1639 ostendit.
636 1611 712 1644 Quod
731 1611 840 1646 quidem

63 1651 92 1670 ex
107 1651 166 1671 mox
180 1646 303 1673 dicendis
318 1646 488 1673 manifestum
504 1647 592 1674 adhuc
607 1647 662 1673 liet.

79 1680 302 1718 _Ad__Epicurum
329 1688 410 1715 porro
438 1682 508 1716 quod
534 1683 640 1718 attinet,
652 1681 794 1718 ‘Laertius
814 1682 840 1709 in

64 1714 118 1751 ejus
131 1714 189 1742 Vita
214 1721 311 1743 narrat
329 1714 419 1751 ipsutn
438 1714 540 1744 dixisse
555 1717 578 1733 ³⁸
593 1726 600 1743 :
622 1726 631 1742 ι
650 1715 775 1743 Scltolam
792 1719 841 1744 ha-

64 1749 189 1787 biturum,
205 1758 260 1777 non
276 1749 383 1779 sane—ut
402 1752 537 1786 ingentem
554 1752 735 1787 frequentiam
750 1757 842 1787 cogat,

64 1786 291 1821 recitaturumque
306 1787 332 1813 in
350 1787 534 1820 multitudine,
558 1786 613 1814 sed
630 1794 683 1814 non
705 1786 810 1821 sponte.
830 1797 839 1814 ι

98 1818 192 1847 Utrum
219 1818 308 1848 autem
335 1829 368 1848 eo
389 1822 513 1849 Clemens
526 1818 692 1853 Vcollinearit,
707 1818 842 1857 expende,

64 1861 162 1892 quaeso,
177 1860 205 1882 et
220 1857 375 1892 pronuntia,
399 1862 540 1892 postquam
557 1857 656 1890 legeris
668 1857 800 1884 Gassendi
816 1858 841 1884 in

65 1889 131 1916 hunc
144 1890 246 1928 baertii
268 1892 366 1924 locum,
397 1889 521 1925 tomCV,
545 1889 607 1928 pag.
639 1892 699 1925 ll8,
727 1897 804 1919 notas
816 1897 843 1919 et

63 1927 320 1954 animadversiones.

96 1962 243 1988 Auctorem
260 1969 323 1989 vero
337 1966 458 1990 noslrttm
472 1969 637 1995 sequamur:
657 1971 666 1987 ι
688 1962 842 1995 Quinetiam

64 1995 153 2032 Stoici,
178 1996 267 2030 inquit
283 1997 316 2030 9",
331 1998 424 2024 dicunt
438 2005 454 2025 a
477 1998 584 2025 Zenone
608 1998 694 2032 printo
718 1998 842 2031 quaedam

64 2031 143 2058 fuisse
152 2032 324 2066 conscripta,
341 2039 400 2066 qua:
414 2040 468 2060 tton
485 2033 565 2059 facile
576 2031 736 2066 permittunt
754 2033 844 2066 legere

64 2066 209 2100 discipulis,
223 2074 336 2101 quorum
350 2075 403 2094 non
421 2068 496 2101 prius
511 2068 593 2094 fuerit
606 2068 705 2094 factum
729 2067 763 2094 ab
775 2068 842 2102 ipsis

64 2101 226 2136 periculum,
248 2109 282 2129 an
307 2109 437 2137 germane
464 2107 491 2130 et
516 2104 623 2130 sincere
648 2101 842 2137 philosophen-

65 2142 115 2163 ΙιιΓ.
136 2145 145 2162 )

97 2171 233 2206 Duplicem
244 2173 406 2208 scriptorum
423 2173 542 2200 Zenonis
553 2173 705 2207 catalogum
720 2171 844 2200 Laertius

64 2212 235 2243 repraesentat
249 2208 270 2224 "
283 2216 290 2240 ;
309 2209 355 2236 sed
369 2216 483 2243 quorum
500 2209 641 2235 lectionem
660 2208 744 2235 Stoici
759 2208 843 2235 disci-

64 2243 130 2276 pulis
142 2242 210 2276 ejus,
224 2243 275 2270 nisi
296 2242 513 2278 prius’prohatis,
538 2244 618 2270 facile
638 2250 690 2270 non
713 2245 844 2277 permise-

64 2278 125 2313 rint,
143 2279 241 2304 tacitus
262 2279 436 2313 praetermisit
453 2279 487 2305 ".
509 2281 566 2305 l\on
591 2278 734 2305 difficiliter
751 2283 840 2306 autent

63 2312 139 2348 267
153 2314 231 2340 ttobis
244 2312 419 2348 persuadebis
431 2321 478 2341 eos
498 2313 581 2340 fuisse
604 2321 673 2348 quos
686 2314 729 2340 ille
750 2320 841 2348 poste-

65 2350 125 2375 ttori
139 2348 198 2376 loco
213 2355 347 2381 recenset,
363 2349 467 2376 scilicet
479 2349 511 2375 de
526 2349 627 2382 nuptiis
644 2354 671 2375 et
690 2350 724 2376 de
745 2350 844 2376 amori-

66 2382 120 2421 bus,
138 2384 178 2410 vel
194 2383 233 2410 De
248 2384 489 2421 republiAcawlibt-os,
505 2391 626 2421 quosque
637 2384 763 2411 Laertius
779 2392 840 2421 eum

65 2419 88 2444 in
113 2420 199 2445 cauda
223 2420 309 2452 canis,
335 2419 439 2447 Tullius
465 2426 553 2446 autent
580 2420 669 2446 minus
692 2419 844 2447 verecunde

64 2453 198 2489 scripsisse
209 2455 369 2481 testiiicantu
374 2462 395 2481 r.

99 2497 109 2514 ι
123 2490 275 2516 Aristotelei
285 2497 407 2525 quoque,
421 2490 508 2525 pergit
520 2489 645 2517 Clemens
654 2489 692 2525 “,7
704 2488 796 2516 dicttnt
808 2498 842 2517 ex

65 2524 116 2560 suis
135 2525 242 2559 scriptis
266 2524 318 2551 alia
337 2526 445 2559 quidem
465 2524 524 2552 esse
546 2524 708 2560 ὲσωτερικά,
726 2526 843 2557 interna,

65 2559 114 2585 alia
128 2567 192 2586 vero
207 2562 362 2586 communia
389 2565 416 2587 et
437 2565 558 2587 externa.
577 2569 587 2586 ι
605 2559 657 2587 seu
679 2561 736 2587 lucc
765 2561 844 2594 paulo

65 2595 139 2620 aliter
153 2599 180 2621 et
203 2594 288 2622 fusius
313 2596 346 2622 ab
369 2595 430 2622 Aul.
448 2595 536 2623 Gellio
550 2595 590 2622 sic
613 2595 781 2629 explicantur
795 2596 819 2612 “
836 2605 843 2622 :

65 2629 323 2665 Commentationum
339 2638 450 2657 suaruttt
462 2631 629 2665 artiumque,
647 2638 714 2664 quas
727 2631 844 2665 discipu-

66 2663 97 2701 lis
119 2665 174 2692 suis
206 2665 330 2692 tradebat
358 2666 516 2693 Aristoteles
544 2663 736 2699 philosophus,
773 2663 844 2701 regis

66 2699 207 2728 Alexandri
220 2701 358 2736 magister,
371 2702 438 2728 duas
453 2702 559 2736 species
585 2700 713 2728 habuisse
733 2699 842 2728 dicitur.

98 2780 119 2817 ’_'
133 2789 213 2809 serm.
229 2781 275 2814 64,
299 2789 362 2817 pag.
380 2783 445 2811 612.

105 2815 124 2843 1.
151 2825 181 2844 ιιι
212 2814 308 2845 Contr:
329 2814 422 2851 Cels,
444 2826 506 2853 pag.
533 2819 596 2846 451.

65 2850 86 2888 ξ’
103 2852 201 2879 Strom.
219 2853 237 2880 l.
251 2861 280 2884 ν,
296 2861 322 2888 p,
336 2853 399 2880 575.
414 2850 417 2851 ⁷
438 2850 460 2869 δ’
476 2850 496 2881 Ε
513 2862 550 2882 vn
577 2855 603 2882 in
620 2855 678 2882 Vita
694 2855 809 2887 Zenon..

67 2886 155 2922 Atttc.,
165 2895 188 2915 c.
201 2889 228 2917 5.
265 2889 287 2904 ⁸⁸
297 2886 398 2916 Strom.
411 2889 429 2916 l.
438 2897 463 2922 v,
476 2898 502 2922 p.
519 2889 582 2918 575.

67 2920 83 2948 l.
98 2929 133 2954 tv,
150 2931 175 2956 ιι.
192 2924 254 2952 492.
305 2925 327 2940 "
339 2924 415 2958 ibid.,
430 2920 459 2959 p.
472 2920 533 2952 522.

500 2783 523 2799 "
534 2783 637 2811 Strom.
660 2784 706 2812 lib.
727 2792 754 2817 ν,
775 2792 838 2820 pag.
859 2785 921 2813 575.

534 2819 581 2836 ‘k'l
662 2820 686 2836 05
715 2820 806 2836 QIInn‘
839 2820 844 2836 I
878 2828 893 2836 u

714 2820 817 2847 Strom.
838 2820 857 2847 l.
878 2828 912 2853 v,
934 2828 995 2855 pag.

716 2863 809 2887 enon..
825 2854 839 2890 ξ
853 2855 870 2882 4
881 2862 906 2882 et
924 2856 968 2883 56.

620 2891 642 2907 “
651 2891 752 2919 Strom.
764 2891 782 2918 l.
805 2898 823 2925 ι,
843 2899 868 2926 p.
879 2891 940 2919 509.

894 956 970 975 ntetts
988 952 1111 974 recenset
1138 947 1170 979 ⁸⁵,
1197 955 1256 982 quat
1277 948 1346 981 apttd
1373 948 1514 975 Platonem
1542 948 1677 982 leguntur.

893 982 956 1010 lleri
966 983 1098 1012 Armenii.
1121 982 1154 1009 de
1175 989 1225 1015 qua
1243 982 1287 1009 ille
1303 988 1370 1009 tom.
1388 983 1418 1014 ll,
1439 983 1508 1010 libro
1528 991 1545 1009 ιι
1575 982 1614 1008 De
1641 991 1679 1009 re-

891 1018 1051 1052 publ..pag.
1068 1017 1139 1049 2H;
1162 1017 1238 1044 Aiaci
1260 1022 1288 1044 et
1316 1018 1494 1045 Itltadamanti
1518 1023 1582 1044 tom.
1608 1017 1628 1044 ll
1651 1018 1677 1044 itt

893 1053 1000 1088 Gorgia,
1011 1059 1072 1088 pag.
1085 1052 1137 1079 5‘25
1151 1057 1178 1088 et
1190 1052 1260 1084 59d;
1275 1052 1379 1079 Tartari
1395 1053 1420 1079 in
1433 1052 1564 1080 Pluedoue
1580 1058 1645 1088 tom.
1657 1053 1677 1084 Ι,

892 1087 988 1122 pagina
999 1087 1156 1119 ll‘2etll5;
1168 1087 1319 1114 Promethei
1339 1092 1365 1114 et
1377 1087 1527 1121 Epimethei
1544 1088 1570 1114 itt
1583 1087 1679 1113 Prola-

892 1131 956 1157 gora
974 1128 1039 1149 tom.
1056 1122 1074 1149 ll
1094 1130 1153 1156 pag.
1171 1122 1222 1149 520
1241 1127 1267 1149 et
1283 1129 1358 1156 seq.;
1388 1124 1505 1158 dettiqne
1525 1123 1587 1149 belli
1609 1123 1680 1149 inter

893 1158 1047 1184 Atlantinos
1071 1161 1098 1184 et
1125 1158 1306 1184 Atheuienses
1325 1159 1350 1184 itt
1374 1157 1513 1186 Atlantico
1529 1157 1596 1191 gesti
1612 1162 1678 1184 tom.

892 1192 934 1223 Ill,
952 1200 1011 1227 pag.
1025 1192 1076 1219 112
1087 1197 1114 1219 et
1127 1200 1184 1226 seq.

928 1228 1081 1261 Antequam
1104 1228 1166 1254 huic
1190 1227 1223 1253 de
1245 1227 1348 1254 Grtecis
1367 1227 1534 1261 philosophis
1559 1230 1678 1256 sermoni

894 1263 973 1289 finetn
989 1263 1170 1296 imponamus,
1186 1270 1247 1288 cttttt
1268 1263 1406 1290 Clemente
1432 1268 1526 1289 nostro
1550 1265 1680 1292 adnotan-

893 1300 955 1325 dum
978 1303 1019 1324 est
1031 1306 1083 1324 uolt
1095 1297 1181 1324 solum
1198 1297 1281 1328 viros,
1297 1298 1343 1324 sed
1356 1297 1438 1324 etiam
1455 1298 1584 1325 mulieres
1602 1306 1679 1326 suam

893 1332 1043 1360 contulisse
1075 1333 1099 1359 itt
1136 1332 1340 1367 philosophicas
1375 1332 1530 1366 disciplinas
1557 1341 1677 1367 operam.

895 1377 904 1392 ε
925 1368 1053 1402 Didymus
1066 1368 1155 1402 enim,
1169 1369 1236 1394 sicut
1250 1368 1318 1394 idem
1335 1367 1458 1394 Clemens
1470 1368 1508 1394 ait
1520 1368 1553 1400 ",
1571 1369 1595 1394 itt
1609 1368 1679 1396 libro

893 1403 932 1429 De
950 1401 1115 1436 philosophia
1142 1401 1319 1437 Pythagorica
1347 1402 1430 1429 refert
1457 1402 1568 1429 Theano
1584 1403 1680 1430 Croto-

893 1438 1022 1464 niatidetn
1048 1438 1159 1472 primam
1184 1446 1216 1464 es
1235 1437 1396 1464 mulieribus
1417 1444 1477 1464 esse
1505 1438 1680 1472 philosopha-

894 1478 948 1500 tam
960 1478 987 1499 et
1003 1473 1142 1506 scripsisse
1164 1477 1297 1507 poemata.
1320 1481 1328 1497 ι
1348 1472 1411 1504 Quae
1421 1472 1531 1506 quidem
1547 1473 1679 1501 Hervetus

892 1507 1053 1543 negalialibi
1072 1515 1227 1538 occurrere,
1245 1507 1300 1534 into
1315 1515 1379 1534 vero
1407 1512 1551 1541 utrumque
1578 1508 1676 1534 falsum

893 1542 953 1570 esse
965 1542 1105 1575 Menagius
1121 1543 1250 1569 audacter
1264 1542 1390 1570 allirmat.
1414 1543 1448 1568 At
1462 1543 1598 1576 quomodo
1613 1543 1678 1570 illud

895 1583 968 1605 tanta
984 1578 1146 1604 confidentia
1158 1577 1209 1604 dici
1226 1583 1314 1611 potest
1331 1585 1382 1603 non
1403 1584 1463 1603 esse
1484 1585 1588 1608 verum,
1607 1579 1678 1612 quod

893 1621 907 1639 a
924 1613 1005 1640 Suida
1020 1617 1072 1639 tam
1088 1612 1186 1639 diserte
1203 1613 1244 1639 Itis
1261 1612 1350 1638 verbis
1368 1612 1500 1638 asseritur
1515 1622 1521 1639 :
1539 1621 1548 1638 ι
1568 1612 1679 1640 Theano

892 1648 1002 1679 Cressa,
1021 1648 1078 1674 sive
1097 1647 1251 1679 Cretensis,
1278 1647 1457 1681 philosopha,
1488 1647 1541 1674 lilia
1569 1649 1679 1682 quidem

892 1683 1079 1718 Pythonactis,
1102 1690 1169 1709 uxor
1182 1690 1246 1710 vero
1255 1682 1371 1718 rmajoris
1386 1682 1554 1718 Pythagoras,
1570 1690 1604 1709 ex
1625 1690 1680 1718 quo

892 1717 1012 1752 suscepit
1026 1717 1182 1751 Telangetn,
1202 1723 1229 1745 et
1253 1717 1452 1749 Mnesarchum,
1481 1722 1508 1744 et
1525 1717 1639 1752 Myiatn,
1654 1722 1681 1744 et

892 1754 1066 1787 Arignotem.
1087 1752 1202 1785 Quidam
1218 1760 1281 1779 vero
1297 1753 1391 1779 dicunt
1405 1752 1489 1787 ipsam
1508 1752 1589 1780 fuisse
1611 1760 1679 1780 uxo-

893 1796 950 1816 rem
966 1788 1082 1815 Cratini.
1099 1788 1228 1814 Scribunt
1241 1792 1332 1814 autettt
1353 1795 1413 1814 eam
1438 1787 1523 1815 fuisse
1539 1787 1680 1815 Crotonia-

894 1825 964 1851 dcnt.
985 1822 1102 1856 Scripsit
1121 1825 1333 1850 commentarios
1349 1823 1565 1856 philosophicos,
1581 1828 1606 1849 et
1618 1831 1681 1857 apo-

893 1859 1083 1892 plttltegmata,
1104 1862 1131 1884 et
1151 1865 1246 1892 poema
1269 1858 1404 1891 quoddam
1431 1858 1561 1885 versibus.
1588 1867 1597 1883 ι
1621 1860 1680 1885 Non

893 1893 1092 1927 philosophicas
1112 1898 1201 1919 autent
1229 1897 1332 1919 tantum
1348 1893 1430 1919 libros
1442 1899 1592 1927 poemaque
1615 1901 1681 1920 con-

892 1928 1014 1962 scripsit,
1036 1935 1127 1954 verum
1139 1928 1221 1954 etiant
1239 1936 1248 1952 ι
1264 1927 1423 1962 Pythagora:
1439 1927 1571 1960 scitulam,
1588 1935 1621 1955 eo
1635 1929 1682 1956 de-

892 1963 999 1995 functo,
1019 1962 1057 1989 ait
1070 1962 1258 1989 Theodorelus
1276 1962 1309 1995 ⁸⁷,
1328 1970 1397 1988 uxor
1413 1962 1522 1989 Theano
1545 1970 1607 1989 cum
1628 1963 1680 1990 Te-

893 1998 971 2032 lange
982 2005 1014 2024 ac
1025 1997 1187 2024 Mnesarcho
1203 1997 1276 2029 filiis,
1295 1998 1439 2031 regendam
1461 1998 1592 2031 suscepit.
1611 2008 1621 2024 ι
1644 2001 1681 2025 At

893 2031 972 2060 facile
986 2032 1169 2064 concedimus,
1182 2032 1304 2066 inquient
1318 2032 1412 2065 aliqui,
1432 2031 1546 2058 Theano
1568 2033 1679 2066 scriptis

893 2073 920 2095 et
934 2071 1106 2101 voce,atque
1124 2068 1206 2093 etiam
1237 2066 1352 2101 publicis
1374 2067 1401 2093 in
1430 2067 1534 2094 scholis
1557 2068 1680 2095 docuisse

893 2103 1090 2137 philosophiam
1104 2111 1110 2128 :
1124 2102 1171 2129 sed
1183 2109 1242 2129 eam
1255 2102 1375 2128 omnium
1399 2102 1542 2137 mulierum
1562 2103 1679 2136 pritnam

894 2136 979 2165 fuisse
1009 2137 1224 2172 pltilosopltatatn
1244 2137 1324 2170 plane
1348 2145 1408 2163 cuttt
1439 2136 1679 2171 Meuagioinlicia.

894 2181 966 2200 mttr.
987 2172 1114 2200 Cedimus
1130 2177 1157 2199 et
1178 2180 1226 2198 ttos
1248 2173 1270 2198 si
1294 2172 1388 2202 aliam,
1411 2176 1471 2206 qua‘.
1500 2172 1575 2206 pritts
1597 2180 1678 2207 quam

895 2209 1005 2235 Theano
1036 2207 1223 2242 pltilosophata
1251 2207 1350 2240 fuerit,
1378 2208 1455 2234 nobis
1480 2208 1678 2241 desigttaveris.

895 2244 994 2271 Eodem
1011 2250 1117 2277 quoque
1142 2243 1221 2269 modo
1244 2243 1277 2269 de
1293 2243 1463 2276 poematibus
1485 2247 1678 2277 argumentan-

894 2279 958 2306 dutn
973 2284 1023 2305 est.
1042 2278 1175 2304 Caeterum
1192 2278 1316 2304 Clemens
1329 2285 1381 2304 tton
1400 2278 1424 2304 id
1439 2277 1550 2311 quidem
1571 2285 1680 2304 asseve-

895 2318 986 2341 rattter
1001 2312 1128 2346 afﬁrmat,
1145 2312 1191 2339 sed
1212 2317 1307 2339 testem
1333 2313 1400 2339 citat
1421 2312 1576 2347 Didytnutn,
1603 2313 1680 2347 cujus

894 2349 960 2376 ﬁdes
979 2354 1006 2375 et
1022 2349 1169 2374 auctoritas
1184 2355 1198 2373 ιι
1215 2348 1322 2374 nemine
1341 2350 1472 2374 hactenus
1497 2347 1604 2374 elevata
1626 2352 1678 2375 est.

930 2385 1057 2416 Quaedam
1075 2390 1181 2418 quoque
1199 2383 1325 2410 Clemens
1342 2390 1374 2410 ex
1391 2382 1501 2416 hujusce
1521 2383 1613 2416 procul
1628 2383 1679 2410 du-

896 2419 940 2445 bio
957 2419 1083 2446 Tlteanus
1102 2418 1385 2450 cutnutenlationibus,
1411 2418 1522 2452 perinde
1543 2425 1575 2445 ac
1601 2419 1624 2445 si
1645 2419 1679 2445 ad

897 2462 1006 2481 manum
1036 2455 1096 2481 illas
1119 2453 1267 2486 habuisset,
1293 2453 1327 2479 de
1348 2454 1445 2479 anima:
1475 2453 1680 2481 immortalitate

894 2489 975 2516 verba
1002 2489 1041 2517 sic
1066 2488 1148 2516 refert
1165 2488 1188 2503 ⁹³
1213 2498 1220 2515 :
1249 2497 1258 2514 ι
1284 2487 1393 2520 Scribit,
1421 2488 1546 2523 γράφει,
1569 2487 1680 2516 Theano

894 2524 1073 2560 Pythagorica
1092 2534 1099 2551 :
1122 2533 1131 2550 ‹
1157 2522 1233 2550 Esset
1267 2530 1361 2560 revera
1387 2522 1465 2560 matis
1487 2528 1538 2549 vua
1557 2524 1678 2557 epulum,

896 2569 906 2585 ι
928 2559 991 2594 (μή
1023 2564 1164 2594 postquam
1204 2559 1296 2586 omnia
1333 2559 1531 2585 commiserunt
1563 2560 1679 2590 scelera,

894 2605 904 2620 ¢
929 2593 1030 2622 deinde
1038 2593 1201 2621 moriuntur.
1219 2594 1251 2621 Et
1266 2594 1288 2620 si
1305 2601 1358 2621 non
1376 2599 1448 2621 esset
1463 2593 1553 2620 anima
1568 2595 1680 2621 immor-

895 2639 904 2656 ι
929 2630 1001 2662 talis,
1016 2638 1088 2657 mors
1104 2635 1177 2658 esset
1198 2630 1313 2656 lucrum.
1334 2638 1343 2655 ι

928 2665 1012 2697 Quam
1030 2666 1155 2700 pudicam
1181 2672 1274 2700 porro,
1300 2664 1470 2700 philosophia
1494 2664 1578 2696 duce,
1594 2663 1679 2690 vitam

892 2701 938 2728 illa
949 2701 1066 2732 duxerit,
1083 2699 1191 2735 planum
1207 2700 1333 2727 Clemens
1346 2699 1412 2726 facit
1428 2700 1462 2732 ’9,
1478 2700 1557 2727 sicuti
1570 2707 1603 2726 ex
1614 2700 1681 2726 duo-

972 2784 994 2800 ⁸⁸
1015 2792 1075 2819 sup.
1099 2792 1160 2820 cap.
1186 2785 1229 2817 14,
1252 2785 1342 2813 art.3.
1396 2785 1506 2817 "iltid.,
1532 2792 1593 2818 pag.
1615 2784 1678 2812 574.

972 2828 984 2836 η
1033 2821 1082 2836 Κτυ)
1161 2820 1183 2836 19
1212 2821 1217 2836 Ι
1256 2829 1270 2836 ν
1309 2821 1333 2836 in
1355 2820 1414 2836 vt...
1436 2821 1532 2836 Ιῗη-ηιιι-
1575 2818 1590 2836 κ
1617 2819 1664 2836 ‘0!

1031 2821 1093 2847 57:2.
1134 2818 1141 2820 ’
1161 2820 1183 2836 ⁸⁹
1211 2821 1229 2847 l.
1256 2829 1270 2847 x
1307 2821 1333 2848 in
1355 2820 1415 2848 Vita
1435 2818 1591 2855 Eptcttr.,§
1617 2819 1675 2847 121.

1013 2856 1116 2895 "ibid.
1134 2855 1177 2895 _"
1190 2855 1321 2895 Stratum,
1335 2863 1362 2890 p.
1379 2856 1441 2882 575.
1452 2855 1502 2895 ης
1518 2855 1588 2895 laxus
1602 2854 1676 2882 Noct-

979 2891 999 2907 ⁹⁷
1014 2898 1032 2918 ι.
1044 2891 1073 2918 IV
1085 2891 1120 2918 De
1131 2891 1217 2919 Graec.
1230 2891 1315 2918 affect.
1328 2898 1397 2924 cur.,
1408 2898 1434 2925 p.
1446 2890 1507 2918 489.
1546 2890 1568 2906 ⁸⁸
1579 2892 1678 2919 Strom.
