1916 3071
62 183 73 210 Ι
79 184 129 211 309

675 185 719 213 DE
736 185 846 214 LIBRIS
862 185 1086 214 STBOMATUM.

1614 188 1682 216 l310

63 244 404 282 neratim_Lacedaemoniis
419 246 498 274 verba
511 246 625 281 legimus
641 247 664 263 ”
684 256 691 274 :
708 257 716 272 ι
738 247 850 282 Sparta-
865 250 887 278 Α
901 248 959 274 Alia
974 253 1054 275 erant
1066 254 1126 282 quae
1138 247 1294 274 nominabat
1314 246 1476 282 ὲξωτεριχά,
1495 247 1546 273 alia
1566 255 1625 281 quae
1636 255 1681 281 ap-

62 287 156 306 norum
178 279 227 316 lex
248 281 357 307 multam
382 282 493 313 statuit,
516 279 630 316 primam
659 290 711 309 non
742 279 849 309 ducenti

64 322 186 352 uxorein,
204 315 317 352 alteram
330 323 396 343 vero
417 315 535 349 ducenti,
550 317 658 344 tertiam
673 322 702 344 et
721 317 849 352 gravissi-

63 356 133 386 mam
148 349 185 386 illi
203 350 249 384 qui
263 351 359 377 malam
375 351 490 379 duxerit.
509 361 518 377 ι
542 351 630 379 Locus
657 349 737 386 porro
762 352 850 378 Plato-

66 385 107 410 nis
120 392 134 410 a
150 385 293 412 Clemente
312 386 410 413 citatus
424 387 545 413 occurrit
564 392 629 414 tom.
655 385 688 417 ll.
709 387 755 414 lib.
775 395 793 414 ιι
811 387 850 413 De

63 419 151 458 lfgibq
168 427 232 458 pag.
244 420 435 458 _714.»Legesis
457 426 586 458 prmterea
609 422 736 458 Cragium
754 422 800 449 lib.
816 429 847 449 ιιι

63 453 100 481 De
112 453 216 489 republ.
238 453 434 487 Laudantem,
449 453 506 484 tab.
521 457 547 483 4.

327 502 523 530 ARTICULUS
545 503 588 530 lV.

63 547 146 586 Mtt_lt_a
172 547 257 583 fuisse
272 549 416 586 _ocrultata
433 551 463 586 'ar
477 549 638 586 philosophis
664 550 847 586 Pytltagoreir,

96 583 210 611 Platone
222 589 247 610 et
259 583 395 620 Epicuro,
420 585 463 610 ubi
478 585 510 611 de
529 591 633 619 sumpta
648 583 848 620 ab‘Hipparcho

93 626 187 651 pana;
205 620 238 645 de
254 619 396 645 interdicta
411 621 585 653 quorumdam
595 620 709 648 Zenonis
720 621 848 648 librorum

95 654 225 691 lectione;
243 655 281 691 Ade
297 655 370 691 corio
390 654 619 691 Aristotelirorum
639 656 795 690 scriptorum
808 665 849 691 ge-

94 697 155 715 nere
165 697 175 716 :
187 689 222 716 de
236 689 334 723 fabulis
350 690 445 723 quibus
457 689 605 724 philosophi
620 699 667 717 sua
691 689 848 718 documenta

94 724 228 759 globum,
255 732 285 750 ac
310 724 341 750 de
365 725 519 751 mulieribus
542 725 702 759 philosophis
728 726 847 758 Theano,

97 757 231 786 Themisto
248 763 273 786 et
292 759 406 795 quinque
427 757 546 786 Diodori
567 757 694 794 ﬁliabus,-
722 761 754 788 de
781 757 848 795 "ip?

93 795 215 828 parcht'a.
238 794 329 826 Arata,
351 794 504 826 Lasthmn'a,
526 795 655 822 Axiotltea
676 801 700 822 et
722 794 846 830 Aspasia.

95 840 225 874 Quamvis
240 840 354 875 publica;
373 845 465 868 essent
487 841 708 875 philosophorum
735 842 845 874 scholae,

65 885 76 912 ί
92 883 142 903 non
161 875 211 912 soli
231 881 333 912 tamen.
348 876 436 912 inquit
457 875 581 912 Clemens
592 877 627 912 “7.
646 877 805 912 Pythagorei
821 883 847 904 et

64 910 136 949 Plato
155 910 240 938 multa
262 911 429 949 ocultabant,
448 910 494 938 sed
511 912 592 938 etiam
613 910 845 945 Epicurei—dicunt
861 921 881 949 Β

64 946 182 979 qtmdam
203 953 266 973 esse
293 947 363 980 apud
386 953 415 973 se
441 954 552 978 arcana,
573 951 600 974 et
622 955 672 973 nou
688 949 845 980 permittere

65 980 188 1017 omnibus
202 985 244 1017 _ut
265 988 296 1008 ea
313 981 412 1017 scripta
437 980 549 1017 legant.
563 991 572 1008 ι
605 981 642 1008 De
667 981 845 1017 Pythagoreis

65 1016 183 1049 qu'mdam
198 1015 256 1048 jam
276 1016 464 1043 adnotavimus
481 1016 514 1043 ⁸⁸.
534 1015 618 1049 Quam
644 1015 738 1044 severe
754 1015 844 1043 autem

66 1051 90 1077 in
104 1050 215 1084 hujusce
232 1051 407 1086 Pythagoreas
428 1051 460 1078 de
478 1052 647 1078 occultandis
664 1053 720 1079 suis
737 1053 846 1086 dogma-

66 1086 133 1121 tibus
155 1086 222 1120 legis
235 1087 461 1121 praevariCatores
476 1087 748 1118 animadverteretur,
773 1092 846 1121 patet

67 1120 208 1155 Hipparchi
235 1120 370 1155 exemplo,
391 1122 461 1155 quod
490 1129 504 1148 a
528 1121 665 1149 Clemente
690 1123 733 1149 his
756 1120 846 1149 verbis

67 1161 172 1189 ponitur
185 1156 230 1183 "z
253 1165 261 1182 ι
282 1156 366 1183 Αἰιιιιῑ
383 1156 565 1191 Hipparchum
582 1156 779 1191 Pythagoreum
800 1164 846 1184 ac-

67 1195 186 1218 cusatum
218 1192 291 1225 quod
322 1197 415 1225 aperte
440 1192 593 1226 scripsisset
617 1192 723 1219 decreta
748 1191 847 1225 Pytha-

68 1233 145 1259 gorae,
159 1227 303 1260 expulsum
316 1226 402 1254 fuisse
413 1235 427 1253 a
448 1226 551 1258 schola,
561 1231 588 1253 et
600 1228 634 1253 ob
648 1227 672 1253 id
686 1227 771 1261 ipsum
785 1231 845 1253 tan-

67 1268 143 1294 quam
162 1267 270 1288 tuortuo
287 1262 442 1296 impositam
467 1262 619 1288 columnam
644 1261 737 1289 fuisse.
759 1271 769 1287 ι
792 1262 847 1288 Nec

68 1296 160 1323 mirum
175 1304 254 1324 sane.
276 1296 392 1328 Etenim,
409 1301 439 1323 ut
458 1297 497 1324 ait
509 1296 638 1332 Origenes
650 1297 696 1329 '7}:
717 1306 726 1322 ι
743 1296 846 1332 Pytha-

69 1338 204 1367 goreorum
219 1332 327 1366 quidem
344 1333 495 1359 veneranda
511 1331 603 1358 schola
619 1333 735 1367 ponebat
753 1339 847 1359 coeno-

69 1366 154 1399 taphia
168 1367 318 1401 disciplinae
335 1375 390 1394 suae
408 1367 604 1398 desertoribus,
621 1366 754 1394 nimirum
775 1367 846 1400 quod

71 1400 195 1428 haberent
212 1400 260 1429 eds
274 1410 322 1436 pro
334 1408 456 1429 mortuis.
476 1411 486 1427 ι
505 1405 538 1428 At
552 1402 584 1436 de
606 1401 758 1436 Hipparcho
772 1402 847 1428 vide-

70 1435 104 1473 sis
115 1435 225 1472 lilenagii
241 1435 422 1464 in’Laertium
436 1438 470 1465 de
478 1437 536 1464 Vita
556 1435 724 1473 Pytliagorm,
745 1437 758 1472 §
783 1436 845 1468 '558,

69 1470 276 1499 observationes.

104 1505 241 1542 Secundus
255 1512 314 1542 post
330 1507 512 1542 Pythagoreos
527 1515 540 1535 a
557 1507 698 1536 Clemente
710 1507 785 1534 Plato
797 1514 846 1542 ap-

70 1540 178 1580 pellatur
193 1542 228 1580 ν,
245 1540 335 1580 quem
352 1540 521 1580 inuigiuatice
543 1548 570 1580 et
583 1543 746 1580 parabolice,
765 1540 847 1577 atque

71 1577 352 1613 iilcircorobscuritatis
364 1578 477 1605 latebris
490 1577 611 1613 quaedam
628 1579 780 1604 occultasse
793 1585 845 1604 non

71 1611 150 1637 solum
167 1612 221 1645 hic,
242 1616 290 1639 sed
314 1614 392 1648 paulo
408 1618 471 1640 ante
488 1611 616 1641 ostendit.
641 1613 717 1646 Quod
735 1612 844 1647 quidem

71 1653 99 1672 ex
113 1654 171 1674 mox
185 1648 308 1676 dicendis
323 1648 493 1675 manifestum
508 1649 597 1676 adlmc
612 1649 666 1675 tiet.

87 1682 307 1720 _Ad__l-Zpicurum
334 1691 415 1718 porro
442 1684 513 1718 quod
538 1685 645 1720 attinet,
657 1682 798 1720 ‘Laertius
819 1683 845 1709 in

72 1717 125 1753 ejus
137 1717 194 1744 Vita
219 1723 315 1745 narrat
334 1717 424 1753 ipsum
443 1717 545 1746 dixisse
559 1719 605 1745 ηε
627 1727 636 1744 ι
655 1717 780 1745 Scholam
797 1719 846 1744 lia-

72 1751 194 1791 hiturum,
210 1761 265 1780 non
281 1751 388 1791 sane—ut
402 1754 542 1791 ingentem
560 1754 740 1789 frequentiam
755 1759 847 1788 cogat,

72 1789 296 1822 recitaturumque
311 1789 337 1815 in
355 1789 539 1822 multitudine,
563 1791 609 1816 sed
635 1796 688 1816 non
710 1793 816 1822 sponte.
834 1798 844 1815 ι

106 1820 198 1850 Utrum
224 1820 313 1850 autem
340 1831 373 1851 eo
394 1823 519 1851 Clemens
532 1820 697 1855 ’collinearit,
713 1820 847 1858 expende,

73 1863 168 1894 quaeso,
182 1862 211 1885 et
225 1859 380 1892 pronuntia,
405 1864 546 1894 postquam
563 1859 661 1892 legeris
674 1858 805 1886 Gasseudi
821 1859 846 1885 in

73 1891 137 1919 hunc
150 1892 251 1919 Laertii
273 1894 371 1926 locum,
402 1891 482 1921 tom.w
496 1895 526 1927 V,
551 1891 612 1929 pag.
644 1893 704 1926 118,
733 1898 809 1920 notas
822 1898 849 1920 et

73 1929 326 1956 animadversiones.

104 1963 248 1990 Auctorem
266 1971 329 1991 vero
343 1969 464 1992 nostrum
478 1971 643 1997 sequamur:
662 1972 671 1988 ι
693 1963 847 1997 Quinetiam

73 1997 160 2030 Stoici,
183 1998 273 2032 inquit
288 1999 322 2032 '°,
336 2001 430 2026 dicunt
444 2008 459 2027 a
483 1999 589 2026 Zenone
613 2000 700 2033 primo
724 2000 848 2033 quaedam

74 2033 149 2060 fuisse
159 2034 329 2068 conscripta,
346 2041 406 2069 qua:
420 2042 473 2062 non
491 2035 571 2061 facile
581 2035 741 2068 permittunt
760 2034 849 2068 legere

74 2069 216 2102 discipulis,
228 2076 342 2104 quorum
356 2077 409 2097 non
426 2070 502 2104 prius
517 2070 598 2096 fuerit
611 2069 711 2096 factum
735 2069 769 2095 ab
781 2070 848 2103 ipsis

74 2104 232 2138 periculum,
254 2112 288 2132 an
313 2112 442 2140 germane
470 2110 497 2132 et
522 2106 629 2132 sincere
654 2104 848 2139 philosophen-

75 2143 123 2165 tur.
143 2147 152 2164 )

106 2174 239 2208 Duplicem
250 2175 411 2210 scriptorum
429 2175 548 2202 Zenonis
559 2174 711 2210 catalogum
726 2173 850 2202 Laertius

74 2214 241 2244 repraesentat
255 2211 277 2226 "
289 2209 361 2242 {sed
375 2218 489 2245 quorum
506 2211 648 2237 lectionem
666 2209 750 2236 Stoici
765 2210 849 2237 disci-

75 2245 137 2280 pulis
150 2245 217 2278 ejus,
230 2246 281 2273 nisi
302 2246 375 2280 prius
389 2246 519 2280 probatis,
545 2245 624 2272 facile
644 2252 697 2271 non
720 2246 850 2279 permise-

76 2271 583 2316 iintLtacitus-Vprgtcrmisitr9'.than
597 2271 741 2316 difﬁciliter
757 2284 846 2307 autem
865 2271 888 2298 Ῑ)

75 2313 147 2350 267
160 2316 238 2342 nobis
250 2313 425 2351 pcrsuadebis
437 2323 484 2343 eos
504 2315 587 2342 fuisse
610 2323 679 2350 quos
693 2315 736 2342 ille
756 2321 847 2349 poste-

76 2356 134 2384 riori
147 2350 205 2378 loco
220 2358 353 2384 recenset,
370 2351 473 2378 scilicet
486 2351 518 2378 de
533 2351 634 2384 nuptiis
651 2355 678 2377 et
697 2351 730 2377 de
751 2351 850 2377 amori-

77 2383 129 2422 bus,
146 2387 185 2413 vel
201 2385 240 2412 De
255 2386 386 2420 republica
401 2387 496 2418 libros,
511 2383 633 2420 quoéqne
643 2386 769 2413 Laertius
786 2393 847 2422 eum

77 2420 99 2445 iu
123 2423 206 2448 cauda
230 2422 316 2454 cauis,
342 2422 446 2449 Tullius
472 2428 559 2448 autent
587 2422 676 2448 minus
699 2420 850 2448 verecunde

76 2456 206 2490 scripsisse
216 2457 402 2484 testificantur.

110 2489 282 2519 t’Aristotelei
297 2499 414 2527 qucque,
427 2491 515 2527 pergit
527 2491 652 2518 Clemens
661 2490 699 2527 9’,
710 2489 803 2517 dicunt
815 2498 849 2518 ex

77 2525 126 2562 suis
143 2527 250 2562 scriptis
273 2527 325 2554 alia
344 2525 452 2562 quidem
472 2525 531 2554 csse
552 2525 714 2562 ὲσωτερικά,
733 2527 850 2558 interna,

77 2560 124 2586 alia
137 2560 369 2589 vero'comtnunia
396 2567 424 2589 et
444 2567 564 2589 externa.
584 2571 594 2588 ι
612 2560 664 2588 seu
686 2563 743 2588 haec
772 2561 851 2595 paulo

78 2596 148 2631 aliter
160 2602 188 2624 et
210 2597 295 2624 fusius
320 2598 354 2624 ab
377 2598 438 2624 Aul.
456 2597 542 2625 Gellio
557 2597 597 2624 sic
620 2597 789 2631 explicantur
802 2596 826 2612 "
843 2605 850 2624 :

78 2630 330 2666 Commentationum
346 2640 457 2659 suarum
469 2633 636 2666 artiumque,
654 2630 721 2666 quas
734 2632 851 2666 discipu-

79 2664 108 2702 lis
129 2668 181 2695 Suis
213 2667 337 2695 tradebat
365 2668 524 2695 Aristoteles
552 2664 743 2701 philosophus,
780 2664 851 2702 regis

79 2700 215 2731 Alexandri
228 2704 366 2738 magister,
379 2703 446 2730 duas
461 2700 566 2738 species
592 2700 720 2730 habuisse
741 2700 849 2729 dicitur.

110 2782 130 2819 ’λ’
142 2792 220 2812 serm.
237 2784 283 2817 6L,
307 2792 369 2819 pag.
388 2785 453 2812 612.

160 2828 189 2847 ιιι
219 2814 316 2848 Contr:
337 2814 429 2853 Cels,
452 2829 514 2856 pag.
540 2821 604 2848 454.

79 2850 99 2890 ³-⁸
115 2854 209 2882 Strotn.
226 2856 245 2883 ι.
259 2864 288 2887 v.
304 2863 330 2890 p,
344 2856 407 2883 575.
422 2850 427 2853 ’
446 2850 468 2871 οἰ
484 2850 504 2883 Π
521 2864 557 2884 vn
585 2857 611 2884 in
628 2856 686 2883 Vita
702 2856 817 2888 Zenon.,

80 2887 163 2923 ᾼιιιρη
173 2898 196 2918 c.
209 2892 236 2920 5.
273 2891 296 2906 ⁹⁸
305 2887 407 2918 Strom.
419 2891 438 2918 Ι.
446 2899 471 2923 v,

81 2921 96 2949 Ι.
110 2930 142 2956 tv.
157 2921 184 2959 p.
200 2926 261 2954 492.
312 2927 335 2943 θ’
347 2927 424 2960 ibid.,
438 2934 464 2962 p.

507 2785 644 2814 “Strom.
667 2785 713 2813 lib.
734 2793 761 2819 v,
783 2793 845 2821 pag.
866 2785 929 2813 575.

670 2822 693 2837 ⁸³
722 2822 825 2849 Strom.
845 2821 864 2848 l.
885 2829 919 2854 ν,

833 2855 976 2891 §4e156.

528 2891 590 2920 575.
627 2892 650 2908 "
659 2892 760 2920 Strom.
772 2892 790 2919 Ι.
813 2889 844 2926 ις

515 2928 542 2954 2.

905 2894 948 2920 U9.
986 2892 1007 2908 ⁹⁷
1022 2899 1040 2919 ι.
1052 2891 1081 2919 ιν
1092 2891 1128 2918 De
1138 2891 1225 2919 Graec.
1238 2891 1323 2918 aerct.
1336 2898 1406 2923 cun,
1416 2898 1442 2925 p.
1454 2889 1515 2918 489.
1554 2889 1576 2905 ⁸⁸
1587 2891 1686 2918 διιθιιι.

902 283 1017 317 pellabat
1027 282 1187 318 ὰκροατικά.
1212 282 1376 318 Ἐξωῖερικά
1390 283 1561 313 dicebantur,
1577 289 1637 316 qum
1649 283 1683 310 ad

901 316 1052 345 rhetoricas
1066 316 1267 348 meditationes,
1285 316 1441 344 facultatem
1458 318 1624 351 argutiarum
1645 318 1684 343 ci-

900 353 1047 387 viliumque
1063 361 1153 380 rerum
1167 352 1499 388 notitiamconducebant.
1521 352 1684 388 Ἀκροατικά

901 392 990 415 autem
1005 388 1180 418 vocabantur,
1202 387 1228 413 in
1248 387 1345 420 quibus
1369 387 1535 421 philosophia
1554 388 1684 414 remotior

901 423 1081 457 subtiliorque
1095 423 1256 456 agitabatur,
1270 429 1386 456 qumque
1397 423 1429 448 ad
1447 427 1550 448 natur:c
1561 427 1683 449 conteru-

921 459 1032 485 lationes
1056 458 1301 491 disceptationesve
1319 457 1474 484 dialecticas
1499 457 1680 491 pertinebant.

921 466 1032 485 taliones
1056 466 1301 491 disceptationesve
1319 466 1474 484 uiaiecucas
1499 466 1680 491 pertinenant.

901 466 969 520 riuic
993 492 1158 526 disciplinac,
1174 500 1253 527 quam
1279 492 1348 518 dixit
1368 493 1550 527 ἀκροατικήν,
1578 497 1683 526 tempus

900 530 1059 555 exercendae
1077 528 1156 554 dabat
1171 528 1198 553 in
1213 526 1294 561 Lycio
1312 526 1490 559 matutinum;
1507 526 1556 553 nec
1572 528 1606 554 ad
1620 535 1681 553 eam

900 571 1061 598 quemquam
1087 567 1188 589 temere
1210 561 1380 598 admittebat,
1406 562 1456 589 nisi
1479 570 1593 598 quorum
1619 568 1683 598 ante

900 596 1037 633 ingenium
1050 603 1077 624 et
1087 596 1250 623 eruditionis
1261 596 1404 633 elementa,
1419 602 1501 633 atque
1513 597 1539 624 in
1553 597 1682 633 discendo

900 631 1017 660 studium
1033 633 1207 666 laboremque
1223 631 1399 665 explorasset.
1422 631 1480 659 Illas
1498 639 1562 659 vero
1582 631 1681 664 ἐξωτε-

919 668 980 700 ικάς
996 668 1146 694 auditiones
1159 668 1371 701 exercitiumque
1399 667 1505 694 dicendi
1533 667 1628 694 eodetn
1654 667 1681 693 in

909 712 958 730 oro
975 703 1077 736 vesperi
1091 702 1216 734 faciebat,
1231 709 1333 736 easque
1358 702 1437 734 vulgo
1456 702 1600 736 juvenibus
1622 702 1680 728 sine

900 739 1004 766 delectu
1019 735 1166 772 pratbebat.
1186 746 1201 772 γι
1227 735 1333 772 Videsis
1353 735 1490 772 variorum
1513 737 1584 763 huttc
1600 737 1625 763 in
1641 736 1682 763 lo-

899 781 971 805 cum,
989 777 1016 800 et
1029 773 1054 799 in
1070 772 1169 799 Laertii
1185 771 1248 800 libr.
1264 779 1280 798 v
1301 771 1429 807 Menagii,
1453 771 1466 808 §
1488 771 1537 798 197
1563 776 1590 798 et
1609 779 1681 806 seq.,

898 808 1110 835 observationes.

934 844 1004 876 Quid
1021 850 1086 869 vero
1102 841 1173 876 quod
1189 841 1341 876 philosophi
1367 841 1482 875 fabulas,
1506 849 1559 868 non
1585 848 1681 869 omnes

899 883 1000 910 tamen,
1021 878 1166 911 allegorica
1189 885 1268 904 sensu
1290 877 1458 910 exponendo,
1486 878 1612 911 dogmata
1632 884 1681 903 sua

897 913 1023 940 velabant
1040 912 1235 947 tegebantque?
1251 911 1290 939 Ex
1306 912 1347 938 bis
1362 917 1451 939 autem
1470 912 1599 946 quasdam
1619 911 1681 938 Cle-

897 956 973 975 mens
991 953 1114 975 recenset
1141 947 1173 979 ”,
1199 955 1259 982 quae
1280 947 1349 981 apud
1376 947 1516 974 Platonem
1545 947 1680 982 leguntur,

896 983 1101 1012 lleriArmeuii.
1124 983 1157 1009 de
1177 981 1229 1014 qua
1246 982 1290 1009 ille
1306 987 1372 1008 tom.
1390 982 1421 1014 ll,
1442 983 1511 1009 libro
1531 990 1547 1008 x
1578 981 1617 1007 De
1643 989 1682 1008 re-

895 1019 981 1052 publ..
994 1025 1054 1052 pag.
1071 1017 1142 1049 2M;
1164 1016 1242 1043 Aiaci
1264 1022 1291 1044 et
1319 1017 1496 1044 Hhadatnanti
1521 1022 1584 1043 tom.
1611 1016 1630 1043 Il
1654 1016 1680 1043 in

896 1054 1003 1088 Gorgia,
1014 1060 1075 1086 pag.
1088 1053 1141 1078 5‘25
1154 1057 1181 1088 et
1193 1052 1263 1084 5’25;
1278 1052 1425 1088 Tartariﬁin
1436 1052 1567 1088 Placitone
1583 1057 1648 1088 tom.
1661 1052 1680 1082 Ι,

896 1085 992 1123 pagina
1002 1085 1160 1119 liliietlIS;
1171 1087 1322 1123 Promethei
1342 1092 1368 1113 et
1381 1087 1530 1121 Epimethei
1547 1085 1683 1123 ittrProta-

895 1121 960 1158 pora
978 1128 1042 1150 tom.
1059 1123 1078 1149 ll
1097 1130 1156 1156 pag.
1174 1122 1225 1148 520
1244 1127 1271 1148 et
1287 1129 1362 1155 seq.;
1391 1123 1508 1157 denique
1528 1121 1597 1158 belli
1612 1121 1683 1148 inter

897 1156 1051 1184 'Atlantiuos
1075 1162 1102 1184 et
1128 1157 1310 1184 Athenienses
1328 1158 1353 1184 in
1378 1156 1517 1185 Atlantico
1532 1156 1599 1190 gesti
1616 1161 1681 1183 tom.

896 1193 938 1223 HI.
955 1201 1015 1227 pag.
1029 1192 1079 1219 ΗΕ
1091 1197 1118 1219 et
1130 1199 1188 1226 seq.

931 1226 1084 1261 Antequam
1107 1228 1169 1254 huic
1194 1227 1227 1253 de
1249 1227 1352 1254 Graecis
1371 1226 1537 1261 philosophis
1563 1228 1682 1255 sermoni

898 1263 977 1290 finem
993 1263 1173 1296 imponamus,
1190 1270 1251 1288 cum
1272 1262 1410 1289 Clemente
1436 1268 1530 1288 nostro
1554 1264 1684 1290 adnotan-

897 1300 959 1326 dum
981 1303 1023 1324 cst
1035 1306 1087 1325 non
1099 1297 1184 1324 solum
1202 1297 1286 1327 viros.
1302 1297 1347 1324 sed
1360 1297 1441 1323 etiam
1459 1297 1588 1324 mulieres
1606 1305 1683 1325 suam

897 1332 1047 1360 contulisse
1079 1333 1103 1359 in
1140 1331 1534 1367 philosophicasdisciplinas
1561 1339 1681 1366 operam.

899 1377 908 1394 ι
929 1368 1057 1403 Didymus
1070 1366 1240 1403 enim',_rsicut
1254 1368 1323 1394 idem
1339 1366 1512 1403 Cleinens_ait
1524 1367 1557 1399 9‘,
1575 1367 1683 1403 inlibro

897 1403 936 1430 De
954 1401 1119 1436 philosophia
1146 1401 1324 1437 Pythagorica
1351 1401 1434 1428 refert
1461 1401 1572 1428 Theano
1588 1402 1684 1429 Croto-

898 1438 1026 1465 niatidem
1052 1438 1164 1472 primatu
1188 1445 1220 1464 ex
1240 1437 1400 1464 mulieribus
1422 1443 1488 1472 esse
1509 1437 1684 1471 philosopha-

898 1478 991 1500 tamet
1007 1471 1146 1506 scripsisse
1168 1477 1302 1507 poemata.
1324 1481 1333 1497 ›
1352 1471 1415 1504 Quae
1426 1471 1535 1505 quidem
1551 1472 1683 1500 Hervetus

897 1508 1057 1544 negatalibi
1069 1515 1231 1544 occurrere,
1250 1507 1384 1544 imoqvero
1411 1512 1556 1544 utrumque
1578 1507 1681 1544 falsum

897 1541 957 1570 esse
969 1542 1109 1576 Menagius
1125 1543 1256 1569 audacter
1269 1542 1395 1569 atlirmat.
1418 1541 1453 1568 At
1467 1542 1602 1576 quomodo
1617 1542 1682 1569 illud

899 1583 973 1606 tanta
989 1578 1151 1605 confidentia
1162 1578 1214 1604 dici
1230 1583 1319 1611 potest
1336 1584 1387 1603 non
1408 1584 1468 1603 esse
1488 1584 1592 1607 verum,
1611 1578 1683 1611 quod

897 1622 912 1640 a
928 1614 1010 1641 Suida
1024 1618 1076 1639 tam
1092 1613 1191 1639 diserte
1208 1613 1249 1639 his
1266 1612 1355 1638 verbis
1373 1612 1505 1638 asseritur
1520 1622 1526 1638 :
1543 1621 1552 1637 t
1573 1611 1684 1638 Theano

897 1649 1007 1680 Cressa,
1025 1648 1082 1675 sive
1102 1647 1257 1679 Cretensis,
1283 1647 1462 1681 philosopha,
1493 1646 1546 1673 filia
1574 1648 1684 1681 quidetn

897 1683 1084 1719 Pythonactis,
1107 1690 1174 1709 uxor
1187 1690 1251 1709 vero
1259 1682 1559 1719 _majoris_Pytliagora2_.
1575 1689 1609 1719 ex
1630 1689 1685 1716 quo

897 1716 1017 1753 suscepit
1031 1718 1187 1753 Tclangetn,
1207 1723 1234 1745 et
1258 1716 1457 1748 Mnesarchum,
1486 1716 1641 1753 etAlilyiatn,
1659 1721 1686 1743 et

896 1751 1070 1788 Arigu'otem.
1092 1752 1207 1785 Quidam
1223 1760 1287 1779 vero
1302 1753 1397 1779 dicunt
1410 1752 1494 1788 ipsam
1513 1751 1595 1788 fuisse
1615 1759 1684 1788 uxo-

898 1786 960 1816 rem_
970 1788 1086 1816 Cratini.
1104 1788 1233 1815 Scribunt
1246 1791 1337 1814 autem
1359 1795 1418 1814 eam
1443 1786 1528 1814 fuisse
1544 1786 1685 1814 Crotonia-

899 1825 969 1852 dem.
990 1822 1108 1857 Scripsit
1126 1824 1338 1849 commentarios
1354 1822 1571 1856 philosophicas,
1587 1827 1686 1856 etapo-

897 1860 1088 1893 phthegmata,
1109 1862 1137 1884 ct
1157 1865 1251 1892 poema
1273 1857 1409 1891 quoddam
1436 1857 1566 1884 versibus.
1594 1866 1602 1882 ι
1626 1859 1686 1884 Non

898 1893 1097 1928 philosophicos
1117 1899 1206 1919 autem
1235 1897 1338 1928 tantum
1354 1893 1435 1919 libros
1448 1899 1597 1928 poemaque
1620 1900 1686 1919 con-

898 1927 1019 1963 Scripsit,
1041 1935 1132 1963 verpm
1145 1928 1226 1954 etiarn
1244 1936 1253 1952 ι
1269 1927 1437 1963 Pythagoras
1445 1927 1577 1959 scholam,
1593 1934 1627 1954 eo
1635 1928 1687 1963 ge-

898 1954 1062 1996 fuitcto,'ait
1075 1962 1263 1989 Theodorctus
1281 1954 1314 1994 θ’,
1334 1954 1402 1988 ιιῖοι·
1418 1962 1528 1988 Theano
1550 1954 1612 1988 cum
1633 1962 1686 1989 Te-

898 1999 976 2033 lange
987 2006 1019 2025 ac
1030 1997 1193 2033 Mnesarcho
1209 1997 1281 2033 filiis,
1300 1997 1597 2033 regeiidaanuscepit.
1617 2007 1627 2033 ι
1650 2000 1687 2024 At

898 2031 978 2061 facile
992 2033 1174 2063 concedimus,
1188 2031 1309 2066 iuquient
1323 2032 1417 2064 aliqui,
1438 2031 1551 2066 Theano
1573 2032 1685 2065 scriptis

898 2074 926 2096 et
940 2075 1017 2100 voce,
1030 2072 1112 2102 atque
1130 2067 1212 2094 etiam
1227 2065 1358 2101 'publicis
1380 2066 1406 2092 in
1435 2065 1540 2102 scholis
1562 2067 1686 2094 docuisse

899 2103 1096 2138 philosophiam
1109 2111 1115 2128 :
1129 2103 1176 2129 sed
1189 2109 1247 2128 eam
1261 2101 1381 2138 omnium
1404 2101 1547 2138 mulierum
1568 2102 1684 2138 primam

900 2135 985 2166 l‘oisse
1007 2135 1230 2172 'philosophatam
1251 2137 1330 2170 plane
1354 2144 1414 2163 cuin
1445 2135 1686 2170 Menagio’inficiac

900 2183 972 2201 mur.
993 2171 1120 2201 Cedimus
1135 2177 1163 2199 et
1184 2179 1232 2198 nos
1253 2172 1276 2198 si
1300 2171 1394 2202 aliam,
1417 2175 1476 2207 quae
1506 2172 1582 2205 prius
1603 2179 1684 2206 quam

901 2210 1011 2237 Theano
1042 2207 1229 2242 pltilosophata
1257 2207 1356 2239 fuerit,
1384 2207 1461 2233 nobis
1486 2206 1684 2240 designavcris.

901 2245 1000 2272 Eodem
1017 2250 1123 2278 quoque
1148 2243 1227 2269 modo
1250 2243 1283 2269 de
1299 2242 1469 2275 poematibus
1484 2246 1684 2278 argumentan-

901 2281 964 2307 dum
979 2276 1032 2306 est;
1048 2276 1180 2305 thterum
1198 2278 1322 2304 Clemens
1336 2284 1387 2303 non
1406 2277 1430 2303 id
1445 2276 1556 2310 quidem
1577 2283 1687 2303 asseve-

901 2319 993 2342 ranter
1007 2313 1135 2347 atlirmat,
1151 2313 1198 2340 sed
1219 2318 1314 2340 testem
1340 2313 1406 2338 citat
1427 2311 1582 2347 Didymum,
1609 2312 1687 2346 cujus

901 2350 967 2377 fides
985 2355 1013 2376 et
1029 2350 1176 2375 auctoritas
1190 2356 1205 2374 a
1221 2349 1329 2374 nemine
1347 2349 1479 2374 hactenus
1503 2346 1610 2373 elevata
1633 2351 1685 2374 est.

937 2386 1064 2417 Quaedam
1082 2391 1187 2419 quoque
1206 2383 1336 2419 Clemens
1349 2390 1381 2409 ex
1397 2381 1511 2419 hujusce
1527 2381 1685 2419 proculpdu-p

902 2419 946 2446 hio
964 2417 1392 2450 Theanus’commentationibus,
1418 2418 1529 2451 perinde
1550 2424 1582 2444 ac
1608 2417 1631 2444 si
1652 2417 1686 2443 ad

903 2463 1013 2481 manum
1042 2455 1103 2482 illas
1125 2454 1274 2486 habuisset,
1301 2453 1334 2479 de
1355 2453 1452 2479 attinnt:
1483 2452 1687 2479 immortalitate

900 2490 982 2517 verba
1008 2489 1048 2517 sic
1073 2489 1155 2517 refert
1172 2488 1195 2504 "
1220 2498 1227 2515 :
1255 2497 1265 2514 ί
1291 2488 1400 2519 Scribit,
1428 2487 1553 2522 γράφει,
1576 2487 1687 2514 Theano

901 2524 1079 2560 Pythagorica
1099 2534 1105 2551 :
1129 2533 1138 2550 t
1163 2522 1240 2550 Esset
1274 2530 1368 2560 revera
1394 2527 1472 2560 matis
1494 2528 1546 2548 vita
1565 2523 1685 2560 epulum,

903 2558 1000 2594 t'qui‘
1029 2564 1171 2594 postquam
1211 2559 1303 2586 omnia
1340 2558 1539 2594 commiserunt
1570 2558 1686 2588 scelera,

901 2606 910 2621 l
936 2593 1033 2622 deinde
1046 2600 1208 2621 moriuntur.
1225 2594 1258 2620 Et
1273 2594 1295 2619 si
1312 2600 1365 2620 non
1383 2599 1456 2620 esset
1471 2593 1560 2620 anima
1576 2593 1688 2620 immor-

902 2640 911 2656 ι
936 2630 1008 2662 talis,
1023 2637 1095 2656 mors
1111 2634 1184 2656 essct
1205 2629 1320 2655 lucrum.
1341 2637 1351 2654 ι

935 2665 1020 2698 Quam
1037 2665 1162 2699 pudicam
1188 2671 1281 2699 porro,
1307 2663 1478 2699 philosophia
1502 2663 1585 2695 duce,
1602 2662 1686 2689 vitam

900 2701 945 2728 illa
956 2698 1073 2732 duxerit,
1090 2698 1197 2734 planum
1214 2699 1340 2727 Clemens
1353 2698 1419 2725 facit
1435 2699 1470 2731 ”,
1486 2698 1565 2725 sicuti
1577 2706 1611 2725 ex
1622 2699 1688 2725 duo-

979 2785 1002 2801 ⁸⁵
1022 2793 1089 2828 sup.
1107 2784 1236 2828 capuli,
1259 2784 1349 2825 artas.

942 2829 1002 2856 pag.
1039 2821 1100 2848 572.
1168 2821 1191 2836 ¹⁹
1218 2821 1236 2847 Ι.
1263 2828 1278 2847 x
1314 2821 1341 2847 in
1363 2821 1449 2847 Vital

942 2857 976 2884 i6.
1021 2857 1043 2872 "
1060 2856 1124 2882 ibid.
1161 2855 1185 2871 "
1197 2855 1329 2888 Strom.v,
1342 2863 1370 2889 p.
1386 2855 1449 2882 575.

1403 2784 1426 2800 "
1437 2784 1514 2816 ibid.,
1539 2790 1601 2817 pagi.
1624 2783 1686 2811 57‘.

1168 2820 1191 2836 ”
1218 2816 1236 2847 Ι.
1263 2828 1278 2847 x
1314 2820 1341 2847 in
1363 2820 1422 2847 Vita
1442 2816 1599 2854 Epicurlfﬁ
1625 2818 1683 2846 121.

1168 2855 1185 2871 ’³
1197 2855 1329 2882 Strom.v.
1343 2863 1370 2882 n.
1386 2855 1449 2882 575.
1489 2854 1510 2871 "
1526 2854 1545 2882 l.
1561 2861 1596 2881 ιχ
1610 2853 1684 2881 Noct.
