1916 3071
24 172 103 200 i529

63 231 171 260 Prima
187 231 264 258 Ceres
279 240 345 258 miro
359 231 446 266 glebas
460 231 566 258 dimovit
582 237 684 264 aratro,

67 267 169 294 Prima
185 267 256 293 dedit
273 267 563 302 frttgesrolimemaque
578 267 652 293 milia
668 267 757 299 terris,

67 302 170 329 Prima
185 302 256 329 dedit
269 303 352 336 leges;
365 301 466 328 Cereris
478 307 538 328 sunt
552 302 640 329 omnia
651 310 757 328 munus.
791 319 796 335 ,

64 338 127 364 Sed
142 338 200 364 hate
221 345 273 364 non
296 337 384 364 minus
404 336 469 363 falsa
489 342 562 368 sunt,
586 342 667 370 atque
682 344 696 363 ει
712 338 827 371 paganis

24 373 109 403 icta.
128 380 212 407 quain
233 371 377 399 Zaleucum
401 372 472 406 leges
492 379 505 398 a
531 372 651 398 Minerva
677 373 826 407 accepisse.

26 409 203 435 ’lutarchns
218 407 289 434 enim
303 407 336 434 de
360 407 430 434 illius
450 407 620 441 aliorumque
643 407 826 441 lcgislatoriun

24 443 166 470 :Imiliari
177 450 237 469 cum
253 442 306 469 Deo
315 441 447 476 colloquio
457 442 514 468 haec
525 442 550 468 in
561 442 642 469 verba
652 442 777 470 disseruit
787 443 824 470 ὀε

57 478 118 505 Sed
137 486 199 505 cum
219 478 260 504 his
277 478 355 504 ﬁdem
372 477 530 508 habeamus,
546 477 633 511 quid?
647 476 714 503 Num
725 478 826 506 abnue-

24 521 92 540 ntis
111 513 241 545 Zaleuco,
264 512 364 542 Minoe,
390 511 544 544 Zoroastre,
568 513 664 543 Numa,
691 512 824 547 Lycurgo,

31 556 120 583 egna
137 548 342 575 moderantibus
357 553 384 574 et
403 547 630 583 constituentibus
648 548 822 581 respublicas,

24 582 116 610 )einn
144 591 223 610 usuin
246 582 436 609 l'atniliariter?
454 582 494 608 An
509 590 574 609 vero
595 583 683 616 potius
704 590 765 609 cum
783 584 824 611 his

24 619 96 646 lcos
113 619 249 649 dicemus,
276 623 305 644 ut
332 623 407 644 recta
429 621 575 650 suggerant
598 618 632 644 iis
646 622 672 644 et
687 624 822 651 moneant,

29 661 91 680 sse
105 652 183 680 serio
201 660 380 686 congressos:
400 653 486 686 poetis
498 660 564 679 vero
576 657 602 680 et
617 652 709 685 lyricis
725 653 823 681 vibris-

26 689 171 721 antibus,
188 688 210 714 si
229 694 318 714 tamen
335 695 463 722 unquam,
480 688 624 722 perlnsutn
646 688 755 714 l'rui.....
769 687 822 715 Sed

24 731 77 750 iee
94 723 185 751 altera
199 723 281 755 fama,
301 730 362 757 qtne
381 724 414 748 de
429 723 552 758 Lycurgo
563 727 591 750 et
609 722 741 758 similibus
757 723 822 751 viris

24 758 161 791 efertnr,
190 759 338 792 quidquam
362 758 442 784 habet
469 757 589 788 absurdi,
618 764 678 784 cum
705 757 821 786 ferocem

24 794 237 821 multitudinem
255 798 281 820 et
297 792 432 819 dilliciletn
451 797 611 822 tractarent,
633 792 768 827 multaque
795 794 821 821 ill

27 829 191 856 ivitatibns
203 828 259 855 suis
274 832 416 860 novarent,
435 833 603 854 commentos
618 827 713 860 fuisse;
730 832 757 855 ut
775 837 822 855 att-

28 866 190 890 loritatetn
208 863 326 890 divinam
346 863 506 890 adhiberent
527 863 579 890 illis
600 863 674 897 ipsis.
697 863 730 889 ad
755 871 821 897 quos

639 173 681 200 DE
700 171 810 200 LlBRIS
829 171 1057 203 STROMATUM.

839 232 866 262 Α
880 231 969 264 potius
978 239 1058 266 qttam
1074 232 1106 259 ad
1118 231 1264 260 Clementis
1275 233 1415 261 accedunt.
1425 233 1524 261 Verum
1538 235 1559 262 si
1577 235 1663 262 nullus

1596 177 1607 204 1
1614 177 1665 205 550

879 266 915 302 sit
929 266 956 292 in
973 267 1118 294 Clementis
1141 272 1214 294 textu
1233 274 1322 299 error,
1343 276 1421 296 nemo
1438 269 1487 296 hac
1507 269 1662 302 opinionum

879 301 1038 329 diversitate
1060 307 1214 338 moveatur;
1232 303 1451 338 quandoquidem
1475 301 1591 331 maiima
1613 305 1663 332 fuit

878 341 1011 374 veterum,
1029 341 1096 364 teste
1110 336 1313 374 Plutarchode
1330 336 1410 366 {elate
1425 338 1540 374 Lycurgi
1556 341 1663 367 dissen-

877 371 930 408 sio.
949 371 1060 406 Utrique
1084 379 1164 406 porro
1187 377 1239 399 tam
1256 372 1386 400 Clementi
1401 371 1482 408 quam
1506 373 1620 401 Tatiano
1636 375 1663 402 in

877 406 1017 443 assignato
1034 408 1162 434 Draconis
1171 412 1300 443 tempore
1313 406 1473 443 subscripsit
1488 409 1616 438 Petavius
1627 410 1661 442 ",

876 447 970 477 quem,
997 441 1018 469 si
1042 447 1130 477 vacat,
1152 442 1274 476 aliosque
1299 441 1522 477 chronographos
1538 445 1661 472 consule.

913 475 981 503 Huic
1009 477 1043 504 de
1063 475 1262 511 legislatoribus
1292 475 1415 505 sermoni
1429 475 1555 506 Clemens
1572 481 1662 507 conti-

876 516 974 547 nenter
986 512 1089 538 addidit
1102 512 1125 528 ’⁷³
1142 521 1148 538 :
1165 521 1175 538 ι
1195 512 1354 539 Antiloclms
1371 518 1474 544 autent,
1490 515 1535 547 qui
1552 515 1662 547 scripsit

875 545 910 584 de
931 546 1136 584 omnibus_viris
1148 548 1247 579 doctis,
1259 549 1273 574 ὁ
1287 548 1349 579 τοὺς
1359 547 1469 583 ἴστορας
1483 545 1661 584 τέραγμαιέευ-

875 580 1004 619 σάμενος,
1027 589 1045 619 a_
1057 581 1407 619 PythagorzeAaetateusque
1420 580 1453 610 ad
1471 580 1583 611 mortem
1596 585 1661 619 Epi-

875 617 943 647 curi,
957 624 1016 651 qua:
1033 616 1084 644 fuit
1099 617 1203 652 decimo
1215 616 1350 650 Octobris,
1363 616 1551 652 complectitur
1566 616 1662 647 omnes

875 654 1011 679 trecentos
1026 652 1166 687 duodecim
1188 651 1247 687 ἐτη.
1266 659 1361 679 annos.
1381 662 1391 678 ι
1417 651 1481 685 Qua:
1500 653 1592 680 ultima
1608 662 1661 682 vox

876 693 886 710 ι
904 693 990 714 annos
1009 696 1018 712 ι
1033 686 1059 713 in
1075 694 1186 720 operutn
1199 686 1345 714 Clementis
1359 689 1478 716 editione
1496 688 1660 717 Graeco-La-

874 721 930 748 tina
949 722 1140 757 typographico
1157 728 1250 749 errore
1261 722 1361 749 omissa
1379 728 1430 750 est.

908 756 948 783 Ad
963 757 1027 791 quid
1038 764 1116 794 ergo,
1137 757 1305 794 inquies,»ihi
1326 758 1369 784 illa
1389 757 1548 794 Pythagora;
1561 758 1659 794 Epicn-

873 790 951 825 rique
961 790 1080 829 mentio?
1094 792 1220 829 Nunquid
1228 792 1316 829 _ideo,_
1328 793 1391 829 quia
1409 790 1440 829 et
1460 790 1515 827 ipse
1528 790 1660 829 Pythago-

873 833 917 852 ras
933 835 942 851 ι
960 827 1043 861 leges.
1059 836 1068 852 ι
1083 832 1113 854 ιιι
1127 827 1215 860 inquit
1228 827 1352 854 Laertius
1365 828 1383 860 ί,
1400 837 1410 853 ι
1427 828 1500 856 Italis
1514 827 1600 862 dedit,
1614 827 1657 857 at-

873 869 926 895 que
943 868 1005 899 cuin
1027 862 1166 899 discipulis
1186 862 1278 899 clarus
1303 863 1410 890 habitus
1428 868 1479 896 est,
1507 865 1553 899 qui
1572 864 1659 892 ferme

24 904 77 925 sta
95 898 276 929 simulabant,
296 898 454 933 salutarem.
469 907 478 923 ι
491 898 573 925 Vides
587 898 676 932 itaque
686 905 745 932 qntc
757 900 822 926 lides
837 903 861 930 Β
874 897 988 933 trecenti
1003 897 1194 933 rempublicam
1209 897 1444 933 administrabant,
1457 899 1491 924 ita
1500 897 1658 933 prudenter,

24 934 160 960 tabenda
174 934 209 961 sit
223 934 274 964 his,
290 940 350 967 quae
370 933 405 959 de
419 932 543 968 Lycurgo
563 941 577 960 a
594 934 706 967 paganis
722 934 820 962 tradita

24 969 160 996 Ilemcns
185 969 275 995 retulit
289 969 331 995 ⁹¹τ
362 977 370 993 ι
392 968 542 1003 Lycurgum
566 969 690 995 srrihunt
713 970 822 997 assidue

24 1004 151 1038 Delphos
159 1009 267 1031 euntem
282 1003 470 1037 adApollinem
484 1004 556 1038 leges
565 1004 597 1030 ab
608 1011 641 1030 eo
649 1005 794 1037 accepisse.
809 1014 819 1030 ι

24 1041 93 1070 εικῆ
107 1040 220 1073 qnidetn
238 1039 295 1073 ipse
313 1038 472 1065 Plutarchus
495 1039 580 1065 iusius
599 1040 772 1072 prosequitur
785 1041 819 1066 θ’.

24 1075 203 1109 ξιιῖιρτονιειι
219 1074 251 1101 de
267 1080 393 1108 utroque,
406 1073 534 1100 nimirum
545 1073 633 1100 Minoe
648 1079 675 1100 et
685 1074 819 1109 Lycurgo,

24 1117 85 1136 ure
113 1110 214 1136 Strabo
245 1110 312 1136 satis
337 1114 431 1143 aperte
462 1113 489 1144 et
512 1109 627 1143 ingenue
650 1110 758 1144 scripsit
774 1110 818 1137 ”:

51 1145 148 1171 Minos
164 1152 210 1178 per
227 1145 400 1172 novennintn.
418 1148 447 1169 ut
463 1143 539 1170 Plato
553 1143 628 1175 dicit,
645 1144 670 1170 iii
685 1143 759 1171 Jovis
771 1153 820 1172 att-

24 1187 100 1204 l‘utll
117 1180 268 1211 descendit,
289 1185 315 1206 et
328 1179 362 1206 ab
374 1179 420 1206 illo
431 1183 563 1212 prtccepta
580 1180 695 1213 accepit,
709 1187 769 1214 qum
785 1182 819 1208 ad

24 1215 156 1241 totnines
170 1214 288 1242 alierret.
307 1215 407 1241 Eodem
432 1214 512 1240 tnodo
532 1214 670 1249 Lycurgus
686 1216 744 1247 ejus
759 1216 820 1242 inii-

24 1255 102 1275 atur
114 1250 180 1284 egit.
199 1249 263 1275 Nam
282 1257 354 1283 saepe
373 1249 560 1283 peregrinaris,
579 1257 610 1275 ea
624 1256 655 1276 ex
669 1249 764 1284 Pythia
778 1251 816 1277 in-

24 1284 146 1317 ellexit,
161 1292 220 1316 qum
237 1284 449 1312 Lacedzemoniis
466 1284 622 1316 itnperanda
645 1290 732 1311 erant.
757 1284 819 1313 Haec

24 1328 108 1352 |ll:ll|l
125 1327 189 1347 vera
212 1319 321 1350 fuerint,
337 1327 389 1346 non
409 1319 526 1352 disputo.
549 1328 558 1344 ι
578 1318 656 1346 Prius
668 1327 731 1346 vero
748 1321 819 1347 dixe-

27 1359 65 1381 at
78 1354 104 1370 9‘
126 1364 133 1381 :
150 1364 159 1380 ι
177 1355 317 1389 Lycurgus
332 1356 363 1380 ad
376 1354 545 1381 rondendum
565 1353 636 1388 leges
651 1362 680 1381 se
692 1356 817 1387 contulit,

24 1390 51 1415 id
74 1390 170 1420 delun,
189 1391 233 1424 qui
246 1391 315 1424 apud
328 1389 509 1425 DelphosAest,
523 1390 818 1425 cotntneans,’indeque

24 1426 158 1452 Italidum
176 1423 331 1460 asportans,
348 1425 418 1451 sicut
432 1423 518 1451 Minos
533 1432 567 1451 ex
588 1429 667 1451 antro
686 1424 760 1452 lovis
775 1423 818 1454 'se

24 1460 127 1486 .ti'vrre
143 1461 294 1494 prtetendit,
315 1469 324 1485 ι
341 1461 393 1487 etc'.

55 1496 284 1530 Quorsumergo,
297 1496 412 1529 inquies,
429 1495 478 1522 has
489 1494 646 1528 similesque
660 1494 764 1522 fabulas
778 1503 818 1522 se-

28 1531 64 1557 io
83 1531 165 1558 nobis
180 1531 303 1558 Clemens
320 1530 420 1557 referre
438 1534 464 1556 et
481 1535 605 1564 repetere
621 1538 672 1557 non
689 1531 816 1557 veretur?

25 1567 144 1605 Scilicet
163 1571 192 1593 ut
203 1574 324 1600 paganos
337 1565 449 1592 suismet
471 1565 575 1606 treliset
587 1566 671 1605 armis
686 1565 815 1593 conl'ode-
831 1577 852 1606 ο

26 1607 78 1632 et,
94 1602 217 1628 νίιιοιιτρι
233 1605 259 1628 t-t
277 1605 457 1635 expugnaret.
475 1600 514 1627 Ex
536 1600 578 1627 his
593 1600 741 1631 enimvero,
757 1608 817 1634 qua:

27 1636 154 1670 uterique
175 1636 211 1662 illi
228 1644 322 1664 omnes
337 1643 401 1662 vera
417 1643 477 1662 esse
499 1635 702 1667 existimabant,
718 1636 817 1670 plantis-

27 1673 126 1697 .imnni
141 1673 195 1705 ipse
210 1672 274 1698 iacit
290 1672 361 1706 ipsos
373 1671 451 1697 tidem
468 1670 599 1706 derogare
611 1670 708 1706 iisinon
725 1678 815 1704 posse,

28 1714 86 1740 ina:
102 1713 187 1733 cuina
202 1705 370 1734 Jndasis'tntn
383 1714 398 1732 a
412 1705 572 1733 Christianis
585 1707 617 1731 de
632 1705 722 1740 Moyse
737 1706 817 1733 Chri-

34 1748 126 1775 tuque
143 1741 265 1774 Domino,
281 1741 435 1775 divinisque
450 1748 545 1768 eorum
563 1740 693 1768 institutis
704 1741 817 1768 verissi-

29 1785 67 1803 ne
90 1777 269 1804 docebantur.

58 1811 129 1838 Pust
146 1813 202 1838 haec
214 1817 303 1839 autem
322 1811 358 1838 ita
371 1810 496 1838 Clemens
512 1810 603 1845 pergit
617 1810 640 1826 ”
658 1820 665 1837 :
683 1819 698 1846 tr
711 1810 805 1846 Lycur

31 1854 75 1878 :us
95 1847 188 1873 multis
200 1847 279 1873 annis
296 1851 356 1881 post
368 1847 476 1880 'l'rojatn
493 1851 609 1880 captant,
625 1846 671 1881 qui
689 1845 740 1873 fuit
750 1855 799 1873 cett

33 1890 83 1907 uiti
112 1886 141 1907 et
162 1882 358 1916 quinquaginta
373 1882 450 1908 annis
463 1887 525 1908 ante
545 1881 729 1916 Olytnpiades.
755 1882 816 1909 tulit

32 1924 102 1949 rges
119 1915 340 1944 Lacedaemoniis.
367 1916 468 1943 Dracon
490 1915 591 1947 autem,
618 1916 663 1950 qui
684 1916 741 1950 ipse
767 1915 817 1944 fuit

33 1951 180 1984 cgislator,
193 1953 330 1978 invenitur
341 1951 424 1978 fuisse
441 1952 514 1978 circa
535 1952 700 1986 trigesimum
717 1959 814 1978 nonam

33 1986 225 2021 )lympiadem.
244 1996 253 2012 ι
272 1986 345 2013 Nihil
358 1988 390 2013 de
408 1986 525 2021 Lycurgi
539 1992 619 2013 aetate
632 1990 734 2012 certum
754 1994 815 2014 esse

34 2020 190 2048 ‘lntarchu.
201 2023 314 2056 putavit,
330 2020 472 2056 variasque
485 2020 566 2047 refert
583 2021 616 2048 de
633 2021 678 2047 illa
693 2026 815 2048 veterum

35 2058 196 2091 lcriplorutn
208 2058 350 2091 opiniones
367 2057 401 2082 ".
417 2057 542 2083 Attamen
558 2056 691 2083 Tatianus
703 2056 725 2071 ³⁷
741 2064 815 2083 eant-

35 2093 89 2118 lem
111 2092 236 2127 Lycurgi,
251 2092 477 2126 quemadmodum
495 2091 627 2127 Qracortis
649 2095 767 2122 :ctatem,
786 2097 813 2118 et

36 2133 123 2154 ioslcn
136 2125 239 2154 Suidbs
253 2125 289 2154 ita
305 2129 462 2162 assignant:
477 2136 485 2152 t
504 2125 644 2161 Lyeurgus
661 2126 744 2162 multo
755 2131 815 2160 post

37 2163 64 2188 lii
79 2163 278 2197 captivitatem,
296 2161 375 2189 natus
387 2162 464 2188 annis
475 2168 582 2188 centum
597 2166 661 2188 ante
676 2161 815 2196 Olympia-

37 2199 90 2228 les;
108 2197 195 2224 Draco
215 2202 304 2224 atttem
325 2198 395 2224 circa
415 2197 582 2231 trigesiniam
607 2204 704 2223 nonam
723 2197 814 2232 Olynt-

38 2233 137 2259 iiadetn
152 2233 230 2268 277
244 2233 376 2260 nascitur.
402 2242 410 2258 I
425 2232 625 2268 Quinquaginta
640 2231 723 2265 igitur
735 2231 813 2259 annis

39 2269 70 2294 lie
85 2267 236 2302 Lycurgum
254 2268 400 2302 juniorein,
417 2275 496 2300 quam
518 2267 642 2294 Clemens
656 2271 759 2300 noster,
771 2275 814 2293 ar-

40 2303 147 2329 iitrntus
161 2306 209 2330 est.
227 2304 359 2330 Eusebius
374 2308 464 2329 autem
475 2303 500 2328 in
519 2302 648 2328 Chronico
664 2303 696 2328 ad
712 2310 812 2329 annum

47 2338 114 2365 £54:
147 2347 156 2363 ι
179 2337 315 2373 Lycurgus
336 2338 450 2373 insignis
472 2337 600 2367 habetur;
628 2346 637 2373 ξ
657 2337 690 2363 ad
712 2344 812 2364 annum

45 2382 93 2401 ero
114 2373 180 2401 1196
192 2371 207 2399 ί
220 2383 228 2399 ι
248 2371 617 2409 Lycurgus'Lacedaainoniis
630 2371 689 2404 jura
706 2380 814 2409 compo-

44 2409 82 2434 ttit
97 2418 104 2442 ;
128 2417 139 2434 ι
153 2414 178 2436 et
187 2409 218 2435 ad
237 2407 441 2435 aniunn'lt28:
460 2416 469 2432 ι
485 2407 597 2442 Lycurgi
611 2408 682 2440 lcgcs
694 2415 709 2433 a
726 2407 811 2434 Lace-

42 2443 153 2471 laeinone
177 2444 253 2477 juxta
279 2444 440 2471 sententiam
469 2442 625 2477 Apollodori
658 2443 708 2468 hac
734 2447 812 2470 a:tate

45 2485 177 2513 usceptzr;
194 2489 202 2504 ι
217 2480 332 2513 denique
349 2480 382 2505 ad
396 2486 495 2504 annum
512 2478 595 2504 Plit):
615 2486 624 2502 ι
643 2478 691 2503 llic
707 2478 811 2513 consti-~

44 2512 117 2541 uitur
130 2514 265 2549 Olympias
277 2512 375 2549 prima.
395 2523 405 2539 ι
427 2514 464 2540 Ex
483 2514 579 2547 quibus
592 2513 674 2546 liquet
686 2519 700 2538 a
712 2512 812 2546 Lycur-

44 2549 56 2578 zi
71 2555 153 2575 :etate
164 2557 246 2584 usque
260 2552 292 2576 ad
305 2550 419 2583 primam
441 2549 626 2584 Olympiadem
641 2556 693 2584 non
709 2550 811 2581 plures,

45 2584 70 2610 ιιι
89 2582 218 2612 Eusebius
229 2582 368 2620 Opinatur,
384 2582 587 2618 quamet-tilum
606 2582 765 2617 proﬂuxisse
785 2588 812 2609 et

46 2626 79 2646 ex
101 2628 184 2647 annos
199 2640 206 2651 ,
222 2628 255 2648 ac
274 2621 351 2654 longe
368 2621 509 2654 pauciores
523 2619 555 2645 ab
568 2626 601 2645 eo
619 2625 738 2652 tempore
758 2626 813 2652 quo

46 2662 105 2687 rges
125 2653 334 2682 Lacedaemoniis
349 2653 502 2681 cendidissc
523 2653 688 2686 perhibetur.
704 2653 744 2679 Ad
760 2654 812 2679 'l‘a-

47 2688 98 2717 iani
131 2694 217 2717 autem
238 2690 401 2719 sententiain
420 2690 585 2716 recentiores
613 2689 814 2723 chronographi

69 2770 92 2785 ὀ
106 2770 174 2798 Plut.
190 2770 230 2798 t.l
246 2771 272 2798 in
289 2770 349 2798 Vita
375 2771 467 2798 Numze
480 2790 488 2802 ,
511 2779 536 2806 p.
558 2771 603 2798 62.

49 2803 89 2841 ξι.
108 2806 268 2840 xvthogr.,
288 2815 313 2841 p.
334 2807 396 2833 76‘).
435 2807 460 2822 ⁸⁵
479 2807 497 2832 l.
511 2803 540 2837 ιι,
558 2815 583 2840 p.
611 2806 673 2837 482,
689 2812 742 2833 etc.

51 2880 64 2900 t.
79 2876 140 2908 553,
155 2877 214 2904 3M.
253 2878 263 2892 ³
280 2878 357 2909 ibiil.,
376 2886 400 2911 p.
423 2877 485 2904 533.

51 2910 108 2938 ‘Lb.
131 2921 202 2944 n‘,p.
225 2912 283 2945 157,
305 2918 332 2940 et
348 2910 423 2945 Ι.⁷ιιε¹
439 2920 466 2946 p.
491 2912 553 2940 “295.

661 2771 682 2786 °‘
699 2770 799 2799 Strom.
826 2772 842 2797 I.
863 2778 882 2803 ι,
900 2778 926 2804 p.
947 2769 1010 2797 307.

780 2806 803 2821 ”
819 2807 920 2834 Strom.
946 2806 992 2832 lib.
1009 2813 1029 2836 ι,

50 2838 62 2856 ⁷
74 2842 148 2877 tit-at.
162 2838 233 2870 cont.
247 2838 347 2872 Graio"
365 2851 391 2877 p.
414 2841 475 2868 174.
510 2842 533 2857 ⁸⁸
555 2838 658 2868 Clirmi.
671 2844 706 2877 ad
729 2850 773 2868 an.
789 2841 870 2877 4091.

544 2876 586 2904 ³1.
602 2885 649 2911 ut,
666 2876 847 2912 §55,p.198.

874 936 902 958 ut
919 931 1003 969 ferme
1016 932 1222 969 ἀριστρκρᾳτία,
1238 932 1290 969 hoc
1303 937 1355 965 est,
1376 931 1526 968 respublica
1540 931 1658 969 optimol

873 974 933 1004 rum
946 967 1102 1004 diceretur?
1119 977 1128 993 ι
1146 967 1230 994 Recte
1245 968 1369 1004 quidem,
1384 969 1405 995 si
1426 967 1572 1002 Epicurum
1587 970 1660 1004 leges

871 1002 966 1033 etiam,
976 1003 1017 1038 vel
1029 1009 1084 1038 sua:
1093 1003 1255 1038 patri:e,rvel
1266 1003 1426 1038 quibusdam
1435 1004 1540 1038 populis
1553 1002 1661 1032 dedisse

871 1037 1041 1073 probaveris.
1061 1037 1089 1064 Si
1102 1045 1166 1064 vero
1184 1037 1210 1073 id
1230 1039 1339 1071 probari
1362 1046 1414 1066 non
1437 1037 1532 1073 possit,
1563 1047 1659 1067 sensus

870 1071 1019 1108 Clementis
1039 1073 1082 1099 hic
1097 1079 1156 1099 esse
1167 1072 1290 1108 videtur:
1308 1071 1480 1105 Antilochos,
1497 1074 1542 1108 qui
1559 1075 1591 1101 de
1599 1083 1659 1101 οιιι-

872 1107 951 1134 nibus
966 1107 1033 1134 viris
1052 1108 1139 1134 doctis
1154 1107 1274 1141 scripsit.
1285 1113 1468 1135 trecentorum
1481 1107 1614 1136 duntaxat
1632 1115 1660 1136 et

871 1142 1171 1179 duodeciiu_aunorum
1204 1143 1321 1176 spatium
1348 1151 1362 1179 ιι
1389 1143 1548 1179 Pythagora:
1579 1149 1661 1172 aetate

873 1184 957 1214 usque
970 1177 1003 1203 ad
1019 1177 1126 1214 Epicuri
1139 1183 1254 1214 mortem
1268 1177 1423 1212 complexus
1439 1177 1490 1205 est.
1507 1179 1584 1212 Quod
1594 1180 1656 1214 qui-

870 1212 932 1238 dein
949 1220 982 1239 ex
1000 1213 1135 1247 assignata
1150 1212 1291 1250 utriusque
1305 1217 1385 1250 {etate
1402 1221 1417 1240 a
1436 1221 1503 1250 vero
1523 1212 1660 1250 colligitur

870 1253 922 1274 non
939 1255 1048 1281 prorsus
1059 1254 1120 1274 esse
1134 1247 1263 1283 alienum.
1282 1247 1317 1273 lbi
1331 1252 1422 1275 autem
1441 1248 1505 1276 illud
1522 1257 1572 1283 pro
1583 1247 1658 1277 moue

870 1290 919 1309 suo
937 1283 1085 1313 Stromata,
1098 1282 1124 1309 id
1138 1287 1180 1308 est
1190 1282 1323 1316 disjunt‘ta
1338 1288 1365 1309 et
1379 1290 1450 1317 saepe
1470 1282 1530 1310 sibi
1543 1285 1657 1312 invicem

869 1324 922 1343 non
939 1317 1103 1344 cohmrentia
1127 1317 1295 1351 scriptitans,
1317 1318 1375 1344 ideo
1389 1318 1515 1351 inseruit,
1536 1320 1598 1353 quia
1625 1321 1658 1346 de

869 1353 1048 1386 quorumdam
1064 1356 1145 1379 :etate
1164 1359 1316 1379 sermonem
1331 1353 1405 1387 prius
1417 1353 1531 1381 fecerat.

1131 1397 1330 1426 ARTICULUS
1357 1399 1389 1426 ll.

867 1441 907 1470 De
920 1443 1028 1470 ethnicis
1055 1443 1171 1477 vatibus,
1190 1444 1329 1476 Sonchete,
1358 1444 1467 1476 Bucide,
1481 1449 1535 1471 tam
1553 1444 1659 1472 Bisolio

903 1487 981 1512 quam
1000 1479 1113 1511 Arcade,
1125 1479 1158 1505 de
1169 1479 1329 1513 Ampltileto,
1344 1480 1462 1512 Cometa,
1482 1480 1590 1514 Cynira,
1602 1481 1657 1506 Ad-

903 1519 983 1549 meto,
1007 1514 1130 1546 Aristrco,
1156 1515 1331 1547 Amphiarao,
1357 1514 1483 1549 Epigene,
1517 1515 1655 1549 Dionysio,

903 1547 994 1585 Nicia,
1011 1548 1175 1585 Cale/tante,
1199 1549 1303 1583 Mopso,
1319 1556 1341 1577 et
1356 1547 1388 1576 de
1407 1547 1499 1582 Bruto,
1511 1551 1557 1585 qui
1570 1547 1657 1584 diiipsi

904 1583 1093 1610 divinationem
1109 1585 1286 1619 composuisse
1300 1586 1410 1612 dicitur.

904 1628 1007 1665 Praeter
1022 1629 1196 1665 philosophos
1206 1635 1234 1657 et
1244 1631 1392 1664 sapientes,
1406 1631 1482 1658 multi
1498 1631 1569 1665 apud
1583 1631 1657 1659 Grie-

869 1672 916 1692 cos
930 1664 1134 1697 fueruntvates,
1148 1665 1236 1696 arioli.
1246 1664 1561 1694 fatidicietoraculorum
1575 1667 1658 1693 intcr-

867 1705 970 1734 pretcs,
994 1705 1086 1734 atque,
1100 1705 1130 1727 ut
1142 1701 1290 1729 Clementis
1307 1703 1394 1728 nostri
1407 1702 1496 1728 verbis
1512 1707 1622 1728 utamur
1633 1703 1655 1734 ',

867 1734 1050 1772 χρησμολᾴγοι
1066 1735 1180 1772 -σρχνοί,
1206 1744 1215 1761 ι
1232 1737 1276 1770 qui
1301 1738 1386 1763 titulta
1413 1736 1504 1764 tttnltis
1525 1737 1657 1771 prandisti»

867 1769 941 1798 rimi.
962 1779 971 1796 ι
984 1769 1043 1797 Non
1065 1769 1185 1797 inlliituni
1206 1769 1295 1798 autem
1315 1772 1386 1798 inter
1402 1779 1448 1798 eos
1463 1769 1550 1799 locuin
1570 1774 1657 1799 tenuit

868 1805 1029 1842 Sonchetes,
1047 1807 1092 1839 qui
1108 1813 1122 1831 a
1139 1806 1277 1842 Clemente
1289 1807 1496 1841 archipropheta
1511 1807 1656 1842 Aigyptins

870 1847 898 1868 et
909 1840 1069 1876 Pythagorae
1080 1847 1230 1874 praeceptor
1241 1841 1324 1869 fuisse
1338 1840 1506 1876 perhibetur.
1521 1840 1574 1869 Sed
1585 1840 1655 1876 quia

868 1877 901 1903 de
915 1875 1024 1910 illojam
1039 1882 1120 1908 supra
1136 1884 1196 1909 cap.
1217 1876 1260 1908 17,
1276 1882 1330 1903 art.
1340 1875 1364 1903 ⁷2
1381 1881 1408 1903 et
1419 1877 1446 1909 4,
1460 1875 1653 1909 disseruimus.

867 1911 900 1938 de
915 1911 976 1937 aliis
994 1917 1065 1937 nlﬂlt:
1079 1911 1212 1944 agendum
1234 1916 1284 1943 est,
1309 1919 1377 1946 quos
1396 1912 1521 1939 Clemens
1537 1919 1590 1938 uno
1607 1920 1654 1939 eo-

867 1946 982 1981 demque
997 1947 1056 1972 loco
1070 1947 1225 1972 nominibus
1249 1947 1305 1973 suis
1329 1947 1484 1981 singillatim
1500 1948 1618 1981 appellat
1631 1947 1652 1973 ³.

867 1979 974 2007 Primus
993 1984 1085 2007 autem
1108 1981 1186 2007 nobis
1204 1989 1264 2008 sese
1285 1979 1385 2008 offert?
1411 1991 1419 2006 ι
1438 1979 1562 2012 Βεοίιιθὲ,
1584 1989 1667 2008 unus»

866 2016 980 2051 quidem
989 2015 1121 2051 Bmotius,
1135 2016 1203 2041 alter
1219 2018 1315 2048 Arcas,
1335 2016 1458 2047 Βάκιδες,
1473 2018 1486 2042 ὁ
1502 2017 1551 2051 μὲν
1569 2017 1654 2043 Βοιώ-

865 2059 931 2083 τιος,
946 2050 960 2076 ὁ
972 2050 1001 2076 δὲ
1018 2050 1128 2085 Ἀρκάς.
1151 2060 1161 2076 t
1181 2051 1249 2078 Tres
1263 2056 1352 2077 autem
1365 2052 1399 2078 ab
1411 2050 1520 2079 (Eliano
1534 2052 1544 2067 ⁵
1558 2053 1654 2078 distill-

867 2091 985 2120 guuntnr
998 2084 1123 2116 Bacides,
1143 2094 1153 2111 ι
1172 2086 1275 2120 primus
1288 2086 1407 2118 Griecus,
1424 2087 1494 2113 alter
1508 2087 1657 2114 Athenien-

866 2123 914 2151 sis.
936 2121 1031 2156 tertius
1048 2121 1142 2147 Arcas.
1161 2130 1170 2147 ι
1189 2122 1221 2148 ΕΙ.
1239 2123 1325 2156 magis
1346 2122 1379 2147 ad
1393 2121 1540 2149 Clementis
1566 2123 1652 2149 nostri

867 2161 984 2183 mentem
1004 2155 1121 2182 Philetas
1146 2158 1217 2190 apud
1240 2155 1350 2183 Sutdam
1373 2162 1465 2182 narrat
1482 2156 1492 2171 ⁸
1510 2165 1516 2182 :
1533 2166 1543 2182 (
1563 2157 1652 2184 Untnn

866 2191 974 2226 quidem
985 2190 1070 2218 fuisse
1078 2198 1112 2217 ex
1125 2192 1224 2218 Eleone
1236 2191 1354 2223 Bceotitr,
1368 2191 1481 2218 alterunt
1494 2199 1558 2219 vero
1565 2192 1652 2219 Athe-

867 2233 999 2257 mensem.
1028 2226 1138 2252 tertium
1162 2234 1227 2253 vero
1243 2227 1387 2258 Arcadem,
1403 2235 1436 2254 ex
1457 2228 1523 2254 urbe
1537 2228 1651 2260 Caphia,

866 2261 912 2295 qui
930 2265 956 2288 et
972 2262 1060 2297 Cydas
1070 2265 1097 2287 ct
1112 2261 1201 2288 Aletes
1215 2264 1368 2288 vocabatur.
1383 2261 1575 2297 Theopompus
1589 2269 1653 2289 vcro

867 2294 893 2323 iit
913 2304 983 2323 nono
995 2294 1217 2329 Philippicarum,
1233 2304 1295 2323 cum
1311 2297 1362 2323 alia
1381 2294 1466 2323 multa
1488 2294 1588 2325 de'lioc
1602 2297 1653 2323 Ba-

865 2332 926 2358 eide
951 2332 1085 2357 mirabilia
1107 2332 1199 2363 tradit,
1221 2338 1276 2358 tum
1297 2332 1378 2358 etiam
1397 2333 1474 2364 illud,
1487 2334 1558 2366 quod
1587 2332 1652 2359 olim

865 2366 1130 2393 Lacedmnioniorutn
1146 2374 1245 2394 uxores
1259 2368 1350 2394 lurore
1362 2373 1502 2401 correptas
1517 2368 1651 2397 lustravit,

865 2409 898 2428 ex
909 2401 1019 2428 oraculo
1030 2401 1172 2436 Apollinis,
1186 2403 1230 2436 qni
1248 2402 1318 2428 hune
1335 2403 1508 2429 lustratorem
1525 2404 1592 2437 ipsis
1607 2404 1653 2429 de-

865 2437 998 2463 derat.At
1018 2438 1052 2464 de
1074 2437 1161 2470 primo
1181 2437 1329 2464 Pausanias
1344 2437 1354 2452 ⁸
1371 2446 1378 2464 :
1397 2446 1406 2462 t
1425 2437 1463 2464 Ex
1484 2437 1598 2470 Βωυιιιι,
1612 2438 1662 2464 ιιι-ν

865 2474 933 2506 quit,
949 2472 1038 2505 Bacis,
1058 2480 1138 2507 quem
1160 2472 1339 2507 nympharum
1361 2473 1489 2499 instinctu
1514 2474 1652 2500 divinasse

865 2510 988 2534 credunt.
1009 2517 1018 2533 ι
1042 2507 1136 2534 Postea
1159 2515 1223 2534 vero
1237 2508 1245 2523 '
1272 2515 1278 2533 :
1300 2516 1309 2533 t
1335 2507 1410 2534 llanc
1429 2509 1609 2536 barbarorum
1624 2508 1651 2534 iu

864 2542 997 2569 Grarciam
1025 2543 1202 2577 irl'ttplionent
1226 2544 1383 2578 praedictam
1406 2543 1512 2571 Bacidis
1532 2545 1653 2571 oraculis

867 2579 1002 2605 invenias.
1025 2587 1034 2603 ι
1054 2579 1173 2612 Denique
1189 2581 1269 2614 prius
1281 2580 1387 2605 dixerat
1400 2580 1410 2593 ³
1426 2589 1431 2605 :
1447 2588 1455 2604 t
1472 2579 1557 2614 Hujus
1576 2579 1654 2606 Baci-

866 2614 919 2644 dis,
931 2621 1011 2647 quem
1028 2616 1205 2649 nympharum
1229 2613 1319 2640 alllalu
1341 2615 1477 2641 divinasse
1492 2613 1611 2646 tradunt,
1628 2619 1656 2640 et

867 2649 927 2683 aliis
948 2649 1058 2676 Graecus:
1077 2650 1181 2683 populis
1203 2650 1273 2676 edita
1288 2650 1414 2676 vaticinia
1436 2650 1620 2677 celebrantur.
1643 2659 1653 2673 ο

869 2682 906 2710 lbi
934 2691 1016 2718 porro
1043 2689 1126 2719 atque
1151 2685 1204 2712 alio
1228 2687 1256 2711 in
1284 2685 1354 2713 libro
1382 2685 1491 2713 I'atidica
1518 2685 1576 2719 ejus
1599 2693 1656 2712 car-

1055 2769 1077 2785 "
1095 2775 1160 2797 tom.
1180 2770 1227 2798 lin
1249 2770 1309 2797 Vita
1328 2770 1456 2805 Lycurgi,
1480 2779 1507 2803 p.
1530 2772 1578 2803 42,
1598 2773 1650 2799 cte.

1043 2812 1069 2839 p.
1095 2806 1158 2832 589.
1201 2805 1224 2820 ⁹⁶
1237 2805 1327 2833 inVita
1342 2805 1468 2840 Lycurgi,
1491 2811 1510 2833 t.
1528 2815 1548 2838 t,
1565 2814 1591 2840 p.
1607 2805 1651 2834 59.

1211 2842 1219 2856 ³
1238 2841 1257 2866 Ι.
1276 2849 1333 2872 \‘Ill,
1351 2842 1365 2875 ᾗ
1380 2842 1407 2867 5.
1445 2841 1455 2856 ¹
1474 2842 1574 2868 Stroni.
1594 2840 1612 2867 Ι.
1632 2849 1653 2875 t,

1313 2877 1323 2890 ε
1338 2878 1355 2902 l.
1373 2883 1400 2902 χ.
1450 2877 1459 2891 ⁷
1471 2877 1551 2910 ibid.,
1565 2884 1592 2911 p.
1607 2876 1652 2905 ao.

923 2841 945 2856 ο·
963 2841 1041 2872 ihid.,
1064 2848 1090 2874 p.
1107 2841 1170 2868 509.

902 2877 912 2891 ⁸
925 2876 1001 2903 buid.
1019 2877 1052 2903 ad
1075 2876 1150 2904 vcrb.
1163 2875 1256 2906 Βάκις.
