1915 3072
63 131 145 156 ἱζιοᾶ

64 193 137 215 sunt
154 188 233 215 verba
249 189 271 204 ἰ

64 223 324 256 eloquentissimum
336 230 471 257 quemque
487 231 534 249 sua
554 227 632 249 a-tate
660 230 853 256 supergressus

64 263 127 286 est.
141 259 188 285 Hic
210 259 299 284 varias
320 258 425 284 dicendi
443 262 514 284 artes
534 258 635 292 primus
658 258 770 286 invenit,
785 262 811 284 et.
826 258 852 284 in

65 293 203 327 sapientis
219 293 379 326 cloquentim
393 293 481 318 studio
499 300 530 318 ac.
547 291 715 325 professione
732 293 799 319 adeo
812 300 854 318 su-

66 335 121 361 pra
137 328 202 354 alios
219 328 340 358 eminuit,
358 332 386 353 ut
402 328 534 354 mercedis
553 328 611 353 loco
628 332 735 353 rentum
760 334 774 353 a
798 327 853 353 sin-

66 363 145 395 gulis
157 363 295 396 discipulis
312 363 398 388 minas
409 363 552 396 acciperet.
573 371 582 387 ›
601 361 669 394 Quid
685 361 767 396 ergo?
787 361 854 388 Nou-

67 405 118 428 ne,
142 398 255 430 inquies,
281 398 411 423 Diodorus
432 404 447 422 a
468 398 606 424 Clemente
634 398 710 423 testis
736 397 853 423 citatur?

66 431 107 458 At
123 433 145 458 si
159 432 200 458 hic
212 432 244 458 ab
259 431 317 465 ipso
327 431 436 463 cilatttr,
451 439 540 458 nonne
561 432 702 458 dicendum
728 435 771 458 est
793 432 854 458 Cle-

66 473 190 493 mentem
201 467 334 493 memoriae
350 467 424 501 lapsu
440 474 488 501 pro
499 466 596 500 Gorgia
615 466 756 500 scripsisse
773 467 852 493 Anti-

65 501 220 534 phontem?
238 501 290 528 Sed
307 502 461 536 priusquam
484 506 558 536 tuum
585 501 656 527 feras
676 501 709 527 de
723 508 754 527 ea
770 501 852 534 reju-

66 536 187 566 dicium,
206 537 268 562 audi
294 535 397 567 adhuc,
412 543 460 563 oro
474 540 509 567 te,
525 535 694 564 Ciceronem.
716 536 748 562 de
771 536 853 563 claris

65 572 228 597 oratoribus
248 572 303 597 Ittec
317 572 497 605 disputantem
521 571 547 597 in
571 572 650 597 verba
666 571 687 586 δ’
706 580 712 598 :
731 579 740 596 I
762 570 853 605 Itaque

67 607 112 632 ait
128 606 284 633 Aristoteles
299 613 359 632 cum
377 606 491 632 sublatis
508 606 532 632 in
548 605 640 632 Sicilia
658 606 790 641 tyrannis.
809 614 851 632 res

65 641 184 674 privatm
196 640 275 675 longo
289 641 430 667 intervallo
447 641 556 674 judiciis
572 645 769 674 repeterentur,
794 644 850 667 tum

66 676 191 709 primum
208 676 289 711 (quod
302 681 374 702 esset
387 680 465 702 acuta
480 676 523 711 illa
538 681 660 711 gensket
676 681 850 702 controversa

66 711 181 748 natura)
195 709 278 748 artem
293 714 320 748 et
334 715 465 748 pragcpta
487 710 594 737 Siculos
616 709 745 748 Coracem
763 715 790 748 et
806 710 852 736 Ti-

66 745 143 771 siam
157 746 358 779 censcripsisse.
382 745 448 771 Nam
475 749 553 772 antea
584 745 717 772 neminem
743 745 863 772 solitum-

65 780 132 809 via,
156 788 204 808 nec
223 785 293 811 arte,
311 780 358 806 sed
383 785 517 807 accurate
535 785 634 810 tamen.
659 785 686 806 et
703 781 736 806 de
751 780 851 813 scripto

65 815 215 849 plerosque
232 815 331 842 dicere.
355 815 522 849 scriptasque
544 815 627 840 fuisse
649 819 675 840 et
703 820 812 849 paratas
836 823 850 841 ιι

67 850 219 883 Protagora
251 857 339 876 rerum
373 850 758 884 illustrimndisputationes,
791 857 850 883 quze

66 892 145 910 nunc
158 892 312 911 communes
339 885 506 918 appellantur
533 883 602 910 loci.
624 884 700 917 Quod
725 885 794 911 idetn
817 884 853 910 fe-

66 920 143 946 cisse
153 920 289 953 Gorgiam,
304 927 363 945 cum
376 920 541 953 singularum
559 927 647 945 rerum
669 919 760 946 laudes
782 919 852 945 vitu-

66 955 280 988 perationesque
302 955 508 988 conscripsisset
524 962 530 980 :
545 955 616 988 quod
641 954 776 987 judicaret
802 955 853 980 hoc

65 990 188 1016 oratoris
202 989 316 1015 maxime
332 990 479 1023 propriunt,
507 996 562 1015 rem
586 996 685 1024 augere
702 995 781 1023 posse
795 988 853 1014 latt-

68 1024 174 1055 dando,
199 1024 427 1059 vituperaudoque
453 1031 547 1050 rursus
564 1023 692 1059 afﬂigere.
715 1024 782 1050 lluic
798 1024 852 1050 Au-

67 1059 223 1092 tiphouteut
244 1058 439 1085 Rhamnusium
458 1059 554 1085 similia
582 1058 704 1091 quzedam
727 1059 853 1085 habuisse

65 1094 234 1128 Conscripta,
261 1101 314 1126 quo
341 1095 474 1120 nemiuem
502 1100 618 1126 unquam
647 1093 743 1120 melius
769 1093 851 1119 ullam

66 1128 192 1155 oravisse
204 1128 302 1161 capitis
317 1136 438 1160 causam,
452 1135 511 1154 cum
527 1135 556 1154 se
570 1128 625 1161 ipse
639 1128 807 1159 defenderet,
822 1135 853 1154 se

66 1165 207 1194 audiente,
226 1163 345 1197 locuples
357 1168 451 1190 auctor
465 1162 573 1196 scripsit
589 1162 769 1196 'l‘lmcydides.
790 1172 799 1188 ι
818 1164 853 1189 At

65 1199 92 1225 si
109 1204 222 1233 uterque
242 1197 355 1234 Gorgias
368 1198 545 1234 etAntiphon
558 1198 667 1234 _similia
679 1198 852 1234 _hahneruut,

66 1234 140 1261 nihil
158 1232 253 1259 nurum
263 1234 285 1260 si
302 1232 422 1260 nonnulli
439 1234 464 1259 id
484 1232 601 1266 Gorgiae,
615 1232 686 1266 quod
707 1232 790 1267 289
804 1233 849 1258 alii

66 1269 226 1302 Antiphonti
247 1268 433 1301 ascripserint.
454 1267 578 1294 Clemens
598 1268 689 1300 itaque
713 1276 774 1294 cum
800 1275 852 1293 non

66 1306 142 1337 quod
160 1305 225 1337 ipse,
247 1303 292 1330 sed
309 1305 379 1336 quod
405 1303 449 1329 alii
471 1303 634 1334 censuerint,
656 1302 783 1336 explicet,
805 1309 853 1327 au-

67 1345 175 1365 ctorem
190 1346 266 1364 suum
281 1337 436 1370 DlUdOl‘llill,
447 1337 493 1364 sed
510 1337 592 1363 alium
605 1337 716 1363 forsitan
733 1345 747 1363 a
762 1337 853 1363 Siculo

68 1373 201 1400 laudavit.
225 1373 281 1399 {\‘ou
298 1380 358 1399 cum
375 1378 464 1399 autem
495 1372 592 1404 solum,
609 1373 656 1398 sed
680 1371 852 1398 Plutarchum

67 1408 153 1435 etiam
168 1407 201 1439 ",
218 1408 239 1434 si
253 1409 277 1433 id
294 1408 476 1434 necessarium
492 1407 662 1438 credidisset,
679 1408 704 1432 in
718 1407 854 1440 opinionis

67 1450 128 1469 sum
139 1442 365 1468 continuationem
381 1443 466 1469 citare
487 1442 583 1474 potuit.
612 1441 714 1468 Vidcsis
730 1443 763 1468 de
781 1446 854 1468 utro-

67 1485 124 1512 que
136 1478 301 1511 Autiphonte
312 1481 339 1503 et
352 1476 451 1512 Gorgia
463 1477 548 1504 Photii
562 1476 702 1507 Biblioth.,
712 1477 771 1504 cod.
788 1476 852 1509 259,

67 1520 134 1547 pag.
151 1512 216 1539 1451
230 1516 258 1539 et
269 1519 345 1547 seqq.

332 1556 526 1585 ARTICULUS
545 1557 589 1584 IV.

67 1603 109 1630 De
123 1604 300 1630 inventoribus
315 1604 380 1630 artis
393 1603 513 1637 poeticw,
527 1608 551 1630 et
564 1603 682 1632 musicw,
699 1603 852 1630 modorum-

103 1647 155 1673 que
165 1640 335 1669 musirornm,
344 1639 433 1667 iambi,
444 1637 613 1672 dithyrambi,
625 1638 726 1673 hymni,
738 1639 852 1670 cliorear,

103 1673 261 1708 ἐρωτικῶν,
286 1675 469 1707 variorumque
489 1673 604 1699 saltandi
631 1674 780 1704 modorum,
802 1682 851 1700 ηο-

103 1717 218 1740 morum,
230 1711 351 1740 cit/mne,
364 1709 460 1734 nubtun
481 1708 645 1743 aliorumque
666 1710 853 1735 instrumento-

104 1752 165 1770 rum
182 1752 352 1770 mancorum.

105 1789 146 1815 Ad
167 1795 251 1816 artem
278 1789 412 1822 poeticam
435 1792 462 1816 et
483 1789 614 1820 musicam
639 1788 709 1824 quod
736 1793 852 1823 spectat,

65 1825 147 1859 plura
161 1825 193 1850 de
209 1824 291 1850 variis
304 1824 410 1850 illarum
428 1824 551 1859 partibus
567 1831 714 1859 earumque
732 1825 853 1851 auctori-

65 1863 122 1887 bus
137 1859 261 1886 Clemens
287 1860 420 1893 congerit.
444 1866 476 1886 ac
501 1860 534 1886 de
551 1859 603 1886 illis
618 1867 693 1886 more
716 1865 767 1886 suo
785 1861 853 1886 satis

65 1894 184 1922 confuse
197 1895 315 1920 disserit.
340 1894 372 1920 Et
392 1894 478 1926 primo
499 1894 608 1926 quidem
632 1894 720 1921 alieno
739 1894 766 1920 in
792 1895 852 1920 loco

65 1931 102 1957 de
123 1929 224 1956 musica
241 1929 297 1956 hate
315 1929 397 1955 habet
411 1928 434 1944 “
450 1937 457 1956 :
475 1938 484 1954 ι
503 1928 602 1955 Zethus
617 1934 644 1955 et
660 1929 793 1963 Amphion
811 1929 852 1955 in-

66 1969 196 1991 ventores
222 1964 331 1991 musica:
356 1964 467 1990 fuerunt
493 1965 564 1990 circa
587 1964 681 1990 Cadmi
701 1968 818 1990 aetatem.
840 1972 849 1988 ι

66 1999 123 2026 Sed
141 1999 237 2025 mirum
256 2006 322 2026 sane
338 2006 418 2032 quam
432 1999 513 2025 variae
526 1999 740 2032 multiplicesque
753 1998 852 2024 fuerint

65 2037 102 2061 de
114 2034 230 2060 musices
242 2034 396 2060 inventione
410 2035 580 2068 antiquorum
592 2034 743 2067 opiniones.
753 2033 852 2066 Quatu-

65 2070 112 2096 vis
137 2069 208 2095 cuitn
233 2069 355 2095 Valerius
370 2068 475 2095 Probus
489 2068 511 2084 "
522 2070 624 2095 auctori
644 2073 735 2094 nostro
759 2073 851 2102 patro-

65 2105 186 2135 ciizetur,
201 2108 281 2137 atque
299 2103 430 2130 Eusebius
444 2103 502 2130 haec
521 2103 636 2137 ipsamet
651 2109 710 2136 ejus
726 2103 808 2129 verba
824 2103 850 2129 in

66 2139 154 2165 libros
168 2145 231 2165 suos
248 2138 432 2170 transtulerit;
459 2139 503 2165 ille
532 2144 619 2164 tamen
643 2138 701 2172 ipse
720 2137 852 2164 Eusebius

65 2174 135 2200 alibi
154 2174 178 2188 ⁸⁵
191 2173 284 2200 scribit
312 2173 420 2200 Graecos
440 2174 568 2208 Dionysio
593 2173 849 2208 tribuissertuusicae

669 126 714 154 DE
734 127 846 154 LlBRlS
865 126 1094 155 STROMATUM.

293 198 300 215 τ
320 197 328 213 ι
351 187 464 222 Gorgias
485 175 581 215 orator
592 187 697 214 dicendi
728 188 855 214 facultate
870 191 891 218 Α
908 187 1025 220 Baccho,
1051 187 1113 214 alibi
1135 187 1250 221 denique
1271 188 1401 222 quasdam
1424 188 1496 216 illius
1525 195 1627 223 partes,
1648 191 1695 218 Μῖ-

1622 130 1690 159 1351

909 230 1008 254 ιιοτντε,
1024 223 1090 249 alias
1105 223 1222 258 Apollini
1240 223 1367 249 vindicat.
1386 223 1478 250 Boetio
1495 231 1575 258 porro
1592 227 1614 251 si
1633 234 1693 253 cre-

883 271 889 278 ν
906 258 995 284 dimus
1011 258 1048 293 μ’,
1076 265 1136 293 cum
1161 257 1328 293 Pythagoras
1359 258 1386 284 in
1414 257 1552 286 fabrorum
1576 260 1693 288 officinis

869 869 890 896 B

66 2209 168 2235 saltem
181 2201 620 2234 hannonica:iuventuutfPliuius
641 2214 704 2233 vero
725 2207 746 2222 ⁵⁷
767 2208 849 2234 Inusi-
864 2201 888 2230 D

66 2252 130 2270 eam
151 2251 166 2269 a
192 2244 249 2269 solo
265 2243 416 2276 Amphione
438 2247 614 2277 excogitatam
634 2249 694 2269 esse
715 2242 848 2276 perhibet.

66 2280 105 2304 At
128 2277 238 2305 Solinus
252 2277 274 2294 ⁵⁸
294 2286 302 2304 :
323 2286 332 2302 ι
360 2278 493 2309 Studium,
514 2277 609 2312 inquit,
634 2277 768 2304 musicqu
787 2278 850 2304 inde

67 2319 198 2347 emptum.
212 2320 272 2339 cum
282 2313 341 2339 ιιίωί
355 2312 456 2347 Dactyli
471 2314 593 2339 modulos
605 2313 708 2345 crepitu
723 2320 754 2339 ac
769 2313 850 2338 tinni-

69 2353 97 2373 tu
109 2349 172 2374 aaris
183 2348 365 2382 deprehensos
379 2349 405 2373 in
426 2348 575 2374 versilicum
596 2347 717 2374 ordinem
733 2351 850 2373 transtu-

68 2383 174 2409 lissent.
189 2391 199 2408 ι

105 2420 194 2452 Atque
209 2417 388 2448 utBerosum,
402 2417 447 2451 qui
467 2416 554 2444 Bardo
574 2416 711 2444 Gallorum
730 2416 798 2452 regi,
823 2419 851 2443 et

68 2451 213 2488 Polybium
226 2452 259 2485 ",
274 2459 355 2485 atque
378 2452 455 2484 alios,
480 2453 525 2486 qui
547 2453 681 2478 Arcadum
705 2451 850 2485 majortbus

67 2487 202 2522 originem
219 2495 328 2513 muswa:
344 2487 462 2513 tribuere
482 2490 615 2516 \ltlellllll‘.
642 2488 739 2522 missos
765 2487 849 2513 facia-

69 2531 143 2554 mus,
170 2523 238 2549 hanc
264 2523 396 2548 DIodorus
412 2522 519 2548 bicttlus
544 2522 566 2537 '°
592 2523 690 2548 alicubi
716 2521 850 2548 Mercurio

69 2558 203 2591 assignat,
219 2557 282 2583 alibi
300 2564 364 2582 vero
375 2560 540 2589 eorumdetu,
558 2562 604 2583 aut
617 2558 712 2583 saltem
729 2557 850 2582 musico-

70 2600 130 2618 rum
159 2597 326 2619 acromatum
354 2592 477 2624 scholas,
509 2599 678 2626 InusIcosque
700 2597 848 2618 conventus

105 2677 126 2692 δ’
145 2676 164 2703 Ι.
181 2684 217 2712 itu
230 2676 350 2709 Bibliot.,
364 2684 391 2712 p.
404 2677 466 2704 515.
518 2677 540 2693 δ’
556 2677 581 2703 in
606 2676 694 2709 Brut.,

70 2713 93 2728 ⁴⁴
113 2712 130 2738 Ι.
149 2719 166 2738 x
181 2711 266 2745 Praep.
290 2711 397 2747 evang”
411 2720 436 2740 c.
454 2712 480 2744 6,
495 2717 522 2739 et
542 2713 560 2739 l.
578 2720 606 2739 ιι.

57 2747 92 2763 ’⁸³
115 2748 133 2773 l.
157 2753 193 2778 Iv,
214 2755 240 2780 p.
261 2747 325 2774 289.
385 2747 407 2764 '°
428 2748 446 2774 I.
464 2755 472 2774 I
490 2747 627 2779 Bibliotqu

68 2782 92 2796 “
110 2782 128 2808 l.
150 2789 176 2809 Ix
195 2782 387 2816 Detpuosoph.,
401 2789 428 2816 p.
445 2783 508 2809 590.

69 2817 93 2831 ⁸⁶
110 2825 137 2851 p.
154 2817 216 2844 508.
253 2817 275 2831 ⁸⁷
296 2818 362 2844 circ.
380 2818 438 2844 iiut.
453 2818 499 2844 lib.
521 2818 557 2845 De
573 2826 670 2851 Inusn',
689 2823 754 2844 tom.
768 2818 801 2849 ll,

721 2684 782 2711 pag.
795 2676 860 2703 ειν.

663 2712 684 2728 ⁸⁷
710 2713 728 2738 l.
752 2719 788 2739 vII
817 2712 912 2738 Natur.
942 2713 1051 2743 bistor.,
1083 2719 1109 2738 c.
1135 2712 1180 2744 56,

644 2755 670 2782 p.
687 2747 738 2779 20;
754 2747 772 2774 Ι.
795 2754 833 2778 Iv,
862 2755 888 2781 p.
901 2747 964 2778 419,
990 2752 1017 2772 et
1031 2747 1105 2782 ιν,

545 2783 569 2798 ⁸³
583 2783 602 2810 l.
620 2791 635 2808 ν
653 2785 688 2809 De
708 2790 760 2809 rer.
782 2788 838 2808 nat.
862 2787 924 2808 ante
940 2784 985 2807 IIII.

817 2824 843 2851 p.
860 2817 938 2843 “32.

911 291 1146 319 animadvertisset
1174 291 1309 319 diversum
1347 293 1504 320 malleorum
1532 302 1629 322 sonum
1659 303 1692 323 ex

907 327 983 353 vario
999 334 1092 354 eorum
1110 327 1228 360 pomlere
1242 328 1319 356 oriri.
1334 327 1395 354 inde
1414 329 1530 356 musices
1541 337 1693 357 consonan-

908 363 975 397 tiamr
990 362 1136 397 adint'euit.
1150 361 1219 394 Quid
1237 362 1332 396 plura?
1356 362 1527 390 Chatmeleon
1551 364 1692 397 Ponticus,

907 396 976 429 apud
997 396 1153 434 Athenieum
1167 397 1259 426 ".aitt
1270 397 1532 434 priscisbominibus
1554 396 1692 434 repertam

907 439 939 467 ac
955 432 1133 467 excogitatam
1152 434 1279 458 musicam
1300 432 1334 458 ab
1354 432 1386 458 iis
1401 433 1509 465 avibus,
1525 432 1629 467 quae‘in
1644 443 1691 462 so-

907 465 1064 492 litudinibus
1079 471 1191 498 canunt,
1203 467 1235 492 ad
1247 474 1397 500 earumque
1414 465 1592 495 imitationem
1611 471 1692 497 insti-
1722 478 1725 483 ‘

908 505 992 526 tutam
1008 500 1090 527 fuisse
1117 501 1232 528 musices
1256 502 1438 535 disciplinam.
1460 512 1469 528 ι
1488 503 1562 531 Unde
1588 504 1691 532 Lucre-

907 535 961 561 tius
973 535 1007 561 de
1020 536 1129 562 musica:
1142 536 1246 570 origine
1255 535 1296 563 sic
1310 537 1408 563 cecinit
1423 537 1446 552 ⁸³
1466 548 1472 564 :

958 580 991 606 At
1007 581 1120 615 liquidas
1132 582 1219 608 arium
1237 590 1309 608 vocer
1324 583 1458 609 imitarier
1470 591 1514 610 ore

958 617 1023 642 Ante
1036 616 1084 650 fuit
1098 616 1190 647 mullo,
1203 624 1281 650 quam
1296 617 1373 644 ftvvia
1388 619 1508 645 carmina
1524 624 1603 646 cantu

958 650 1144 688 (ioncelebrnre
1152 651 1268 677 homines
1277 658 1390 684 possent,
1401 654 1636 688 auresquejuvare,

958 683 993 723 1th
1008 685 1113 723 zephyri
1124 693 1186 712 cara
1197 694 1244 719 per
1255 683 1417 723 calamorum
1431 683 1508 714 sibiia
1520 683 1634 723 primunt

958 719 1081 755 Agrum
1093 721 1204 746 docuere
1216 729 1291 746 cavas
1303 721 1396 755 inﬂare
1409 724 1517 750 cicutas.

957 754 1024 792 Lude
1034 756 1284 792 mirInlntintddnlces
1297 754 1412 792 didicere
1428 758 1558 792 querelas,

958 788 1032 826 Ttbia
1043 798 1108 823 quas
1121 790 1210 823 [ntulit
1225 791 1314 824 digitis
1329 788 1438 822 pulsata.
1450 799 1600 826 minantum,

957 825 1022 862 Avia
1034 833 1079 862 per
1093 833 1210 856 nemora,
1223 834 1254 851 ac
1267 826 1358 862 siit-as,
1374 827 1507 862 solutaque
1524 835 1635 862 reperta,

959 858 1014 885 Per
1031 860 1087 886 loca
1104 864 1240 893 pastorum
1254 861 1368 892 deserta,
1384 858 1528 895 atque'otia
1542 858 1598 889 dia.

938 916 973 942 At
987 915 1030 951 his
1049 922 1216 950 paganorum
1229 915 1392 950 scriptorum
1415 917 1586 951 opinionibus
1599 918 1691 946 verior

903 950 1006 987 procyf
1022 951 1104 987 d_ub_io
1129 951 1176 987 tibi
1189 951 1335 987 ‘vitl‘ebitur
1360 950 1493 978 sententia
1512 952 1622 987 Iosephi
1645 954 1669 970 ”
1681 974 1689 985 ,

903 985 947 1018 qui
960 984 1043 1021 .lubal
1069 985 1194 1012 Lamccbi
1219 985 1303 1012 lilium
1326 995 1335 1011 ι
1356 987 1465 1014 musica:
1488 984 1597 1021 operam
1617 989 1689 1016 haud

904 1020 984 1046 dubie
996 1020 1111 1053 primum
1125 1020 1239 1050 dedisse,
1254 1020 1466 1054 psalteriumque
1485 1020 1514 1048 et
1529 1022 1661 1050 citharam
1676 1032 1686 1049 ι

904 1054 1037 1081 invenisse
1051 1055 1128 1082 testis
1141 1063 1193 1081 non
1214 1056 1324 1082 omnino
1343 1056 1463 1084 incertus
1490 1057 1570 1084 nobis
1587 1063 1638 1085 est.
1661 1059 1688 1085 In

903 1088 1038 1116 Geneseos
1053 1089 1158 1126 etenim
1183 1089 1251 1117 libro
1268 1090 1291 1106 "
1311 1091 1411 1117 dicitur
1426 1091 1509 1118 fuisse
1524 1102 1533 1117 ι
1551 1097 1629 1126 pater
1645 1100 1690 1119 ca-

904 1125 1025 1150 nentiutn
1036 1125 1138 1152 cithara
1148 1129 1175 1151 et
1191 1132 1309 1158 organo;
1330 1135 1339 1150 ι
1356 1126 1396 1152 vel
1411 1131 1440 1152 ut
1455 1127 1479 1153 in
1492 1125 1586 1154 Graeca
1596 1127 1690 1154 LXXII

904 1158 1044 1197 Seniorutn
1075 1157 1324 1197 interpretatione:
1345 1157 1422 1192 οὗτος
1439 1159 1473 1197 ἦν
1493 1162 1508 1187 ό
1530 1162 1690 1196 καταδείξας

902 1193 1061 1229 ψαλτήριον,
1075 1194 1122 1220 καὶ
1138 1193 1263 1229 κιθάραν.

938 1229 976 1255 De
987 1230 1098 1256 musicis
1111 1234 1199 1256 autem
1214 1229 1300 1256 modis
1316 1229 1353 1257 ita
1369 1235 1465 1258 auctor
1477 1236 1588 1258 noster:
1604 1241 1614 1258 ‹
1629 1231 1689 1259 Mo-

903 1263 964 1301 dos_,
991 1264 1077 1298 inquit
1095 1264 1129 1296 ⁸⁸,
1146 1263 1235 1299 μέλος,
1261 1265 1433 1298 poematibus
1459 1267 1563 1300 primus
1581 1267 1687 1301 adjecit.

903 1303 930 1325 et
945 1297 1211 1333 Lacedtemoniurum
1225 1297 1296 1333 leges
1308 1297 1466 1327 numerosis
1481 1297 1689 1328 versibus'scrié

903 1334 957 1367 psit
976 1332 1132 1367 Terpander
1147 1332 1306 1360 Autissaius.
1327 1344 1337 1360 ι
1355 1335 1417 1362 Ilazc
1427 1335 1506 1369 paulo
1524 1336 1610 1363 fusius
1625 1336 1689 1363 Plu-

904 1369 1013 1395 tarchus
1025 1369 1152 1403 explicat,
1167 1369 1258 1403 aitque
1272 1369 1306 1401 ⁵⁷,
1325 1378 1334 1395 ‹
1359 1369 1543 1404 Terpandruzn
1559 1371 1688 1398 citharae-

904 1403 1025 1430 dicorum
1043 1410 1147 1437 poeIam
1162 1411 1315 1436 nomorum,
1337 1409 1363 1432 et
1379 1403 1439 1437 sua,
1457 1410 1481 1432 et
1500 1405 1607 1433 llomeri
1624 1414 1688 1432 car-

903 1439 976 1474 mina
998 1438 1025 1465 in
1047 1439 1240 1465 certaminibus
1255 1444 1329 1466 certo
1341 1440 1468 1474 quodque
1485 1440 1592 1467 modqu
1612 1442 1687 1468 cet-i-

904 1473 987 1512 nisse,
1005 1480 1122 1512 eumque
1138 1474 1253 1507 primum
1271 1473 1357 1501 modis
1373 1475 1557 1502 citbarmdicis
1578 1477 1687 1503 nomina

905 1515 1687 1543 Imposutsse..........................

866 1536 889 1567 C
906 1562 913 1570 .
975 1562 982 1569 .
1000 1562 1007 1569 .
1026 1562 1032 1569 .
1047 1543 1232 1570 cithartedicm
1248 1536 1318 1571 artis
1332 1545 1403 1571 nomi
1416 1545 1500 1571 multo
1520 1536 1582 1572 ante
1596 1536 1687 1572 tibici:

903 1585 967 1604 Itum
982 1584 1078 1615 nemos
1093 1583 1213 1615 tempore
1228 1579 1346 1606 instituti
1363 1585 1426 1606 sunt
1438 1588 1452 1606 a
1468 1579 1637 1615 Terpandro.
1663 1582 1687 1607 ls

903 1619 968 1647 ergo
985 1613 1170 1640 citbarredicis
1193 1615 1299 1640 nomina
1314 1614 1378 1641 fecit
1392 1613 1535 1645 Bmotiuni,
1554 1614 1685 1647 Eolium,

904 1646 1208 1684 Trioclruemnjcutuut,
1222 1648 1377 1684 Gepionem,
1403 1650 1614 1684 'l'erpandrium,
1633 1646 1687 1678 Te-

904 1683 1055 1719 tratediutn.
1068 1681 1147 1719 Fecit
1161 1684 1248 1719 etiam
1261 1681 1426 1717 ’Terpander
1439 1681 1570 1719 prooemia
1593 1686 1686 1712 citha-

903 1718 1004 1744 rmdica
1024 1718 1050 1743 in
1067 1718 1183 1754 heroicis
1197 1720 1373 1745 carminibus.
1391 1738 1399 1746 .
1419 1739 1426 1746 .
1440 1718 1453 1746 ⁷.
1472 1739 1479 1746 .
1498 1720 1686 1754 'l‘erpaudrum

903 1759 984 1789 porro
1007 1753 1159 1789 inmutatum
1187 1761 1246 1789 esse
1273 1753 1508 1789 llonterirversus,
1530 1753 1562 1781 et
1587 1755 1687 1789 Orphei

904 1787 1194 1824 υιιιιιιιειιθεεβορφέως
1204 1787 1238 1814 τὰ
1256 1788 1335 1824 μέλη.
1354 1798 1362 1815 ι
1382 1788 1563 1822 Quamobrem
1579 1787 1686 1818 Plinius

903 1822 996 1849 ait":
1013 1830 1022 1846 ι
1045 1822 1228 1858 Citbartedtca
1247 1822 1369 1850 carmina
1393 1826 1543 1858 composuit
1566 1825 1689 1858 Terpan-

904 1858 962 1883 der.
983 1865 992 1881 ι
1011 1858 1088 1891 Apud
1103 1857 1227 1884 Photiqu
1242 1864 1331 1884 autem
1354 1857 1465 1886 Proclus
1479 1862 1504 1886 in
1521 1859 1689 1887 Chrestoma—

903 1891 958 1917 thia
967 1891 1014 1930 ’ξ’-ε
1034 1901 1043 1917 (
1060 1891 1200 1930 Noluimus
1213 1893 1308 1930 Apollo
1323 1894 1359 1920 ita
1377 1895 1528 1928 appellatus
1543 1902 1594 1926 est,
1612 1896 1684 1930 quod

903 1925 1050 1958 veteribus,
1066 1928 1164 1953 choros
1178 1925 1419 1960 constituentibus;
1443 1935 1471 1956 et
1485 1930 1519 1957 ad
1534 1925 1629 1956 tibiaui
1644 1931 1686 1957 vel

903 1961 989 1998 lyram
1017 1969 1115 1998 nomon
1133 1963 1296 1989 canentibus
1318 1963 1526 1998 Cbrysotbemis
1549 1965 1688 1992 Cretensis

903 1996 1007 2034 primus
1019 1996 1088 2034 stola
1104 2003 1168 2023 usus
1181 1997 1290 2031 insigni,
1303 2002 1328 2024 et
1342 1996 1455 2032 accepta
1469 2000 1584 2030 cithara,
1599 2000 1685 2034 Apol-

903 2031 987 2069 linem
998 2031 1129 2063 imitatus,
1142 2033 1273 2069 cecinerit
1293 2031 1464 2066 nomonpqui
1478 2041 1539 2060 cunt
1556 2042 1587 2060 eo
1600 2031 1685 2069 gene-

903 2073 932 2092 re
947 2067 1123 2102 vehementer
1137 2068 1267 2102 probatus
1289 2074 1374 2099 esset,
1391 2069 1542 2102 permansit
1561 2067 1613 2096 bic‘
1625 2078 1683 2095 Ino-

903 2104 951 2126 dus
961 2101 1127 2127 certaminis.
1140 2100 1328 2134 Terpaudrum
1341 2100 1407 2129 vero
1422 2110 1521 2129 nomon
1533 2104 1686 2131 absolvisSe

902 2136 1018 2168 primutn
1036 2140 1157 2169 apparet,
1168 2143 1229 2162 cum
1244 2137 1381 2164 heroicum
1395 2145 1506 2164 carmen
1523 2138 1653 2166 adhibuit.
1673 2148 1684 2165 ι

906 2170 1001 2208 Verum
1018 2171 1115 2208 Suidas
1130 2171 1152 2208 ⁶⁴ξ
1168 2171 1263 2208 scribit
1279 2171 1464 2208 'l‘erpaudrum
1484 2180 1498 2198 a
1520 2174 1685 2208 quibusdam

903 2206 954 2232 dici
968 2204 1088 2238 Hesiodi,
1111 2205 1154 2232 vel
1178 2205 1287 2233 Homeri
1306 2204 1450 2241 gentilem;
1480 2209 1514 2235 ab
1529 2204 1601 2235 'aliis
1618 2216 1686 2236 vero

904 2240 1014 2267 aliunde
1026 2241 1180 2278 oriundum,
1194 2248 1226 2267 ac
1241 2240 1465 2278 fuisselyricum,
1483 2251 1493 2268 ι
1512 2245 1557 2278 qui
1581 2244 1687 2278 primus

904 2280 1007 2314 septem
1031 2276 1142 2314 chordis
1156 2282 1314 2314 Instructam
1329 2277 1415 2314 lyram
1431 2278 1506 2314 fecit,
1520 2276 1559 2306 ‘ct
1582 2276 1686 2314 lyricos

905 2311 999 2336 modos
1015 2311 1118 2344 primus
1138 2312 1257 2343 scripsit,
1270 2311 1394 2346 quamvis
1415 2313 1524 2346 quidam
1551 2311 1687 2341 Philemo-

905 2352 965 2372 nem
981 2352 1028 2372 eos
1044 2346 1186 2378 scripsisse
1200 2347 1293 2372 velint.
1313 2355 1323 2372 ι
1342 2347 1449 2373 Pindari
1465 2349 1581 2381 denique
1596 2355 1688 2376 aucto.

906 2381 985 2406 ritate
999 2381 1144 2407 Atheuteus
1152 2381 1173 2395 “
1185 2382 1303 2408 ostendit
1317 2383 1500 2416 excogitatqu
1511 2379 1545 2409 ab
1558 2391 1591 2410 eo
1604 2379 1699 2411 fuisse.

903 2415 1028 2441 barbiton
1050 2424 1057 2441 :
1082 2415 1205 2447 quamvis
1224 2418 1296 2442 Illius
1319 2415 1498 2445 Iuventionem
1519 2420 1688 2446 Anacreouti

902 2449 1050 2476 Neautbeut
1071 2451 1242 2485 (LyZIcaeuqu
1258 2453 1429 2484 adjudtcasse
1445 2454 1618 2481 testiﬁcetur.
1643 2455 1687 2481 VI-

902 2485 976 2523 desis
990 2485 1132 2523 Erasmqu
1148 2486 1247 2520 λιάσθη
1265 2488 1376 2513 cbiliad.
1396 2495 1416 2520 I,
1432 2495 1540 2516 centur.
1559 2489 1585 2521 6,
1605 2490 1686 2523 adag.

902 2520 948 2550 M,
964 2524 990 2546 et
1010 2520 1184 2547 Plutarchum
1207 2529 1262 2553 tam
1284 2529 1299 2547 a
1326 2523 1406 2550 nobis
1432 2523 1571 2551 laudatum
1586 2525 1633 2552 lib.
1649 2520 1687 2550 De

903 2555 1016 2588 musica,
1029 2562 1090 2589 pag.
1110 2556 1178 2582 1140
1189 2561 1217 2582 et
1230 2557 1308 2583 1141.

938 2591 990 2616 Sed
1003 2592 1207 2618 udUlellleltlelll
1221 2597 1343 2619 nostrum
1355 2593 1496 2628 redeamus
1508 2603 1531 2621 ς(
1541 2593 1599 2621 Jam
1611 2602 1688 2627 vero,

907 2675 930 2691 ⁸³
943 2675 995 2716 loc.
1014 2675 1065 2704 cit.
1118 2677 1255 2716 “_q§trom.
1279 2677 1346 2716 la},
1364 2679 1457 2714 p.523.
1514 2682 1537 2697 ⁸⁵
1553 2682 1579 2708 in
1593 2680 1687 2716 Virgil.

1192 2721 1242 2754 mp.
1279 2714 1343 2754 Mlti.
1395 2716 1575 2754 "_l’ol)’hist.,
1593 2724 1619 2744 c.
1641 2714 1688 2754 11.

1129 2755 1155 2781 p.
1172 2749 1236 2775 255.
1301 2749 1323 2764 ⁸³
1337 2749 1355 2776 l.
1376 2758 1396 2777 ιι
1420 2751 1456 2778 De
1477 2749 1584 2782 inusiu,
1600 2760 1624 2778 c.
1641 2752 1688 2780 10.

1030 2781 1052 2795 ⁵⁵
1064 2781 1081 2808 Ι.
1095 2785 1107 2808 1
1124 2785 1215 2819 Antiq.
1227 2783 1344 2817 Judaic.,
1359 2794 1385 2812 ι’.
1400 2785 1427 2812 3.
1464 2786 1487 2801 "
1504 2781 1626 2819 ch.’IV,
1641 2789 1688 2814 2|.

1054 2823 1101 2850 vn,
1115 2817 1200 2850 c.5ti,
1215 2826 1243 2853 p.
1255 2819 1314 2846 l05.
1355 2820 1377 2835 "
1392 2820 1458 2847 Bibl.
1477 2823 1538 2848 cod.
1556 2816 1687 2854 coniux.

1364 2679 1457 2714 p.523.

109 2850 172 2879 986.
201 2851 223 2866 ⁶⁰
233 2852 265 2878 ad
280 2853 357 2879 vcrb.
373 2851 556 2888 Τέρπανδρος.
593 2853 614 2869 ⁸¹
631 2854 649 2880 l.
665 2861 689 2880 vI
705 2850 850 2887 Deipnoso;

919 2859 944 2886 p.
975 2850 1036 2878 175.

227 2898 364 2929 Pnnoc.
386 2899 446 2930 Gtt.
468 2899 524 2939 lx,

1490 2901 1529 2932 ιι3
