1915 3072
23 155 69 182 581

606 155 649 182 DE
665 155 778 183 LIBRIS
796 156 1024 185 b't‘ROMATUM.

1561 161 1629 189 {389

37 221 189 249 cognoscat.
215 222 290 250 atque
309 215 457 250 judicium,
482 223 528 242 seu
553 216 668 242 secunda
680 251 684 252 ν
695 217 790 242 menlis
805 220 826 246 Α
843 217 922 243 verba
938 217 1027 243 attulit
1039 216 1061 232 ⁸ο
1075 225 1081 243 :
1103 225 1110 241 l
1126 215 1152 242 In
1169 214 1281 252 Phirdro
1297 217 1360 243 dicit
1377 215 1493 244 animam
1507 225 1567 244 cum
1583 227 1630 252 per

38 252 170 284 operatio.
185 252 217 277 sit
234 251 372 278 voluntatis
386 256 469 282 rictus,
485 252 516 277 de
533 259 592 276 rem
608 257 631 276 et
646 251 714 284 [uisu
730 252 787 282 opi-

37 286 126 316 nione,
151 286 182 312 de
205 286 438 316 demonstratione,
460 286 582 318 scientia,
606 286 738 320 sapientia
764 291 787 312 et

37 321 192 353 prudentia.

37 355 77 391 Ad
91 363 124 381 ea
140 363 200 389 qua:
212 355 244 382 de
257 356 340 382 variis
358 355 488 387 scientiis,
506 355 609 382 artibus
625 359 652 382 et
668 356 787 391 discipli-

23 391 43 415 is
59 390 187 417 Clemens
209 396 300 417 noster
323 390 419 416 litteris
443 391 578 417 mandavit
595 391 630 422 ³⁵,
643 390 786 424 antequam

23 425 155 456 ruiamtts,
173 426 320 452 observare
336 425 413 458 juvat
432 425 466 451 ab
485 425 531 451 illo
555 425 622 453 satis
645 427 789 460 perspicue

23 459 132 492 tplicari
154 461 217 493 quid
238 461 291 486 sint
307 460 428 491 scientia,
445 460 632 494 intelligentia.
645 459 788 494 experien-

24 503 48 524 a,
65 495 199 528 cognitio,
216 495 360 529 sapientia,
377 495 454 526 fides.
472 500 543 522 recta
562 496 653 530 opinio
671 501 698 522 et
717 497 788 523 veri-

23 537 54 555 is.
72 530 158 556 Docet
170 535 261 556 autem
278 530 410 563 duplicem
421 531 446 556 in
464 530 572 557 homine
584 538 643 557 esse
655 532 786 565 cognitio-

23 573 72 595 ειη,
87 564 190 598 vixque
209 572 240 591 ac
256 572 289 591 ne
309 565 352 592 vix
369 565 476 598 quidem
489 573 504 592 ει
522 572 551 592 se
570 566 628 599 ipso
642 564 788 599 impetrare

23 604 99 630 :itcst,
112 604 142 626 ut
156 600 236 625 ullam
249 600 276 626 in
292 601 389 626 helluis
400 607 459 626 esse
472 601 615 627 concedat.
627 601 786 633 Audiamus,

23 641 100 666 naiso,
119 635 218 668 quibus
235 635 326 662 verbis
341 643 373 662 ea
395 635 427 661 de
445 643 473 662 re
490 639 607 661 mentem
631 643 707 661 suam
723 643 787 669 ape-

26 670 94 695 icrit.
116 678 125 694 ι
147 670 261 701 Dicitur,
286 669 419 704 inquit“,
442 670 539 703 duplex
560 670 687 703 cognitio,
707 668 789 704 διιὲλῆ

31 703 146 736 γνῶσις·
161 713 212 730 una
229 703 336 738 quidem
354 706 544 736 communiter,
561 712 621 738 qua:
633 705 712 731 estin
729 703 788 732 ouié

23 739 78 764 ibus
104 739 273 770 hominibus,
297 739 422 766 similiter
451 739 627 773 intelligentia
646 745 673 766 ei.
688 747 786 773 appre-

23 774 104 806 ensio,
120 773 229 805 σύνεσίς
240 783 270 800 τε
284 774 331 801 καὶ
346 774 497 809 ἀντίληψις,
512 782 571 807 qua:
586 782 618 800 ex
633 775 788 809 cognitione

26 811 277 844 ngulortimpqua:
303 809 425 843 subjecta
451 814 529 841 sunt,
556 809 661 844 publice
688 810 784 841 elucet,

23 851 76 869 nant
99 851 153 870 non
171 843 257 870 solum
277 844 378 870 habent
401 843 561 878 potestates,
574 851 633 877 qum
654 849 718 870 sunt
743 852 786 870 ra-

24 886 73 904 one
90 879 222 912 pratditte.
241 881 287 905 seti
305 880 387 906 etiam
404 887 463 913 qua:
479 886 509 904 ea
524 884 626 908 carent.
644 886 722 912 quam
736 887 785 912 ego

23 921 138 946 unquam
153 914 348 940 uominavcrim
364 914 555 947 cognitionem,
568 913 601 948 ἢν
613 913 662 940 οὐκ
675 913 706 940 ἄν
720 922 784 940 ποτε

23 956 84 980 (my;
101 948 204 982 γνῶσίν
217 957 247 974 τε
270 949 443 983 ὀνομάσαιμι,
462 954 491 974 ιιι
514 956 574 974 cum
599 949 633 975 sit
652 957 666 974 a
689 953 784 976 natura

23 989 201 1015 igciieratum,
217 988 247 1009 ut
265 990 411 1018 cognoscat
429 992 476 1018 per
490 990 596 1010 sensus.
613 984 677 1016 Qua:
694 988 784 1011 autent

23 1017 160 1053 ξαιρέτως,
176 1017 341 1046 excellenter
360 1025 386 1045 et
400 1017 544 1053 principue,
564 1020 718 1045 nominatur
739 1026 785 1046 co-

27 1054 91 1084 ntio,
106 1052 220 1087 γνῶσις,
234 1061 266 1079 ex
291 1058 379 1080 mente
401 1052 429 1080 et
454 1054 559 1079 ratione
585 1053 697 1080 l'nrniaiu
712 1055 783 1080 arci-

23 1088 47 1117 it.
64 1092 90 1114 et
107 1088 304 1118 characterem.
316 1096 362 1122 per
376 1096 455 1121 quem
467 1089 529 1115 sol-.e
541 1093 685 1121 potestates
703 1090 784 1115 ratio-

26 1122 71 1148 dcs
93 1124 243 1158 participes
264 1124 330 1149 linnt
346 1123 518 1156 cognitionis,
532 1123 592 1149 καθ’
606 1123 639 1158 ἢν
656 1123 734 1158 μόναι
755 1124 783 1149 αἱ

23 1158 101 1190 naui.
123 1157 253 1192 δυνάμεις
267 1157 382 1192 γνῶσεις
404 1157 573 1192 γενήσονται,
588 1157 704 1190 (ιιιιϋὶὶδ
725 1166 784 1192 qua:

26 1193 240 1225 iprehetiduulur
263 1193 459 1226 intelligentia,
487 1201 534 1226 per
564 1193 662 1219 nudant
687 1193 783 1220 anima:

26 1226 185 1253 ieratioiiem
204 1235 271 1261 pure
286 1235 317 1254 ac
333 1228 438 1254 sincere
455 1228 634 1261 applicantur.
653 1237 662 1253 ι
681 1228 783 1261 Duplex

23 1262 78 1291 ,illlr
102 1270 118 1295 ιι
144 1261 284 1297 Clemente
307 1263 437 1297 cognitio,
461 1261 572 1295 γνῶσις,
597 1262 781 1297 distinguitur.

23 1297 84 1322 rima
100 1295 162 1327 est,
173 1304 225 1330 qua
241 1304 292 1324 non
308 1295 393 1324 solum
418 1297 510 1329 homo,
526 1298 572 1323 sed
589 1297 669 1323 etiam
683 1295 783 1325 bellum

23 1350 24 1354 η
40 1331 167 1357 animalia
183 1332 289 1358 ratione
305 1332 437 1363 carentia,
452 1332 588 1366 corporeis
611 1331 734 1359 sensibus
752 1341 782 1359 ea

26 1373 55 1391 ite
71 1366 121 1393 sibi
136 1365 314 1399 objiciunturl
330 1367 433 1399 vident,
449 1365 672 1401 aut'pcreipiunt.
689 1368 725 1393 At
739 1367 784 1394 ille

23 1402 158 1434 :gathanc
179 1402 377 1435 perceptionem
399 1402 508 1435 proprie
524 1409 556 1427 ac
576 1408 638 1427 vere
652 1402 782 1436 appellari

23 1444 74 1462 isse
93 1436 289 1470 cognitionem,
308 1436 418 1470 γνῶσιν.
435 1436 473 1462 Ne
489 1441 578 1462 autem
592 1436 653 1471 quis
677 1437 701 1463 id
720 1445 735 1463 ει
755 1444 783 1464 se

26 1477 95 1496 mere
108 1475 135 1496 et
151 1471 354 1498 inconsiderate
366 1472 468 1498 dictum
485 1472 617 1502 crederet,
633 1472 701 1498 hanc
716 1479 782 1499 con-

23 1512 69 1530 uuo
86 1505 166 1532 aﬂ'ert
184 1506 337 1538 rationein;
362 1507 425 1541 quia
450 1506 506 1532 litec
529 1506 667 1540 perceptio
685 1506 783 1535 belluis

23 1541 157 1576 ittiraliter
173 1541 264 1571 insita,
283 1541 366 1568 solius
386 1542 414 1567 tit
430 1541 553 1576 corporei
570 1548 666 1567 sensus
683 1549 734 1576 ope
749 1550 782 1569 ac

26 1574 159 1607 inisterio,
174 1580 254 1610 atque
269 1576 381 1609 proinde
398 1572 591 1610 illa'co'rporca
610 1572 713 1610 tantum
723 1582 780 1610 rest.
795 1572 816 1600 C

23 1616 85 1642 aque
110 1617 169 1636 eam
195 1608 247 1637 non
269 1608 380 1644 γνῶσιν,
405 1611 450 1637 sed
471 1608 777 1644 σύνεσινῡιάντίληψιν,

23 1645 214 1677 :rspicieutiam
230 1646 472 1679 el'perceptionein
491 1645 549 1670 vult
562 1647 699 1678 appellari.
775 1648 778 1654 '

31 1678 67 1704 Ex
84 1678 232 1713 hac'porro
246 1678 392 1708 Clementis
407 1680 490 1707 nostri
505 1679 628 1706 doctrina
644 1680 714 1707 haud
729 1680 778 1708 ob-

23 1721 73 1740 :ure
87 1714 224 1748 colligitur
240 1715 314 1741 illum
339 1715 485 1747 uullam'in
505 1714 724 1749 belluisproprie
738 1716 781 1742 di-

24 1755 63 1774 am
85 1750 269 1783 cognitionem
293 1750 446 1783 admisisse,
466 1749 513 1776 sed
538 1751 683 1783 quamdam
712 1751 778 1777 ditii-

26 1787 67 1809 χιιι
83 1791 120 1810 rei
136 1785 188 1810 sibi
209 1784 335 1818 subjecta:
355 1784 567 1818 perceptionem.
592 1784 663 1811 Nihil
686 1788 778 1812 autem

43 1819 93 1844 hac
120 1817 271 1845 belluarum
298 1817 490 1854 perceptiouet
505 1819 556 1845 nisi
580 1819 659 1853 plane
682 1828 778 1854 corpo-

27 1861 66 1892 uiu
91 1860 153 1880 esse
172 1861 328 1895 persuasum
348 1855 460 1894 omnino
484 1853 590 1895 habuit:
612 1855 681 1895 Quid
701 1853 776 1895 ergo.

24 1888 106 1921 quies,
120 1896 210 1915 nonne
228 1889 272 1915 ille
284 1889 413 1923 superiori
440 1890 465 1915 in
484 1889 553 1915 libro
569 1888 590 1903 ³⁷
606 1890 709 1922 profert
722 1888 776 1916 Xe-

23 1923 112 1949 icratis
125 1929 151 1949 et
175 1923 319 1950 Democriti
334 1924 497 1958 opinionem,
513 1924 557 1957 qui
575 1923 692 1958 aliquam
710 1924 781 1951 fate-‘

23 1962 88 1984 nitur
105 1965 166 1985 esse
181 1958 207 1984 in
227 1959 421 1990 animantibus,
436 1963 464 1985 ut
480 1966 495 1984 a
511 1958 587 1985 nobis
604 1960 782 1986 observatuin'

25 1992 75 2024 t“,
97 1993 142 2020 Dei
166 1994 365 2027 cognitionem?
389 1993 495 2027 Optime
521 1993 640 2027 quidem.
664 1994 716 2020 Sed
737 1994 775 2020 ibi

24 2035 114 2054 umens
129 2036 183 2054 non
200 2029 238 2055 ait
257 2035 286 2055 se
306 2029 402 2055 horum
417 2028 639 2062 philosophorum
655 2030 775 2056 subscri-

26 2070 74 2089 isse
91 2063 244 2089 sententiae.
651 2065 653 2068 ⁴
779 2067 780 2070 “

28 2096 152 2124 Secunda
167 2103 269 2130 autem,
289 2102 315 2124 et
335 2098 442 2132 proprie
463 2097 533 2124 dicta
554 2097 664 2132 γνῶσις,
684 2099 775 2132 cogni-

23 2138 38 2159 ι.
55 2133 92 2158 uti
111 2132 154 2158 ille
168 2133 216 2165 ait,
233 2133 286 2159 ἀπὸ
296 2133 347 2168 τῆς
363 2132 474 2168 γνώμης
498 2133 544 2159 καὶ
561 2133 606 2159 τοῦ
628 2133 707 2168 λόγου
723 2142 773 2168 χα-

23 2167 496 2202 κτηρίζεται,ιίιιιιιιιίιιιιδειιιειιιίιι
521 2173 547 2194 et
566 2169 672 2195 ratione
695 2167 772 2195 suum

24 2202 87 2235 t'lpll
99 2204 296 2229 characterem.
309 2212 319 2228 ›
330 2206 420 2237 Itaque
432 2203 490 2230 haec
504 2204 623 2237 cognitio
635 2209 675 2230 est
689 2204 772 2230 solius

26 2236 248 2298 Ῑιιιειεῦρῑιυιιιιιὶὃ,
261 2246 321 2272 (μιίὲ
339 2236 445 2265 ratione
457 2245 506 2265 sua
520 2236 564 2265 res
577 2240 649 2273 ipsas
660 2240 774 2273 percipit
790 2238 812 2265 D

32 2278 85 2298 111ιῦ
109 2277 167 2298 ιιιιι.

32 2273 167 2306 intelligit.

25 2307 82 2334 Inde
98 2315 162 2334 vero
176 2307 308 2334 llcrvetus
324 2308 407 2335 infert
418 2307 585 2335 Clementem
598 2307 632 2335 ab
647 2308 774 2342 opinione

23 2342 141 2369 'islotelis
166 2343 329 2374 recessisse,
359 2351 410 2378 qua
440 2343 483 2369 ille
509 2344 621 2378 ejusque
647 2344 772 2378 discipuli

26 2377 75 2412 idin
90 2385 137 2410 pro
150 2383 226 2403 certo
240 2377 389 2412 posuerunt
401 2378 477 2409 nihil,
491 2377 528 2404 uti
541 2379 658 2410 aiebant,
673 2377 732 2405 esse
746 2379 772 2404 in

23 2411 318 2447 Jﬁiutcllectu,'quod
339 2413 412 2447 prius
439 2414 465 2438 iii
490 2421 572 2439 sensu
600 2421 652 2439 tiou
678 2415 770 2439 fuerit.

28 2456 82 2473 runi
100 2455 152 2473 non
171 2455 203 2474 ex
221 2448 271 2473 hoc
285 2447 342 2474 solo
359 2449 477 2474 auctoris
491 2448 573 2475 u05tri
589 2447 648 2474 loco
660 2448 686 2474 id
703 2447 771 2474 Her-

23 2486 60 2508 ius
77 2483 206 2517 colligere
222 2487 339 2515 poterat,
364 2483 410 2508 sed
435 2490 468 2509 ex
487 2483 547 2509 aliis
565 2484 645 2509 etiam
665 2490 725 2517 qua:
744 2484 769 2509 iii

23 2517 115 2548 periuri
128 2517 322 2544 dissertatione
336 2518 525 2544 adnotavimus
537 2518 569 2550 ³⁵,
586 2521 665 2551 atque
687 2520 768 2544 etiam

33 2552 64 2578 iis
80 2560 141 2585 qua:
155 2552 279 2586 superius
303 2553 336 2578 de
355 2552 471 2578 hominis
490 2553 591 2583 anima,
608 2560 640 2579 ac
661 2553 769 2586 potissi-

23 2588 105 2613 unde
128 2587 262 2621 guostico,
277 2588 484 2622 disputavimus.
510 2586 585 2614 Unde
609 2594 698 2613 autem
724 2587 769 2613 ille

23 2629 53 2647 nc
73 2623 224 2648 doctrinam
255 2622 441 2656 Peripateticae
466 2623 577 2648 oumino
603 2622 766 2649 contrariam

23 2657 113 2688 tiserit,
129 2658 152 2683 si
168 2665 184 2682 a
200 2656 278 2683 nobis
298 2658 427 2691 postult-5,
445 2658 667 2690 respondebimus
688 2661 721 2683 ab
736 2666 767 2683 eo

23 2694 124 2718 ibatani
143 2692 228 2719 fuisse
256 2699 290 2719 ex
310 2692 432 2724 Platone,
460 2693 536 2726 cujus
561 2692 607 2718 ille
621 2692 685 2718 alibi
699 2694 767 2724 hinc

23 2768 38 2783 "
54 2768 100 2796 lib.
116 2777 135 2796 ll
157 2769 273 2802 Strom.,
291 2778 351 2804 pag.
368 2769 421 2796 295
441 2774 468 2796 et
487 2769 553 2801 596;
572 2769 588 2795 Ι.
607 2777 643 2800 vi.
665 2777 691 2803 p.
713 2768 761 2795 69l
787 2773 813 2794 et
836 2775 895 2802 seq.

113 2806 135 2820 ”
149 2806 259 2831 dissert.
278 2803 382 2839 super”
398 2813 459 2838 rap.
474 2805 500 2837 6,
518 2810 570 2832 art.
585 2805 616 2835 “2-,
633 2813 692 2838 sup.
712 2812 737 2830 (ε.
763 2805 779 2830 ϋ

833 2809 864 2830 rt.
884 2803 911 2835 5,
927 2808 953 2829 et
966 2804 1052 2839 erigi,
1069 2809 1119 2829 art.
1133 2803 1160 2830 5.

28 2825 33 2830 .
50 2805 74 2830 1.
113 2806 135 2820 ³³
149 2806 259 2831 dissert.
278 2813 382 2839 supcr.,
398 2813 459 2838 rap.
474 2805 500 2837 6,
518 2810 570 2832 art.
585 2805 616 2835 “2-,

29 2839 75 2864 183
90 2844 117 2866 et
132 2847 191 2872 seq.
242 2839 264 2854 δ’
278 2841 323 2865 ιιυ.
339 2848 357 2866 ιι
384 2839 498 2872 Stroin.,
524 2847 551 2874 p.
569 2840 631 2867 584.

23 2882 44 2906 ρ.
59 2875 123 2902 δδι.
157 2874 179 2890 ιτ
192 2874 210 2901 ι.
227 2881 274 2908 νη,
288 2882 315 2908 p.
328 2875 392 2901 759.

682 2839 705 2854 ⁸³
721 2839 767 2865 lib.
783 2847 801 2865 ιι

841 259 871 290 ξε
894 252 1093 290 [ttcrit_solain,
1113 251 1198 288 αὐτὴν
1216 251 1276 277 κατ’
1296 251 1383 290 ριὺτῂν
1409 253 1559 288 γενομένην
1577 253 1629 290 ντὴν

839 286 928 321 ψυχὴν
949 286 1042 321 μόνην,
1062 293 1140 320 posse
1158 286 1228 313 verte
1245 287 1402 321 sapientiai,
1427 292 1453 313 et
1474 286 1542 321 quae
1559 286 1630 315 vii-cs

841 321 972 348 humanas
989 327 1109 353 superat,
1132 328 1192 347 esse
1212 321 1382 356 participem.
1399 331 1408 347 ι
1427 322 1507 349 Visne
1521 328 1549 350 et
1569 324 1629 350 aliis

840 356 958 392 ejusdem
975 356 1196 390 philosophorum
1211 357 1341 392 principis
1353 357 1443 383 verbis
1461 358 1507 384 lilii
1524 358 1550 383 id
1564 366 1628 392 pro-

838 390 917 417 bari?
931 391 998 417 Ecce
1009 397 1108 425 prmsto
1120 396 1182 417 stitit
1195 392 1219 417 in
1234 391 1305 418 illius
1319 391 1458 424 Tliearieto,
1470 392 1513 418 tibi
1528 390 1627 420 diserte

840 426 938 461 asserit
953 425 985 455 “.
1002 434 1010 450 ι
1027 426 1142 452 animam
1160 427 1257 459 partim
1273 426 1356 460 ipsam
1373 435 1421 460 per
1443 434 1471 453 se
1485 428 1568 461 ipsam
1584 436 1626 455 res

839 460 1021 492 considerare,
1032 462 1128 494 partim
1144 469 1192 495 per
1202 468 1347 495 corporeus
1357 460 1508 488 facultates.
1528 472 1536 488 I
1549 463 1624 495 Quod

839 495 946 528 quidem
971 495 1015 522 ille
1032 495 1094 532 hinc
1119 497 1224 530 prohat,
1246 496 1307 530 quia
1320 497 1409 522 anima
1430 504 1477 530 per
1493 505 1521 524 se
1541 498 1624 532 ipsam

839 538 930 565 rerum
944 531 1082 556 essentiuiit
1096 536 1122 557 et
1134 531 1275 558 veritatem
1291 532 1438 565 cognoscit.

874 564 1028 598 Perpetiilas
1056 571 1143 592 autem
1170 566 1249 592 velini
1267 585 1274 596 ,
1309 564 1397 592 uirum
1436 565 1623 599 Peripatetico!

839 599 938 636 schol-te
959 601 1140 636 sectatoribus
1166 600 1342 636 illudrniagis
1364 600 1465 633 faveat,
1493 603 1563 636 quod
1590 604 1622 631 de

837 633 949 667 judicio,
964 634 1020 660 sive
1037 636 1069 661 de
1082 635 1210 665 secunda,
1225 635 1295 661 sicut
1307 633 1347 662 illi
1369 633 1527 669 loquuntur,
1543 645 1622 664 inen-

841 669 873 695 tis
902 669 1060 702 operatione
1085 670 1155 696 idem
1188 669 1311 697 Clemens
1336 675 1430 697 uoster
1463 672 1622 700 tradidit":

841 712 849 728 t
868 704 1054 740 Asseiisiones,
1071 703 1290 738 συγκαταθέσεις,
1311 712 1362 732 non
1375 705 1461 732 Solum
1475 706 1620 740 Platonici,

839 739 885 774 sed
904 738 986 765 etiam
1005 739 1086 766 Stoici
1107 741 1200 766 dicunt
1216 747 1275 766 esse
1300 740 1325 766 in
1352 745 1443 767 nostra
1477 738 1620 774 potestate.

838 772 931 810 omnis
943 781 1007 808 ergo
1018 774 1127 810 opinio,
1147 774 1224 806 δόξα.
1246 779 1276 810 ct
1296 774 1436 810 judicium.
1461 772 1568 810 inpiatis,
1596 781 1621 804 cl

837 809 1011 846 existimatio,
1026 809 1170 844 ὑπόληψις,
1196 814 1223 835 et
1237 809 1390 842 disciplina,
1419 809 1544 845 μάῦήσις,
1562 812 1620 846 qui-

839 843 887 869 bus
902 843 1027 880 viviinus,
1045 849 1071 870 et
1081 843 1189 880 semper
1203 851 1296 880 sumus
1308 851 1367 880 cuin
1381 843 1620 880 geiierc‘huma'no,

837 882 878 904 est
896 879 1026 904 assensio.
1049 887 1058 904 ι
1079 879 1113 905 Ει
1130 886 1193 906 vero
1209 879 1230 904 si
1250 878 1382 911 judicium
1398 880 1432 905 sit
1455 887 1547 906 revera
1570 878 1618 908 as;

837 919 935 940 scnsus
944 917 972 949 et
981 914 1154 949 approbatio,
1170 919 1197 939 et
1210 914 1267 940 htec
1278 914 1312 939 sit
1324 913 1349 939 in
1367 920 1458 941 nostra
1471 920 1619 949 potestate,

837 955 925 984 nonne
943 948 1004 984 inde
1020 953 1092 974 recte
1108 949 1229 982 sequitur
1243 949 1388 982 judicium,
1418 957 1471 982 qtio
1495 953 1619 984 proposi-

837 982 935 1009 tionem
952 982 1069 1016 aliquaui
1095 990 1186 1009 veram
1207 989 1251 1009 aut
1271 984 1362 1010 l‘alsaiu
1388 982 1551 1015 judicanius.‘
1560 993 1619 1012 esse

835 1018 923 1049 potius
940 1018 1084 1045 roluutatis
1101 1023 1200 1045 nostra:
1215 1026 1296 1052 quam
1321 1019 1407 1044 nostri
1435 1024 1524 1045 actum
1540 1020 1619 1047 intel-

836 1052 944 1079 lectus?

870 1087 924 1114 Cur
935 1094 1008 1121 ergo.
1024 1087 1141 1121 inquies.
1156 1087 1224 1113 idem
1239 1088 1271 1114 de
1286 1087 1427 1121 opinione,
1443 1087 1517 1120 δόξα,
1531 1096 1545 1115 a
1558 1089 1619 1115 Clo-

835 1123 924 1148 metite
936 1122 1110 1149 decernitur?
1129 1121 1226 1156 Opinio
1247 1123 1347 1149 ctenim
1369 1130 1430 1148 cutn
1460 1131 1547 1157 neque
1562 1132 1618 1150 evi-

834 1157 910 1187 dens,
927 1164 1013 1190 neque
1029 1162 1102 1183 certa
1121 1163 1164 1187 sn,
1180 1158 1314 1191 quomodo
1328 1157 1353 1183 ci
1375 1159 1499 1184 assentiri
1524 1166 1618 1191 possu-

836 1191 915 1218 mus?
939 1192 1120 1224 Quamobrem
1148 1191 1212 1218 alitii
1235 1192 1362 1218 Clemens
1380 1192 1489 1219 dixerat
1504 1192 1527 1208 "
1552 1201 1560 1219 :
1586 1194 1617 1220 οὐ

833 1225 887 1261 γάρ
901 1227 996 1268 noce-ii)
1009 1226 1122 1268 ὁιλήοεια
1136 1226 1242 1266 οἱξησιςη
1252 1236 1270 1266 ι¹
1281 1235 1332 1266 non
1352 1230 1394 1253 est
1417 1227 1489 1267 enim
1518 1229 1619 1268 veritas

834 1262 935 1294 opinio.
951 1271 960 1286 ι
978 1262 1028 1288 Sed
1056 1263 1179 1295 quamvis
1201 1262 1290 1295 opinio
1315 1262 1415 1288 incerta
1432 1267 1458 1288 et
1478 1263 1618 1291 inevidens

833 1297 879 1327 sit,
896 1300 978 1330 atque
999 1296 1100 1322 idcirco
1121 1304 1134 1322 a
1153 1296 1266 1322 scientia
1279 1297 1476 1330 distinguatur;
1496 1297 1548 1324 hoc
1576 1303 1615 1324 tas

834 1338 894 1356 tnen
913 1339 965 1357 non
980 1331 1257 1365 impedit,quomiuus
1281 1339 1352 1364 swpe
1370 1331 1490 1358 homines
1505 1340 1618 1366 cognos-

833 1369 895 1391 cant
908 1365 1039 1401 quasdain
1055 1366 1150 1398 falsas,
1173 1366 1240 1392 alias
1261 1371 1352 1392 autent
1379 1374 1457 1392 veras
1478 1365 1618 1401 eSse’opi-

833 1401 938 1427 uioues.
953 1400 984 1427 Et
998 1405 1072 1427 certe
1087 1409 1118 1427 ex
1141 1403 1191 1427 hac
1216 1400 1290 1427 falsa:
1319 1405 1363 1426 aut
1387 1408 1456 1427 vene
1478 1400 1616 1435 opinionis

832 1436 987 1469 cognitiOue
1005 1436 1051 1467 lit,
1066 1441 1096 1462 ut
1114 1443 1192 1470 quem
1218 1435 1302 1470 priori
1332 1442 1442 1469 negant,
1470 1437 1616 1470 posteriori

833 1470 971 1502 praebeant
993 1478 1147 1498 assensum.
1166 1470 1222 1497 lmo
1237 1478 1299 1497 vero
1315 1470 1447 1502 notmulli,
1462 1473 1508 1497 sed
1522 1479 1616 1499 errore

833 1505 951 1539 decepti,
965 1504 1040 1532 falsae
1059 1506 1139 1532 etiam
1154 1505 1275 1539 opinioni
1293 1506 1490 1532 assentiuntur.
1503 1507 1578 1539 Quod
1592 1508 1614 1534 si

833 1539 894 1572 quis
910 1540 1085 1573 pertinaciter
1098 1541 1244 1568 contendat
1265 1540 1335 1566 hunc
1360 1547 1499 1566 assensum
1514 1542 1613 1569 debere

833 1581 953 1601 errorem
973 1580 1019 1601 aut
1039 1575 1178 1602 veritatem
1201 1575 1346 1608 appellari,
1370 1575 1394 1602 ei
1419 1577 1526 1608 penitus
1558 1583 1610 1603 non

832 1608 1036 1644 refragabiniur.
1049 1610 1103 1637 Cur
1119 1615 1208 1636 autent
1220 1610 1286 1636 l'alsa
1303 1615 1330 1635 et
1340 1617 1402 1636 Vera
1415 1611 1506 1644 opinio
1522 1610 1614 1644 aliquo

831 1643 926 1679 saltem
953 1646 1032 1671 modo
1050 1645 1101 1671 dici
1128 1652 1181 1671 non
1197 1645 1291 1679 possit,
1313 1644 1392 1678 plane
1410 1643 1461 1671 non
1478 1643 1613 1673 videmus.

830 1678 897 1709 Quia
916 1686 979 1714 vero
1001 1679 1140 1714 fragilitati
1154 1678 1279 1706 humana:
1300 1680 1326 1706 id
1344 1680 1442 1713 saepius
1456 1681 1564 1712 aemdit,
1583 1687 1612 1708 ut

830 1720 906 1739 suam
918 1713 993 1741 falsis
1007 1713 1133 1748 adiungat
1149 1715 1344 1746 assensionem,
1366 1716 1503 1748 quomodo
1532 1715 1613 1743 homo

832 1748 898 1774 l'alsa
913 1749 1038 1782 opinione
1055 1751 1174 1776 imbutus
1190 1750 1275 1784 possit
1288 1750 1320 1776 ad
1335 1751 1479 1776 veritatem
1504 1758 1615 1777 revoca-

831 1783 866 1820 ri,
877 1783 917 1811 sic
928 1784 1059 1820 Clemens
1077 1789 1170 1811 noster
1183 1783 1261 1811 docet
1275 1784 1319 1809 "‘t
1348 1793 1357 1809 ‹
1378 1784 1463 1819 Τριτὴ
1481 1784 1615 1820 θεραπεία

829 1818 952 1852 οἰήσεως,
969 1819 1013 1845 Est
1028 1819 1123 1854 triplex
1137 1819 1206 1846 ratio
1219 1821 1343 1846 curandae
1353 1818 1488 1852 opinionis
1499 1818 1612 1848 {causa-

829 1854 959 1886 cogiiitio,
974 1859 1002 1880 et
1014 1854 1149 1888 quomodo
1164 1861 1194 1881 ea
1212 1856 1298 1888 possit
1311 1854 1424 1885 auferri,
1447 1860 1474 1880 et
1498 1857 1609 1882 tertium

828 1895 924 1914 anima:
940 1889 1099 1915 exercitatio
1113 1893 1138 1924 et
1152 1889 1326 1922 ass‘iicfactio,
1340 1894 1369 1915 ut
1383 1890 1467 1923 possit
1479 1891 1556 1924 sequi
1577 1900 1608 1917 ea

827 1929 886 1955 qua-
904 1928 977 1950 recte
989 1924 1108 1957 iudicata
1124 1923 1235 1950 fuerint.
1256 1933 1266 1948 ι

863 1958 1094 1988 Quetuadinoduiii
1112 1964 1203 1984 autem
1221 1958 1285 1985 l'alsa
1300 1957 1393 1992 opinio
1410 1963 1553 1990 esterror,
1573 1959 1609 1986 ita

827 1992 908 2018 etiam
921 1992 1089 2025 conjectura,
1109 1998 1178 2019 teste
1193 1998 1285 2019 nostro
1300 1994 1437 2020 Clemente
1448 1994 1481 2026 ”,
1497 2000 1535 2020 est
1560 1995 1610 2020 iiii-

827 2027 926 2053 bccilla
942 2028 1044 2061 Opinio,
1055 2035 1114 2061 qua:
1127 2028 1205 2053 lidein
1219 2027 1327 2053 simulat
1342 2034 1368 2053 et
1379 2028 1499 2054 imitatur
1512 2029 1610 2056 :‘Yrt'o-

826 2061 947 2097 κρίνεται
963 2062 1010 2097 τὴν
1026 2062 1117 2089 πίστιν
1140 2062 1156 2097 ή
1171 2062 1295 2093 εἰκασία,
1311 2062 1425 2097 ἀσθενὴς
1450 2062 1517 2090 οὖσα
1544 2064 1610 2090 ὑπό-

826 2095 915 2131 ληψις·
937 2095 1046 2124 (Fidem
1059 2095 1182 2123 imitatur
1194 2097 1361 2131 conjectura,
1380 2095 1438 2131 qua:
1459 2104 1501 2125 est
1523 2099 1606 2125 itubc-

825 2134 885 2158 cdta
899 2132 1016 2166 opinio.»

860 2166 930 2199 Quid
949 2175 1024 2198 vero,
1041 2166 1113 2200 quod
1130 2166 1175 2193 ille
1186 2167 1275 2194 adhuc
1289 2175 1339 2195 nos
1352 2168 1488 2199 admonet,
1506 2175 1538 2195 ex
1552 2167 1607 2202 ipsa

815 2202 962 2236 :opinione,
982 2204 1061 2228 Siculi
1077 2209 1110 2228 ex
1121 2204 1234 2229 scientia
1254 2204 1311 2229 lieri
1335 2203 1609 2230 demonstrationem?

829 2245 838 2261 ι
857 2236 938 2268 Nihil,
952 2236 1033 2269 ait“,
1046 2237 1145 2268 obstat,
1157 2238 1304 2270 quominus
1325 2237 1421 2271 duplex
1453 2240 1609 2264 iiutiiinettir

826 2272 1031 2304 demonstratio,
1049 2271 1194 2304 ἀπόδειξις,
1217 2280 1268 2298 una
1288 2281 1321 2300 ex
1343 2273 1468 2304 Scientia,
1485 2280 1519 2299 ex
1550 2274 1608 2307 opi-

826 2308 907 2333 nio..e
921 2307 1013 2334 altera.
1034 2316 1043 2332 ι
1063 2307 1138 2334 Hanc
1150 2313 1240 2333 autem
1257 2307 1322 2334 dicit
1336 2307 1480 2334 humanam
1493 2315 1525 2334 ex
1545 2310 1608 2334 rhe-

827 2341 928 2372 toricis,
944 2349 991 2368 seu
1014 2342 1164 2368 dialecticis
1179 2343 1356 2376 argumentis,
1375 2342 1446 2368 illam
1468 2347 1557 2369 autem
1573 2351 1606 2369 ex

825 2377 926 2410 apertis
938 2385 1023 2403 sacrae
1037 2376 1185 2410 Scriptum:
1197 2377 1361 2404 testimoniis
1391 2377 1469 2410 plane
1494 2380 1604 2405 coulict.

824 2412 1004 2444 Quamobrem
1016 2412 1072 2438 hinc
1084 2414 1118 2438 ab
1129 2419 1171 2443 eo,
1187 2413 1203 2447 ή
1217 2412 1346 2438 ἀνωτάτω
1357 2412 1501 2444 ἀπόδειξις,
1519 2420 1606 2447 «sum.

824 2455 869 2472 ina
884 2451 911 2472 et
926 2453 1052 2480 suprema
1081 2446 1278 2473 demonstratio
1297 2456 1305 2472 I
1341 2448 1504 2481 appellatur.
1531 2446 1607 2474 Unde

824 2481 878 2508 alio
893 2481 919 2507 in
936 2482 1005 2508 libro
1023 2482 1079 2508 haec
1095 2482 1151 2515 ipse
1164 2482 1254 2508 adhuc
1269 2482 1380 2516 scripsit
1395 2481 1415 2498 ⁸⁷
1433 2491 1441 2509 :
1460 2491 1469 2506 ι
1486 2481 1552 2514 Qute
1564 2487 1606 2508 est

823 2517 893 2550 aptid
907 2524 955 2543 nos
969 2517 1006 2550 (id
1018 2523 1069 2547 est,
1082 2516 1263 2551 Christianos)
1275 2518 1377 2550 agnitio
1385 2518 1517 2548 veritatis,
1531 2521 1560 2543 ut
1572 2525 1604 2544 ex

823 2553 866 2583 iis,
878 2559 937 2585 qua:
951 2551 1006 2585 jam
1022 2556 1085 2578 sunt
1102 2551 1257 2583 credibilia,
1281 2553 1508 2586 itsqiizenonduui
1530 2558 1603 2583 sunt.

821 2587 888 2612 lidcs
904 2587 1046 2618 habeatur,
1063 2587 1145 2613 edicit
1159 2595 1166 2612 :
1178 2594 1239 2620 qua:
1253 2587 1360 2620 quidem
1375 2592 1416 2612 cst
1427 2587 1557 2618 essentia,
1576 2593 1604 2612 iit

820 2623 857 2647 ita
874 2621 971 2656 dicam,
986 2622 1222 2648 demonstrationis
1233 2641 1240 2653 ,
1263 2622 1322 2656 ἥτις
1342 2621 1430 2653 οὐσία,
1455 2622 1492 2652 ὡς
1507 2623 1603 2652 εἰπεῖν,

819 2655 983 2687 ἀποδείξεως
996 2656 1168 2682 καθίσταται.
1184 2666 1194 2681 ι
1210 2657 1262 2683 Sed
1278 2665 1356 2682 nemo
1371 2665 1423 2682 non
1441 2657 1510 2682 \‘idct
1525 2664 1605 2683 accu-

820 2697 906 2717 ratam
920 2697 946 2717 et
959 2699 1096 2725 propriam
1115 2692 1196 2724 illius,
1220 2699 1302 2726 quam
1320 2691 1474 2718 scholastici
1495 2696 1602 2722 vocant,

933 2768 955 2783 ³⁸
968 2768 986 2794 l.
1000 2776 1036 2799 vt,
1051 2775 1077 2802 p.
1091 2767 1154 2794 6l7.
1192 2768 1212 2783 "
1229 2776 1269 2799 ιιι,
1285 2775 1310 2802 p.
1323 2768 1384 2795 590.
1423 2767 1446 2783 “
1463 2775 1523 2802 sup.
1536 2774 1561 2793 c.
1575 2767 1602 2799 6,

1219 2803 1243 2818 ⁴⁰
1257 2804 1272 2829 l.
1287 2811 1312 2833 ν,
1329 2813 1353 2837 p.
1366 2803 1428 2830 55?.
1465 2803 1486 2818 ἰ
1503 2809 1555 2829 ιοιιι
1581 2802 1602 2834 l,

1391 2838 1413 2853 "
1425 2838 1442 2866 l.
1455 2845 1485 2870 tt,
1499 2845 1525 2872 p.
1538 2836 1602 2864 ἴσϋξι.

818 2839 933 2871 5ιιυιιι.,
952 2838 1052 2872 ρ.297.
1101 2838 1153 2865 ιιι,
1170 2845 1220 2870 vn,
1237 2846 1264 2872 ρ.
1281 2838 1341 2865 759.
