1915 3072
36 146 89 185 ius

567 145 612 172 DE
631 145 721 173 ALIIS
735 145 837 173 CLEM.
859 144 963 174 ALEX.
984 145 1085 174 OPEB.

1566 147 1634 177 1446

36 212 90 238 ιειιι,
107 213 136 233 ac
153 213 212 232 cum
227 204 346 237 Christo,
363 204 408 238 qui
422 204 478 238 jam
494 203 521 230 in
543 204 589 231 illo
606 205 665 237 ipso
679 204 795 235 habitat,
811 206 833 233 A
848 209 939 238 postea
957 203 1094 231 lmnensis
1111 203 1344 238 archiepiscopus,
1369 203 1440 233 inter
1454 204 1563 233 Grtt‘t‘os
1586 205 1633 233 Va-

36 243 208 275 'oiioqlmlllllf.
235 239 271 266 Ex
299 241 330 268 iis
347 241 479 274 siquidem
495 240 517 255 ⁸⁰
546 240 627 274 aliqui
654 247 687 267 eo
710 241 797 273 magis

36 282 81 303 .iint
105 277 226 307 illustres,
241 283 295 309 qtto
319 277 405 309 magis
419 282 451 301 ex
471 275 563 301 mtindi
583 275 709 309 proci-llis
735 283 797 303 sese

36 312 176 340 ‘dlittillxel‘e,
196 318 226 337 ac
251 310 380 343 pietatem
403 318 479 336 suam
496 314 524 336 et
545 310 719 337 sanctitatem
734 311 797 338 abs-

36 347 129 373 ondere
155 351 299 372 conamur.
321 345 351 372 ili
367 353 448 378 porro
463 345 507 371 Dei
523 345 653 373 ba'rcdes.
672 346 796 379 illiusque

36 390 80 408 ’rrit
96 381 179 415 proles
195 385 222 407 et
239 381 329 414 imago
347 381 372 406 in
388 380 460 406 hunc
472 381 612 410 mundum,
630 380 698 407 alios
718 389 795 408 exer-

36 417 92 443 ‘endi
107 423 178 449 ergo,
194 420 277 447 atque
299 415 455 442 excolenda:
471 415 578 441 virtutis
599 421 647 442 aut
663 417 796 443 doctrina:

40 452 98 478 ratia
119 450 189 478 missi
204 455 277 477 sunt.

52 487 109 513 Post
123 486 179 513 haec
207 490 302 512 auctor
319 489 413 512 noster
435 485 458 501 “
478 485 548 512 hanc
564 489 593 512 tit
606 486 698 520 egenis
714 494 793 519 opem

36 526 99 548 erant
110 521 238 554 opulenti,
256 521 348 547 reddit
370 521 458 548 adhuc
471 521 622 548 rationein:
639 521 701 553 quia
724 522 794 550 Deus

37 557 128 584 liaritas
149 561 202 588 est,
229 560 256 581 et
276 555 402 583 Christus
428 564 482 583 non
508 557 596 582 solum
622 556 793 584 inﬁrmitates

38 591 146 618 ominum
174 591 310 625 suscepit.
337 591 384 618 sed
407 598 458 626 pro
486 591 563 617 nobis
588 597 710 619 mortuus
736 597 790 624 est,

38 634 67 653 no
86 627 198 653 animam
223 633 237 652 a
265 626 344 653 nobis
360 633 468 660 quoque
492 634 541 660 pro
557 626 618 653 aliis
639 628 791 660 ponendam

36 669 73 689 sse
93 663 209 689 doceret.
228 661 310 695 Atqui
335 662 359 688 si
382 669 431 695 pro
450 661 511 688 aliis
527 667 640 688 mortem
656 662 733 689 obire
747 664 794 689 de-

37 704 115 728 enius,
134 702 235 729 quanto
255 696 340 731 magis
362 696 459 723 divites
479 697 570 722 omnia
589 697 658 723 bona
673 705 732 728 sua,
751 706 794 725 co-

38 733 70 757 ias
89 738 113 759 et
138 731 246 758 divitias
270 732 305 757 atl
334 731 528 758 sublevandam
553 739 703 766 pauperum
731 734 792 760 ino-

37 767 82 794 iam
92 767 263 802 impendere
275 770 412 802 leuentur.
429 766 504 802 Quod
520 767 627 800 quidem
644 766 688 794 ille
712 767 791 802 ipsis-

36 808 78 851 ietp
89 801 194 851 Joanqjs
207 806 234 828 et
248 801 325 828 Pauli
338 802 370 828 de
386 801 521 828 cliaritate
536 802 627 829 verbis
640 801 792 831 luculenter

36 845 61 851 η.
72 841 142 851 .-......

36 837 145 864 cnfirmat
160 837 192 863 “.

51 873 85 899 Ex
101 873 203 906 quibus,
225 871 315 905 inquit
337 871 372 901 ⁸³,
399 871 557 905 intelligitur
577 871 639 906 quis
657 871 734 899 dives
752 873 789 900 lo-
806 877 828 904 Β

36 916 72 934 inn
85 908 108 933 in
124 906 198 933 CtBiiS
214 907 323 939 habeat,
339 911 387 933 aut
404 914 456 932 non
481 907 588 933 habeat.
608 907 787 939 Quemadmo-

37 951 73 968 inn
91 943 158 977 enim
178 943 203 968 in
228 943 347 977 peccatis
365 946 499 977 mortuus,
525 941 587 968 inde
609 943 786 971 excluditur:

38 986 50 1004 θ
65 978 127 1004 Deus
140 976 279 1004 Pater’ibi
305 977 381 1003 illnin
397 976 582 1013 lubentissime
597 977 718 1011 suscipit.
740 979 786 1013 qui
811 992 813 994 -

36 1014 113 1039 ileiiin
137 1018 191 1039 toto
206 1013 291 1040 corde
315 1011 495 1039 convertitur.
518 1011 586 1038 Hinc
611 1011 786 1040 manifestum

36 1054 101 1074 actor
115 1047 176 1074 facit
191 1047 215 1063 ⁸⁸
231 1055 293 1082 quae
309 1055 371 1073 vera
396 1047 434 1073 sit
459 1047 633 1081 pteniteiitia,
655 1052 683 1073 et
706 1050 786 1082 quale

41 1083 90 1109 tiii
114 1082 187 1109 caelis
214 1081 247 1110 de
277 1087 437 1117 peccatore,
463 1081 650 1116 paenitentiam
677 1081 785 1117 agente,

36 1118 129 1143 audiunt
146 1118 249 1151 angelis
269 1125 304 1144 ac
320 1118 385 1146 Deo.
400 1117 446 1151 qui
463 1118 537 1144 solus
562 1121 650 1151 potest
674 1124 785 1150 peccata

36 1153 146 1179 iiiiittere.
170 1153 209 1179 Ad
235 1160 298 1179 eam
325 1159 407 1186 porro
434 1151 567 1187 agendam
597 1152 785 1186 pu-nitentiam

36 1188 120 1214 iaritna
145 1187 188 1214 ille
216 1187 315 1222 probat
341 1194 409 1222 opus
439 1195 500 1214 esse
534 1187 684 1220 diligentia.
716 1188 783 1216 Nam

36 1223 126 1249 iiaiiivis
144 1221 230 1258 inoliti
246 1223 323 1257 pravi
344 1221 461 1258 affectus
481 1222 636 1258 confestim,
650 1223 785 1258 simulque

36 1257 110 1284 recidi
144 1257 255 1285 forsitan
286 1265 340 1284 non
357 1257 478 1291 possint,
501 1257 546 1284 Dei
571 1263 659 1284 tamen
683 1257 785 1287 virtute

36 1297 167 1327 atrumque
180 1293 308 1327 precibus
322 1297 350 1320 et
361 1292 475 1324 auxilio,
486 1300 518 1319 ac
533 1300 595 1320 vera
612 1293 781 1327 paenitentia,

36 1328 160 1362 isiduaque
189 1328 368 1355 meditatione
390 1328 538 1362 expugnari
565 1333 703 1362 poterunt.
729 1329 783 1357 Sed

36 1363 44 1387 .l
66 1363 88 1388 id
111 1363 327 1397 consequendum
346 1369 458 1390 necesse
473 1367 515 1390 est
539 1368 567 1389 tit.
587 1364 647 1397 pius
662 1370 785 1392 sanctus-

36 1404 60 1423 iie
74 1402 157 1425 rector
172 1406 203 1425 ac
219 1398 389 1433 gubernator
401 1399 530 1425 audiatur
551 1397 585 1430 ⁸⁸,
603 1398 648 1432 qui
669 1399 781 1428 salutari

36 1440 67 1458 iiii
80 1434 217 1460 severitate
230 1439 289 1460 tum
312 1433 423 1460 lenitate
435 1438 605 1468 peccatorein
622 1438 670 1460 aut
682 1435 783 1463 excitet

36 1474 39 1491 l
57 1474 171 1501 exacuat,
190 1474 237 1495 aut
261 1468 376 1495 deliniat
403 1473 431 1495 et
453 1468 574 1501 alliciat;
592 1469 637 1502 qui
662 1476 724 1496 cuin
748 1478 782 1498 eo

36 1502 95 1529 ludat
120 1503 260 1538 lacrynias,
288 1511 320 1530 ac
344 1511 393 1537 pro
414 1510 447 1530 eo
468 1503 551 1530 Deum
573 1504 708 1538 precando
731 1513 780 1532 no-

39 1545 64 1586 es
75 1539 147 1586 ducat
156 1540 295 1586 ipso-times
304 1546 312 1570 ;
321 1539 530 1586 qnetnﬂdei‘iiqtlie
542 1545 668 1586 peccator
680 1539 784 1586 timeat,
798 1549 820 1578 α
836 1566 864 1586 se

38 1579 114 1599 iociiiii
133 1574 236 1607 doleat,
262 1579 347 1608 atque
367 1580 464 1608 pinnas
492 1574 684 1608 deprecantem
711 1581 784 1604 ante-

36 1612 98 1634 Brtat.

45 1641 71 1669 Ut
92 1648 177 1672 autem
202 1644 231 1672 id
255 1644 365 1672 facilius
382 1648 480 1671 auctor
502 1648 597 1672 noster
617 1646 783 1679 persuadere

36 1679 126 1712 teat“,
144 1680 277 1714 integram
303 1680 434 1707 describit
458 1680 614 1712 historiam,
633 1688 684 1714 qua
698 1680 782 1709 Joan—

36 1719 56 1738 ξε
63 1715 219 1750 evangelista
231 1715 373 1749 cujusdam
385 1715 472 1746 urbis.
484 1715 553 1741 baiid
567 1715 662 1749 procul
675 1715 782 1749 Epheso

39 1749 108 1780 ssitie.
125 1750 250 1785 episcopo
269 1752 398 1784 juvenem
414 1751 530 1784 eleganti
553 1751 677 1785 corporis
693 1752 782 1780 forma

36 1791 121 1819 tuaque
138 1785 225 1812 indole
242 1785 386 1820 praeditum
407 1787 618 1812 commendasse
641 1793 780 1814 narratur.

36 1826 77 1856 iinc
90 1820 229 1855 episcopus
245 1823 272 1848 in
293 1821 372 1848 tectis
393 1826 422 1847 et
445 1822 548 1848 aedibus
563 1822 620 1847 suis
639 1827 780 1856 receptum

36 1853 204 1890 lucatiiiiique,
228 1863 310 1884 sacro
329 1856 408 1890 paulo
429 1862 487 1890 post
503 1856 590 1883 abluit
610 1853 781 1890 baptismatis

39 1894 84 1916 nte.
109 1891 160 1918 Sed
184 1893 297 1920 remissa
322 1892 451 1925 paulatim
478 1892 550 1918 illitis
565 1899 650 1922 cura,
672 1892 781 1926 juvenis

36 1929 139 1952 iiiiatiira
154 1926 277 1954 libertate
297 1927 408 1961 potitus,
431 1926 574 1961 flagitiosis
593 1931 621 1952 ct
638 1927 778 1955 sceleratis

36 1960 148 1990 iuijuibus
169 1969 198 1989 se
221 1960 363 1997 adjtiiixit,
387 1969 421 1988 ac
446 1960 578 1988 latronum
602 1961 655 1987 tltix
679 1962 778 1995 factus,

36 1999 108 2023 cteros
129 1997 236 2032 ﬂagitiis
252 1998 411 2031 superabat.
435 1997 582 2031 Aliquanto
603 2004 667 2023 vero
683 2003 778 2030 postea

36 2037 113 2059 vannos
140 2035 239 2065 redux,
266 2034 417 2067 depositum
442 2033 569 2066 juvenem
593 2034 628 2058 ab
648 2034 780 2067 episcopo

38 2069 158 2100 POttoscit.
182 2070 234 2096 Sed
261 2070 296 2095 ab
311 2077 344 2095 eo
368 2068 502 2098 omnium,
517 2075 578 2101 quae
595 2069 777 2101 contigerant,

36 2103 97 2128 trtior
117 2104 213 2136 factus,
227 2105 363 2139 protinus,
380 2104 507 2136 nullaque
524 2103 684 2136 interposita
701 2111 776 2130 ltlUl’a

36 2138 116 2165 trrexit
129 2141 161 2166 ad
183 2138 323 2173 juvenem,
339 2146 418 2172 quem
436 2138 583 2164 salutarem
606 2138 719 2165 adduxtt
743 2139 777 2165 ad

36 2172 190 2209 eiiitentiam,
210 2183 241 2201 ac
255 2179 349 2209 postea
367 2173 494 2200 Ecclesiae
510 2173 640 2200 restituit.

39 2206 74 2253 Exi
95 2210 140 2253 liae
162 2206 433 2253 porro'iiarratione
465 2209 536 2235 idem
565 2213 660 2253 auctor
687 2212 778 2235 noster
794 2225 817 2253 Β

36 2244 132 2279 includit
146 2245 179 2271 ab
193 2252 237 2277 eo,
253 2245 299 2279 qui
323 2243 702 2279 peccatorumpaenitentiam
723 2251 778 2270 non

39 2277 65 2308 it,
81 2287 127 2306 nec
140 2279 224 2306 Dcuiu
246 2277 362 2310 idcirco,
382 2286 431 2305 nec
452 2278 571 2310 divitias,
588 2279 634 2304 sed
659 2279 778 2312 seipsuin

36 2313 255 2342 seincusaiidum.
275 2315 376 2342 Contra
397 2321 471 2345 vero,
489 2316 535 2347 qui
559 2314 694 2340 sinceram
720 2321 782 2348 pec-

39 2352 116 2376 torum
137 2351 223 2385 egerit
247 2349 437 2385 paruiteiitiani
452 2369 459 2380 ,
483 2356 514 2375 ac
528 2349 632 2385 salutis
654 2357 710 2375 sua:
736 2357 780 2376 cu-

37 2390 58 2408 ni
80 2391 139 2411 vere
156 2383 257 2417 habet,
284 2385 347 2411 huic
373 2383 453 2410 Pater
482 2383 603 2410 cmlestis
628 2384 778 2417 perfectam

36 2418 186 2448 solutionem
214 2425 403 2453 aeternamque
427 2419 511 2446 vitam
543 2419 644 2446 tribuet
670 2427 703 2446 ac
734 2419 780 2446 do-

40 2454 82 2480 bit.

255 2511 457 2541 ARTICULUS
476 2511 509 2539 ll.

36 2570 130 2598 tomodo
143 2570 185 2598 hic
203 2571 269 2598 liber
284 2575 309 2598 et
322 2577 433 2606 quorum
450 2577 529 2606 opera
543 2569 577 2595 ad
595 2577 641 2595 nos
657 2577 779 2606 pervene-

38 2605 76 2636 rit,
93 2613 122 2632 ac
137 2607 168 2633 de
181 2607 261 2634 variis
277 2605 352 2632 illius
368 2605 540 2637 editionibur,
553 2607 737 2637 variorumque
750 2605 778 2631 in

36 2647 87 2666 eum
99 2642 319 2670 observationibus
338 2646 362 2668 et
378 2641 456 2667 notis.

37 2694 169 2726 Tractatus
186 2698 239 2726 iste
254 2698 300 2726 diu
323 2705 393 2725 sane
408 2697 435 2725 in
454 2697 681 2725 bibliothecarum
696 2695 778 2723 rude-

36 2738 72 2758 ius
90 2737 115 2759 et
135 2734 312 2761 obscuritatis
339 2733 452 2761 latebris
476 2733 597 2760 delituit.
621 2731 678 2759 Non
701 2736 777 2758 octo-

39 2773 69 2792 ιιι
92 2769 190 2796 etenim
213 2774 276 2797 ante
297 2776 383 2796 annos
411 2769 553 2796 Mattliicus
580 2766 774 2801 Cariopliylus,

59 2870 80 2886 ὐ
98 2872 165 2907 ws.
203 2873 225 2889 οι
248 2872 320 2909 537.
360 2873 382 2888 ι·
404 2873 418 2909 §
441 2873 484 2901 ss.
525 2871 548 2887 υ
569 2871 583 2908 5
604 2871 648 2901 59.

687 2869 710 2887 ιι
730 2869 745 2906 5
765 2870 810 2898 to.
847 2869 869 2886 ιι
890 2869 952 2905 §ii.

851 240 946 265 tiranm
968 239 1136 265 bibliotheca:
1147 240 1256 267 codices
1272 240 1346 266 illum
1362 241 1397 267 ad
1419 241 1554 268 variarum
1570 241 1632 269 Ori-

848 274 924 308 gcuis
943 274 1114 300 itOllHiitll‘lllll
1131 274 1233 301 calcem
1256 279 1405 306 repertum,
1423 275 1518 303 Latine
1542 277 1631 303 reddi-

848 310 896 335 dit.
921 309 1027 345 lilxrtioc
1042 313 1131 345 autem
1151 310 1254 345 codice,
1274 310 1379 344 liaeque
1394 310 1631 345 interpretatione,

847 351 879 370 ac
895 344 1006 377 prmlixo
1022 344 1125 371 nliimze
1147 344 1272 378 Origeiiis
1288 345 1406 372 humilia:
1422 344 1502 372 titulo
1515 345 1632 374 Michael

847 378 998 405 Gbisleriiis
1019 379 1144 405 eumdem
1169 379 1241 406 hunc
1265 379 1362 406 librum
1385 385 1446 414 post
1464 388 1528 407 suos
1544 382 1569 408 in
1591 381 1637 409 Je-

847 415 956 450 reiiiiani
972 414 1272 450 comnieiitarios‘typis
1285 414 1390 442 Graecis
1403 421 1429 443 et
1443 416 1547 443 Latinis
1560 425 1632 444 anno

846 448 916 475 1625
935 448 1055 484 Lugduni
1078 448 1194 483 imprimi
1213 448 1412 484 'divtifgarique
1437 451 1552 478 curavit.
1578 451 1632 480 Sed

845 483 907 521 quia
923 489 1011 510 textus
1026 483 1137 510 Grzrctis
1150 483 1229 521 valde
1250 484 1434 519 imperfectus,
1458 493 1491 512 ac
1511 486 1633 521 pluribus

847 518 874 545 in
898 518 966 545 iOI'is
981 526 1093 546 mancus
1107 522 1134 546 et
1150 519 1260 546 mutilus
1280 525 1348 552 erat,
1370 518 1518 548 nec'alius‘
1533 522 1631 554 codex,

845 561 900 587 qtio
927 554 971 580 ille
991 554 1191 586 emendaretur,
1220 555 1334 581 inveniri
1357 556 1457 589 pottiit,
1479 556 1580 583 idcirco
1603 558 1631 584 in

846 589 897 616 hac
918 595 1025 623 quoque
1040 588 1158 616 editione
1176 590 1260 616 va‘rizc
1275 596 1338 616 sunt
1358 588 1464 618 iacuiim
1479 596 1507 617 et
1531 591 1632 619 hiatus.

882 623 955 660 Post
969 624 1025 650 hinc
1040 631 1186 660 verocnin
1211 625 1362 652 Gliislerius
1385 627 1558 660 comperisset
1578 627 1631 655 hoc

844 659 1004 693 opusculum
1028 667 1079 685 non
1095 659 1129 686 ab
1144 659 1270 694 Origene.
1287 661 1333 687 sed
1352 668 1366 686 a
1382 659 1521 689 Clemente
1538 668 1631 690 nostro

842 694 1028 722 Alexandrino
1052 694 1136 721 fuisse
1159 702 1252 721 revera
1278 695 1439 728 profectum,
1467 697 1493 723 in
1522 705 1569 724 stta
1595 698 1629 724 ad

843 731 952 756 eosdem
972 728 1098 756 Jercniize
1111 731 1321 756 comtiientarios
1335 731 1494 764 prarl'atione
1509 733 1631 760 correxit

843 771 975 796 errorem,
996 765 1137 799 palamque
1155 766 1293 799 professus
1313 769 1356 792 est
1378 766 1443 793 illud
1459 766 1547 793 eidem
1563 766 1627 794 Cle-

843 800 927 838 ine_i_i_ti
948 800 1143 838 Alexandrino
1157 806 1232 828 recte
1252 801 1287 827 ab
1307 800 1437 834 Eusebio,
1463 801 1632 838 Hieronymo

842 840 870 861 et
882 834 978 862 Pliotio
993 835 1155 870 adjudicari.
1567 834 1576 838 ⁷
1608 851 1613 855 ~

879 870 905 896 In
924 869 1035 903 liujtiscc
1050 878 1132 903 porro
1146 870 1207 897 libri
1224 870 1345 897 editione
1360 870 1446 904 pluris
1475 870 1545 899 idem
1569 873 1632 900 Chi-

841 904 950 942 sleriiis,
967 905 1014 931 sed
1032 905 1138 942 breves,
1150 910 1176 931 et
1190 906 1223 942 ad
1242 906 1392 940 marginem
1414 911 1518 933 tantum
1530 907 1630 942 adjecit

838 941 1007 971 notationes,
1036 940 1136 973 quibus
1161 941 1202 967 vel
1220 948 1250 968 ea
1269 948 1330 975 qua:
1357 942 1383 968 in
1408 942 1529 969 auctoris
1553 940 1629 970 textu

837 975 1074 1012 animadversione
1098 975 1178 1012 digna
1198 975 1352 1012 judicabat,
1375 977 1469 1009 paucis
1490 978 1629 1012 edisserit,

837 1009 879 1035 vel
901 1011 1044 1042 quosdam,
1067 1010 1105 1036 nti
1124 1011 1159 1036 illi
1185 1011 1338 1042 videbatur.
1357 1012 1447 1044 arguit
1462 1012 1534 1040 illius
1557 1009 1632 1041 erro-

837 1051 893 1075 res,
912 1045 953 1082 vel
970 1047 1078 1082 tandem
1098 1044 1150 1082 alia
1169 1046 1300 1082 quaedam
1328 1046 1439 1080 indicat,
1455 1055 1517 1082 quae
1543 1049 1631 1077 voluit

836 1086 865 1106 ca
878 1084 915 1106 ite
929 1080 963 1106 ab
979 1080 1105 1107 omnibus
1123 1080 1187 1115 legi.
1243 1086 1257 1107 ᾳ

870 1125 964 1161 Longo
983 1127 1081 1154 dehinc
1106 1126 1200 1161 elapso
1224 1126 1357 1162 temporis
1383 1127 1526 1156 intervallo
1549 1130 1630 1157 Coin-

835 1161 945 1200 befisiiis
956 1162 1071 1200 celebris
1083 1170 1115 1188 ex
1134 1162 1227 1200 §ancti
1245 1161 1380 1200 Dominici
1391 1165 1487 1200 or_dine
1499 1165 1626 1200 scriptor,

836 1197 862 1223 in
887 1204 935 1223 suo
959 1196 1111 1224 Gnccorum
1130 1195 1241 1224 Patrum
1271 1199 1397 1224 Auctario
1419 1198 1531 1226 Parisiis
1554 1195 1630 1228 anno

835 1231 905 1258 167‘2
917 1232 998 1258 aliain
1011 1232 1090 1267 hujus
1107 1232 1181 1264 libri,
1193 1233 1235 1267 cui
1253 1233 1402 1260 Clementis
1418 1237 1501 1261 nostri
1512 1235 1630 1262 Alexan-

836 1267 906 1293 drini
919 1267 1056 1301 inscripsit
1076 1266 1292 1299 nonien,Grieco
1306 1267 1457 1301 Latinoque
1470 1269 1627 1298 charactere

833 1302 979 1329 editionem
998 1303 1155 1336 publicavit.
1177 1303 1204 1329 lii
1228 1309 1260 1329 ea
1281 1308 1373 1330 autem
1389 1302 1514 1331 Gra‘cnm
1532 1310 1627 1331 aucto-

833 1337 873 1364 ris
890 1341 991 1364 textuni
1011 1345 1079 1364 nova
1093 1337 1204 1364 donavit
1221 1336 1377 1370 Latinitate,
1402 1346 1433 1364 ac
1458 1339 1625 1372 conjectnris

833 1372 890 1399 suis
908 1373 1039 1406 quosdam
1059 1374 1117 1406 ejus
1131 1373 1221 1400 hiatus
1234 1373 1345 1407 explere
1362 1379 1477 1401 conatus
1494 1379 1545 1401 est.
1561 1374 1629 1402 Mul-

833 1411 875 1442 tos
890 1412 992 1438 tamen,
1008 1408 1053 1442 qui
1069 1408 1129 1435 sine
1145 1408 1392 1442 inaniiscriptorum
1410 1409 1533 1436 codicum
1547 1410 1626 1436 auxi-

833 1441 870 1480 lio
884 1443 929 1469 vix
948 1442 982 1469 ab
999 1441 1063 1480 _nllo_
1075 1450 1194 1478 unquam
1218 1448 1346 1478 poterunt
1370 1443 1489 1479 restitui,
1515 1445 1627 1480 penitus

833 1476 951 1504 intactos
967 1478 1087 1513 reliquit.

871 1522 1006 1560 Plurimas
1028 1528 1169 1560 autemet
1189 1522 1307 1559 proiixas
1329 1523 1357 1551 in
1378 1524 1489 1560 hujusce
1512 1525 1587 1558 libri,
1609 1534 1624 1554 a

880 1559 957 1595 cditi,
974 1559 1026 1586 fine
1041 1559 1142 1595 adjecit
1158 1567 1235 1587 notas
1252 1563 1279 1587 et
1294 1559 1513 1595 observationes,
1527 1562 1625 1595 quibus

834 1593 917 1620 multa
950 1594 1273 1631 emendare_connititnr
1298 1594 1386 1623 Graeci
1412 1599 1504 1623 textus
1530 1593 1625 1631 verba,

833 1636 894 1672 quae
909 1629 979 1672 inple
994 1629 1089 1672 Graeco
1109 1629 1134 1656 in
1149 1630 1242 1672 codice
1265 1631 1367 1670 scripta
1390 1635 1480 1664 erant,
1498 1631 1540 1658 vel
1564 1629 1625 1671 quae

833 1663 1014 1700 Cariopliylus
1032 1667 1148 1692 adverso
1169 1663 1362 1699 contrarioqiie
1381 1672 1462 1693 sensu
1484 1663 1624 1700 accepisse

834 1699 1223 1736 ipsivitlebatiir.:\ggreditur
1239 1700 1351 1736 insuper
1369 1701 1426 1728 suis
1443 1699 1625 1729 adnotationi-

833 1733 883 1770 bus
900 1733 1229 1762 obscurioreni’auctoris
1251 1733 1398 1762 dictionem
1417 1736 1563 1770 aliquando
1578 1745 1624 1765 eit-

832 1769 934 1806 plicare
947 1774 974 1796 et
988 1770 1142 1797 enucleare.
1159 1770 1285 1798 Pluribus
1300 1772 1409 1797 demum
1432 1769 1548 1799 in’locis
1562 1780 1624 1806 pro-

832 1805 897 1841 bare
916 1809 1037 1841 conatur
1053 1805 1189 1832 immerito
1205 1813 1318 1839 prorsus
1343 1806 1421 1841 hujus
1437 1806 1498 1834 libri
1517 1805 1622 1841 parenti

832 1839 949 1866 inustam
965 1840 1049 1874 338
1066 1848 1080 1866 a
1097 1841 1262 1876 Cariopbylo
1278 1841 1321 1876 vel
1335 1839 1475 1869 Gbislerio
1491 1839 1624 1876 quorum-

831 1875 893 1910 dam
911 1883 1071 1909 pravorum.
1086 1882 1118 1902 ac
1135 1875 1287 1908 praesertim
1300 1875 1429 1910 Origeiiis
1443 1875 1568 1904 errorum
1585 1878 1623 1904 la-

830 1909 892 1936 beni
908 1914 935 1936 et
957 1910 1104 1937 maculam.
1122 1910 1220 1937 Verum
1233 1911 1255 1937 si
1268 1909 1363 1938 doctis,
1376 1912 1538 1945 quibusdam
1554 1913 1622 1940 viris

830 1945 937 1980 credas,
958 1945 1032 1971 illtiiii
1055 1952 1108 1972 uno
1133 1946 1284 1979 pra-sertim
1302 1945 1328 1972 in
1354 1945 1416 1974 loco
1441 1947 1476 1973 ab
1498 1946 1618 1980 ejusdem

830 1978 956 2013 Origeuis
979 1981 1011 2006 de
1031 1978 1201 2011 animarum,
1226 1985 1255 2007 iit
1277 1981 1371 2013 aiunt,
1403 1978 1621 2014 prmexsisteiitia

829 2022 926 2041 errore
942 2022 994 2041 non
1014 2022 1126 2048 prorsus
1144 2015 1296 2042 vindicavit
1310 2019 1338 2042 et
1354 2015 1490 2043 liberavit.
1508 2016 1562 2044 Sed
1584 2019 1619 2044 de

829 2049 871 2076 his
891 2054 994 2083 postea.

865 2096 999 2122 Prmterea
1016 2102 1083 2122 vero
1107 2095 1153 2123 hic
1177 2095 1247 2123 liber
1269 2095 1418 2124 Clementis
1440 2096 1620 2124 Alexandrini

829 2132 939 2158 nomine
953 2131 1065 2164 Oxonii,
1079 2138 1094 2157 e
1109 2132 1216 2161 theatro
1231 2131 1416 2159 Slicldoniano
1434 2133 1503 2166 typis
1518 2131 1622 2160 Orici-is

828 2172 858 2193 et
875 2166 981 2193 Latinis
996 2174 1068 2193 anno
1084 2166 1154 2193 1085
1167 2174 1284 2194 exctisus
1296 2171 1346 2194 est.
1369 2168 1423 2194 Sed
1439 2172 1509 2194 totus
1524 2167 1570 2194 ille
1586 2168 1620 2194 li-

832 2203 880 2228 ber
897 2202 958 2228 talis
984 2202 1048 2228 inde
1065 2201 1174 2235 prodiit,
1200 2202 1289 2236 qualis
1311 2210 1325 2228 ii
1345 2201 1509 2229 Conibelisio
1531 2202 1620 2230 editus

832 2242 910 2263 antea
932 2237 1031 2263 fuerat.
1049 2236 1118 2263 lltiic
1133 2241 1223 2264 autem
1237 2237 1348 2264 editioni
1363 2236 1508 2271 praefectus
1524 2245 1619 2265 omnes

832 2273 866 2298 ab
885 2272 936 2299 iliis
952 2272 978 2298 in
1005 2273 1108 2298 huncce
1134 2276 1280 2299 tractatum
1305 2272 1382 2307 prius
1400 2272 1554 2306 divulgatas
1570 2273 1620 2300 ob-

831 2308 999 2334 scrvationes
1013 2307 1119 2340 penitus
1134 2307 1226 2341 ejecit.
1246 2314 1298 2334 nec
1317 2307 1388 2334 aliud
1406 2307 1552 2342 quidquam
1569 2309 1619 2334 ad-

831 2342 900 2369 didit
915 2350 996 2376 quam
1011 2343 1093 2369 breve
1107 2343 1278 2376 proteiiiiuni,
1296 2349 1350 2377 quo
1363 2342 1432 2369 hunc
1447 2342 1544 2368 librum
1555 2342 1618 2370 Cle-

832 2377 917 2412 menti
931 2377 1115 2412 Alexandrino
1136 2382 1189 2404 tam
1208 2377 1315 2404 Eusebii
1333 2377 1519 2408 Caesariensis,
1537 2385 1618 2412 quam

831 2411 991 2447 Hieronymi
1013 2411 1158 2446 Photiique
1183 2412 1336 2439 testintonio
1353 2417 1380 2439 et
1392 2411 1555 2440 auctoritate
1575 2420 1620 2440 as-

832 2454 924 2474 serere
939 2447 1045 2473 nititur.
1075 2448 1116 2474 Ad
1139 2448 1195 2474 haec
1209 2455 1274 2474 vero
1292 2447 1337 2474 ille
1352 2448 1479 2475 observat
1493 2447 1618 2475 ultimam

832 2482 972 2516 periodum
989 2479 1043 2508 :‘fl
1058 2481 1102 2508 διὰ
1119 2482 1167 2509 τοῦ
1190 2482 1297 2516 παιδός,
1320 2486 1385 2515 etc.,
1402 2489 1418 2510 ι
1433 2482 1556 2516 librario,
1571 2483 1618 2517 qui

832 2517 956 2544 eumdem
984 2521 1130 2544 tractatum
1149 2525 1198 2552 pro
1221 2517 1331 2545 honiilia
1347 2518 1509 2552 Origeniana
1524 2519 1619 2546 vendi-

832 2557 891 2578 tare
907 2552 1023 2583 volebal,
1049 2552 1133 2580 fuisse
1150 2553 1261 2580 omnino
1286 2559 1450 2587 praepostere
1474 2553 1617 2587 adjectam.

831 2586 900 2619 Quid
912 2595 990 2623 vero,
1003 2588 1025 2614 si
1043 2588 1070 2614 in
1088 2587 1139 2615 hoc
1154 2588 1232 2621 libro,
1248 2586 1414 2623 ex’qua’dam
1428 2593 1475 2615 aut
1494 2586 1617 2622 pluribus

832 2622 967 2658 honiiliis,
992 2630 1039 2650 seu
1064 2623 1242 2651 concionibus
1268 2622 1421 2658 composito
1447 2631 1508 2651 eam
1523 2628 1618 2650 auctor

833 2657 1004 2684 retinendam
1019 2658 1176 2685 censuerit?
1192 2659 1228 2685 At
1241 2658 1275 2686 de
1291 2657 1339 2685 liis
1349 2659 1430 2685 infra.

869 2692 924 2719 Nos
936 2692 1054 2727 denique
1067 2693 1112 2720 ille
1126 2694 1241 2721 monitos
1258 2694 1323 2721 fecit
1338 2701 1368 2721 se
1384 2700 1465 2728 quam
1482 2692 1601 2727 paucissi

832 2728 883 2755 mis
898 2729 1009 2755 vocibus
1029 2729 1206 2762 interpositis,
1232 2729 1363 2763 quasdam
1378 2729 1530 2763 explevisse
1544 2729 1619 2754 lacu~

829 2771 890 2795 nas,
905 2763 1014 2798 quibus,
1035 2764 1072 2790 uti
1085 2763 1142 2798 jam
1158 2762 1286 2798 diximus,
1301 2769 1377 2792 vetus
1391 2762 1530 2798 exemplar
1545 2763 1617 2790 aliie-

991 2869 1015 2886 υ
1033 2869 1046 2905 §
1063 2868 1108 2897 ιε.
