3946 6182
1644 363 2458 502 ELENCHUS

475 760 1003 834 AUCTORUM
1085 756 1199 830 ET
1271 753 1663 829 OPEBUM
1741 754 1896 837 QUI

2134 755 2324 829 ι-ιοο
2387 755 2657 830 TONIO
2735 757 2831 830 IX
2908 756 3598 832 OONTINENTUR

1754 1080 2262 1115 —-.o<-—-——-

1519 1251 1874 1315 CLEMENS
1914 1251 2540 1317 ALEXANDRINUS.

426 1446 745 1507 Stromata.
1098 1513 1102 1517 ,

430 1550 611 1612 Liber
638 1549 786 1621 Quis
817 1553 982 1611 dives
1011 1553 1291 1612 salvetur.

3341 1448 3472 1515 Col.
3606 1450 3647 1512 9

3517 1555 3647 1619 603

428 1657 725 1734 Excerpta
763 1676 834 1718 ex
873 1661 1110 1734 scriptis
1139 1656 1426 1719 Theodoti
1466 1667 1522 1718 et
1561 1660 1843 1719 doctrinae
1873 1677 2001 1735 quae
2030 1655 2348 1720 Orientalis
2378 1669 2625 1720 vocatur
2651 1662 2729 1720 ad
2758 1657 3059 1723 Valentini
3086 1670 3232 1723 tem-

507 1783 653 1840 pora
682 1768 1033 1841 spectantia.

428 1870 663 1948 Eclogae
693 1891 767 1933 ex
799 1872 1124 1951 Scripturis
1160 1874 1547 1950 propheticis.

422 1975 800 2054 Fragmenta.

3516 1769 3643 1833 681

3517 1875 3646 1940 697

3518 1984 3646 2047 729

428 2083 669 2147 Scholia
698 2097 895 2149 vetera
925 2092 985 2148 in
1019 2087 1341 2150 Clementis
1369 2087 1758 2149 Alexandrini
1786 2088 2234 2168 Protrepticum
2261 2087 2341 2149 ad
2373 2087 2608 2151 Graecos
2625 2099 2684 2151 et
2698 2088 3021 2171 Pwdagogi
3048 2093 3234 2153 libros

510 2200 650 2254 tres.

427 2294 887 2363 Dissertationes
918 2300 989 2361 D.
1023 2303 1104 2363 Le
1133 2302 1367 2380 Nourry
1407 2306 1480 2363 de
1517 2307 1798 2365 omnibus
1825 2302 2149 2366 Clementis
2178 2303 2575 2365 Alexandrini
2608 2307 2905 2382 Operibus.

3519 2199 3647 2261 777

3518 2303 3645 2366 795

1546 2964 1704 3027 FBA
1712 2917 2105 3028 GMENTUM
2163 2965 2390 3030 OMISS
2401 2966 2512 3031 UM

489 3158 758 3213 Octavum
803 3155 1154 3210 Stromatu‘m
1193 3155 1396 3211 librum
1434 3154 1525 3227 rvel
1566 3156 1789 3209 omnino
1829 3154 2154 3227 desiderari,
2197 3155 2306 3224 vel,
2350 3157 2397 3211 si
2434 3172 2596 3213 verus
2634 3164 2718 3212 est
2748 3157 2936 3212 titulus
2967 3157 3085 3227 ejus
3115 3157 3209 3227 qui
3247 3165 3442 3226 exstat,
3478 3169 3635 3215 certe

419 3244 543 3301 esse
575 3228 984 3301 imperfectum,
1000 3228 1115 3301 jam
1147 3227 1242 3281 diu
1270 3226 1459 3301 critici
1476 3226 1800 3301 docuerunt.
1840 3226 1998 3301 Nunc
2027 3227 2162 3301 _libri
2201 3228 2380 3283 octavi
2421 3229 2887 3301 Vaticanumboc
2924 3226 3296 3301 fragmentum
3335 3230 3633 3301 habemus,

419 3298 1042 3383 adde‘ndum‘pa'rallelis
1069 3314 1205 3371 pag.
1242 3299 1367 3383 6:18,
1400 3299 1526 3383 751,
1567 3298 2063 3383 753.“βοηξι“ειᾶὶοἱι
2092 3307 2295 3383 autem,
2327 3306 2389 3383 ut
2418 3299 2675 3383 arbitror,
2708 3299 2959 3383 Clemens
2986 3298 3146 3358 A'lex.
3165 3301 3243 3383 iis
3268 3298 3635 3383 quiante-tem;

416 3371 715 3495 gsychosin
736 3371 1045 3436 tuebantur,
1071 3369 1238 3440 quam
1267 3369 1515 3424 fabulam
1538 3385 1649 3424 non
1671 3369 1892 3424 aliunde
1916 3385 2078 3440 quam
2100 3387 2166 3424 ex
2188 3372 2424 3442 Egypto
2454 3372 2706 3425 hausisse
2738 3372 3125 3496 Pythaﬁgram,
3160 3369 3329 3427 tradit
3351 3373 3637 3429 Diodorus

459 3441 634 3496 iculus
663 3459 703 3496 1.
737 3445 825 3496 98.
862 3441 1082 3496 quicum
1117 3440 1435 3496 conferendi
1466 3448 1591 3495 sunt
1619 3441 1935 3496 Herodotus
1966 3457 2028 3496 11.
2065 3445 2188 3496 123.
2221 3451 2275 3496 et
2304 3440 2576 3496 Origenes
2605 3446 2807 3496 contra
2849 3442 2925 3496 Ce
2976 3460 3072 3496 um
3103 3459 3144 3496 1.
3178 3448 3266 3496 20.
3300 3448 3386 3496 32.
3412 3443 3637 3496 Ouanta

417 3442 634 3496 Siculus
663 3459 703 3509 1,
737 3445 825 3507 98,
862 3442 1082 3512 quicum
1117 3442 1435 3497 conferendi
1466 3448 1591 3495 sunt
1619 3442 1935 3497 Herodotus
1966 3457 1968 3461 ‘

413 3512 699 3568 enimvero
729 3511 906 3566 Graeci
936 3520 1133 3583 poetae,
1166 3513 1503 3583 philosophi,
1536 3510 1883 3583 artiﬁcesque
1913 3512 1968 3566 al

2076 3445 2188 3509 [23,
2221 3451 2275 3496 et
2304 3442 2576 3514 Origenes
2605 3446 2807 3499 contra
2849 3442 3072 3498 Celsum
3103 3459 3145 3511 ι,
3178 3448 3266 3513 20,
3300 3448 3386 3499 32.
3412 3443 3638 3512 Quanta

2080 3513 2279 3583 gyptiis
2309 3514 2539 3568 mutuati
2568 3514 2793 3581 fuerint,
2835 3514 3034 3569 docent
3070 3514 3177 3568 late
3217 3515 3491 3571 Diodorus
3534 3516 3633 3571 Si-

410 3583 573 3637 culus
612 3599 650 3650 1,
696 3585 763 3659 98
805 3600 959 3659 sqq.,_
990 3584 1306 3659 Herodotus
1344 3599 1405 3651 11,
1448 3585 1540 3659 $0,
1584 3586 1681 3659 8_5_;
1729 3584 1982 3659 Clemens
2020 3584 2178 3639 Alex.
2214 3585 2493 3659 Stromg,
2531 3587 2615 3654 15,
2649 3587 2748 3647 16ς
2781 3600 2858 3653 v1,
2890 3588 2943 3652 2,
2976 3587 3038 3653 L;
3071 3585 3340 3642 Eusebius
3372 3588 3630 3659 Prwpar.

413 3669 614 3724 evang.
646 3670 686 3719 1,
725 3658 788 3717 6;
821 3669 903 3722 111,
938 3655 998 3716 4;
1028 3669 1089 3721 χ,
1122 3655 1154 3706 4
1185 3670 1307 3725 sqq.
1338 3683 1410 3695 —
1438 3655 1581 3725 Ang.
1614 3655 1743 3721 MAI,
1788 3653 1968 3725 Script

2076 3663 2162 3722 ειη
2196 3665 2327 3711 tom.
2363 3658 2479 3727 VII,
2513 3653 2644 3728 pag.
2677 3659 2764 3710 88.

690 3808 1008 3886 Κλήμεντος
1037 3808 1095 3866 ἐκ
1125 3812 1217 3866 τοῦ
1243 3806 1310 3880 η’
1341 3808 1675 3888 στρώματος.

488 3930 564 3991 Ὃ
604 3932 741 4000 Θεὸς
782 3935 928 4011 ἡμᾶς
973 3932 1215 4005 ἐποίησεν
1250 3935 1309 3991 οὗ
1346 3932 1620 4011 προόντας·
1661 3930 1824 4014 ἐχρὴν
1862 3932 1966 4013 γὰρ

404 4030 496 4091 καὶ
541 4030 732 4092 εἰδέναι
779 4037 922 4111 ἦμᾶς
969 4028 1101 4092 ὅπου
1137 4025 1298 4111 ἦμεν,
1341 4031 1388 4089 εὶ
1428 4035 1689 4113 προῆμεν,
1728 4031 1820 4090 καὶ
1856 4035 1969 4098 πῶς

406 4127 500 4188 καὶ
551 4127 638 4187 διὰ
680 4128 732 4186 τί
782 4130 932 4208 δεῦρο
975 4128 1206 4207 ἥκαμεν
1263 4131 1310 4188 εἶ
1355 4126 1411 4188 δὲ
1462 4131 1524 4187 οὗ
1565 4132 1829 4208 προῆμεν,
1873 4133 1968 4200 τῆς

404 4224 661 4307 γενέσεως
714 4225 876 4291 αἴτιος
933 4225 1087 4305 μόνος
1133 4231 1162 4285 ὁ
1205 4225 1358 4293 Θεός·
1415 4230 1488 4291 ὡς
1538 4216 1625 4283 οὖν
1669 4229 1765 4286 οὐκ
1813 4225 1969 4294 ὄντας

404 4323 663 4396 ἐποίησεν,
742 4322 907 4390 οὕτως
979 4322 1072 4383 καὶ
1144 4322 1457 4403 γενομένους
1520 4323 1676 4394 σώζει
1736 4329 1804 4397 τῆ
1864 4325 1968 4409 ἰδίᾳ

403 4421 606 4503 χάριτι.

2348 3805 2676 3869 Clementis
2705 3824 2781 3869 ea:
2808 3810 3015 3870 octavo
3041 3810 3355 3871 stromate.

2155 3929 2319 3993 Fecit
2337 3949 2449 3993 nos
2464 3930 2626 3993 Deus
2652 3941 2825 3994 antea
2841 3950 2963 3993 non
2983 3935 3350 3995 exsistentes.
3372 3932 3435 3994 Si
3463 3937 3633 3997 enim

2075 4038 2251 4090 antea
2277 4032 2631 4105 exstitimus,
2659 4048 2834 4091 nosse
2860 4032 3148 4092 debemus
3175 4033 3279 4092 ubi
3300 4040 3359 4095 et
3376 4033 3633 4108 qualiter

2077 4131 2415 4189 exstitimus
2454 4138 2512 4189 et
2551 4145 2658 4189 cur
2692 4131 2813 4189 huc
2850 4130 3139 4190 venimus.
3176 4128 3239 4190 Si
3274 4139 3470 4190 autem
3504 4147 3631 4192 non

2076 4235 2251 4287 antea
2269 4230 2632 4301 exstitimus,
2658 4229 2975 4288 creationis
2994 4237 3212 4289 nostrae
3238 4230 3401 4287 solus
3419 4237 3633 4288 auctor

2077 4323 2237 4386 Deus
2266 4335 2379 4386 est.
2413 4323 2580 4386 Sicut
2606 4343 2746 4401 ergo
2782 4343 2894 4386 nos
2930 4335 3067 4386 ante
3106 4343 3226 4387 non
3270 4327 3627 4387 exsistentes

2078 4427 2315 4499 creavit,
2351 4426 2440 4485 sic
2466 4434 2522 4485 et
2552 4434 2781 4486 creatos
2821 4427 3011 4500 gratia
3038 4442 3147 4487 sua
3192 4432 3407 4485 servat.
