3946 6182
1217 614 2665 788 ΚΑΗΜΕΝΤΟΣ

617 876 1145 1050 ΤΟΥ
1319 879 3264 1053 ΑΛΕΞΑΝΔΡΕΩΣ

1342 1152 2529 1283 ΣΤΡΩΜΑΤΕΩΝ

854 1378 1113 1475 ΤΩΝ
1197 1383 1394 1478 ΕΙΣ
1481 1383 1821 1479 ΟΚΤΩ
1901 1385 2306 1483 ΛΟΓΟΣ
2389 1385 3032 1483 ΠΕΜΠΤΟΣ.

447 1709 1729 1880 CLEME‘NTIS
1856 1593 3430 1883 ALEXANDRINI

1421 1977 2468 2104 STROMATUM

1240 2185 1738 2282 LIBER
1868 2187 2627 2302 QUINTUS.

1528 2517 1683 2574 238
1721 2517 1960 2574 CAPUT
2002 2518 2310 2577 PRIMUM.

1475 2631 1484 2639 ’
1808 2635 1881 2690 De
1934 2634 2040 2705 ﬁde

284 2756 551 2834 Περῖμὲν
583 2764 680 2814 τοῦ
711 2763 1017 2835 γνωστικοῢ
1045 2763 1278 2815 τοσαῦτα
1326 2760 1400 2822 ὡς
1447 2759 1498 2814 ἐν
1559 2757 1856 2834 ἐπιδρομῇ⁶
1888 2762 1944 2827 Α

218 2855 492 2924 χωρῶμεν
527 2847 583 2903 δὲ
612 2846 721 2919 ἤδη
755 2848 842 2904 ἐπὶ
874 2851 940 2903 τὰ
969 2849 1115 2919 ἑξῆς,
1147 2849 1237 2903 καὶ
1284 2846 1349 2918 δὴ
1381 2851 1480 2916 τήν
1541 2849 1719 2904 πίστιν
1777 2845 1868 2902 αὗ-

205 2939 294 2999 ’θις
329 2937 668 3014 διαθρητὲον.
705 2937 826 2995 Εἷσί
854 2940 955 3014 γὰρ
988 2939 1038 2992 οἱ
1068 2938 1166 3006 τὴν
1198 2939 1291 3010 μὲν
1344 2941 1416 3011 ll)
1464 2938 1640 2992 πίστιν
1702 2939 1862 3008 ἡμῶν

217 3027 337 3101 περὲ
366 3033 464 3082 τοῦ
515 3028 664 3094 ΙΊοῦ,
717 3029 816 3095 τήν
869 3025 926 3082 δὲ
964 3031 1162 3103 γνῶσιν
1221 3026 1344 3102 περὶ
1394 3031 1492 3082 τοῦ
1550 3026 1864 3099 Πνεύματος

216 3116 341 3170 εἶναι
379 3114 817 3178 διαστέλλοντες.
850 3115 1061 3186 Λέληθε
1093 3114 1150 3172 δὲ
1175 3114 1391 3183 αὐτοὺς,
1447 3118 1529 3170 ὅτι
1586 3116 1864 3170 πιστεῦσαι

223 3205 315 3274 μὲν
341 3205 564 3272 ἀληθῶς
609 3209 690 3276 τῷ
736 3206 848 3277 Υἱῷ
880 3203 982 3271 δεῖ,
1018 3206 1099 3260 δτι
1128 3226 1186 3260 τε
1217 3206 1351 3273 Υἱὸς,
1415 3206 1505 3260 καὶ
1537 3203 1621 3259 ὅτι
1677 3203 1864 3274 ἦλθεν,

220 3295 303 3347 καὶ
333 3301 474 3363 πῶς,
501 3294 592 3348 καὶ
626 3293 716 3349 διὰ
741 3294 814 3362 τί,
845 3295 936 3349 καὶ
966 3296 1088 3369 περὶ
1129 3299 1226 3348 τοῦ
1274 3297 1502 3359 πάθους·
1545 3299 1748 3368 γνῶναι
1810 3290 1867 3346 δὲ

219 3382 446 3458 ἀνάγκη,
494 3385 582 3445 τίς
632 3383 772 3438 ἐστιν
824 3385 851 3438 6
883 3384 1006 3445 Υἱὸς
1055 3387 1150 3438 τοῦ
1199 3388 1352 3440 Θεοῦ.
1385 3381 1524 3453 Ἤδη
1561 3381 1618 3437 δὲ
1650 3379 1774 3437 οὕτε
1829 3384 1864 3450 ἡ

216 3477 407 3545 γνῶσις
441 3470 564 3526 ἄνευ
623 3472 879 3541 πίστεως,
936 3469 1050 3526 οὔθ’
1088 3474 1121 3539 ἠ
1172 3471 1354 3534 πίστις
1407 3469 1532 3525 ἄνευ
1588 3472 1864 3546 γνώσεως.

219 3561 290 3616 Ού
320 3563 428 3633 μὴν
466 3559 591 3615 οὐδὲ
623 3562 650 3615 6
682 3562 869 3632 Πατὴρ
901 3558 1024 3615 ἄνευ
1051 3562 1199 3615 T106-
1261 3563 1375 3632 ἅμα
1403 3562 1503 3634 γὰρ
1545 3564 1623 3628 τῷ
1673 3560 1864 3632 Πατὴρ

217 3650 336 3704 Υἱοῦ
384 3651 598 3722 Πατήρ.
649 3649 772 3710 Υἱὸς
819 3647 876 3703 δὲ
921 3648 1045 3723 περὶ
1095 3648 1304 3722 Πατρὸς
1350 3647 1566 3716 ἀληθὴς
1611 3643 1868 3700 διδάσκα-

215 3735 324 3800 λος·
359 3738 453 3793 καὶ
504 3735 598 3792 ἵνα
652 3758 737 3799 τις
795 3736 1054 3810 πιστεύσῃ
1110 3740 1192 3808 τῷ
1241 3737 1374 3807 Γὶᾦ,
1407 3739 1603 3809 γνῶναι
1635 3732 1717 3789 δεῖ
1771 3734 1864 3789 τὸν

218 3828 447 3901 Ηατέρα,
496 3827 636 3900 πρὸς
693 3826 751 3880 ὃν
779 3826 866 3880 καὶ
919 3826 946 3879 6
978 3824 1121 3886 Υἱός.
1175 3823 1340 3886 Αὖθίς
1383 3845 1463 3888 τε,
1490 3821 1581 3878 ’ἱνα
1611 3824 1702 3879 τὸν
1757 3825 1866 3880 Πα-

216 3924 339 3986 τέρα
370 3920 722 3991 προγνῶμεν,
774 3920 1052 3970 πιστεῦσαι
1095 3912 1180 3968 δεῖ
1231 3919 1308 3985 τῷ
1364 3917 1494 3985 Υἳῷ,
1557 3913 1638 3969 ὅτι
1701 3915 1728 3968 6
1771 3917 1869 3967 τοῦ

219 4011 350 4062 Θεοῦ
412 4006 534 4067 Υἱὸς
567 4002 827 4059 διδάσκειυ
858 4002 918 4058 ἐκ
970 4002 1206 4066 πίστεως
1251 4005 1350 4077 γὰρ
1413 4004 1488 4066 εἷς
1544 4008 1744 4076 γνῶσιν
1781 4000 1870 4057 διὰ

217 4097 341 4150 Ϊὶοὖ
371 4096 584 4169 Πατήρ.
620 4097 822 4155 Γνῶσις
869 4089 927 4146 δὲ
969 4091 1097 4145 1⁸ἶοῦ
1136 4091 1224 4145 καὶ
1257 4091 1467 4163 Πατρὸς
1514 4093 1549 4160 ἡ
1611 4093 1746 4146 κατά
1775 4091 1865 4145 τὸν

218 4183 411 4238 κανόνα
437 4183 530 4237 τὸν
561 4181 882 4257 γνωστικὸν,
912 4181 1003 4235 τὸν
1033 4183 1116 4250 τῷ
1147 4175 1260 4234 ὄντι
1285 4181 1600 4252 γνωστικὸν,
1633 4174 1870 4249 ἐπιϐολὴ

218 4274 301 4326 καὶ
366 4269 627 4344 διάληψίς
677 4268 818 4325 ἐστιν
870 4267 1127 4338 ἀληθείας
1172 4266 1260 4322 διὰ
1308 4275 1407 4338 τῆς
1445 4268 1702 4338 ἀληθείας
1756 4275 1863 4338 (2).

220 4361 412 4433 Ἡμεῖς
462 4357 563 4435 ἄρα
588 4359 749 4431 ἐσμὲν
789 4359 841 4412 o't
872 4356 924 4412 ἐν
953 4361 1032 4428 τῷ
1083 4357 1464 4429 ἀπιστουμένῳ
1513 4359 1717 4425 πιστοὶ,
1779 4358 1867 4412 καὶ

217 4451 268 4503 οἱ
300 4449 357 4504 ἐν
389 4449 468 4520 τῷ
518 4449 778 4524 ἀγνώστῳ
823 4445 1145 4520 γνωστικοίο
1186 4447 1461 4500 τουτέστιν
1503 4445 1554 4500 ἐν
1587 4451 1667 4518 τῷ
1709 4450 1868 4501 πᾶσιν

217 4537 570 4613 ἀγνοουμὲνῳ
625 4537 717 4591 καὶ
771 4535 1178 4608 ἀπιστουμένῳ,
1241 4533 1451 4609 ὀλίγοις
1505 4532 1561 4588 δὲ
1618 4555 1870 4589 πιστευο-

221 4629 364 4699 μὲνῳ
392 4647 452 4681 τε
479 4626 569 4680 καὶ
600 4625 1021 4700 γινωσκομένῳ,
1079 4624 1388 4698 γνωστικοί·
1439 4623 1733 4698 γνωστικοὶ
1793 4621 1870 4691 δὲ,

218 4718 278 4772 ού
303 4716 457 4792 λόγῳ
503 4709 632 4790 ἔργα
661 4714 1129 4789 ἀπογραφόμενοι,
1163 4711 1289 4767 ἀλλ’
1321 4711 1456 4785 αὐτῇ
1514 4716 1584 4785 τῇ
1648 4711 1868 4786 θεωρίᾳ.

221 4807 502 4880 Μακάριος
551 4805 578 4857 6
640 4801 814 4876 λέγων
866 4801 943 4862 εἷς
997 4802 1110 4856 ὦτα
1165 4801 1471 4856 ἅκουόντων
1506 4820 1518 4832 ³
1577 4799 1758 4862 πίστις
1817 4798 1875 4855 δὲ

225 4897 339 4948 ὦτα
365 4897 574 4968 ψυχῆς.
607 4892 703 4945 Καὶ
764 4889 966 4961 ταύτην
1019 4890 1307 4944 αἰνίσσεται
1337 4892 1437 4959 τὴν
1477 4889 1657 4943 πίστιν
1692 4891 1720 4944 6
1773 4889 1875 4946 Κύ-

222 5004 365 5057 ριος,
430 4980 625 5056 λέγων·
683 4983 744 5036 Ὁ
801 4973 946 5053 ἔχων
1011 4979 1122 5032 ὦτα
1176 4978 1422 5047 ἀκούειν,
1471 4978 1731 5033 ἀκουέτωο
1787 4978 1877 5033 ’ἰνα

223 5070 294 5140 δὴ
356 5070 646 5131 πιστεύσας
706 5073 839 5133 συνῆ
873 5067 905 5122 ἃ
963 5065 1107 5141 λέγει
1164 5069 1236 5130 ὡς
1291 5067 1460 5143 λέγει.
1502 5066 1677 5126 ἈλΛά
1705 5089 1756 5122 τι
1786 5069 1877 5123 καὶ

224 5163 486 5234 ’Όμηρος
514 5160 543 5213 6
591 5161 843 5228 ποιητῶν
903 5151 1299 5230 πρεσϐύτατος,
1353 5157 1440 5212 ἐπὶ
1487 5162 1582 5212 τοῦ
1632 5157 1878 5212 αἰσθάνε-

2124 2760 2204 2815 De
2219 2760 2490 2816 Gnostico
2513 2761 2772 2833 quidem,
2794 2762 2914 2816 haec
2945 2761 3380 2833 quodammodo
3411 2761 3631 2816 cursim

1978 2867 2186 2906 sumus
2217 2850 2538 2921 persecuti;
2575 2852 2693 2922 iam
2727 2857 2922 2906 autem
2953 2867 3271 2923 pergamus
3304 2851 3374 2906 ad
3405 2868 3473 2906 ea
3505 2867 3634 2922 quae

1977 2938 2254 3009 deinceps
2284 2945 2948 3011 consequuntur.Atque
2978 2940 3125 2996 ﬁdes
3156 2939 3395 3010 quidem
3425 2956 3634 2996 rursus

1977 3031 2066 3082 est
2091 3027 2560 3096 consideranda;
2605 3034 2747 3084 sunt
2793 3029 2950 3084 enim
2985 3029 3084 3101 qui
3125 3033 3209 3085 ita
3238 3029 3631 3100 distinguant,

1979 3123 2044 3170 ut
2074 3116 2249 3171 ﬁdem
2272 3117 2511 3188 quidem
2527 3121 2790 3174 nostram
2805 3135 2935 3174 esse
2955 3119 3024 3173 de
3045 3119 3210 3182 Filio.
3235 3117 3631 3190 cognitionem

1978 3209 2174 3260 autem
2205 3221 2333 3260 esse
2361 3207 2432 3261 de
2466 3206 2685 3278 Spiritu
2720 3207 3068 3262 dicant.Non
3090 3207 3633 3264 animadverterunt

1977 3296 2196 3359 autem,
2227 3295 2381 3364 quod
2415 3311 2548 3350 vere
2579 3297 2816 3365 quidem
2849 3297 3084 3352 credere
3115 3299 3345 3366 oportet
3381 3296 3548 3363 Filio,
3575 3299 3634 3351 et

1977 3383 2134 3452 quod
2160 3381 2359 3450 Filius,
2382 3388 2439 3438 et
2458 3385 2615 3453 quod
2649 3384 2891 3452 venerit,
2925 3389 2982 3438 et
3030 3400 3147 3454 quo
3185 3383 3380 3453 modo,
3413 3390 3468 3439 et
3499 3401 3631 3454 pro-

1979 3477 2104 3540 pter
2133 3471 2296 3539 quid,
2330 3476 2388 3524 et
2438 3472 2509 3525 de
2549 3472 2825 3541 passione
2857 3488 2870 3526 :
2907 3489 3079 3528 nosse
3135 3478 3332 3528 autem
3389 3488 3634 3529 necesse

1979 3565 2069 3614 est
2097 3559 2230 3630 quis
2265 3559 2341 3613 sit
2371 3559 2555 3615 Filius
2579 3559 2700 3616 Dei.
2721 3561 2855 3616 Jam
2881 3578 3012 3616 vero
3036 3577 3224 3633 neque
3245 3566 3334 3617 est
3363 3561 3625 3634 cognitio

1982 3647 2111 3703 sine
2142 3648 2277 3716 fide,
2311 3665 2500 3720 neque
2531 3649 2679 3706 fides
2710 3650 2837 3706 sine
2886 3651 3237 3723 cognitione.
3287 3651 3398 3706 Sed
3443 3667 3634 3722 neque

1979 3741 2149 3792 Pater
2177 3744 2266 3793 est
2296 3738 2424 3792 sine
2460 3738 2598 3794 Filio
2628 3756 2641 3806 ;
2675 3740 2854 3794 simul
2888 3741 3043 3795 enim
3077 3757 3212 3795 cum
3243 3757 3331 3807 eo,
3356 3740 3511 3811 quod
3545 3743 3635 3795 est

1987 3830 2171 3896 Pater,
2204 3831 2294 3880 est
2322 3826 2449 3880 Filii
2501 3827 2688 3882 Pater.
2740 3828 2924 3884 Filius
2971 3837 3166 3884 autem
3219 3846 3396 3884 verus
3444 3833 3535 3884 est
3563 3829 3634 3883 de

1979 3915 2149 3971 Patre
2181 3915 2504 3986 magister:
2540 3921 2596 3970 et
2631 3922 2694 3971 ut
2745 3917 2945 3972 credat
3001 3918 3132 3988 quis
3190 3917 3358 3983 Filio,
3405 3920 3636 3988 oportet

1981 4019 2155 4058 nosse
2183 4007 2440 4070 Patrem,
2473 4003 2544 4057 ad
2578 4020 2752 4074 quem
2803 4007 3052 4059 refertur
3102 4007 3278 4060 etiam
3331 4005 3532 4061 Filius.
3568 4005 3634 4060 Et

1983 4107 2214 4157 rursus,
2249 4097 2313 4144 ut
2355 4091 2586 4146 Patrem
2630 4107 3200 4163 praecognoscamus.
3236 4097 3464 4163 Oportet
3503 4110 3628 4148 cre-

1983 4138 2214 4157 -_-__-,
2252 4138 2312 4144 --
2355 4138 2586 4146 --ν---η
2630 4138 3200 4163 ιι--ν-ο----ν-----η
3239 4138 3464 4163 vr..-"-
3505 4138 3598 4148 ν.-

1903 4138 1950 4202 B
1983 4180 2116 4234 dere
2146 4178 2311 4248 Filio,
2343 4180 2627 4250 quoniam
2673 4195 2806 4234 eum
2854 4179 3025 4234 docet
3060 4179 3161 4235 Dei
3186 4179 3490 4236 Filius.Ex
3521 4181 3633 4237 ﬁde

1978 4285 2139 4325 enim
2175 4270 2244 4323 ad
2280 4268 2676 4339 cognitionem
2701 4273 2764 4336 :14
2786 4285 2888 4340 per
2916 4268 3126 4324 Filium
3159 4269 3347 4325 Pater.
3369 4269 3633 4341 Cognitio

1980 4367 2172 4413 autem
2209 4357 2336 4412 Filii
2367 4363 2425 4413 et
2456 4357 2664 4428 Patris,
2699 4375 2826 4429 quas
2875 4364 2963 4413 est
3013 4375 3080 4413 ex
3111 4360 3378 4430 gnostica
3411 4359 3631 4430 regula,

1980 4464 2046 4503 ea
2095 4447 2358 4516 quidem,
2418 4463 2546 4517 quae
2604 4464 2735 4503 vere
2793 4447 2872 4502 sit
2900 4449 3106 4520 regula
3137 4449 3512 4522 cognitionis,
3547 4454 3636 4504 est

1980 4537 2280 4606 conceptio
2312 4543 2370 4591 et
2396 4537 2842 4608 comprehensio
2873 4540 3138 4594 veritatis
3169 4555 3273 4611 per
3311 4539 3633 4595 veritatem.

1982 4624 2100 4680 Nos
2129 4641 2268 4696 ergo
2300 4642 2508 4680 sumus
2542 4625 2744 4681 ﬁdeles
2780 4626 2840 4681 in
2872 4642 2938 4681 eo
2971 4629 3126 4698 quod
3189 4644 3303 4683 non
3354 4628 3634 4694 creditur,

1983 4719 2039 4768 et
2059 4713 2320 4768 Gnostici
2356 4714 2413 4767 in
2447 4730 2533 4780 eo,
2564 4715 2720 4784 quod
2768 4731 2882 4770 non
2929 4717 3304 4788 cognoscitur
3335 4733 3347 4772 :
3384 4717 3494 4773 hoc
3524 4722 3636 4786 est,

1985 4802 2242 4858 Gnostici
2277 4803 2332 4856 in
2368 4819 2454 4867 eo,
2490 4805 2644 4873 quod
2679 4804 2985 4875 ignoratur
3015 4806 3086 4860 ab
3122 4806 3399 4861 omnibus
3432 4811 3490 4860 et
3521 4823 3636 4863 non

1984 4892 2269 4961 creditur,
2305 4897 2504 4945 tamen
2538 4909 2571 4945 a
2614 4892 2823 4963 paucis
2850 4893 3107 4948 creditur
3137 4898 3192 4947 et
3242 4894 3635 4964 cognoscitur.

1987 4980 2244 5036 Gnostici
2270 4997 2402 5036 vero
2427 4998 2538 5036 non
2566 4982 2829 5037 oratione
2855 4999 3029 5053 opera
3069 4982 3491 5048 describentes,
3536 4985 3639 5040 sed

1990 5069 2118 5140 ipsa
2175 5067 2712 5141 comtemplatione.
2761 5071 2975 5126 Beatus
3024 5070 3124 5140 qui
3169 5069 3312 5124 dicit
3359 5069 3417 5124 in
3470 5087 3641 5128 aures

1991 5157 2379 5213 audientium.
2413 5159 2582 5214 Fides
2614 5165 2807 5214 autem
2843 5166 2984 5214 sunt
3015 5174 3186 5213 aures
3219 5160 3448 5215 animae.
3481 5164 3639 5216 Hanc

225 5261 349 5314 σθαι
378 5252 458 5321 τῷ
511 5245 752 5315 ἀκούειν,
803 5242 994 5306 ἷδικῶς
1040 5245 1120 5318 (3)
1166 5243 1282 5298 ἀντὶ
1333 5251 1544 5317 γενικοῦ
1593 5245 1882 5322 χρησάμε-

2101 5264 2186 5302 om
2244 5249 2417 5303 fidem
2482 5248 2655 5303 tacite
2694 5247 2889 5303 innuit
2910 5246 3219 5320 Dominus,
3252 5248 3453 5305 dicens
3487 5252 3642 5320 τρυε

296 5383 359 5447 ›ι‹
398 5375 460 5430 Ρ.
494 5375 621 5442 643,
653 5375 757 5428 644
786 5375 898 5431 ED.
929 5373 1232 5440 POTTER,
1267 5373 1396 5438 544,
1422 5373 1528 5425 545
1555 5373 1669 5427 ED.
1702 5373 1924 5428 PARIS.

289 5499 364 5568 (1)
399 5497 536 5553 Μὲν.
573 5498 735 5551 Hanc
771 5495 1121 5568 particulam
1155 5495 1213 5550 in
1250 5495 1402 5550 Flor.
1439 5494 1722 5550 omissam
1757 5495 1888 5568 ipsa

219 5567 534 5639 structurae
567 5568 716 5639 ratio
753 5567 1033 5639 postulat.
1069 5567 1358 5639 SXLBUBG.

292 5643 368 5710 (2)
436 5635 766 5708 Ἀληθείας’
795 5635 883 5692 διὰ
936 5641 1061 5710 τῆς,
1095 5636 1396 5710 ἀληθείαςη
1437 5636 1757 5710 Respicere
1801 5639 1890 5694 Vi-

227 5706 394 5769 detur
424 5706 598 5768 Joan.
631 5727 747 5781 xw,
776 5713 834 5782 6,
864 5712 898 5763 7
926 5729 938 5764 :
1000 5709 1156 5784 Δὲγει
1191 5708 1335 5781 αὐτῷ
1379 5709 1406 5762 ὁ
1451 5706 1682 5776 Ἰησοῦς·
1748 5709 1891 5786 Ἐγώ

2004 5492 2117 5565 εἶμι
2168 5493 2201 5560 ἡ
2256 5489 2402 5560 ὁδὸς,
2460 5493 2548 5546 καὶ
2609 5495 2643 5560 ἡ
2704 5488 2954 5565 ἀλήθεια,
3011 5491 3099 5565 καῖ
3256 5495 3390 5565 ζῳή.
3445 5489 3645 5565 ,Οὐδεὶς

2005 5561 2221 5639 ἔρχεται
2282 5565 2416 5639 πρὸς
2460 5566 2568 5639 -τὸν
2627 5561 2842 5639 Πατέρα
2864 5563 2938 5639 εἰᾼ
2971 5565 3052 5639 μὴ
3080 5561 3150 5618 δι’
3187 5561 3365 5639 alios;
3391 5564 3648 5639 Εῗέγνώ-

2001 5633 2146 5691 κἐιτέ
2183 5656 2268 5711 με,
2300 5633 2390 5689 διαὶ
2421 5637 2508 5690 τὸν
2544 5634 2753 5711 Πατέρα
2777 5633 2890 5708 ’μου
2923 5633 3210 5711 ἐγνῴκειτε
3234 5633 3323 5692 ἅν.

2078 5709 2154 5780 (3)
2184 5704 2423 5770 Ἴδικῶς.
2479 5710 2646 5766 Forte
2690 5704 2910 5765 melius
2959 5704 3166 5780 εἷ’ὃικῷ,
3198 5709 3447 5780 speciali.
3480 5707 3646 5764 εγω.

559 5843 822 5899 ΡΑτΒοι..
871 5839 981 5898 Gn.
1026 5837 1126 5898 1X.

3290 5841 3312 5896 l

1612 5996 1628 6020 ‘
1659 5997 1770 6043 ἐίζζ
1808 6001 1873 6043 ir."
1918 6003 1950 6043 -τέ
1981 5995 2144 6043 "3‘8
