3946 6182
240 344 299 401 13
1550 340 1880 396 STROMA'I

2059 340 2176 393 LIB.
2219 341 2290 393 V.
3561 340 3631 397 14

238 445 487 535 ποῦ’,καὶ
547 464 809 521 ἐκλεκτοῦ
864 461 1045 534 ὄντος,
1089 466 1164 526 ὡς
1221 461 1551 535 Βασιλείδης
1600 461 1812 536 νομίζει
1846 480 1858 494 ⁸

2059 462 2189 519 imae
2221 462 2405 520 libero
2437 466 2679 523 arbitrio
2711 470 2930 527 utentis
2959 471 3303 528 rationalem
3332 475 3630 532 assensio-

244 560 299 628 ἦν
323 555 369 612 δ’
396 556 457 611 ἃν
488 556 581 611 καὶ
613 552 745 630 δίχα
773 562 870 624 τῆς
900 559 997 610 τοῦ
1030 560 1293 629 Σωτῆρος
1334 553 1632 628 παρουσίας
1684 551 1871 627 χρόνῳ

243 647 361 702 ποτὶ
386 644 707 718 ἀναλάμψαι
739 640 989 708 δύνασθαι
1018 645 1118 713 τὴν
1152 642 1331 720 φύσιν.
1361 642 1423 700 Εἴ
1473 641 1531 698 δὲ
1580 642 1869 716 ἀναγκαίαν

244 737 330 805 τὴν
367 732 666 808 ἐπιδημίαν
714 738 810 789 τοῦ
865 733 1065 808 Κυρίου
1118 734 1363 809 φήσαιεν,
1421 730 1631 808 οἴχεται
1688 730 1871 792 αὐτοῖς

243 824 300 879 τὰ
350 831 446 893 τῆς
509 821 723 902 φύσεως
774 819 1067 893 ἰδιώματα,
1135 822 1386 891 μαθήσει,
1441 818 1531 876 καὶ
1595 817 1872 894 καθάρσει,

245 914 318 969 καὶ
345 916 412 988 τῇ
443 916 553 967 τῶν
586 908 756 989 ἔργων
818 909 1053 982 εὐποιία,
1086 908 1213 966 ἀλλ’
1242 910 1307 964 ού
1354 908 1506 984 φύσει
1558 908 1875 981 σωζομένης

242 1010 327 1073 τῆς
382 1000 644 1077 ἐκλογῆς.
673 1001 740 1055 ’Ὀ
793 1001 840 1077 γ’
897 997 990 1055 οῦν
1022 994 1293 1074 Ἀϐραὰμ,
1327 995 1397 1052 δι’
1429 999 1599 1066 ἀκοῆς
1656 994 1875 1052 πιστεύ-

243 1113 325 1155 σας
349 1094 418 1166 τῇ
454 1094 607 1169 φωνῇ
640 1090 686 1163 (ί
703 1091 774 1162 1),
799 1092 871 1162 τῇ
905 1088 1009 1144 ὑπὸ
1046 1089 1146 1158 τὴν
1199 1084 1325 1164 δρῦν
1375 1088 1473 1155 τήν
1525 1086 1578 1140 ἐν
1627 1079 1874 1160 Μαμϐρῆ

243 1177 667 1257 ἐπαγγειλαμένη
703 1197 714 1209 ·
780 1177 877 1232 Σοὶ
937 1174 1141 1250 δίδωμι
1196 1177 1298 1245 τὴν
1356 1182 1481 1250 γῆν⁸
1540 1174 1739 1244 ταύτην
1785 1171 1875 1228 καὶ

243 1274 310 1341 τῷ
368 1267 638 1343 σπέρματί
699 1287 796 1322 σου
830 1286 841 1299 ⁸
900 1262 1024 1335 ἤτοι
1075 1264 1329 1327 ἐκλεκτὸς
1388 1264 1472 1333 ἦν,
1504 1266 1538 1335 ἢ
1590 1261 1673 1320 οὗ.
1717 1260 1873 1317 Ἀλλ’

244 1358 283 1414 εἰ
337 1359 433 1429 μὲν
495 1358 599 1413 ούκ
654 1358 746 1426 ἦν,
778 1359 892 1418 πῶς
950 1354 1147 1417 εύθέως
1203 1353 1507 1409 ἐπίστευσεν
1552 1356 1665 1408 οἷον
1717 1373 1873 1427 φυσι-

239 1452 373 1518 κῶςς
400 1447 447 1502 εἰ
492 1443 550 1501 δὲ
593 1446 659 1515 ἦν
707 1443 980 1513 ἐκλεκτὸς,
1013 1444 1237 1500 λέλυται
1286 1442 1468 1504 αὐτοῖς
1515 1446 1551 1512 ἡ
1605 1442 1874 1508 ὑπόθεσις,

244 1534 629 1613 εὑρισκομένης
686 1533 778 1590 καί
840 1535 946 1608 πρὸ
1002 1540 1102 1603 τῆς
1156 1537 1255 1587 τοῦ
1312 1531 1520 1607 Κυρίου
1579 1529 1876 1604 παρουσίας

238 1625 494 1701 ἐκλογῆς,
555 1624 646 1679 καὶ
718 1620 785 1693 δὴ
838 1623 929 1677 καὶ
998 1619 1316 1695 σωζομένης
1352 1640 1364 1653 ⁸
1428 1619 1720 1695 Ἐλογίσθη
1775 1620 1878 1693 γὰρ

243 1716 381 1787 αύτῷ
411 1713 492 1777 εἷς
525 1710 895 1783 δικαιοσύνην.
930 1710 1052 1768 Ἐὰν
1085 1711 1189 1787 γάρ
1247 1730 1330 1772 τις
1386 1708 1674 1782 τολμήσας
1728 1706 1877 1783 λέγῃ,

244 1804 516 1878 Μαρκίωνι
549 1796 841 1875 ἑπόμενος,
888 1801 981 1855 τὸν
1033 1799 1383 1875 Δημιουργὸν
1418 1797 1608 1867 σώζειν
1659 1797 1751 1852 τὸν
1805 1796 1881 1859 εἷς

242 1894 396 1950 αὐτὸν
451 1891 833 1961 πιστεύσαντα,
865 1890 956 1946 καὶ
1008 1892 1115 1965 πρὸ
1170 1892 1270 1964 τῇς
1309 1893 1406 1945 τοῦ
1448 1888 1645 1963 Κυρίου
1673 1908 1878 1963 παρου-

238 1982 366 2052 σίας,
399 1983 643 2057 ἐκλογῆς
674 1981 763 2036 καὶ
796 1977 863 2049 δὴ
895 1979 987 2035 καὶ
1015 1975 1332 2051 σωζομένης
1376 1979 1475 2047 τὴν
1518 1976 1657 2033 ἲδίαν
1716 1977 1881 2033 αὐτοῦ

238 2071 506 2147 σωτηρίαν
557 2072 672 2144 (12)
718 2065 1329 2144 παρευδοκιμηθήσεται
1370 2068 1484 2141 (13)
1535 2066 1680 2139 αύτῷ
1719 2069 1754 2136 ἡ
1784 2071 1880 2122 τοῦ

240 2163 468 2236 Ἀγαθοῦ
501 2157 753 2233 δύναμις,
769 2158 867 2232 ὀψὶ
887 2157 976 2213 καὶ
1013 2157 1146 2231 μετά
1172 2157 1263 2212 τὸν
1296 2157 1384 2212 ὑπ’
1403 2154 1578 2211 αὐτῶν
1607 2157 1743 2233 εὑφη
1757 2155 1886 2229 μού»

246 2272 399 2324 μενον
431 2248 785 2325 Δημιουργὸν
819 2242 1229 2319 ἐπιϐαλλομένη
1253 2246 1571 2314 σώζειν,καὶ
1590 2244 1727 2314 αύτῆ
1757 2242 1885 2313 ἤτοι

252 2341 486 2411 μαθήσει
540 2339 577 2408 ἢ
634 2336 725 2392 καὶ
782 2337 1014 2409 μιμήσει
1071 2335 1289 2392 τούτου.
1340 2332 1519 2389 Ἀλλὰ
1573 2331 1668 2388 κᾶν
1718 2331 1890 2396 οὕτως

245 2422 392 2502 ἔχων
427 2427 577 2499 σώζῃ
628 2426 745 2481 κατ’
774 2422 969 2488 αὐτοὺς
994 2424 1022 2478 ὁ
1054 2423 1304 2499 Ἀγαθὸς,
1338 2420 1463 2477 οὔτε
1506 2420 1635 2485 τοὺς
1693 2418 1887 2493 ἰδίους,

249 2512 375 2570 οὕτε
410 2513 546 2588 μετᾶ
571 2520 669 2581 τῆς
720 2515 948 2590 γνώμης
1002 2516 1100 2567 τοῦ
1152 2512 1519 2581 πεποιηκότος
1565 2510 1663 2579 τὴν
1716 2509 1885 2565 κτίσιν

243 2603 518 2679 ἐπιχειρεῖ
567 2605 662 2673 τὴν
721 2602 1014 2673 σωτηρίαν,
1080 2599 1172 2675 βίᾳ
1224 2598 1282 2655 δὲ
1324 2599 1360 2669 ἢ
1412 2597 1578 2673 δόλῳ.
1614 2599 1715 2657 Καὶ
1773 2603 1891 2664 πῶς

242 2692 319 2749 ἔτι
351 2692 553 2769 ἀγαθὸς
582 2693 609 2746 ὁ
641 2692 833 2764 οὕτως,
865 2689 956 2746 καὶ
980 2688 1236 2766 ὕστεροςς
1269 2688 1333 2744 El.
1374 2686 1431 2744 δὲ
1478 2690 1506 2744 ὁ
1557 2688 1724 2752 τόπος
1772 2686 1887 2743 δια-

242 2781 411 2861 φέρει,
443 2786 534 2836 καί
565 2783 601 2850 ἡ
649 2781 793 2854 μονὴ
846 2783 945 2834 τοῦ
996 2781 1438 2854 παντοκράτορος
1486 2775 1731 2833 λείπεται
1783 2776 1889 2831 ἀπὸ

242 2878 339 2940 τῆς
365 2875 466 2925 τοῦ
497 2869 703 2944 ἀγαθοῦ
747 2872 882 2923 Θεοῦ
943 2873 1116 2940 μονῆς
1151 2886 1163 2898 ⁸
1198 2863 1323 2921 ἀλλ’
1380 2868 1415 2935 ἡ
1464 2870 1563 2920 τοῦ
1623 2866 1892 2934 σώζοντος

251 2959 517 3034 βούλησις
565 2957 663 3012 οὐκ
717 2954 1070 3012 ἀπολείπεται
1108 2959 1206 3010 τοῦ
1244 2954 1468 3029 ἀγαθοῦ,
1500 2954 1534 3024 ἦ
1568 2974 1631 3029 γε
1666 2974 1893 3029 προκατ-

250 3047 469 3121 άρξασα.
512 3045 761 3117 Ἀνόητοι
805 3046 908 3120 ἄρα
964 3045 1017 3098 οἱ
1074 3039 1292 3099 ἄπιστοι
1337 3041 1398 3098 ἐκ
1441 3048 1548 3098 τῶν
1594 3040 1893 3116 προδιηνυ-

251 3137 464 3208 σμένων
497 3137 632 3208 ἡμῖν
679 3132 977 3190 δείκνυνται
1013 3152 1025 3165 ’
1063 3133 1124 3189 Αἱ
1180 3132 1281 3208 γὰρ
1339 3135 1452 3205 (14)
1479 3126 1657 3205 τρίϐοι
1715 3132 1892 3185 αὐτῶν

1984 568 2115 608 nem
2142 553 2285 608 dicit
2318 553 2513 610 ﬁdem.
2541 557 2846 631 Suntergc
2878 577 3311 634 supervacanea
3344 569 3633 635 praecepta

1981 645 2102 696 tam
2118 641 2375 698 inVeteri
2400 660 2576 713 quam
2594 645 2651 701 in
2670 646 2825 703 Novo
2844 650 3241 716 Testamento,
3264 667 3399 707 cum
3421 657 3638 710 natura

1985 729 2184 785 salvus
2234 731 2337 786 ﬁat
2384 732 2621 806 aliquis,
2657 741 2722 791 ut
2782 736 2905 793 vult
2964 738 3324 809 Valentinus,
3357 744 3415 796 et
3444 741 3494 797 si
3526 759 3636 798 na—

1982 824 2118 874 tura
2169 819 2360 877 fidelis
2402 825 2459 876 et
2504 821 2747 889 electus,
2808 830 2872 881 ut
2921 832 3089 898 putat
3144 827 3459 898 Basilides;
3515 828 3641 886 fieri

1985 908 2161 964 etiam
2197 913 2424 980 poterat
2454 915 2520 966 ut
2538 912 2761 985 absque
2790 915 3034 971 adventu
3060 916 3411 985 Servatoris,
3441 917 3641 992 aliquo

1987 997 2225 1053 tandem
2260 1002 2525 1069 tempore
2555 1006 2750 1072 posset
2773 1008 2985 1059 natura
3006 1004 3505 1077 resplendescere.
3536 1007 3640 1063 Sin

1988 1089 2183 1141 autem
2219 1087 2614 1145 necessarium
2637 1090 2890 1148 dixerint
2912 1094 3227 1149 adventum
3246 1094 3638 1163 Domini,eva-

1987 1175 2176 1231 nescit
2233 1175 2319 1232 eis
2365 1180 2584 1233 naturae
2627 1182 3056 1254 praerogativa:
3092 1199 3224 1238 cum
3266 1183 3536 1241 doctrina
3584 1187 3643 1241 et

1989 1263 2334 1335 purgatione
2363 1269 2421 1321 et
2451 1265 2733 1324 bonorum
2760 1286 2999 1342 operum
3032 1271 3356 1341 ell'ectione,
3392 1288 3507 1328 non
3531 1289 3642 1329 au—

1984 1357 2103 1409 tem
2140 1358 2373 1421 natura,
2406 1360 2670 1412 servetur
2698 1356 2923 1415 electio.
2955 1359 3253 1415 Abraham
3287 1360 3508 1433 itaque,
3540 1360 3644 1433 qui

1988 1456 2091 1513 per
2138 1442 2412 1498 auditum
2462 1445 2715 1501 credidit
2742 1446 2892 1514 voci,
2929 1463 3056 1518 quae
3090 1448 3199 1502 sub
3226 1463 3467 1519 quercu,
3502 1464 3635 1520 quae

1988 1529 2194 1584 eratin
2229 1529 2515 1596 Mambre,
2554 1537 2645 1589 est
2677 1534 2976 1605 pollicita:
3002 1537 3076 1592 Do
3106 1536 3211 1592 tibi
3251 1541 3461 1593 terram
3500 1539 3646 1595 hanc

1988 1620 2039 1672 et
2066 1620 2270 1675 semini
2310 1627 2446 1685 tuo",
2490 1620 2789 1679 electusne
2809 1628 2951 1693 erat,
2982 1641 3055 1681 an
3078 1642 3196 1680 non
3218 1625 3246 1681 ?
3284 1627 3396 1683 Sed
3444 1627 3493 1684 si
3526 1643 3642 1683 non

1990 1711 2115 1762 erat
2146 1707 2382 1778 quidem
2440 1712 2735 1781 quomodo
2793 1713 2996 1769 statim
3047 1713 3296 1771 credidit
3351 1719 3639 1787 tanquam

1992 1796 2381 1852 naturaliter?
2413 1798 2504 1854 sin
2552 1806 2750 1856 autem
2782 1806 2909 1858 erat
2937 1803 3183 1869 electus,
3233 1801 3498 1861 solutum
3548 1809 3641 1862 est

1989 1901 2190 1941 eorum
2226 1886 2699 1957 fundamentum,
2733 1907 2866 1946 cum
2892 1892 3225 1948 inveniatur
3253 1897 3429 1965 atque
3458 1893 3634 1950 etiam

1991 1972 2154 2030 salva
2177 1974 2277 2031 list
2319 1975 2524 2032 electio
2555 1983 2693 2034 ante
2740 1980 3055 2036 adventum
3085 1980 3312 2036 Domini
3349 1997 3363 2035 :
3397 1984 3635 2053 Reputa-

1993 2068 2110 2119 tum
2140 2071 2220 2119 est
2249 2066 2399 2119 enim
2425 2065 2479 2120 ei
2508 2065 2948 2136 adjustz'tiam‘.
2985 2069 3046 2124 Si
3105 2068 3239 2139 quis
3294 2069 3449 2125 enim
3481 2070 3639 2127 ausit

1995 2152 2190 2207 dicere
2236 2168 2491 2223 sequens
2550 2154 2928 2222 Marcionem,
2998 2160 3326 2213 Creatorem
3406 2174 3638 2216 servare

1996 2256 2156 2307 eum,
2190 2239 2291 2311 qui
2322 2240 2381 2296 in
2414 2240 2608 2314 ipsum
2641 2244 2909 2311 credidit,
2943 2244 3118 2301 etiam
3150 2251 3287 2302 ante
3324 2247 3642 2304 adventum

1997 2328 2256 2397 Domini,
2286 2345 2419 2385 cum
2461 2332 2700 2403 propria
2747 2333 2876 2404 ejus
2918 2333 3108 2391 salute
3156 2339 3419 2391 servetur
3465 2336 3645 2394 etiam

1997 2420 2234 2490 electio;
2266 2420 2400 2497 plus
2435 2439 2615 2495 quam
2649 2441 2754 2495 par
2782 2424 2861 2481 sit
2897 2425 2971 2481 ab
3023 2442 3091 2482 eo
3139 2428 3652 2484 commendabitur

1999 2509 2143 2566 Boni
2174 2514 2456 2583 potestas,
2483 2516 2546 2567 ut
2590 2529 2719 2584 qua:
2741 2530 2871 2569 sero
2893 2518 2951 2570 et
2982 2518 3116 2587 post
3161 2530 3319 2586 eum,
3345 2516 3446 2588 qui
3478 2517 3550 2573 ab
3567 2516 3651 2574 eis

1992 2598 2277 2670 jactatur,
2300 2598 2654 2673 Creatorem,
2693 2601 2823 2674 ipsa
2842 2619 3075 2675 quoque
3111 2603 3358 2660 salutem
3378 2605 3518 2662 dare
3547 2621 3650 2678 ag-

2001 2687 2321 2758 grediatur,
2342 2690 2429 2744 vel
2472 2690 2545 2746 ab
2579 2706 2645 2746 eo
2667 2692 2894 2761 edocta,
2924 2691 3013 2749 vel
3033 2707 3169 2748 eum
3191 2693 3450 2749 imitans.
3485 2694 3649 2759 Quod

2003 2776 2053 2832 si
2085 2776 2167 2832 ita
2195 2793 2258 2833 se
2301 2776 2547 2848 habens,
2600 2779 2700 2835 det
2747 2780 2999 2837 salutem
3058 2786 3273 2849 Bonus,
3322 2799 3390 2839 ex
3445 2799 3647 2839 eorum

2002 2865 2312 2935 sententia,
2346 2882 2534 2939 neque
2563 2884 2724 2937 suos,
2760 2886 2948 2941 neque
3003 2886 3137 2926 cum
3170 2870 3299 2941 eius
3352 2870 3650 2927 voluntate

2004 2953 2106 3026 qui
2141 2954 2275 3010 fecit
2303 2960 2653 3024 creaturam,
2685 2962 2810 3013 tum
2846 2958 3190 3031 aggreditur
3211 2960 3349 3016 dare
3372 2959 3647 3031 salutem,

2004 3044 2106 3100 sed
2138 3043 2212 3114 vi,
2263 3042 2355 3099 vel
2404 3043 2558 3101 dolo.
2621 3046 2690 3101 Et
2748 3048 3040 3117 quomodo
3092 3048 3202 3104 erit
3230 3048 3434 3120 utique
3464 3050 3652 3105 bonus

2005 3132 2103 3203 qui
2139 3133 2224 3188 sic
2252 3132 2413 3198 facit,
2435 3138 2493 3189 et
2525 3138 2616 3190 est
2647 3136 2978 3207 posterior?
3004 3135 3062 3193 Si
3095 3140 3291 3192 autem
3333 3136 3528 3193 diti‘ert
3566 3136 3656 3194 lo-

251 3222 700 3300 διεστραμμέναι,
775 3221 865 3277 καὶ
952 3222 1054 3277 οὐκ
1132 3218 1305 3275 ἴσασιν
1393 3219 1643 3294 εἰρήνην,
1731 3217 1880 3296 φησὶη

2059 3237 2115 3276 .18
2162 3225 2220 3277 et
2262 3222 2492 3278 mansio
2533 3204 2986 3295 Omnipotentis,
3047 3229 3273 3280 remota
3302 3229 3393 3281 est
3421 3243 3455 3282 a
3486 3241 3658 3281 man-

253 3316 280 3369 ὁ
335 3315 650 3391 προφήτης.
682 3312 792 3373 Τὰς
826 3308 884 3365 δὲ
932 3309 1119 3384 μωρὰς
1172 3310 1259 3363 καὶ
1320 3306 1678 3371 ἀπαιδεύτους
1721 3309 1880 3379 ζητή-

2059 3326 2169 3366 one
2197 3310 2470 3381 bonigDei
2497 3331 2511 3378 ;
2542 3315 2601 3366 at
2629 3313 2781 3383 ejus,
2813 3313 2916 3383 qui
2946 3313 3048 3368 dat
3077 3311 3351 3378 salutem,
3386 3313 3657 3371 voluntas

251 3424 358 3466 σεις
386 3406 765 3477 παραιτεῖσθαι
797 3401 825 3455 ὁ
853 3400 1135 3465 θεσπέσιος
1193 3398 1465 3473 παρῄνεσε
1522 3398 1763 3465 Παῦλος,
1810 3399 1880 3453 ὅτι

2059 3399 2243 3464 πιζοει
2271 3400 2328 3451 et
2359 3402 2584 3453 remota
2613 3415 2647 3453 a
2679 3398 2931 3464 bono,ut
2963 3416 3089 3471 quae
3118 3400 3276 3472 prior
3295 3402 3555 3474 coeperit.
3581 3403 3663 3460 Ex

252 3496 478 3567 γεννῶσι
513 3490 694 3565 μάχας
729 3509 742 3522 ο
777 3488 807 3544 δ
834 3509 892 3543 τε
923 3486 1196 3564 Αἰσχύλος
1224 3488 1335 3560 (15)
1365 3487 1591 3559 κέκραγε
1610 3504 1623 3517 ο

2059 3502 2077 3539 5
2110 3500 2269 3557 ergo,
2304 3501 2431 3556 qua:
2464 3485 2746 3559 diximus,
2798 3489 2955 3546 284
2991 3489 3261 3546 infideles
3295 3506 3425 3547 esse
3456 3508 3661 3548 amen-

254 3587 338 3639 tes
366 3581 719 3639 ostenditur.
750 3578 977 3637 Semita?
1007 3579 1158 3634 enim
1184 3592 1371 3633 eorum
1402 3582 1530 3630 sunt
1553 3587 1853 3646 perversa,
1885 3582 1937 3630 et
1964 3572 2219 3630 nesciunt
2255 3590 2464 3646 pacem,
2509 3574 2704 3648 inquit
2730 3579 2794 3645 ιι(
2822 3577 3107 3651 propheta
3123 3579 3162 3635 θ.
3235 3578 3444 3636 Stulta:
3483 3589 3665 3638 autem

254 3675 304 3728 et
330 3669 646 3728 inerudito:
673 3670 1004 3742 quaestiones
1032 3669 1235 3734 vitare,
1269 3663 1550 3720 divinitus
1582 3663 1771 3720 suasit
1799 3664 2098 3730 Paulus”,
2131 3662 2395 3735 quoniam
2422 3669 2688 3735 generant
2715 3681 2963 3736 pugnas;
2991 3674 3049 3724 et
3077 3666 3295 3724 clamat
3324 3668 3661 3743 lEschylus:

391 3758 474 3816 Τά
506 3753 675 3832 μηδὲν
711 3753 1030 3833 ὠφελοῦντα
1063 3755 1140 3827 μὴ
1173 3752 1325 3809 πόνει
1362 3753 1561 3826 μάτην.

254 3847 363 3916 Τὴν
429 3847 523 3920 μὲν
562 3846 663 3922 γὰρ
724 3844 859 3919 μετά
888 3841 1121 3905 πίστεως
1150 3843 1432 3897 συνιοῦσαν
1469 3843 1714 3912 ζήτησιν,
1746 3839 1902 3895 ἐποι-

255 3933 596 4009 κοδομοῦσαν
645 3933 725 4007 τῷ
784 3932 1030 4007 θεμελίῳ
1059 3938 1158 4002 τῆς
1206 3934 1442 3995 πίστεως
1497 3930 1595 3999 τήν
1661 3928 1900 4006 μεγαλο-

256 4026 438 4097 πρεπῆ
489 4031 592 4094 τῆς
648 4020 907 4093 ἀληθείας
960 4025 1183 4095 γνῶσιν,
1229 4020 1450 4095 ἀρίστην
1508 4016 1682 4092 ἴσμεν.
1716 4024 1899 4091 ’Ίσμεν

261 4109 318 4167 δὲ
371 4114 445 4176 ὡς
493 4109 595 4188 ἄρα
637 4111 759 4167 οὗτε
799 4111 867 4166 τὰ
913 4109 1117 4185 φανερά
1148 4114 1412 4180 ζητεῖται,
1446 4110 1586 4178 οἷον,
1620 4107 1665 4162 εἰ
1721 4103 1902 4183 ἡμέρα

260 4200 423 4273 ἐστὶν,
463 4201 676 4276 ἡμέρας
732 4196 901 4270 οὔσης
936 4217 948 4231 °
985 4197 1107 4255 οὕτε
1160 4198 1227 4252 τὰ
1284 4195 1464 4267 ἄδηλα
1492 4198 1584 4252 καὶ
1644 4194 1903 4251 οὐδέ-,ποτε

2168 3754 2243 3809 Ne
2273 3754 2334 3808 in
2365 3752 2436 3808 iis
2466 3754 2679 3811 labores
2710 3759 2937 3825 temere,
2961 3772 3081 3829 qum
3109 3758 3253 3813 nihil
3270 3759 3497 3831 juvant.

2008 3844 2153 3896 Nam
2187 3856 2311 3898 eam
2359 3842 2622 3913 quidem,
2655 3859 2783 3914 qua
2843 3861 2960 3900 una
3015 3860 3148 3900 cum
3211 3845 3322 3902 ﬁde
3369 3848 3660 3920 convenit,

2010 3930 2419 4001 quaestionem,
2453 3947 2580 4001 quae
2622 3931 3007 3989 fundamento
3060 3933 3193 3987 fidei
3226 3935 3661 4006 supermdiﬁoat

2009 4020 2385 4093 splendidam
2425 4039 2492 4078 ac
2526 4022 2905 4094 magniﬁcam
2935 4022 3198 4078 veritatis
3232 4025 3661 4095 cognitionem,

2010 4111 2294 4182 optimam
2327 4127 2459 4168 esse
2483 4112 2728 4168 scimus.
2759 4112 2991 4169 Scimus
3023 4116 3240 4180 autem,
3272 4114 3429 4184 quod
3482 4133 3665 4188 neque

2010 4214 2079 4254 ea
2139 4200 2335 4268 utique
2394 4204 2762 4272 quaeruntur.
2821 4219 2947 4273 quae
3007 4206 3146 4258 sunt
3197 4202 3546 4273 manifesta;
3582 4210 3666 4274 ut,

258 4291 596 4365 γενησόμενα
626 4288 850 4368 φανερὰ,
882 4289 957 4350 ὡς
986 4289 1069 4358 τὸ,
1094 4287 1140 4342 εἷ
1172 4284 1351 4363 ἄρτιοὶ
1394 4286 1525 4340 εἰσιν
1577 4285 1630 4339 οἱ
1683 4285 1880 4358 ἀστέρες

2059 4288 2255 4360 templi
2287 4305 2487 4359 causa,
2516 4308 2588 4345 an
2623 4290 2702 4346 sit
2730 4291 2878 4357 dies,
2931 4308 3066 4348 cum
3124 4296 3214 4347 est
3256 4291 3423 4361 dies;
3477 4309 3669 4368 neque

257 4378 298 4447 ἢ
347 4379 634 4453 περιττοί·
670 4375 796 4433 ἀλλ’
857 4373 983 4432 οὐδὲ
1028 4374 1096 4431 τὰ
1151 4375 1569 4452 ἀντιστρέφοντα
1618 4375 1771 4448 (16)·
1805 4373 1895 4427 ἀν-

2007 4392 2076 4431 ea
2106 4394 2233 4447 quae
2265 4383 2404 4433 sunt
2435 4379 2676 4445 incerta,
2703 4386 2760 4436 et
2793 4397 3090 4451 nunquam
3112 4381 3234 4437 fieri
3264 4386 3523 4453 possunt
3547 4401 3667 4441 ma-

329 4487 349 4522 ⁷
380 4482 523 4543 Gen.
556 4484 780 4557 xvn,78.
856 4483 877 4519 ⁸
908 4481 1055 4539 Ibid.
1085 4498 1178 4550 xv,
1209 4483 1273 4550 6;
1308 4482 1477 4537 Rom.
1532 4497 1608 4550 IV,
1657 4480 1710 4534 3.
1786 4479 1880 4544 >th

2059 4481 2095 4534 6
2135 4481 2248 4537 ED.
2298 4483 2605 4550 PO'I‘TER,
2655 4485 2760 4539 547
2808 4485 2917 4540 ED.
2972 4485 3200 4542 PARIS.
3279 4487 3437 4543 ’Isa.
3472 4504 3580 4557 ux,
3608 4491 3665 4545 8.

261 4558 310 4594 ¹⁰
330 4558 377 4615 II
402 4558 553 4614 Tim.
579 4560 641 4625 ιι,
661 4556 753 4609 23.

334 4664 449 4789 (11)
477 4665 559 4736 Τῇ
593 4658 769 4739 φωνῇ.
801 4659 1036 4717 Dictum
1069 4661 1161 4714 est
1188 4658 1461 4715 Abramo.
1494 4661 1634 4714 Gen.
1669 4674 1806 4726 xvn,
1827 4658 1862 4712 8
1896 4672 1909 4712 :

334 4756 365 4788 ιι
457 4735 586 4789 ώσω
636 4752 722 4786 σοι
769 4731 858 4785 καὶ
912 4734 993 4789 τῶ
1054 4729 1321 4789 σπέρματί
1371 4750 1468 4784 σου
1527 4734 1627 4789 τήν
1681 4735 1811 4789 γῆν,
1848 4728 1908 4789 ἣν

262 4728 365 4792 Καὶ
420 4728 731 4789 δώσ’ω’σοι’
769 4731 858 4785 καὶ
912 4734 993 4802 τῷ
1054 4729 1321 4804 σπέρματί
1371 4750 1468 4784 σου
1527 4734 1627 4799 τήν
1681 4735 1811 4804 γῆν,
1842 4728 1908 4804 ἣν

261 4811 569 4883 παροικεῖς.
600 4804 818 4883 Yerum
846 4822 959 4860 non
991 4819 1058 4858 eo
1088 4802 1250 4883 loco,
1272 4804 1376 4883 sed
1407 4820 1530 4874 cap.
1560 4802 1720 4867 xvm‘,
1749 4804 1799 4870 1,
1823 4802 1913 4857 di-

268 4874 422 4937 citur
444 4881 601 4936 Deus
624 4879 797 4949 juxta
824 4891 1084 4947 quercum
1114 4875 1173 4930 in
1202 4874 1443 4931 Humbre
1485 4891 1618 4930 cum
1667 4890 1734 4929 eo
1784 4889 1911 4929 ver-

266 4957 435 5009 satus
466 4951 676 5007 fuisse.

340 5024 455 5094 (12)
485 5021 592 5089 Τὴν
628 5016 955 5094 ἰδίαν-αύτοῦ
999 5016 1200 5094 c:_Hoc
1247 5021 1358 5083 est,
1391 5025 1623 5073 salutem
1671 5015 1916 5073 Creatori

268 5088 575 5167 propriam,
606 5110 722 5167 seu_
739 5092 811 5148 ab
831 5091 933 5146 illo
964 5088 1256 5167 collatam_.

344 5158 454 5237 (l3)
518 5158 1151 5237 Ηάρευδοκιμηθήσεται,
1214 5159 1524 5237 Rerpersm
1601 5158 1914 5237 interpres,

264 5230 936 5294 cornm'endabiturﬂerti
960 5232 1181 5300 debuit,
1201 5230 1597 5286 obscurabitur.
1614 5235 1758 5285 Nam
1784 5247 1916 5303 παρ-

271 5306 581 5379 ευδοκιμεῖν
630 5312 742 5387 est_
766 5306 1008 5387 gloriam
1057 5303 1311 5387 ali‘cujus
1339 5317 1617 5387 superare,
1651 5303 1915 5387 adeoque

270 5371 583 5449 obscurum.
642 5371 1523 5449 Suld'asL_Ilapsu§o_xtpnoaionq,
1594 5371 1914 5449 vinacia—iw,

270 5449 395 5521 ἤτοι
424 5450 504 5512 εἰς
540 5448 692 5521 δόξαν
725 5442 1059 5524 ὓπερϐάσης.
1090 5442 1475 5524 vult‘auctor,
1501 5446 1654 5524 quod
1688 5448 1735 5500 si
1768 5442 1914 5524 quos

270 5515 471 5582 mundi
502 5515 745 5588 Crebtor,
780 5515 954 5592 quem
986 5515 1426 5592 bmreti_ci_mali
1478 5517 1670 5571 omnis
1717 5515 1913 5572 aucto-

274 5613 394 5652 rem
420 5611 553 5653 esse
582 5586 1619 5668 putabant,ante_Christi.adventuy}
1653 5604 1913 5668 servave-

274 5668 371 5737 rit,
404 5657 708 5738 consequi,
742 5671 808 5721 ut
837 5662 904 5719 ab
942 5677 1003 5718 eo
1042 5660 1170 5717 boni
1202 5660 1317 5726 Dei,
1347 5676 1521 5732 quem
1555 5657 1766 5714 Christi
1811 5678 1915 5734 pa-

2024 4662 2169 4732 trem
2202 4658 2597 4731 appellabant,
2628 4667 2865 4732 potestas
2900 4663 2957 4715 et
2999 4659 3187 4732 gloria
3229 4662 3570 4729 obscuretur,
3603 4671 3669 4722 ut

2024 4728 2125 4803 qui
2156 4728 2371 4786 non'ex
2400 4748 2485 4799 se,
2516 4728 2640 4787 sed'
2665 4748 2767 4803 per
2810 4728 3176 4788 imitationem
3224 4733 3514 4789 Creatoris
3558 4728 3633 4793 bo

2024 4801 2215 4874 mines
2247 4803 2422 4874 salvos
2448 4801 2682 4874 praestet;

2094 4873 2207 4944 (14)
2234 4873 2295 4948 Αἱ
2351 4894 2403 4946 γ.
2448 4867 2567 4948 :lsa.
2603 4890 2724 4948 ,ωδ
2765 4890 2781 4948 _:
2835 4872 2897 4927 Λὶ
2949 4873 3066 4948 γὰρ-
3097 4867 3277 4948 τρίβοι
3336 4870 3513 4948 αέτῶν
3563 4874 3668 4932 διε-

2023 4940 2385 5085 στὶζὸαμμένσι,
2449 4943 2510 5006 ἃς
2600 4940 2925 5012 διοδεύουσι,
2963 4940 3073 4998 ’καὶ
3132 4940 3250 4998 ὀὐκ
3333 4941 3541 5002 οἷ’δασιν
3602 4949 3671 5004 εἲ-

2025 5036 2053 5085 ρ
2099 5037 2219 5082 νην.
2406 5084 2409 5085 ν

2099 5037 2219 5071 νην.

2025 5036 2219 5158 mandi).
2239 5084 2539 5161 Αἷ’σχύλος.
2564 5086 2967 5143 Theodoretus
2998 5086 3095 5141 lib.
3132 5103 3207 5142 ιν.
3234 5088 3434 5147 Contra
3462 5092 3672 5149 Grzrco:

2025 5160 2167 5215 citat
2196 5160 2351 5214 hunc
2374 5160 2617 5214 versum
2655 5174 2667 5212 :

2132 5230 2212 5287 Τὰ
2248 5227 2416 5303 μηδὲν
2445 5228 2760 5303 ὠφελοῦντα
2790 5228 2866 5302 μὴ
2898 5228 3045 5303 ζήτει
3080 5227 3254 5299 μάτην
3290 5247 3304 5262 ⁸

2131 5303 2208 5358 Νε
2240 5299 2426 5375 ansere
2451 5299 2685 5375 ﬂustra,
2719 5299 2843 5372 quia
2869 5299 3016 5375 nihil
3036 5303 3153 5375 tibi
3172 5307 3460 5375 conferunt
3490 5326 3508 5362 :

2026 5391 2141 5446 non
2192 5370 2480 5446 utfhabe't
2527 5370 2813 5446 Clemens,
2852 5371 2926 5444 μὴ
2976 5370 3130 5427 πόνει
3177 5370 3350 5446 μάτην
3396 5377 3666 5435 COLLECT.

2026 5445 2243 5501 Versus
2276 5444 2375 5500 ille
2406 5445 2464 5499 in
2494 5442 2747 5514 zEschyli
2783 5442 3099 5502 Pr'ometbeo
3130 5442 3315 5503 vincto
3336 5454 3545 5506 exstat.

2095 5515 2324 5589 (16)
2388 5513 2839 5589 ἀντιστρέφοντα.
2892 5517 3036 5589 Quid
3114 5533 3182 5574 ea
3250 5519 3385 5589 sint,
3439 5522 3670 5578 docebit

2023 5585 2374 5714 A.'G1eélius
2434 5585 2534 5640 lib.
2597 5601 2672 5652 1x,
2735 5603 2861 5659 cap.
2922 5587 3137 5656 ult.,et
3196 5585 3427 5663 plenius
3485 5594 3587 5651 lib.
3610 5609 3668 5660 ν,

2026 5676 2153 5714 can.
2259 5702 2273 5714 .

2026 5676 2153 5732 cap.
2187 5676 2273 5717 1U.
