3946 6182
303 351 372 407 15
1344 396 1349 399 .
1534 344 1941 400 CLEMENTIS
1975 344 2483 398 ALEXANDRINI
3660 341 3728 397 16

302 474 537 545 nifesta,
569 475 636 527 ut
664 470 834 539 illud,
868 469 1063 526 sintne
1113 467 1297 524 stella)
1326 483 1496 539 pares
1540 484 1614 522 an
1659 465 1948 537 impares;

2137 462 2337 541 πρέφει
2396 461 2451 518 δὲ
2506 462 2540 517 ἃ
2594 463 2686 519 καὶ
2735 470 2855 528 τοῖς
2890 466 2981 521 τὸν
3013 465 3255 521 ἐναντίον
3275 462 3587 541 χειρίζουσι
3631 461 3727 520 λό-

300 564 402 620 sed
438 578 629 635 neque
660 578 727 617 ea
758 577 883 633 qua)
933 561 1388 626 convertuntur;
1435 573 1503 612 ea
1549 572 1684 611 vero
1719 570 1956 610 conver-

304 656 537 717 tuntur,
570 667 700 722 quea
731 649 803 704 ab
832 649 923 718 iis,
959 646 1056 719 qui
1080 647 1475 702 adversantur
1501 644 1559 698 in
1593 644 1959 713 disserendo,

306 758 377 798 ex
397 757 564 812 :equo
596 739 711 794 dici
732 742 1001 810 possunt;
1038 740 1103 791 ut
1132 735 1300 804 illud,
1334 751 1408 789 an
1432 735 1510 789 sit
1534 731 1780 801 animal,
1804 731 1960 803 quod

309 834 401 886 est
430 829 492 884 in
523 833 711 896 utero,
745 844 815 882 an
849 843 966 883 non
1011 823 1252 880 animal.
1304 825 1558 889 Quartus
1611 822 1822 877 modus
1851 826 1960 889 est,

311 918 550 992 quando
573 933 640 973 ex
665 916 951 972 alterutra
978 914 1192 970 horum
1224 916 1387 985 parte
1418 912 1763 984 producitur
1794 926 1965 982 argu-

314 1012 600 1075 mentum,
624 1009 830 1061 contra
860 1003 1015 1075 quod
1048 1002 1185 1071 dici,
1217 1006 1275 1057 et
1306 1001 1462 1074 quod
1511 999 1657 1057 solvi
1697 1016 1814 1055 non
1856 1015 1962 1071 po-

308 1096 511 1153 test.Si
535 1110 676 1168 ergo
700 1092 999 1166 quaerendi
1019 1108 1200 1147 causa
1220 1090 1495 1146 omnibus
1520 1088 1709 1145 modis
1741 1089 1811 1144 de
1841 1103 1966 1144 me-

316 1185 415 1240 dio
444 1183 675 1240 tollitur
703 1183 849 1239 ﬁdes
880 1182 1152 1237 ﬁrmatur
1197 1196 1263 1236 ac
1296 1177 1629 1236 stabilitur.
1682 1177 1777 1233 Eis
1828 1192 1965 1249 ergo

313 1274 461 1330 illud
487 1271 891 1346 producimus,
912 1276 1113 1326 contra
1135 1269 1291 1341 quod
1314 1268 1429 1323 dici
1452 1285 1567 1324 non
1592 1266 1966 1339 potest,quod

315 1365 466 1419 Deus
498 1365 611 1432 est,
642 1361 742 1433 qui
785 1360 950 1431 dicit,
1002 1363 1059 1413 et
1104 1358 1176 1414 de
1223 1373 1579 1429 unoquoque
1622 1372 1848 1422 eorum,
1897 1355 1969 1409 de

314 1452 532 1524 quibus
563 1466 780 1522 quem,
806 1448 1056 1504 traditin
1084 1446 1340 1519 scriptis.
1367 1447 1509 1512 Quis
1536 1450 1626 1501 est
1647 1460 1785 1516 ergo
1825 1444 1969 1499 adeo

313 1539 538 1612 impius
565 1543 622 1595 et
650 1555 685 1594 a
714 1539 829 1594 Deo
862 1536 1114 1603 alienus,
1139 1540 1204 1591 ut
1222 1536 1339 1591 Deo
1363 1552 1477 1591 non
1510 1535 1729 1605 credat,
1758 1538 1816 1588 et
1838 1549 1969 1605 pro-

318 1629 588 1685 bationes
618 1644 652 1683 a
683 1633 795 1683 Deo
835 1626 1111 1700 postulet,
1161 1632 1445 1696 tanquam
1476 1625 1548 1680 ab
1581 1623 1923 1679 hominibus
1944 1621 1971 1677 Ἰ

318 1720 546 1775 Rursus
576 1735 645 1774 ex
676 1715 1125 1789 quaestionibus,
1159 1713 1286 1770 aliis
1316 1714 1554 1786 quidem
1599 1730 1777 1769 sensu
1819 1714 1971 1768 indi-

321 1812 497 1879 gent;
552 1811 618 1862 ut
651 1806 700 1863 si
750 1806 883 1878 quis
914 1809 1159 1878 quaerat,
1192 1821 1266 1860 an
1296 1803 1453 1877 ignis
1484 1804 1564 1859 sit
1589 1803 1838 1871 calidus,
1871 1807 1973 1857 aut

320 1897 421 1953 nix
452 1896 621 1953 alba:
649 1895 856 1968 aliquas
873 1911 1008 1951 vero
1039 1893 1441 1950 admonitione
1469 1898 1524 1949 et
1548 1892 1966 1965 increpatione,

321 1991 387 2042 ut
410 1987 493 2042 ait
518 1984 866 2041 Aristoteles
894 2002 906 2039 :
931 1988 996 2039 ut
1026 1983 1127 2039 illa
1158 1983 1562 2054 interrogatio,
1596 2000 1671 2038 an
1707 1984 1972 2053 oporteat

321 2075 607 2132 honorare
621 2078 914 2147 parentes.
941 2073 1094 2128 Sunt
1114 2072 1291 2128 etiam
1326 2072 1595 2144 quaedam
1627 2071 1816 2142 dignae
1839 2086 1969 2141 qua:

320 2165 677 2236 puniantur;
738 2162 1073 2234 cujusmodi
1133 2166 1243 2229 est,
1281 2176 1541 2232 quaerere
1572 2158 1966 2233 probationes,

319 2271 394 2310 an
425 2254 503 2309 sit
532 2252 919 2308 Providentia.
963 2254 1107 2306 Cum
1154 2250 1231 2306 sit
1259 2266 1395 2322 ergo
1432 2249 1818 2319 Providentia,
1852 2264 1967 2304 non

323 2360 393 2400 ex
442 2343 816 2399 Providentia
874 2342 1087 2396 factam
1142 2340 1323 2395 fuisse
1367 2344 1423 2394 et
1469 2339 1859 2411 prophetiam,
1911 2342 1970 2394 et

313 2450 471 2503 eam,
495 2450 627 2505 que
647 2433 705 2486 in
721 2435 1085 2486 Servatorem
1112 2429 1263 2485 facta
1282 2432 1390 2497 est,
1425 2427 1832 2495 mconomiam,
1859 2444 1967 2499 pu-

312 2526 457 2592 tare,
492 2525 583 2577 est
613 2520 926 2575 nefarium.
959 2519 1028 2573 Et
1057 2518 1310 2574 fortasse
1361 2534 1433 2573 ne
1478 2516 1677 2573 conari
1727 2516 1967 2588 quidem

317 2613 548 2682 oportet
576 2609 700 2664 haec
728 2610 1153 2678 demonstrare,
1178 2622 1313 2662 cum
1339 2606 1416 2663 sit
1441 2606 1751 2662 manifesta
1773 2606 1969 2661 divina

320 2697 709 2763 Providentia,
730 2713 799 2752 ex
826 2700 1066 2767 aspectu
1090 2695 1379 2767 omnium,
1413 2713 1542 2767 quae
1560 2695 1851 2765 videntur,
1883 2695 1965 2749 ef-

320 2788 629 2854 fectorum,
663 2802 790 2858 quas
822 2790 945 2840 arte
976 2789 1250 2840 constant
1278 2792 1331 2839 et
1376 2783 1687 2856 sapientia,
1714 2800 1967 2855 quorum

323 2875 440 2932 alia
469 2874 708 2947 quidem
741 2874 946 2929 ordine
974 2873 1144 2942 fiunt,
1177 2873 1291 2928 alia
1321 2889 1453 2929 vero
1486 2873 1688 2929 ordine
1721 2873 1966 2929 manife-

322 2967 574 3020 stantur.
607 2962 713 3026 Qui
746 2979 853 3017 nos
884 2965 1079 3016 autem
1122 2962 1379 3017 essentia
1410 2966 1467 3017 et
1494 2963 1636 3018 vitat
1663 2961 1966 3033 impertiit,

321 3054 497 3109 etiam
530 3051 847 3124 participes
881 3050 1015 3106 fecit
1062 3051 1329 3117 rationis,
1371 3067 1478 3106 nos
1536 3050 1711 3106 simul
1758 3067 1968 3107 conve-

321 3143 548 3199 nienter
587 3141 801 3197 rationi
826 3140 1050 3209 volens,
1076 3144 1134 3195 et
1171 3140 1318 3195 bene
1354 3139 1563 3195 vivere.
1597 3144 1744 3194 Nam
1780 3141 1969 3212 Logos

318 3233 510 3286 Patris
532 3230 938 3286 universorum
967 3245 1084 3284 non
1114 3232 1205 3285 est
1248 3228 1517 3299 verbum,
1552 3230 1709 3300 quod
1741 3229 1961 3301 profer-
1994 3212 2037 3278 C

314 3324 433 3389 tur,
466 3320 568 3376 sed
617 3318 907 3391 sapientia
945 3323 1001 3374 et
1030 3317 1129 3373 Dei
1160 3317 1394 3373 bonitas
1425 3317 1909 3373 manifestissima
1941 3334 1954 3373 :

314 3414 374 3464 et
390 3416 454 3481 ιι(
473 3411 650 3464 etiam
674 3406 1046 3478 omnipotens
1070 3410 1329 3478 potestas
1352 3411 1409 3462 et
1429 3423 1558 3462 vere
1580 3407 1800 3478 divina,
1829 3423 1960 3481 quae

315 3514 431 3554 non
463 3502 554 3554 est
582 3496 872 3568 ejusmodi
924 3500 986 3550 ut
1016 3494 1255 3565 intelligi
1289 3512 1407 3551 non
1439 3497 1626 3567 possit
1650 3496 1737 3552 vel
1784 3497 1855 3551 ab
1891 3496 1964 3551 iis

317 3586 418 3657 qui
445 3585 638 3657 ipsam
671 3600 787 3639 non
827 3583 1200 3649 confitentur,
1236 3582 1505 3638 voluntas
1556 3584 1754 3639 omnia
1782 3585 1963 3639 conti-

319 3690 466 3730 nens
509 3690 619 3729 sua
667 3672 1116 3743 omnipotentia.
1171 3672 1458 3736 Quoniam
1507 3677 1703 3728 autem
1749 3672 1962 3743 partim

316 3762 554 3833 quidam
584 3760 1031 3829 suntinfideles,
1053 3760 1266 3831 partim
1294 3777 1428 3815 vero
1442 3762 1811 3833 contentiosi,
1846 3778 1962 3818 non

317 3867 524 3907 omnes
557 3854 958 3921 assequuntur
983 3848 1119 3904 boni
1149 3849 1581 3920 perfectionem.
1611 3849 1755 3905 Nam
1773 3866 1961 3922 neque

314 3939 440 3995 ﬁeri
462 3946 654 4011 potest
684 3945 750 3994 ut
779 3938 905 3994 sine
938 3946 1138 3994 nostro
1171 3937 1355 3994 animi
1401 3940 1703 4011 proposito
1756 3957 1960 3998 conse-

316 4045 589 4100 quamur,
623 4045 815 4099 neque
848 4028 1185 4082 universum
1214 4032 1303 4083 est
1350 4029 1608 4099 positum
1642 4030 1701 4084 in
1760 4034 1962 4086 nostra

312 4120 636 4187 voluntate;
686 4116 860 4190 quale
888 4120 998 4187 est,
1032 4117 1188 4187 quod
1228 4122 1316 4171 est
1347 4122 1696 4172 eventurum
1730 4135 1743 4172 :
1776 4121 1960 4190 gratia

309 4208 465 4265 enim
492 4223 782 4264 servamur
807 4208 875 4274 υ,
908 4206 1010 4261 sed
1043 4221 1159 4260 non
1190 4205 1412 4277 absque
1441 4206 1613 4261 bonis
1644 4208 1955 4278 operibus;

2067 573 2187 628 γον,
2221 551 2304 607 ἐπ’
2337 551 2462 622 ἷ¹σης
2517 553 2658 608 ἐστὶν
2719 553 2909 629 εἰπεῖν,
2951 555 3027 619 ὡς
3054 554 3138 625 τὸ,
3174 555 3217 609 εἰ
3281 558 3416 623 ζῶον
3465 552 3532 608 τὸ
3595 552 3732 609 κατὰ

2066 642 2320 716 γαστρὸς,
2351 640 2386 711 ἢ
2447 643 2511 697 οὐ
2566 646 2729 712 ζῶον.
2769 643 3038 720 Τέταρτός
3094 644 3204 699 ἐστι
3261 642 3492 720 τρόπος,
3522 640 3611 697 ὅτ’
3666 641 3727 697 ἃν

2069 729 2130 785 ἐκ
2176 731 2402 806 θατέρου
2437 732 2644 787 τούτων
2699 732 2897 810 μέρους
2928 733 3318 811 ἀναντίρρητον
3363 731 3455 788 καὶ
3514 728 3724 789 ἄλυτον

2071 818 2361 893 ἐνθύμημα
2389 820 2768 896 προτείνηται.
2800 822 2865 878 Εἰ
2894 824 3078 878 τοίνυν
3109 825 3144 892 ἡ
3185 826 3282 878 τοῦ
3332 826 3514 892 ζητεῖν
3580 821 3729 877 αἰτία

2069 910 2207 963 κατά
2264 909 2469 973 πάντας
2519 909 2648 972 τοὺς
2703 910 2942 987 τρόπους
2984 912 3307 988 ἀναιρεῖται,
3338 910 3521 973 πίστις
3553 909 3725 985 ἐμπε-

2073 995 2259 1052 δοῦται
2292 1017 2304 1029 ·
2363 997 2722 1074 προτείνομεν
2779 1000 2882 1077 γὰρ
2938 1001 3128 1064 αὐτοῖς
3199 1000 3262 1054 τὸ
3331 998 3731 1076 ἀναντίῤῥητον

2074 1089 2266 1163 ἐκεῖνο,
2298 1090 2327 1145 ὃ
2359 1092 2387 1145 6
2418 1089 2547 1154 Θεός
2581 1091 2722 1147 ἔστιν
2754 1094 2783 1147 6
2810 1091 3009 1169 λέγων,
3040 1092 3131 1149 καὶ
3160 1092 3287 1168 περὶ
3317 1091 3436 1155 ἑνὸς
3494 1092 3733 1147 ἑκάστου

2075 1180 2148 1232 ὧν
2197 1178 2463 1250 ἐπιζητῶ,
2494 1181 2760 1255 παριστὰς
2805 1180 3112 1258 ἐγγράφως.
3154 1180 3246 1243 Τίς
3290 1179 3386 1235 οῦν
3436 1174 3516 1236 ἔτι
3575 1178 3733 1243 ἄθεος

2075 1267 2319 1324 ἀπιστεῖν
2352 1274 2489 1342 Θεῷ,
2522 1272 2612 1324 καί
2641 1270 2736 1333 τάς
2767 1268 3067 1342 ἀποδείξεις
3103 1271 3179 1335 ὡς
3232 1270 3379 1344 παρὰ
3420 1269 3731 1347 ἀνθρώπων

2076 1356 2321 1412 ἀπαιτεῖν
2365 1361 2461 1413 τοῦ
2520 1363 2695 1428 Θεοῦ,
2754 1358 2924 1415 Πάλιν
2981 1364 3092 1415 τῶν
3153 1360 3485 1433 ζητημάτων
3538 1358 3575 1413 ἃ
3639 1359 3731 1434 μὲν

2077 1445 2383 1517 αἶ’σθήσεως
2414 1444 2606 1517 δεῖται,
2642 1450 2780 1519 οἷον,
2813 1447 2903 1503 ἐὰν
2936 1451 3074 1522 ζητῇ
3104 1469 3191 1510 τις
3223 1447 3269 1502 εί
3325 1447 3389 1502 τὸ
3446 1451 3561 1523 πῦρ
3608 1450 3734 1523 θερ-

2082 1536 2181 1608 μὸν
2214 1534 2248 1604 ἢ
2280 1539 2314 1605 ἡ
2349 1535 2489 1611 χιὼν
2522 1535 2686 1608 λευκή
2716 1556 2729 1568 ·
2758 1538 2882 1592 τινὰ
2926 1535 2983 1592 δὲ
3020 1537 3300 1599 νουθεσίας
3339 1535 3431 1592 καὶ
3486 1536 3736 1607 ἐπιπλή-

2079 1624 2233 1694 ξεως,
2276 1624 2350 1687 ὥς
2401 1646 2567 1702 φησιν
2624 1626 3012 1702 Ἀριστοτέλης
3060 1628 3197 1700 (17),
3231 1626 3306 1689 ὡς
3357 1627 3420 1681 τὸ
3468 1624 3737 1702 ἐρώτημα

2080 1712 2276 1781 έκεῖνο,
2304 1713 2349 1768 εί
2381 1715 2494 1790 χρή
2526 1721 2705 1790 γονεῖς
2737 1720 2902 1789 τιμᾷν
2935 1735 2947 1748 ·
2980 1711 3093 1770 ἔστι
3128 1712 3187 1770 δὲ
3225 1714 3259 1769 ἃ
3309 1715 3400 1770 καὶ
3447 1713 3737 1777 κολασεως

2081 1800 2201 1873 ἄξια
2232 1822 2246 1834 ·
2281 1803 2475 1858 ὁποῖόν
2537 1802 2649 1860 ἐστι
2702 1805 2764 1860 τὸ
2822 1804 2990 1860 αἰτεῖν
3050 1802 3348 1875 ἀποδείξεις
3405 1802 3458 1859 εἷ’
3494 1803 3736 1881 Πρόνοια

2082 1889 2213 1948 ἔστι.
2250 1892 2514 1966 Προνοίας
2555 1894 2739 1948 τοίνυν
2779 1891 2976 1965 οὔσης,
3012 1895 3087 1967 μὴ
3137 1892 3274 1949 κατά
3321 1892 3596 1968 Πρόνοιαν
3646 1913 3733 1970 γε·

2078 1981 2290 2054 γονέναι
2347 1986 2519 2035 πᾶσαν
2577 1983 2677 2052 τήν
2717 2002 2776 2037 τε
2805 1981 3138 2061 προφητεία]
3181 1981 3271 2036 καὶ
3299 1982 3400 2050 τὴν
3458 1981 3590 2057 περὶ
3641 1982 3733 2036 τὸν

2080 2076 2315 2145 Σωτῆρα
2338 2069 2676 2145 οἰκονομίαν,
2708 2075 2957 2147 ἡγεῖσθαι
3001 2071 3236 2128 ἀνόσιον.
3270 2069 3370 2127 Καί
3414 2069 3552 2134 ἴσως
3606 2067 3735 2126 οὐδὲ

2078 2160 2190 2235 χρὴ
2222 2159 2288 2213 τὰ
2317 2163 2541 2215 τοιαῦτα
2585 2168 2869 2236 πειρᾶσθαι
2919 2159 3323 2232 ἀποδεικνύναι,
3355 2166 3595 2237 φανερᾶς
3646 2156 3735 2215 οῦ-

2079 2270 2179 2318 σης
2206 2251 2305 2313 τῆς
2334 2248 2477 2313 θείας
2503 2249 2771 2325 Προνοίας
2800 2244 2860 2305 ἔκ
2887 2272 2945 2306 τε
2982 2258 3084 2321 τῆς
3132 2246 3310 2326 ὅψεως
3352 2254 3460 2305 τῶν
3507 2248 3730 2324 ὁρωμέ-

2076 2359 2183 2394 νων
2242 2338 2455 2393 πάντων
2508 2344 2776 2416 τεχνικῶν
2844 2340 2933 2396 καὶ
2992 2345 3172 2418 σοφῶν
3224 2340 3556 2413 ποιημάτων
3587 2359 3602 2373 ·
3643 2338 3730 2394 καὶ

2075 2432 2181 2482 τῶν
2241 2430 2333 2500 μὶν
2384 2428 2527 2500 τάξει
2593 2428 2918 2505 γινομένων,
2966 2433 3074 2484 τῶν
3136 2426 3193 2484 δὲ
3242 2428 3387 2500 τάξει
3463 2448 3731 2505 φανερου·

2081 2517 2254 2589 μένων
2289 2536 2302 2548 ·
2339 2515 2451 2571 ὁδὶ
2507 2515 2774 2590 μεταδοὺς
2822 2520 2958 2590 ἡμῖν
3013 2522 3112 2572 τοῦ
3164 2516 3299 2572 εἶναί
3351 2538 3409 2572 τε
3464 2517 3559 2571 καὶ
3617 2520 3730 2591 ζῇν,

2083 2603 2418 2679 μεταδέδωκε
2494 2606 2584 2661 καὶ
2640 2611 2739 2661 τοῦ
2810 2604 3000 2681 λόγου,
3052 2605 3298 2683 λογικῶς
3351 2626 3411 2661 τε
3467 2608 3587 2680 ἅμα
3644 2604 3732 2661 καὶ

2078 2693 2133 2748 εὗ
2167 2699 2260 2769 ζῇν
2294 2694 2497 2759 ἐθέλων
2528 2697 2699 2768 ἡμᾶς.
2727 2696 2788 2753 Ὁ
2838 2696 2941 2772 γὰρ
2990 2700 3095 2751 τοῦ*
3136 2696 3349 2772 Πατρὸς
3409 2699 3519 2750 τῶν
3585 2694 3730 2751 ὅλων

2077 2783 2252 2860 Λόγος
2328 2785 2440 2859 οὐχ
2518 2784 2674 2846 οὗτός
2758 2782 2898 2839 ἐστιν
2959 2786 2987 2839 6
3044 2785 3403 2863 προφορικὸς,
3455 2783 3624 2863 σοφία
3677 2780 3732 2838 δί

2075 2875 2165 2927 καί
2228 2874 2543 2949 χρηστότης
2599 2873 2948 2950 φανερωτάτη
3013 2874 3121 2947 (l8)
3178 2876 3276 2927 τοῦ
3343 2876 3499 2942 Θεοῦ,
3568 2871 3728 2928 δύνα-

2079 2960 2171 3035 μίς
2194 2982 2252 3017 τε
2284 2959 2347 3016 αὗ
2381 2963 2694 3038 παγκρατὴς
2720 2962 2811 3017 καὶ
2840 2967 2920 3034 τῷ
2952 2959 3068 3018 ὄντι
3097 2962 3211 3017 θεία
3247 2982 3259 2994 ·
3294 2959 3419 3017 οὐδὲ
3463 2967 3588 3025 τοῖς
3653 2961 3725 3036 μή

2077 3048 2447 3125 ὁμολογοῦσιν
2524 3049 2913 3123 ἀκατανόητος,
2986 3051 3205 3124 θέλημα
3290 3070 3730 3125 παντοκρατορι-

2075 3140 2170 3195 κόν
2204 3142 2338 3211 (19).
2372 3139 2524 3197 Ἐπεὶ
2557 3136 2616 3194 δὲ
2644 3141 2697 3194 οἱ
2740 3140 2834 3214 μὶν
2860 3141 3099 3212 ἄπιστοι,
3132 3141 3185 3195 οἱ
3233 3136 3291 3194 δὲ
3340 3138 3633 3215 έριστικοὶ,
3663 3137 3726 3193 οὗ

2075 3231 2271 3291 πάντες
2321 3229 2656 3304 τυγχάνουσι
2702 3232 2800 3298 τῆς
2831 3227 3177 3300 τελειότητος
3226 3233 3325 3284 τοῦ
3356 3229 3582 3303 ἀγαθοῦ.
3617 3223 3729 3286 Οὕ-

2067 3337 2124 3372 τε
2161 3318 2265 3392 γὰρ
2326 3316 2447 3372 ἄνευ
2507 3317 2871 3393 προαιρέσεως
2928 3323 3115 3394 τυχεῖν
3162 3318 3279 3372 οἷόν
3339 3337 3399 3372 τε
3433 3336 3445 3350 ο
3482 3318 3553 3373 οὗ
3619 3316 3725 3390 μὴν

2074 3404 2200 3462 οὐδὲ
2245 3407 2309 3461 τὸ
2355 3412 2457 3461 πᾶν
2501 3407 2589 3462 ἐπὶ
2630 3410 2699 3481 τῇ
2736 3408 2933 3482 γνώμῃ
2965 3409 3036 3479 τῇ
3064 3405 3307 3481 ἡμετέρᾳ
3348 3411 3522 3461 κεῖται
3561 3424 3575 3439 ’
3610 3407 3725 3461 οἷον

2071 3496 2134 3550 τὸ
2183 3490 2597 3570 ἀποϐησόμενον
2631 3515 2644 3529 ·
2679 3497 2870 3571 χάριτι
2904 3498 3024 3572 ,γὰρ
3083 3495 3371 3568 σωζόμεθα
3428 3497 3545 3567 (20)
3580 3514 3596 3528 ·
3631 3493 3729 3550 οὐκ

2073 3586 2197 3640 ἄνευ
2244 3587 2430 3660 μέντοι
2476 3590 2583 3641 τῶν
2632 3584 2819 3640 καλῶν
2851 3582 3019 3661 ἔργων
3054 3581 3200 3640 ἀλλὰ
3256 3581 3337 3640 δεῖ
3400 3583 3493 3658 μὶν
3555 3604 3727 3662 πεφυ-

2070 3676 2230 3736 κότας
2284 3675 2420 3750 πρὸς
2473 3676 2535 3729 τὸ
2592 3675 2813 3751 ἀγαθὸν,
2874 3670 3116 3743 σπουδήν
3177 3694 3302 3728 τινα
3356 3676 3726 3748 περιποιήσα-

2071 3766 2191 3819 σθαι
2225 3764 2361 3839 πρὸς
2388 3762 2522 3818 αὐτό
2555 3782 2566 3794 ·
2602 3759 2685 3817 δεῖ
2714 3759 2773 3816 δὲ
2800 3761 2890 3817 καὶ
2932 3763 3032 3831 τήν
3065 3762 3299 3837 γνώμην
3352 3763 3475 3837 ὑγιῆ
3523 3763 3723 3826 κεκτῆ-

2071 3856 2211 3921 σθαι,
2241 3855 2340 3923 τὴν
2370 3851 2736 3925 ἀμετανόητον
2769 3852 2906 3927 πρὸς
2956 3852 3056 3919 τὴν
3118 3852 3288 3926 θήραν
3347 3856 3444 3905 τοῦ
3501 3851 3681 3908 καλοῦ
3712 3868 3727 3882 ·

2069 3944 2205 4015 πρὸς
2258 3940 2391 4017 ὅπερ
2444 3938 2682 4013 μάλιστα
2708 3946 2810 4009 τῆς
2838 3939 2982 4002 θείας
3012 3939 3300 4015 χρῄζομεν
3348 3939 3607 4016 χάριτος,
3642 3936 3725 3994 δι-

2071 4029 2364 4093 δασκαλίας
2415 4050 2474 4085 τε
2531 4028 2720 4104 ὀρθῆς,
2747 4030 2837 4083 καὶ
2880 4027 3164 4092 εὐπαθείας
3213 4030 3325 4102 (21)
3388 4030 3585 4103 ἁγνῆς,
3633 4025 3725 4083 καὶ

2066 4127 2165 4189 τῆς
2212 4123 2307 4174 τοῦ
2355 4118 2565 4194 Πατρὸς
2605 4117 2743 4193 πρὸς
2775 4117 2936 4172 αὐτὸν
2970 4118 3081 4191 (22)
3114 4116 3312 4187 ὁλκῆς.
3346 4113 3723 4191 Ἐνδεδεμένοι

2066 4211 2169 4285 γὰρ
2199 4212 2278 4281 τῷ
2307 4204 2501 4284 γεώδει
2533 4207 2770 4280 σώματι,
2800 4210 2907 4262 τῶν
2945 4208 3038 4280 μὲν
3070 4205 3350 4277 αἲσθητῶν
3411 4201 3499 4260 διὰ
3530 4207 3726 4279 σώμα-

378 4333 442 4399 ›ι‹
470 4333 526 4388 Ρ.
562 4332 670 4386 647
700 4331 809 4387 ED.
844 4329 1154 4400 POTTER,
1182 4331 1289 4386 548
1318 4331 1429 4386 ED.
1467 4331 1685 4387 PARIS.
1766 4334 1809 4371 “
1841 4335 1948 4408 Ep}

2137 4337 2241 4409 ,5.

381 4461 495 4531 (17)
529 4454 938 4531 Ἀριστοτέλης.
986 4458 1259 4531 Respicit
1337 4465 1541 4516 auctor
1598 4460 1957 4531 Aristotelis

312 4526 492 4599 Topic.
525 4526 632 4606 lib.
666 4549 711 4606 ι,
740 4547 790 4585 c.
827 4526 887 4584 11
923 4547 937 4585 :
971 4529 1049 4586 Οὐ
1200 4527 1268 4606 Δδε
1315 4535 1417 4606 πᾶν
1474 4528 1797 4606 πρόβλημα,
1833 4529 1958 4586 οὐδὲ

308 4608 482 4676 πᾶσαν
516 4603 659 4676 θέσιν
695 4601 1008 4676 ἐπισκοπεῖν
1041 4620 1053 4632 ο
1086 4600 1212 4676 ἀλλ’
1239 4600 1575 4676 ἀπορήσειεν.
1601 4600 1791 4676 ἄνξτις
1844 4607 1953 4659 τῶν

309 4671 488 4749 λόγων
551 4673 844 4749 δεομένων,
888 4673 995 4749 ,καὶ
1060 4671 1487 4749 μὴμολάοίεῶς,
1547 4674 1581 4742 ἢ
1632 4675 1959 4746 αἰσθήσεως.

309 4743 506 4819 ΟΥμὲν
544 4743 661 4821 ⁸γάρ
684 4743 1069 4821 ἀποροῦντες,
1098 4743 1325 4821 πότερον
1366 4745 1447 4821 δεῖ
1476 4743 1619 4821 τοῦς
1665 4743 1958 4821 65059;:-

316 4815 441 4889 μᾷν,
471 4815 747 4890 καῖ’-τοὺς.
797 4815 976 4890 γονεῖς
1032 4815 1265 4890 ἀγαπᾷν,
1298 4820 1333 4889 ἢ
1367 4818 1449 4883 0'3,
1487 4818 1765 4879 κολάσεως
1809 4816 1959 4872 δέον-

309 4886 446 4963 ‘ssaf
480 4890 530 4963 ei
577 4887 634 4963 δὲ
679 4886 907 4963 πότερον
956 4890 991 4963 ἡ
1029 4886 1170 4963 itin
1206 4886 1463 4963 MM
1516 4890 1598 4963 οδε
1632 4890 1955 4963 diaetam-

308 4957 453 5036 098k
476 4958 550 5036 Δδὴ
585 4962 657 5036 ὧν
687 4957 937 5036 σύνεγγυς
958 4962 992 5028 ἡ
1017 4957 1461 5036 ἀπόδειξιςρῦδξ
1481 4964 1555 5016 ὧν
1588 4960 1709 5036 λίαν
1741 4957 1954 5036 πόῥρωξ

305 5032 374 5086 τὰ
435 5032 531 5104 μὲν
575 5033 675 5104 γὰρ
725 5031 824 5086 οὐκ
857 5031 989 5105 ’ἔχει
1042 5031 1396 5105 (ineptam-19‘:
1442 5033 1499 5089 δὲ
1546 5032 1725 5089 πλείω
1820 5031 1959 5087 κατὰ

303 5106 703 5177 γυμναστικήν.
737 5106 844 5177 Nec
902 5118 1027 5160 vero
1073 5114 1276 5174 Oportet
1320 5125 1483 5163 omne
1530 5106 1827 5177 prohlema,
1859 5110 1959 5160 aut

304 5176 522 5233 amnem
580 5179 758 5233 thesin
816 5176 875 5231 in
934 5182 1285 5246 quaestionem
1336 5176 1625 5241 revocare;
1658 5180 1757 5233 sed
1805 5194 1952 5247 eum,

300 5248 371 5304 de
414 5266 527 5321 qua
578 5248 856 5321 quispiam
910 5247 1396 5322 posset_dubitare
1444 5266 1603 5322 egens
1650 5251 1950 5304 rationum.

301 5319 429 5375 non
472 5319 665 5391 paenae,
696 5328 792 5374 aut
840 5334 1054 5392 sensus.
1101 5319 1236 5374 [tam
1283 5324 1377 5391 qui
1422 5319 1731 5392 ambigunt,
1764 5324 1954 5375 utrum

302 5390 554 5463 aporleat
607 5393 733 5467 deos
786 5390 987 5467 colere,
1047 5396 1097 5445 et
1143 5396 1397 5467 parentes
1451 5390 1721 5467 diliﬁere,
1762 5409 1950 5464 necne,

302 5459 462 5535 paena
486 5465 625 5539 ,χιιιῄ
652 5476 776 5539 vero
801 5459 1080 5539 ᾀιιὺὶζαῃι,
1114 5459 1310 5539 atrum;
1336 5464 1441 5539 nia;
1485 5459 1732 5530 sit'alba,
1762 5459 1949 5539 necne,

304 5530 467 5589 sensu
495 5530 765 5607 indigent.
800 5532 904 5607 Nec
931 5530 1105 5607 igitur
1143 5535 1213 5588 de
1252 5537 1337 5588 his
1365 5537 1679 5607 disceptare
1719 5530 1947 5607 oportet,

305 5621 543 5679 quorum
572 5605 632 5659 in
659 5604 918 5673 promptu
942 5610 1024 5678 est
1052 5602 1459 5679 demonstratio,
1482 5602 1582 5661 nec
1610 5602 1844 5679 quorum
1870 5602 1946 5671 est

304 5677 477 5729 nimis
508 5679 751 5733 remota;
783 5675 1045 5741 quoniam
1092 5675 1198 5729 illa
1240 5692 1349 5733 non
1396 5680 1597 5735 habent
1618 5675 1940 5741 'dubitatio-

2067 4480 2215 4529 nem,
2246 4463 2359 4517 hac
2391 4477 2518 4519 vero
2564 4463 2828 4533 majorem
2857 4459 3078 4529 habent,
3110 4475 3271 4532 quam
3320 4456 3730 4515 exercitationi

2066 4536 2365 4590 dialecticae
2393 4536 2701 4589 conveniat.

2140 4606 2260 4732 (:81;
2302 4604 2688 4681 Φανερωτάτη.
2767 4603 2927 4659 Conf.
3004 4600 3339 4672 Protreptiei
3415 4618 3545 4674 pag.
3631 4600 3723 4669 86,

2071 4694 2193 4733 Ποῖ.
2227 4694 2279 4733 ὅ.

2142 4749 2255 4820 (19)
2283 4745 2515 4820 Θέλημα
2585 4765 2915 4820 παντοκρατ.
2941 4817 2956 4820 Α
2993 4744 3155 4820 conf.
3232 4742 3532 4820 Pw_da_gogi
3591 4740 3724 4820 ΕΙ).

2071 4811 2452 4905 ιιιέιο.;“υ1,ι.,’
2485 4836 2571 4905 ρ’.-
2594 4818 2721 4885 309,
2778 4811 2897 4873 not.
2930 4817 2983 4872 6.
3018 4811 3720 4905 Clemenslintrap.

2069 4881 2205 4963 edit.
2235 4881 2424 4948 Paris:
2446 4908 2462 4963 :_
2483 4881 2584 4963 Td)
2614 4881 3093 4963 παντοκρατορικῷ
3128 4883 3445 4963 βουλήματι
3499 4881 3721 4963 ὗπέχων

2068 4958 2230 5090 lii-[3v
2279 4963 2367 5016 καὶ
2415 4960 2653 5024 εὐθύνας.
2702 4958 3076 5034 Omnipotenti
3124 4958 3398 5016 uoluntati
3448 4958 3721 5014 rationem

2068 5051 2140 5090 re!
2199 5052 2314 5089 ens.

2066 5051 2157 5090 rea
2162 5051 2294 5090 dens
2302 5076 2314 5089 .

2137 5108 2249 5179 (20)
2275 5104 2466 5189 ᾎάριτι
2522 5103 2832 5177 σωζόμεθα.
2881 5102 3095 5176 pres.
3158 5120 3219 5160 II.
3252 5103 3308 5173 5,
3357 5095 3555 5171 Χάριτί
3603 5096 3721 5150 ἐστε

2066 5196 2396 5250 σεσωσμεν-οι
2407 5218 2420 5231 ο

2135 5236 2604 5323 (21)Ἐρπαθείας.
2666 5248 2836 5303 Forte
2893 5244 3337 5301 convenientius
3395 5236 3715 5304 εὐπειθείας,

2062 5320 2409 5377 obedientise.
2443 5320 2611 5376 εγω.

2134 5394 2245 5466 (22)
2283 5392 2422 5463 ΙΙρὸς
2453 5386 3249 5466 αὐτόνΔ-Ξφῐδίρθῐιᾶ-υω-πρὸς
3295 5381 3476 5466 αὐτ-όν,
3508 5382 3711 5466 αμηες.

2062 5448 2571 5537 Βέερίίοὶιίοῦοῐοι·
2598 5460 2813 5537 Christi
2851 5462 3030 5537 verba
3061 5448 3241 5537 Joan.
3270 5476 3345 5537 vi,
3380 5448 3490 5537 41ζέ
3525 5448 3713 5537 ῼῦξεῖς

2061 5524 2279 5592 δύνάται
2300 5607 2306 5608 γ
2331 5530 2693 5608 ἐλθεῖνῃπρὸς
2747 5530 2833 5605 μὶ,
2867 5530 2954 5585 ἐὰν
3010 5531 3083 5606 μὴ
3127 5532 3155 5584 ὁ
3186 5524 3395 5605 Ηατήρ,
3429 5527 3457 5580 6
3489 5524 3707 5599 πέμψας

2062 5631 2150 5687 με,
2183 5607 2382 5682 ἑλκύσῃ
2410 5603 2589 5662 αὐτόν.
