3946 6182
323 189 398 244 23
1558 188 1965 243 CLEMENTIS

2119 188 2511 245 munem!
2692 142 2706 149 ’
3666 189 3732 247 24

325 319 382 370 et
412 330 626 386 aquam
649 313 982 388 expurgari,
1015 313 1125 371 hoc
1157 314 1329 370 modo
1357 330 1368 368 :
1394 312 1552 368 Multi
1570 329 1709 384 saepe
1741 314 1965 383 fuerunt

2119 311 2184 380 ἠν
2241 317 2342 387 γῆν
2371 311 2597 386 χρόνοις
2623 312 2734 367 τισί
2766 309 2854 368 διὰ
2882 314 3053 390 πυρὸς
3080 313 3426 390 καθαίρεσθαι
3472 314 3563 371 καὶ
3605 313 3728 371 ὕδα-

328 403 619 458 hominum
648 404 932 471 interitus,
964 408 1019 460 et
1045 411 1108 477 μβ
1136 406 1298 459 erunt
1325 402 1452 474 igne
1480 401 1703 474 quidem
1732 409 1787 456 et
1833 417 1980 472 aqua

331 492 608 556 maximi;
638 493 776 565 quin
805 495 977 550 etiam
1028 494 1161 549 aliis
1208 508 1421 564 quoque
1463 490 1981 547 innumerabilibus

334 584 441 639 alii
470 583 759 639 breviores.
792 583 860 638 Et
890 582 1065 653 paulo
1095 589 1227 653 post
1257 581 1567 653 subjungit
1593 597 1607 636 :
1644 582 1846 636 Revera
1875 596 1981 636 au-

338 676 445 729 tem
474 676 554 729 est
580 688 789 742 eorum,
821 688 941 743 quas
972 681 1178 727 terram
1202 675 1252 726 et
1279 672 1475 727 coelum
1522 672 1721 726 obeunt
1777 670 1979 725 immu-

340 763 501 832 tatio,
531 762 584 816 ei
612 762 711 833 qui
732 768 853 833 post
873 761 1040 832 longa
1070 768 1380 832 temporum
1419 759 1735 828 intervalla,
1768 774 1981 830 eorum,

338 862 464 922 qua
490 859 621 906 sunt
650 852 711 906 in
741 854 911 921 terra,
942 851 1115 905 multo
1146 848 1275 920 igne
1321 850 1385 921 ﬁt
1430 848 1714 918 interitus,
1770 848 1983 904 Deinde

339 940 645 1012 subjungit
675 941 744 996 de
767 939 986 995 diluvio
1012 957 1025 996 :
1060 939 1289 1008 Quando
1318 947 1505 1016 autem
1538 955 1731 993 rursus
1753 938 1842 994 dii
1868 940 1981 992 ler-

336 1046 461 1085 ram
489 1032 646 1101 aquis
674 1038 1054 1102 expurgantes
1084 1028 1381 1096 inundant,
1407 1029 1504 1099 qui
1529 1032 1662 1084 sunt
1682 1028 1902 1099 quidem
1922 1027 1981 1082 in

335 1119 610 1174 montibus
642 1119 866 1174 bubulci
905 1122 961 1173 et
984 1122 1252 1191 pastores,
1284 1122 1685 1174 conservantur
1707 1136 1732 1183 ;
1754 1118 1853 1187 qui
1873 1134 1983 1173 au-

338 1210 444 1264 tem
472 1210 601 1264 sunt
632 1209 695 1264 in
724 1207 797 1262 iis
822 1224 943 1279 quae
974 1212 1101 1263 sunt
1130 1207 1279 1279 apud
1311 1223 1402 1263 vos
1433 1207 1692 1277 urbibus,
1746 1208 1806 1261 in
1830 1221 1984 1261 mare

334 1300 599 1369 feruntur
621 1314 652 1352 a
681 1296 889 1359 ﬂuviis.
913 1295 1293 1353 Ostendimus
1322 1300 1521 1352 autem
1543 1295 1601 1351 in
1624 1295 1809 1366 primo
1832 1295 1981 1350 Stro-

338 1391 505 1453 mate,
564 1385 892 1443 Grecorum
951 1385 1336 1459 philosophos
1393 1385 1510 1441 dici
1560 1385 1743 1454 fures,
1794 1384 1889 1456 qui
1952 1401 1984 1440 a

340 1476 535 1548 Moyse
565 1479 623 1532 et
654 1475 959 1548 pr0phetis
1009 1475 1301 1547 praecipua
1358 1475 1632 1547 dogmata
1664 1490 1778 1528 non
1826 1480 1985 1544 grate

340 1571 711 1637 acceperunt.
745 1564 969 1630 Quibus
999 1563 1147 1619 illud
1181 1579 1415 1635 quoque
1444 1562 1812 1634 adjiciemus,
1830 1562 1983 1634 quod

340 1654 534 1726 angeli
565 1653 674 1725 illi,
707 1653 924 1725 quibus
955 1668 1206 1724 superna
1237 1669 1364 1709 sors
1395 1652 1702 1723 obtigerat,
1755 1652 1983 1725 delapsi

342 1743 415 1798 ad
447 1741 796 1815 Voluptates,
829 1741 1216 1798 enuntiarunt
1245 1758 1457 1797 arcana
1506 1741 1873 1810 mulieribus,
1929 1745 1986 1798 et

339 1848 702 1904 quaecunque
735 1832 806 1886 ad
840 1846 1043 1887 eorum
1074 1840 1356 1888 venerunt
1388 1830 1801 1903 cognitionem,
1848 1846 1982 1886 cum

337 1920 435 1977 alii
467 1921 719 1976 celarent
752 1919 965 1993 angeli,
999 1919 1083 1976 vel
1118 1921 1313 1993 potius
1367 1924 1729 1976 reservarent
1760 1918 1818 1975 in
1878 1920 1982 1975 ad-

331 2014 571 2065 ventum
603 2009 857 2066 Domini.
892 2009 1058 2066 Illinc
1082 2009 1360 2081 proﬂuxit
1386 2009 1651 2064 doctrina
1673 2008 1984 2065 Providen-

330 2097 446 2168 tiae,
463 2102 521 2154 et
543 2097 890 2154 sublimium
917 2114 1114 2154 rerum
1134 2098 1430 2154 revelatio.
1456 2102 1602 2154 Cum
1626 2102 1823 2153 autem
1845 2114 1984 2169 pro-

333 2186 532 2258 phetia
551 2189 672 2258 jam
690 2187 907 2244 Graecis
923 2193 1081 2244 esset
1092 2187 1327 2257 tradita,
1349 2187 1627 2243 tractatio
1649 2188 1720 2243 de
1742 2188 1981 2259 dogma-

334 2274 497 2332 tibus
526 2281 807 2348 suscepta
836 2281 925 2331 est
955 2292 989 2329 a
1042 2274 1434 2347 philosophis,
1467 2275 1684 2332 alicubi
1742 2276 1980 2347 quidem

334 2380 490 2431 vera,
524 2368 589 2419 ut
617 2365 719 2435 qui
750 2380 997 2435 scopum
1029 2368 1377 2435 tangerent;
1411 2364 1629 2419 alicubi
1660 2381 1790 2419 vero
1814 2365 1982 2432 falsa,

335 2469 470 2509 cum
490 2453 646 2525 quod
673 2452 953 2525 allegoria
972 2454 1364 2508 occultaretur
1388 2452 1727 2524 prophetica
1748 2452 1987 2508 minime

336 2541 771 2614 intelligerent:
808 2541 959 2613 quod
994 2540 1163 2597 etiam
1221 2541 1422 2613 paucis
1470 2541 1838 2613 propositum
1897 2545 1988 2596 est

337 2630 637 2698 adnotare,
671 2647 737 2686 ea
766 2646 893 2702 quae
955 2634 1165 2702 urgent
1217 2630 1746 2701 persequentibus:
1809 2630 1982 2685 ﬁdem

335 2736 472 2792 ergo
504 2737 618 2775 non
650 2721 899 2775 otiosam
957 2722 1014 2774 et
1044 2717 1251 2786 solam,
1287 2720 1388 2772 sed
1425 2734 1558 2773 cum
1601 2718 1985 2790 inquisitione

336 2809 646 2866 ostendere
670 2813 934 2881 oportere
956 2807 1233 2863 dicimus.
1293 2806 1418 2863 Non
1450 2806 1561 2863 hoc
1617 2808 1775 2862 enim
1829 2808 1980 2876 dico,

336 2915 454 2955 non
475 2903 742 2971 oportere
767 2897 1028 2953 omnimo
1051 2911 1350 2969 quaerere:
1376 2897 1575 2965 Quare
1593 2899 1764 2963 enim,
1788 2896 1984 2968 inquit

335 2996 388 3046 et
415 2989 664 3044 invenies
688 3003 702 3042 :

556 3272 709 3342 Quod
737 3276 924 3328 autem
955 3271 1253 3343 quaeritur,

487 3344 622 3418 Capi
640 3353 813 3417 potest
832 3363 853 3406 ,·
869 3344 1013 3418 quod
1041 3344 1350 3416 negligitur
1377 3360 1502 3400 vero
1530 3345 1719 3416 eﬂugit
1736 3362 1757 3400 :

346 3458 412 3508 ut
440 3453 522 3509 ait
550 3452 881 3524 Sophocles.
915 3450 1141 3507 Similia
1171 3455 1365 3507 autem
1391 3452 1535 3508 dicit
1555 3451 1729 3509 etiam
1757 3451 1991 3509 Menan-

349 3542 454 3598 der
484 3540 784 3598 comicus:

415 3663 479 3727 »Β
509 3657 568 3714 P.
599 3656 706 3711 650
734 3655 845 3711 ED.
871 3654 1173 3724 POTTER,
1205 3656 1310 3712 550
1340 3656 1450 3712 ED.
1485 3656 1725 3712 PARIS.

348 3776 525 3830 nibus
545 3772 852 3846 provenire
874 3776 1221 3846 necesseest
1243 3791 1256 3840 ;
1284 3773 1511 3829 minora
1522 3790 1657 3829 vero
1672 3771 1806 3846 aliis
1825 3772 1998 3826 innu-

349 3849 528 3902 meris
550 3843 989 3900 calamitatibus
1009 3845 1307 3900 iieri.Nam
1329 3846 1482 3916 quod
1509 3846 1662 3915 apud
1677 3844 1998 3912 vostertur,

346 3919 768 3974 Phaethontem
786 3921 1078 3987 quonda'n
1093 3922 1243 3971 Solis
1262 3922 1688 3981 tilium,currus
1704 3916 2000 3972 ascendis-

345 4006 409 4045 se
432 3994 838 4061 paternos,nec
864 3988 1042 4057 putris
1065 3988 1427 4060 aurigatione
1442 4000 1692 4057 servata,
1708 3988 1997 4061 exarsisse

343 4060 595 4129 terrena,
618 4061 850 4130 ipsumq
864 4077 933 4115 ue
947 4061 1198 4115 ﬂammis
1224 4061 1562 4116 coelestibus
1580 4077 1685 4115 con
1697 4060 1996 4130 flagrasse,

344 4133 614 4205 quamvis
640 4132 975 4205 fabulosum
1012 4133 1295 4205 videatur.
1326 4148 1527 4187 verum
1561 4132 1997 4205 quodammodo

347 4201 476 4262 esse
499 4201 1071 4277 putandum_est._b‘it
1091 4202 1243 4257 enim
1273 4203 1446 4277 longo
1475 4211 1802 4277 temporum
1829 4202 1998 4255 inter-

347 4273 782 4332 vallo-ocelestis
809 4273 1091 4328 circuitus
1116 4274 1465 4343 permutatio
1496 4274 1784 4344 quaedam.
1818 4289 1995 4344 quam

350 4345 832 4403 inﬂammationis
843 4344 1088 4399 vastitas
1102 4346 1431 4400 necessario
1455 4343 1552 4415 seq
1566 4345 1917 4399 uitur.Tunc
1940 4343 1996 4397 hi

350 4420 451 4490 qui
469 4417 870 4490 editaetarida
886 4415 1508 4490 incoluntlocamsgis
1530 4422 1793 4490 pereunt,
1818 4432 1997 4490 quam

350 4486 500 4545 mari
536 4488 839 4559 ﬂuviisque
888 4486 1099 4559 vicini.
1133 4486 1313 4541 Nobis
1355 4504 1522 4558 porro
1556 4489 1741 4554 Nilus,
1774 4503 1910 4543 cum
1939 4488 1998 4541 in

350 4534 2001 4633 agitas;insignitaesatis5553595331gaza;
2037 4534 2077 4599 D

350 4629 510 4689 arcet
538 4629 803 4687 exitium.
834 4629 1076 4691 Quando
1097 4645 1229 4684 vero
1252 4630 1331 4685 dii
1354 4648 1648 4701 aquarum
1673 4630 2000 4687 colluvione

349 4711 519 4761 terrae
542 4702 745 4760 sordes
768 4700 1022 4768 diluunt,
1043 4706 1306 4772 pastores
1328 4700 1522 4757 ovium
1542 4710 1717 4772 atque
1734 4702 1993 4768 bubulci,

351 4777 449 4849 qui
469 4778 617 4847 juga
640 4773 926 4849 montium
945 4772 1726 4849 habitant,peri_cul_um_illud
1743 4777 2000 4849 evadunt

349 4843 774 4902 vest'rae'autem
798 4843 1060 4898 civitates
1078 4844 1136 4898 in
1164 4845 1402 4916 planitie
1415 4846 1538 4901 sitia
1559 4845 1780 4916 impetu
1803 4845 1997 4900 ﬂumi-

355 4936 495 4974 num
520 4919 591 4973 ad
614 4918 801 4972 maria
822 4916 1149 4986 rapiuntur.
1173 4914 1284 4971 Sed
1320 4917 1376 4971 in
1411 4918 1518 4973 hac
1541 4914 1742 4973 nostra
1767 4920 1998 4987 regione

353 5006 544 5060 neque
591 4993 751 5053 tunc,
800 5002 986 5057 neque
1030 4987 1176 5042 alias
1229 5004 1491 5059 unquam
1543 5006 1700 5061 aqua
1739 4989 1797 5043 in
1826 5004 1998 5057 agros

352 5061 675 5121 descendit,
708 5065 911 5115 contra
942 5074 1076 5113 vero
1107 5075 1344 5114 sursum
1378 5068 1432 5114 et
1464 5068 1632 5116 terra:
1674 5061 2000 5115 visceribus

350 5134 616 5190 scaturit.
645 5130 1034 5197 Quamobrem
1059 5130 1598 5200 antiquissimarum
1627 5148 1821 5186 rerum
1846 5136 1997 5201 apud

351 5223 458 5261 nos
490 5202 853 5259 monimenta
881 5206 1213 5258 servantur.
1246 5223 1274 5250 ››

423 5278 535 5349 (45)
570 5271 783 5349 Πολλαὶ
830 5294 881 5329 κ.
922 5273 1355 5349 llaec_i’latoni_s
1380 5275 1724 5349 auctoritate
1755 5273 1843 5349 sic
1874 5271 1994 5349 dis-

348 5341 675 5421 tinguenda
706 5351 885 5421 sunt:
942 5342 1156 5421 Πολλαὶ
1206 5344 1344 5398 κατὰ
1384 5344 1814 5421 πολλὰ-φθοραὶ
1842 5341 1996 5421 γεγό-

351 5412 500 5474 νασιν
561 5418 860 5491 ἀνθρώπω)
920 5417 1009 5469 καὶ
1069 5412 1300 5470 ἔσονται·
1360 5417 1489 5485 πυρὶ
1553 5412 1649 5489 μὲν
1710 5412 1797 5470 καὶ
1844 5412 1996 5469 ὕδατι

357 5493 625 5567 μέγισται,
662 5484 790 5561 μορ.
824 5484 872 5543 δ.
907 5490 1074 5543 Multa
1103 5484 1564 5567 exilia/uerunt:
1586 5492 1893 5567 hominum,
1947 5496 1997 5542 et

345 5560 572 5638 posthac
600 5560 802 5638 erunt:
830 5576 1091 5638 quorum
1120 5564 1390 5638 _m_a.jcima_
1434 5561 1651 5638 quidem
1680 5560 1917 5638 abA‘igne
1944 5569 1997 5615 et

349 5630 524 5710 aqua,
549 5635 755 5710 leviora
784 5630 1013 5710 abaliis
1046 5630 1277 5710 infinitis
1304 5630 1713 5710 calamitatibus
1743 5630 1904 5710 ﬁunt.

420 5708 534 5783 (46)
592 5708 728 5768 Ταῖς
784 5703 913 5778 παρ’
968 5703 1104 5775 ἡμῖν
1161 5701 1425 5762 πόλεσιν.
1484 5701 1998 5765 Scribendum.ex

2086 420 2178 462 τος
2211 397 2318 455 ὧδέ
2349 399 2468 464 πώς
2517 422 2672 478 φησιο
2735 399 2954 460 Ηολλαὶ
3012 406 3150 459 κατὰ
3203 405 3320 478 (45)
3368 402 3555 460 πολλὰ
3610 416 3733 483 φθο-

2088 486 2177 562 ραὶ
2249 486 2525 562 γεγόνασιν
2606 489 2934 566 ἀνθρώπων,
3013 489 3105 545 καὶ
3179 488 3389 547 ἔσονται
3454 492 3585 566 πυρὶ
3645 493 3733 565 μὲν

2086 575 2177 630 καὶ
2235 574 2387 633 ὕδατι
2446 577 2715 653 μέγισται’
2779 577 2997 654 μυρίοις
3056 576 3115 634 δὲ
3171 580 3261 635 καὶ
3317 577 3516 643 ἄλλοις
3565 574 3730 656 ἕτεραι

2091 665 2447 741 βραχύτεραι.
2510 667 2611 723 Καὶ
2670 668 2784 740 μετ’
2833 668 2997 742 όΛίγα
3052 667 3314 746 ἐπιφέρει·
3375 669 3456 726 Τὸ
3500 666 3548 724 δ’
3596 668 3732 739 ἀλη-

2089 755 2199 825 θὲς,
2255 753 2367 810 ἔστι
2422 760 2530 811 τῶν
2588 757 2712 832 περὶ
2768 763 2870 831 γῆν
2928 758 3019 812 καὶ
3078 759 3196 813 κατ’
3258 757 3485 835 οὐρανὸν
3542 758 3728 814 ἰόντων

2086 844 2466 919 παράλλαξις,
2561 846 2650 900 καὶ
2738 843 2830 901 διὰ
2890 851 3110 923 μακρῶν
3194 849 3409 922 χρόνων
3477 849 3731 924 γινομένῃ

2084 937 2194 989 τῶν
2253 932 2340 988 ἐπὶ
2397 940 2500 1010 γῆς
2550 935 2683 1009 πυρὶ
2740 933 2946 1009 πολλῷ
3005 937 3197 1011 φθορά.
3230 938 3452 992 Ἔπειτα
3490 936 3731 1013 περὶτοῦ

2087 1021 2475 1097 κατακλυσμοῦ
2531 1021 2790 1101 ἐπιλέγει·
2852 1025 2968 1082 ‘Ot’
3019 1022 3080 1081 ἂν
3124 1023 3173 1080 δ’
3225 1026 3290 1080 αὗ
3336 1022 3454 1090 θεοὶ
3483 1032 3585 1102 γῆν
3614 1022 3732 1080 ὕδα-

2089 1133 2140 1167 σι
2216 1112 2565 1186 καθαίροντες
2639 1112 3092 1184 κατακλύζουσιν,
3168 1115 3219 1171 οἱ
3301 1116 3417 1189 μὲν,
3496 1114 3549 1171 ἐν
3625 1120 3734 1177 τοῖς

2090 1196 2240 1277 ὄρεσι
2314 1197 2693 1274 διασώζονται,
2775 1202 3080 1278 βουκόλοι,
3158 1208 3371 1277 νομεῖς,
3440 1204 3495 1259 οἱ
3570 1200 3614 1258 δ’
3682 1202 3730 1257 ἐν

2088 1295 2205 1351 ταῖς
2268 1291 2395 1366 παρ’
2468 1292 2604 1363 ἡμῖν
2683 1289 2909 1347 πόλεσιν
2983 1294 3096 1365 (45)
3172 1291 3251 1355 εἷς
3309 1293 3407 1362 τὴν
3468 1291 3729 1348 θάλασσαν

2092 1379 2195 1435 ὑπὸ
2245 1384 2354 1434 τῶν
2400 1383 2661 1453 ποταμῶν
2716 1381 3019 1457 φέρονται.
3100 1383 3522 1456 Παρεστήσαμεν
3586 1378 3632 1435 δ’
3683 1380 3730 1435 ἐν

2086 1471 2169 1540 τῲ
2225 1465 2428 1542 πρώτῳ
2487 1473 2829 1543 Στρωματεῖ,
2862 1468 3098 1531 κλέπτας
3158 1465 3408 1545 λέγεσθαι
3465 1468 3595 1534 τοὺς
3630 1472 3731 1523 τῶν

2090 1554 2375 1628 Ἐλλήνων
2406 1556 2768 1633 φιλοσόφους,
2816 1556 2963 1633 παρὰ
3006 1556 3274 1620 Μοῦσέως
3320 1559 3410 1613 καὶ
3438 1562 3551 1614 τῶν
3606 1578 3733 1634 προ-

2090 1650 2277 1724 φητῶν
2333 1646 2401 1701 τὰ
2461 1646 2771 1723 κυριώτατα
2845 1649 2953 1701 τῶν
3008 1643 3294 1724 δογμάτων
3354 1647 3455 1702 οὐκ
3514 1646 3733 1724 εὐχαρί-

2095 1757 2233 1797 στως
2263 1737 2375 1809 (47)
2437 1734 2750 1814 εἰληφότας.
2814 1738 2907 1798 Οἷς
2936 1732 3003 1806 δὴ
3054 1735 3277 1792 κάκεῖνα
3333 1740 3729 1813 προσθήσομεν,

2094 1826 2171 1886 ὡς
2227 1825 2280 1878 οὶ
2336 1822 2565 1899 ἄγγελοι
2597 1826 2709 1899 (48)
2768 1822 2960 1879 ἐκεῖνοι
2991 1825 3042 1880 οἱ
3081 1825 3171 1880 τὸν
3205 1822 3316 1880 ἄνω
3345 1825 3556 1903 κλῆρον
3590 1826 3731 1895 εἴλη-

2094 1914 2276 1988 χότες,
2323 1910 2813 1984 κατολισθήσαντες
2854 1912 2930 1976 εἷς
2978 1911 3199 1984 ἡδονὰς,
3232 1912 3441 1984 ἐξεῖπον
3467 1915 3536 1971 τὰ
3578 1913 3735 1991 ἀπόρ-

2095 2002 2232 2079 ῥητα
2258 2007 2377 2065 ταῖς
2408 2002 2664 2076 γυναιξὶν,
2696 1999 2794 2057 ὅσα
2821 2023 2881 2057 τε
2925 2002 3001 2065 εἷς
3040 2007 3241 2079 γνῶσιν
3291 2003 3467 2059 αὐτῶν
3523 2006 3732 2082 ἀφῖκτο,

2091 2092 2439 2165 κρυπτόντων
2469 2095 2575 2146 τῶν
2610 2088 2796 2147 ἄλλων
2828 2090 3092 2168 ἀγγέλων,
3142 2090 3360 2166 μᾶλλον
3406 2090 3466 2148 δὲ
3507 2092 3732 2166 τηρούν-

2090 2200 2201 2234 των
2249 2180 2325 2243 εἷς
2364 2180 2462 2249 τὴν
2514 2184 2609 2234 τοῦ
2659 2179 2857 2257 Κυρίου
2896 2181 3218 2257 παρουσίαν.
3271 2183 3513 2246 Ἐκεῖθεν
3566 2185 3600 2251 ἡ
3643 2187 3734 2250 τῆς

2091 2269 2360 2344 Προνοίας
2410 2266 2734 2325 διδασκαλία
2786 2267 2951 2346 ἐρρύη
2987 2316 3003 2342 ,
3068 2271 3160 2325 καὶ
3207 2272 3242 2340 ἡ
3296 2275 3404 2327 τῶν
3457 2272 3735 2346 μετεώρων

2091 2357 2455 2432 ἀποκάλυψις,
2489 2364 2588 2428 τῆς
2634 2359 2971 2436 προφητείας
2996 2356 3054 2414 δὲ
3081 2356 3188 2431 ἤδη
3224 2359 3300 2422 εἷς
3330 2359 3463 2422 τοὺς
3491 2364 3601 2415 τῶν
3622 2361 3736 2417 ἘΛ-

2093 2444 2278 2516 λήνων
2339 2449 2450 2521 (49)
2499 2443 2862 2517 διαδοθείσης,
2943 2448 2978 2517 ἡ
3038 2444 3345 2524 δογματική
3405 2444 3739 2525 πραγματεία

2091 2540 2208 2596 τοῖς
2264 2532 2610 2611 φιλοσόφοις,
2656 2535 2734 2604 πὴ
2798 2535 2892 2608 μὲν
2954 2532 3189 2606 ἀληθὴς,
3219 2534 3359 2591 κατὰ
3388 2536 3593 2613 στόχον
3629 2536 3738 2592 ἐπι-

2093 2619 2489 2698 ϐαλλομένοις,
2530 2624 2607 2693 πή
2651 2620 2708 2678 δὲ
2755 2622 3178 2697 πεπλανημένη,
3235 2627 3298 2681 τὸ
3349 2624 3740 2703 ἐπικεκρυμμέ-

2092 2735 2181 2769 νον
2209 2720 2310 2782 τῆς
2342 2719 2689 2790 προφητικῆς
2714 2710 3058 2788 ἀλληγορίας
3109 2715 3184 2788 μὴ
3218 2716 3535 2799 συνιέντωνέ
3588 2717 3736 2791 γέγο-

2090 2822 2194 2858 νεν·
2254 2803 2284 2856 ’ὀ
2339 2801 2430 2856 καὶ
2474 2803 2972 2878 παρασημήνασθαι
3002 2802 3286 2879 πρόκειται
3329 2801 3418 2859 διὰ
3468 2798 3738 2882 βραχέων,

2091 2888 2546 2968 ἐπιδραμοῦσιτὰ
2590 2890 2998 2967 κατεπείγοντα.
3050 2893 3158 2962 Τὴν
3206 2891 3393 2948 πίστιν
3433 2894 3616 2949 τοίνυν
3649 2892 3738 2948 οὐκ

2093 2981 2260 3057 ἀργὴν
2293 2979 2383 3034 καὶ
2418 2977 2612 3051 μόνην,
2645 2975 2796 3035 ἀλλὰ
2847 2976 2940 3034 σὺν
2994 2982 3219 3051 ζητήσει
3270 2979 3379 3037 δεῖν
3427 2983 3736 3062 προφαίνειν

2013 3056 2056 3124 C
2236 3066 2535 3146 φαμὲν.οὐ
2576 3068 2677 3143 γὰρ
2724 3072 2886 3123 τοῦτο
2933 3065 3102 3144 λέγω,
3159 3066 3290 3143 μηδ’
3339 3056 3486 3135 ὅλως
3549 3056 3740 3144 ζητεῖν.

2101 3159 2260 3229 Ζήτει
2289 3157 2415 3233 γὰρ,
2445 3157 2537 3211 καὶ
2570 3156 2838 3234 εὑρήσεις,
2870 3155 3020 3234 λέγει
3053 3158 3186 3234 (51).

2291 3307 2305 3321 .
2348 3308 2364 3337 _.
2410 3305 2423 3319 .
2452 3261 2514 3337 τι)
2549 3261 2607 3337 δε
2636 3262 2966 3337 ζητούμενον

2279 3334 2548 3395 Ἃλωτόν·
2583 3333 2829 3413 ἐκφεύγει
2860 3333 2919 3391 δὲ
2946 3334 3382 3411 τάμελούμενον·

2100 3444 2237 3503 κατὰ
2263 3444 2354 3499 τὸν
2390 3440 2676 3520 Σόφοκλέα
2700 3443 2835 3516 (52).
2867 3442 2947 3501 Τὰ
2977 3440 3023 3497 δ’
3055 3443 3222 3517 ὅμοια
3249 3444 3339 3500 καὶ
3373 3443 3686 3522 Μενανδρος
3721 3443 3746 3498 ὁ

2100 3533 2348 3610 κωμικὸς
2379 3529 2548 3610 λεγεν

2110 3770 2372 3832 Platone,
2409 3768 2530 3826 ταῖς
2558 3762 2687 3836 παρ’
2720 3760 2847 3836 ὑμῖν
2879 3759 3128 3832 πόλεσιν,
3177 3768 3375 3823 vestri:
3416 3769 3744 3825 civitatibus.

2110 3842 2243 3912 Agit
2263 3838 2419 3912 enim
2442 3836 2747 3912 Egyptius
2771 3836 3043 3912 sacerdos
3064 3837 3136 3893 de
3156 3837 3374 3896 Gracis
3392 3839 3743 3898 civitatibus.

2108 3905 2254 3970 Ιιέω
2291 3909 2461 3981 paulo
2493 3905 2968 3981 a_lite._ﬂoox610t,
3001 3913 3195 3981 νομεῖς
3220 3929 3298 3965 τε.

2179 3976 2429 4052 (47)“Οὐκ
2476 3976 2832 4053 εὐχαρίστως·
2880 3976 3122 4053 Nempe,
3171 3983 3312 4053 quia
3355 3998 3419 4038 se
3459 3982 3748 4039 invenisse

2100 4050 2429 4181 Petebant,
2462 4050 2593 4133 quae
2613 4050 2685 4106 ab
2715 4050 2847 4133 aliis
2864 4050 3208 4135 didicerant.
3238 4053 3385 4110 Nam
3418 4053 3600 4138 Graeci
3624 4052 3746 4127 phi-

2131 4126 2434 4181 osonhiam
2470 4141 2527 4178 in
2556 4130 2775 4178 Graecia
2807 4129 3001 4178 natam
3026 4124 3452 4181 gloriabantur.
3478 4131 3746 4181 υιοιτεηεε

2110 4124 2434 4196 losophiam
2470 4125 2527 4178 in
2556 4124 2775 4178 Graecia
2807 4129 3001 4178 natam
3026 4124 3452 4196 gloriabantur.
3478 4127 3581 4183 Dio
3620 4124 3748 4182 cnes

2110 4199 2380 4254 Laertius
2406 4195 2679 4267 prooemii
2693 4211 2815 4267 seg.
2837 4195 2871 4248 4
2894 4211 2907 4249 :
2940 4195 3059 4267 ’ᾼφ³
3083 4192 3370 4267 Ἑλλήνων
3388 4196 3517 4267 ἦρξε
3536 4143 3750 4267 φὸιοσο-

2110 4211 2380 4254 Ladl'UUS
2406 4212 2669 4267 procemll
2693 4211 2815 4263 88g.
2837 4211 2907 4249 4.:
2940 4211 3058 4271 Ἀφ’
3087 4211 3370 4266 “ωΛΛηνων
3536 4211 3749 4276 φιλοσο-

2109 4268 2226 4343 φία,
2256 4267 2323 4337 ἧς
2354 4266 2443 4344 καὶ
2476 4264 2694 4344 αὖτέ).τρ
2726 4260 2903 4344 ὄνομα
2928 4265 3028 4334 τὴν
3049 4262 3366 4344 ,βάρϐαρον
3395 4269 3749 4344 ἀπέστρεπται

2107 4337 2503 4412 προσηγορίαν.
2554 4337 2926 4412 Philosophia,
2957 4355 2990 4394 a
3037 4337 3511 4397 Ci'mcis'initium
3541 4337 3746 4406 habuit,

2107 4410 2262 4493 cujus
2290 4410 2340 4493 et
2364 4410 2549 4482 ipsum
2577 4426 2777 4465 nomen
2807 4410 3102 4466 barbaram
3130 4415 3353 4470 omnino
3367 4412 3627 4471 abhorret
3655 4428 3745 4483 ap-

2106 4486 2482 4558 pellationem.

2162 4557 2293 4636 (ig)
2324 4553 2386 4636 Qt
2410 4547 2657 4629 ἄγγελοι.
2689 4550 2854 4608 Conf.
2889 4567 2945 4622 p.
2974 4551 3104 4623 222,
3151 4552 3276 4624 310,
3309 4553 3436 4624 450,
3468 4556 3595 4624 693,
3626 4555 3745 4619 801,

2111 4630 2423 4771 “(gilii
2448 4690 2603 4771 τοὺς-
2633 4695 2743 4747 τῶν
2791 4688 3100 4771 Ἑλλήνων.
3153 4695 3299 4753 Cum
3329 4696 3439 4771 hoc
3462 4712 3746 4771 inomina-

2105 4761 2193 4826 tio
2237 4761 2715 4826 subaudiendum
2764 4761 3123 4843 φιλοσόφους,
3183 4772 3285 4825 aut
3338 4768 3533 4826 simile
3581 4766 3741 4841 quid.

2105 4843 2691 4988 SY(L5%I)J§%ppcpatvsw.
2752 4907 2878 4963 Non
2929 4907 3131 4965 minus
3183 4926 3385 4968 verum
3416 4905 3743 4988 προϐαίνειν,

2099 4984 2364 5058 progredi
2369 5025 2384 5058 ._
2399 4983 2405 4985 ’
2418 4983 2585 5058 Sne.

2178 5048 2289 5142 (ξι)
2319 5054 2495 5142 [λέγει
2527 5055 2748 5142 Nempe
2776 5048 3320 5142 ςὲιῑέίῖέιξειηψιιδς
3347 5072 3449 5126 νην
3474 5056 3553 5142 7.:
3613 5055 3741 5142 ῐιιξος

2104 5121 2283 5193 111,9:
2317 5121 2557 5193 Ζητεῖτε,
2602 5121 2694 5195 καῖ
2745 5121 3021 5195 εὑρήσετε.
3074 5123 3238 5189 Quod
3288 5126 3360 5183 de
3387 5121 3645 5184 oratione
3675 5121 3741 5178 ad

2106 5205 2288 5255 Deum
2321 5199 2569 5265 dictum,
2594 5194 2861 5252 Clemens
2883 5194 2956 5249 ad
2980 5195 3224 5253 rationis
3247 5197 3738 5271 investigationem

2106 5271 2472 5413 “giliis:
2500 5337 2591 5413 τὸν
2624 5331 2930 5413 Σοφοξιλέα.
2963 5334 3186 5413 Brotert
3213 5337 3365 5394 hanc
3394 5337 3739 5413 sententiam

2103 5413 2158 5485 J7.
2185 5405 2452 5469 Stobaeus
2498 5411 2588 5466 tit.
2637 5405 2729 5473 29,
2764 5409 2840 5463 De
2865 5407 3249 5485 assiduitate,
3282 5427 3351 5485 ex
3376 5405 3741 5485 Sephocle_in

2107 5484 2329 5554 OEdipe,
2366 5491 2423 5539 et
2474 5486 2816 5554 sequentem
2864 5480 3169 5554 Menandri
3201 5497 3269 5554 εξ
3299 5483 3428 5553 ejus
3454 5478 3738 5541 'Eunucho.

2106 5551 2327 5612 Senarii
2361 5560 2524 5620 sunt,
2556 5551 2704 5624 quos
2732 5551 2817 5632 ita
2847 5551 3067 5632 Latinis
3099 5551 3430 5625 exprimere
3462 5557 3647 5629 potes.

2287 5668 2300 5683 .
2340 5666 2356 5685 .
2405 5669 2419 5683 .
2460 5639 2585 5698 qua
2613 5625 2793 5696 quaeri
2819 5625 3016 5695 solent,

2284 5702 2428 5758 Cura
2457 5695 2707 5769 indigere
2727 5705 2928 5756 cuncta
2953 5695 3230 5768 sapientes
3246 5696 3457 5755 volunt.
3488 5697 3742 5755 Coenam.
