  <div class='ocr_page' id='page_1' title='image "/cluster/home/n/w/nwhite01/storage/ocr_20150623/9/mdp.39015008686282/311.png"; bbox 0 0 4078 6146; ppageno 0'>
   <div class='ocr_carea' id='block_1_1' title="bbox 283 288 391 385">
    <p class='ocr_par' dir='ltr' id='par_1_1' title="bbox 283 288 391 385">
     <span class='ocr_line' id='line_1_1' title="bbox 283 288 391 385; baseline -0.037 1"><span class='ocrx_word' id='word_1_1' title='bbox 283 288 391 385; x_wconf 65' lang='grc'><strong>807</strong></span> 
     </span>
    </p>
   </div>
   <div class='ocr_carea' id='block_1_2' title="bbox 1521 319 2468 380">
    <p class='ocr_par' dir='ltr' id='par_1_2' title="bbox 1521 319 2468 380">
     <span class='ocr_line' id='line_1_2' title="bbox 1521 319 2468 380; baseline 0.002 -2"><span class='ocrx_word' id='word_1_2' title='bbox 1521 319 1929 379; x_wconf 65' lang='grc' dir='ltr'><strong>ΟΒΕΠΕΝΤῙΒ</strong></span> <span class='ocrx_word' id='word_1_3' title='bbox 1966 319 2468 380; x_wconf 77' lang='lat' dir='ltr'><strong>ALEXANDle</strong></span> 
     </span>
    </p>
   </div>
   <div class='ocr_carea' id='block_1_3' title="bbox 3591 319 3701 376">
    <p class='ocr_par' dir='ltr' id='par_1_3' title="bbox 3591 319 3701 376">
     <span class='ocr_line' id='line_1_3' title="bbox 3591 319 3701 376; baseline 0 0"><span class='ocrx_word' id='word_1_4' title='bbox 3591 319 3701 376; x_wconf 74' lang='lat'>608</span> 
     </span>
    </p>
   </div>
   <div class='ocr_carea' id='block_1_4' title="bbox 287 439 1945 525">
    <p class='ocr_par' dir='ltr' id='par_1_4' title="bbox 287 442 1940 525">
     <span class='ocr_line' id='line_1_4' title="bbox 287 442 1940 525; baseline -0.007 -15"><span class='ocrx_word' id='word_1_5' title='bbox 287 455 428 510; x_wconf 89' lang='lat' dir='ltr'><strong>nino</strong></span> <span class='ocrx_word' id='word_1_6' title='bbox 460 451 732 525; x_wconf 89' lang='lat' dir='ltr'><strong>repulsos</strong></span> <span class='ocrx_word' id='word_1_7' title='bbox 756 466 856 507; x_wconf 90' lang='lat' dir='ltr'><strong>eos</strong></span> <span class='ocrx_word' id='word_1_8' title='bbox 891 449 962 505; x_wconf 92' lang='lat' dir='ltr'><strong>ab</strong></span> <span class='ocrx_word' id='word_1_9' title='bbox 993 446 1329 504; x_wconf 62' lang='lat' dir='ltr'><strong>haereditate</strong></span> <span class='ocrx_word' id='word_1_10' title='bbox 1359 445 1521 518; x_wconf 85' lang='lat' dir='ltr'><strong>regni</strong></span> <span class='ocrx_word' id='word_1_11' title='bbox 1552 444 1858 511; x_wconf 63' lang='lat' dir='ltr'><strong>caelorum,</strong></span> <span class='ocrx_word' id='word_1_12' title='bbox 1891 442 1940 498; x_wconf 92' lang='lat' dir='ltr'><strong>si</strong></span> 
     </span>
    </p>
   </div>
   <div class='ocr_carea' id='block_1_5' title="bbox 2058 439 3708 525">
    <p class='ocr_par' dir='ltr' id='par_1_5' title="bbox 2059 439 3708 521">
     <span class='ocr_line' id='line_1_5' title="bbox 2059 439 3708 521; baseline 0.002 -25"><span class='ocrx_word' id='word_1_13' title='bbox 2059 441 2338 516; x_wconf 88' lang='grc' dir='ltr'>βασιλείας</span> <span class='ocrx_word' id='word_1_14' title='bbox 2385 447 2492 499; x_wconf 89' lang='grc' dir='ltr'><strong>τῶν</strong></span> <span class='ocrx_word' id='word_1_15' title='bbox 2541 443 2808 521; x_wconf 75' lang='grc' dir='ltr'><strong>οὐρανῶν,</strong></span> <span class='ocrx_word' id='word_1_16' title='bbox 2841 443 2930 499; x_wconf 80' lang='grc' dir='ltr'>ἐὰν</span> <span class='ocrx_word' id='word_1_17' title='bbox 2987 439 3334 498; x_wconf 76' lang='grc' dir='ltr'><strong>ὑπακούσωσι</strong></span> <span class='ocrx_word' id='word_1_18' title='bbox 3382 445 3503 506; x_wconf 91' lang='grc' dir='ltr'>ταῖς</span> <span class='ocrx_word' id='word_1_19' title='bbox 3552 439 3708 500; x_wconf 85' lang='grc' dir='ltr'>ἐντο-</span> 
     </span>
    </p>
   </div>
   <div class='ocr_carea' id='block_1_6' title="bbox 286 531 1939 606">
    <p class='ocr_par' dir='ltr' id='par_1_6' title="bbox 286 531 1939 606">
     <span class='ocr_line' id='line_1_6' title="bbox 286 531 1939 606; baseline -0.008 -5"><span class='ocrx_word' id='word_1_20' title='bbox 286 544 460 600; x_wconf 91' lang='lat' dir='ltr'><strong>modo</strong></span> <span class='ocrx_word' id='word_1_21' title='bbox 478 543 634 598; x_wconf 92' lang='lat' dir='ltr'><strong>dicto</strong></span> <span class='ocrx_word' id='word_1_22' title='bbox 657 541 964 596; x_wconf 81' lang='lat' dir='ltr'><strong>audientes</strong></span> <span class='ocrx_word' id='word_1_23' title='bbox 986 538 1107 594; x_wconf 90' lang='lat' dir='ltr'><strong>sint</strong></span> <span class='ocrx_word' id='word_1_24' title='bbox 1128 541 1192 592; x_wconf 91' lang='lat' dir='ltr'><strong>ut</strong></span> <span class='ocrx_word' id='word_1_25' title='bbox 1209 537 1488 592; x_wconf 89' lang='lat' dir='ltr'><strong>mandata</strong></span> <span class='ocrx_word' id='word_1_26' title='bbox 1508 531 1939 606; x_wconf 49' lang='lat' dir='ltr'><strong>exsequantur:</strong></span> 
     </span>
    </p>
   </div>
   <div class='ocr_carea' id='block_1_7' title="bbox 285 621 1943 696">
    <p class='ocr_par' dir='ltr' id='par_1_7' title="bbox 285 621 1943 696">
     <span class='ocr_line' id='line_1_7' title="bbox 285 621 1943 696; baseline -0.009 -6"><span class='ocrx_word' id='word_1_27' title='bbox 285 634 498 690; x_wconf 81' lang='lat' dir='ltr'><strong>deinde</strong></span> <span class='ocrx_word' id='word_1_28' title='bbox 529 631 906 696; x_wconf 80' lang='lat' dir='ltr'><strong>admoneant,</strong></span> <span class='ocrx_word' id='word_1_29' title='bbox 935 627 1140 683; x_wconf 91' lang='lat' dir='ltr'><strong>timere</strong></span> <span class='ocrx_word' id='word_1_30' title='bbox 1193 642 1290 682; x_wconf 87' lang='lat' dir='ltr'><strong>eos</strong></span> <span class='ocrx_word' id='word_1_31' title='bbox 1324 626 1422 680; x_wconf 91' lang='lat' dir='ltr'><strong>ubi</strong></span> <span class='ocrx_word' id='word_1_32' title='bbox 1465 624 1665 680; x_wconf 90' lang='lat' dir='ltr'><strong>nullus</strong></span> <span class='ocrx_word' id='word_1_33' title='bbox 1694 621 1943 677; x_wconf 83' lang='lat' dir='ltr'><strong>timendi</strong></span> 
     </span>
    </p>
   </div>
   <div class='ocr_carea' id='block_1_8' title="bbox 287 711 1944 790">
    <p class='ocr_par' dir='ltr' id='par_1_8' title="bbox 287 711 1944 790">
     <span class='ocr_line' id='line_1_8' title="bbox 287 711 1944 790; baseline -0.007 -12"><span class='ocrx_word' id='word_1_34' title='bbox 287 723 474 787; x_wconf 89' lang='lat' dir='ltr'><strong>locus,</strong></span> <span class='ocrx_word' id='word_1_35' title='bbox 503 735 719 790; x_wconf 90' lang='lat' dir='ltr'><strong>eosque</strong></span> <span class='ocrx_word' id='word_1_36' title='bbox 746 719 846 790; x_wconf 88' lang='lat' dir='ltr'><strong>qui</strong></span> <span class='ocrx_word' id='word_1_37' title='bbox 868 717 1072 786; x_wconf 86' lang='lat' dir='ltr'><strong>velint,</strong></span> <span class='ocrx_word' id='word_1_38' title='bbox 1099 716 1412 772; x_wconf 92' lang='lat' dir='ltr'><strong>Dominum</strong></span> <span class='ocrx_word' id='word_1_39' title='bbox 1437 714 1664 786; x_wconf 83' lang='lat' dir='ltr'><strong>placide</strong></span> <span class='ocrx_word' id='word_1_40' title='bbox 1685 711 1944 782; x_wconf 85' lang='lat' dir='ltr'><strong>suscipe-</strong></span> 
     </span>
    </p>
   </div>
   <div class='ocr_carea' id='block_1_9' title="bbox 281 803 1943 880">
    <p class='ocr_par' dir='ltr' id='par_1_9' title="bbox 281 803 1943 880">
     <span class='ocr_line' id='line_1_9' title="bbox 281 803 1943 880; baseline -0.008 -13"><span class='ocrx_word' id='word_1_41' title='bbox 281 828 378 867; x_wconf 92' lang='lat' dir='ltr'><strong>re:</strong></span> <span class='ocrx_word' id='word_1_42' title='bbox 415 817 662 880; x_wconf 91' lang='lat' dir='ltr'><strong>tumque</strong></span> <span class='ocrx_word' id='word_1_43' title='bbox 696 809 766 863; x_wconf 91' lang='lat' dir='ltr'><strong>ad</strong></span> <span class='ocrx_word' id='word_1_44' title='bbox 800 808 922 862; x_wconf 66' lang='lat' dir='ltr'><strong>haec</strong></span> <span class='ocrx_word' id='word_1_45' title='bbox 956 807 1267 862; x_wconf 87' lang='lat' dir='ltr'><strong>ostendere</strong></span> <span class='ocrx_word' id='word_1_46' title='bbox 1300 809 1357 860; x_wconf 91' lang='lat' dir='ltr'><strong>et</strong></span> <span class='ocrx_word' id='word_1_47' title='bbox 1387 803 1760 860; x_wconf 77' lang='lat' dir='ltr'><strong>institutione</strong></span> <span class='ocrx_word' id='word_1_48' title='bbox 1791 809 1943 856; x_wconf 88' lang='lat' dir='ltr'><strong>cate-</strong></span> 
     </span>
    </p>
   </div>
   <div class='ocr_carea' id='block_1_10' title="bbox 287 890 1944 966">
    <p class='ocr_par' dir='ltr' id='par_1_10' title="bbox 287 890 1944 966">
     <span class='ocr_line' id='line_1_10' title="bbox 287 890 1944 966; baseline -0.007 -10"><span class='ocrx_word' id='word_1_49' title='bbox 287 899 512 956; x_wconf 90' lang='lat' dir='ltr'><strong>cbetica</strong></span> <span class='ocrx_word' id='word_1_50' title='bbox 535 900 741 954; x_wconf 89' lang='lat' dir='ltr'><strong>docere</strong></span> <span class='ocrx_word' id='word_1_51' title='bbox 771 914 873 966; x_wconf 90' lang='lat' dir='ltr'><strong>par</strong></span> <span class='ocrx_word' id='word_1_52' title='bbox 894 896 1026 962; x_wconf 85' lang='lat' dir='ltr'><strong>erit,</strong></span> <span class='ocrx_word' id='word_1_53' title='bbox 1044 912 1161 966; x_wconf 90' lang='lat' dir='ltr'><strong>qua</strong></span> <span class='ocrx_word' id='word_1_54' title='bbox 1185 910 1396 965; x_wconf 87' lang='lat' dir='ltr'><strong>nempe</strong></span> <span class='ocrx_word' id='word_1_55' title='bbox 1419 893 1640 948; x_wconf 85' lang='lat' dir='ltr'><strong>ratione</strong></span> <span class='ocrx_word' id='word_1_56' title='bbox 1661 890 1944 962; x_wconf 87' lang='lat' dir='ltr'><strong>quibusve</strong></span> 
     </span>
    </p>
   </div>
   <div class='ocr_carea' id='block_1_11' title="bbox 287 981 1942 1061">
    <p class='ocr_par' dir='ltr' id='par_1_11' title="bbox 287 981 1942 1061">
     <span class='ocr_line' id='line_1_11' title="bbox 287 981 1942 1061; baseline -0.007 -18"><span class='ocrx_word' id='word_1_57' title='bbox 287 989 565 1061; x_wconf 85' lang='lat' dir='ltr'><strong>operibus</strong></span> <span class='ocrx_word' id='word_1_58' title='bbox 597 987 814 1058; x_wconf 79' lang='lat' dir='ltr'><strong>pariter</strong></span> <span class='ocrx_word' id='word_1_59' title='bbox 857 984 1279 1054; x_wconf 77' lang='lat' dir='ltr'><strong>alfectibusque</strong></span> <span class='ocrx_word' id='word_1_60' title='bbox 1313 999 1448 1054; x_wconf 88' lang='lat' dir='ltr'><strong>spes</strong></span> <span class='ocrx_word' id='word_1_61' title='bbox 1480 981 1696 1049; x_wconf 85' lang='lat' dir='ltr'><strong>alatur,</strong></span> <span class='ocrx_word' id='word_1_62' title='bbox 1719 985 1785 1033; x_wconf 86' lang='lat' dir='ltr'><strong>ut</strong></span> <span class='ocrx_word' id='word_1_63' title='bbox 1814 994 1942 1049; x_wconf 69' lang='lat' dir='ltr'><strong>quas</strong></span> 
     </span>
    </p>
   </div>
   <div class='ocr_carea' id='block_1_12' title="bbox 285 1065 1945 1144">
    <p class='ocr_par' dir='ltr' id='par_1_12' title="bbox 285 1065 1945 1144">
     <span class='ocr_line' id='line_1_12' title="bbox 285 1065 1945 1144; baseline -0.008 -12"><span class='ocrx_word' id='word_1_64' title='bbox 285 1093 392 1133; x_wconf 86' lang='lat' dir='ltr'><strong>nec</strong></span> <span class='ocrx_word' id='word_1_65' title='bbox 421 1077 541 1131; x_wconf 85' lang='lat' dir='ltr'><strong>illis</strong></span> <span class='ocrx_word' id='word_1_66' title='bbox 564 1076 804 1132; x_wconf 89' lang='lat' dir='ltr'><strong>omnino</strong></span> <span class='ocrx_word' id='word_1_67' title='bbox 834 1079 1043 1144; x_wconf 87' lang='lat' dir='ltr'><strong>negata</strong></span> <span class='ocrx_word' id='word_1_68' title='bbox 1073 1073 1174 1139; x_wconf 87' lang='lat' dir='ltr'><strong>sit,</strong></span> <span class='ocrx_word' id='word_1_69' title='bbox 1202 1088 1308 1127; x_wconf 90' lang='lat' dir='ltr'><strong>nec</strong></span> <span class='ocrx_word' id='word_1_70' title='bbox 1331 1088 1539 1126; x_wconf 88' lang='lat' dir='ltr'><strong>rursus</strong></span> <span class='ocrx_word' id='word_1_71' title='bbox 1568 1075 1786 1124; x_wconf 88' lang='lat' dir='ltr'><strong>temere</strong></span> <span class='ocrx_word' id='word_1_72' title='bbox 1819 1065 1945 1120; x_wconf 89' lang='lat' dir='ltr'><strong>nul-</strong></span> 
     </span>
    </p>
   </div>
   <div class='ocr_carea' id='block_1_13' title="bbox 279 1157 1941 1238">
    <p class='ocr_par' dir='ltr' id='par_1_13' title="bbox 279 1157 1941 1238">
     <span class='ocr_line' id='line_1_13' title="bbox 279 1157 1941 1238; baseline -0.007 -16"><span class='ocrx_word' id='word_1_73' title='bbox 279 1167 457 1238; x_wconf 91' lang='lat' dir='ltr'><strong>loque</strong></span> <span class='ocrx_word' id='word_1_74' title='bbox 507 1165 767 1221; x_wconf 87' lang='lat' dir='ltr'><strong>hominis</strong></span> <span class='ocrx_word' id='word_1_75' title='bbox 819 1167 1034 1219; x_wconf 89' lang='lat' dir='ltr'><strong>conatu</strong></span> <span class='ocrx_word' id='word_1_76' title='bbox 1084 1161 1378 1218; x_wconf 86' lang='lat' dir='ltr'><strong>obveniat.</strong></span> <span class='ocrx_word' id='word_1_77' title='bbox 1411 1162 1516 1214; x_wconf 89' lang='lat' dir='ltr'><strong>Sed</strong></span> <span class='ocrx_word' id='word_1_78' title='bbox 1568 1158 1724 1214; x_wconf 85' lang='lat' dir='ltr'><strong>sicut</strong></span> <span class='ocrx_word' id='word_1_79' title='bbox 1771 1173 1833 1212; x_wconf 91' lang='lat' dir='ltr'><strong>se</strong></span> <span class='ocrx_word' id='word_1_80' title='bbox 1880 1157 1941 1210; x_wconf 91' lang='lat' dir='ltr'><strong>in</strong></span> 
     </span>
    </p>
   </div>
   <div class='ocr_carea' id='block_1_14' title="bbox 283 1245 1940 1322">
    <p class='ocr_par' dir='ltr' id='par_1_14' title="bbox 283 1245 1940 1322">
     <span class='ocr_line' id='line_1_14' title="bbox 283 1245 1940 1322; baseline -0.008 -10"><span class='ocrx_word' id='word_1_81' title='bbox 283 1255 523 1312; x_wconf 84' lang='lat' dir='ltr'><strong>athletis</strong></span> <span class='ocrx_word' id='word_1_82' title='bbox 551 1271 644 1309; x_wconf 89' lang='lat' dir='ltr'><strong>res</strong></span> <span class='ocrx_word' id='word_1_83' title='bbox 693 1253 991 1322; x_wconf 87' lang='lat' dir='ltr'><strong>habet(ut</strong></span> <span class='ocrx_word' id='word_1_84' title='bbox 1021 1268 1200 1322; x_wconf 90' lang='lat' dir='ltr'><strong>parva</strong></span> <span class='ocrx_word' id='word_1_85' title='bbox 1250 1255 1306 1305; x_wconf 91' lang='lat' dir='ltr'><strong>et</strong></span> <span class='ocrx_word' id='word_1_86' title='bbox 1355 1245 1758 1318; x_wconf 89' lang='lat' dir='ltr'><strong>corruptibilia</strong></span> <span class='ocrx_word' id='word_1_87' title='bbox 1807 1261 1940 1299; x_wconf 91' lang='lat' dir='ltr'><strong>cum</strong></span> 
     </span>
    </p>
   </div>
   <div class='ocr_carea' id='block_1_15' title="bbox 284 1336 1944 1416">
    <p class='ocr_par' dir='ltr' id='par_1_15' title="bbox 284 1336 1944 1416">
     <span class='ocr_line' id='line_1_15' title="bbox 284 1336 1944 1416; baseline -0.005 -17"><span class='ocrx_word' id='word_1_88' title='bbox 284 1343 518 1416; x_wconf 87' lang='lat' dir='ltr'><strong>magnis</strong></span> <span class='ocrx_word' id='word_1_89' title='bbox 539 1347 596 1398; x_wconf 90' lang='lat' dir='ltr'><strong>et</strong></span> <span class='ocrx_word' id='word_1_90' title='bbox 611 1339 1161 1412; x_wconf 86' lang='lat' dir='ltr'><strong>incorruptibilibus</strong></span> <span class='ocrx_word' id='word_1_91' title='bbox 1175 1336 1593 1407; x_wconf 86' lang='lat' dir='ltr'><strong>conferamus),</strong></span> <span class='ocrx_word' id='word_1_92' title='bbox 1611 1336 1692 1390; x_wconf 89' lang='lat' dir='ltr'><strong>ita</strong></span> <span class='ocrx_word' id='word_1_93' title='bbox 1707 1349 1944 1406; x_wconf 90' lang='lat' dir='ltr'><strong>quoque</strong></span> 
     </span>
    </p>
   </div>
   <div class='ocr_carea' id='block_1_16' title="bbox 286 1424 1942 1505">
    <p class='ocr_par' dir='ltr' id='par_1_16' title="bbox 286 1424 1942 1505">
     <span class='ocr_line' id='line_1_16' title="bbox 286 1424 1942 1505; baseline -0.007 -16"><span class='ocrx_word' id='word_1_94' title='bbox 286 1435 348 1489; x_wconf 81' lang='lat' dir='ltr'><strong>in</strong></span> <span class='ocrx_word' id='word_1_95' title='bbox 381 1433 508 1505; x_wconf 87' lang='lat' dir='ltr'><strong>ipso</strong></span> <span class='ocrx_word' id='word_1_96' title='bbox 537 1431 879 1502; x_wconf 89' lang='lat' dir='ltr'><strong>contingere</strong></span> <span class='ocrx_word' id='word_1_97' title='bbox 909 1428 1126 1502; x_wconf 84' lang='lat' dir='ltr'><strong>cogitet</strong></span> <span class='ocrx_word' id='word_1_98' title='bbox 1156 1428 1254 1499; x_wconf 89' lang='lat' dir='ltr'><strong>qui</strong></span> <span class='ocrx_word' id='word_1_99' title='bbox 1307 1425 1504 1482; x_wconf 82' lang='lat' dir='ltr'><strong>saeculi</strong></span> <span class='ocrx_word' id='word_1_100' title='bbox 1538 1425 1748 1496; x_wconf 90' lang='lat' dir='ltr'><strong>opibus</strong></span> <span class='ocrx_word' id='word_1_101' title='bbox 1781 1424 1942 1478; x_wconf 85' lang='lat' dir='ltr'><strong>dives</strong></span> 
     </span>
    </p>
   </div>
   <div class='ocr_carea' id='block_1_17' title="bbox 285 1513 1943 1592">
    <p class='ocr_par' dir='ltr' id='par_1_17' title="bbox 285 1513 1943 1592">
     <span class='ocr_line' id='line_1_17' title="bbox 285 1513 1943 1592; baseline -0.007 -14"><span class='ocrx_word' id='word_1_102' title='bbox 285 1527 397 1578; x_wconf 88' lang='lat' dir='ltr'><strong>est.</strong></span> <span class='ocrx_word' id='word_1_103' title='bbox 423 1521 650 1576; x_wconf 87' lang='lat' dir='ltr'><strong>Etenim</strong></span> <span class='ocrx_word' id='word_1_104' title='bbox 681 1519 1016 1592; x_wconf 90' lang='lat' dir='ltr'><strong>quicunque</strong></span> <span class='ocrx_word' id='word_1_105' title='bbox 1041 1519 1112 1573; x_wconf 93' lang='lat' dir='ltr'><strong>de</strong></span> <span class='ocrx_word' id='word_1_106' title='bbox 1140 1517 1384 1574; x_wconf 89' lang='lat' dir='ltr'><strong>victoria</strong></span> <span class='ocrx_word' id='word_1_107' title='bbox 1413 1521 1471 1573; x_wconf 88' lang='lat' dir='ltr'><strong>et</strong></span> <span class='ocrx_word' id='word_1_108' title='bbox 1502 1531 1717 1572; x_wconf 89' lang='lat' dir='ltr'><strong>corona</strong></span> <span class='ocrx_word' id='word_1_109' title='bbox 1735 1513 1943 1584; x_wconf 87' lang='lat' dir='ltr'><strong>despe-</strong></span> 
     </span>
    </p>
   </div>
   <div class='ocr_carea' id='block_1_18' title="bbox 288 1606 1942 1677">
    <p class='ocr_par' dir='ltr' id='par_1_18' title="bbox 288 1606 1942 1677">
     <span class='ocr_line' id='line_1_18' title="bbox 288 1606 1942 1677; baseline -0.002 -11"><span class='ocrx_word' id='word_1_110' title='bbox 288 1610 524 1675; x_wconf 85' lang='lat' dir='ltr'><strong>raverit,</strong></span> <span class='ocrx_word' id='word_1_111' title='bbox 547 1609 602 1665; x_wconf 90' lang='lat' dir='ltr'><strong>is</strong></span> <span class='ocrx_word' id='word_1_112' title='bbox 633 1625 740 1664; x_wconf 89' lang='lat' dir='ltr'><strong>nec</strong></span> <span class='ocrx_word' id='word_1_113' title='bbox 773 1607 1013 1663; x_wconf 87' lang='lat' dir='ltr'><strong>omnino</strong></span> <span class='ocrx_word' id='word_1_114' title='bbox 1038 1611 1101 1661; x_wconf 91' lang='lat' dir='ltr'><strong>ut</strong></span> <span class='ocrx_word' id='word_1_115' title='bbox 1130 1606 1191 1661; x_wconf 89' lang='lat' dir='ltr'><strong>in</strong></span> <span class='ocrx_word' id='word_1_116' title='bbox 1222 1623 1456 1662; x_wconf 88' lang='lat' dir='ltr'><strong>arenam</strong></span> <span class='ocrx_word' id='word_1_117' title='bbox 1480 1607 1819 1677; x_wconf 88' lang='lat' dir='ltr'><strong>descendat,</strong></span> <span class='ocrx_word' id='word_1_118' title='bbox 1844 1607 1942 1663; x_wconf 83' lang='lat' dir='ltr'><strong>no-</strong></span> 
     </span>
    </p>
   </div>
   <div class='ocr_carea' id='block_1_19' title="bbox 292 1695 1942 1768">
    <p class='ocr_par' dir='ltr' id='par_1_19' title="bbox 292 1695 1942 1768">
     <span class='ocr_line' id='line_1_19' title="bbox 292 1695 1942 1768; baseline -0.002 -12"><span class='ocrx_word' id='word_1_119' title='bbox 292 1715 427 1756; x_wconf 90' lang='lat' dir='ltr'><strong>men</strong></span> <span class='ocrx_word' id='word_1_120' title='bbox 461 1699 716 1766; x_wconf 85' lang='lat' dir='ltr'><strong>dederit;</strong></span> <span class='ocrx_word' id='word_1_121' title='bbox 763 1697 862 1768; x_wconf 91' lang='lat' dir='ltr'><strong>qui</strong></span> <span class='ocrx_word' id='word_1_122' title='bbox 910 1713 1044 1751; x_wconf 89' lang='lat' dir='ltr'><strong>vero</strong></span> <span class='ocrx_word' id='word_1_123' title='bbox 1077 1695 1229 1751; x_wconf 90' lang='lat' dir='ltr'><strong>banc</strong></span> <span class='ocrx_word' id='word_1_124' title='bbox 1276 1697 1401 1766; x_wconf 90' lang='lat' dir='ltr'><strong>ipse</strong></span> <span class='ocrx_word' id='word_1_125' title='bbox 1453 1696 1692 1766; x_wconf 90' lang='lat' dir='ltr'><strong>quidem</strong></span> <span class='ocrx_word' id='word_1_126' title='bbox 1743 1698 1942 1753; x_wconf 82' lang='lat' dir='ltr'><strong>animo</strong></span> 
     </span>
    </p>
   </div>
   <div class='ocr_carea' id='block_1_20' title="bbox 2053 529 3706 608">
    <p class='ocr_par' dir='ltr' id='par_1_20' title="bbox 2053 529 3706 608">
     <span class='ocr_line' id='line_1_20' title="bbox 2053 529 3706 608; baseline 0.001 -22"><span class='ocrx_word' id='word_1_127' title='bbox 2053 530 2196 597; x_wconf 84' lang='grc' dir='ltr'>λαῖς’</span> <span class='ocrx_word' id='word_1_128' title='bbox 2231 535 2329 588; x_wconf 80' lang='grc' dir='ltr'>εἴθ’</span> <span class='ocrx_word' id='word_1_129' title='bbox 2361 533 2846 608; x_wconf 82' lang='grc' dir='ltr'>ὑπομνημονεῢσαι</span> <span class='ocrx_word' id='word_1_130' title='bbox 2878 535 2990 607; x_wconf 87' lang='grc'><strong>(16)</strong></span> <span class='ocrx_word' id='word_1_131' title='bbox 3022 534 3098 595; x_wconf 84' lang='grc' dir='ltr'>ὡς</span> <span class='ocrx_word' id='word_1_132' title='bbox 3128 529 3280 594; x_wconf 74' lang='grc' dir='ltr'>ἀδεὲς</span> <span class='ocrx_word' id='word_1_133' title='bbox 3311 529 3516 587; x_wconf 89' lang='grc' dir='ltr'>δεδίασι</span> <span class='ocrx_word' id='word_1_134' title='bbox 3563 529 3706 604; x_wconf 81' lang='grc' dir='ltr'>δέος,</span> 
     </span>
    </p>
   </div>
   <div class='ocr_carea' id='block_1_21' title="bbox 2051 619 3707 698">
    <p class='ocr_par' dir='ltr' id='par_1_21' title="bbox 2051 619 3707 698">
     <span class='ocr_line' id='line_1_21' title="bbox 2051 619 3707 698; baseline 0.001 -23"><span class='ocrx_word' id='word_1_135' title='bbox 2051 622 2141 675; x_wconf 87' lang='grc' dir='ltr'><strong>καὶ</strong></span> <span class='ocrx_word' id='word_1_136' title='bbox 2173 621 2256 676; x_wconf 80' lang='grc' dir='ltr'><strong>ὅτι</strong></span> <span class='ocrx_word' id='word_1_137' title='bbox 2294 622 2670 698; x_wconf 71' lang='grc' dir='ltr'><strong>βουλομένους</strong></span> <span class='ocrx_word' id='word_1_138' title='bbox 2703 621 2899 685; x_wconf 83' lang='grc' dir='ltr'>αὐτοὺς</span> <span class='ocrx_word' id='word_1_139' title='bbox 2937 623 2966 676; x_wconf 90' lang='lat'><strong>6</strong></span> <span class='ocrx_word' id='word_1_140' title='bbox 2999 622 3198 696; x_wconf 77' lang='grc' dir='ltr'>Σωτὴρ</span> <span class='ocrx_word' id='word_1_141' title='bbox 3245 619 3494 694; x_wconf 89' lang='grc' dir='ltr'>ἀσμένως</span> <span class='ocrx_word' id='word_1_142' title='bbox 3551 619 3707 696; x_wconf 88' lang='grc' dir='ltr'>δέχε-</span> 
     </span>
    </p>
   </div>
   <div class='ocr_carea' id='block_1_22' title="bbox 2050 709 3708 785">
    <p class='ocr_par' dir='ltr' id='par_1_22' title="bbox 2050 709 3708 785">
     <span class='ocr_line' id='line_1_22' title="bbox 2050 709 3708 785; baseline 0.001 -22"><span class='ocrx_word' id='word_1_143' title='bbox 2050 728 2185 764; x_wconf 85' lang='grc' dir='ltr'>ται·</span> <span class='ocrx_word' id='word_1_144' title='bbox 2217 710 2339 765; x_wconf 91' lang='grc' dir='ltr'>τότε</span> <span class='ocrx_word' id='word_1_145' title='bbox 2368 711 2458 765; x_wconf 85' lang='grc' dir='ltr'>καὶ</span> <span class='ocrx_word' id='word_1_146' title='bbox 2509 709 2920 783; x_wconf 85' lang='grc' dir='ltr'>προσδεικνύναι</span> <span class='ocrx_word' id='word_1_147' title='bbox 2970 709 3060 764; x_wconf 86' lang='grc' dir='ltr'><strong>καὶ</strong></span> <span class='ocrx_word' id='word_1_148' title='bbox 3123 714 3500 785; x_wconf 87' lang='grc' dir='ltr'>μυσταγωγεῖν</span> <span class='ocrx_word' id='word_1_149' title='bbox 3558 709 3708 772; x_wconf 85' lang='grc' dir='ltr'>ὅπως</span> 
     </span>
    </p>
   </div>
   <div class='ocr_carea' id='block_1_23' title="bbox 2050 796 3710 876">
    <p class='ocr_par' dir='ltr' id='par_1_23' title="bbox 2050 796 3710 876">
     <span class='ocr_line' id='line_1_23' title="bbox 2050 796 3710 876; baseline 0.002 -24"><span class='ocrx_word' id='word_1_150' title='bbox 2050 797 2112 852; x_wconf 78' lang='grc' dir='ltr'>ἃν</span> <span class='ocrx_word' id='word_1_151' title='bbox 2145 799 2235 853; x_wconf 84' lang='grc' dir='ltr'><strong>καὶ</strong></span> <span class='ocrx_word' id='word_1_152' title='bbox 2269 796 2338 853; x_wconf 82' lang='grc' dir='ltr'>δι’</span> <span class='ocrx_word' id='word_1_153' title='bbox 2370 798 2504 855; x_wconf 68' lang='grc' dir='ltr'>οἵων</span> <span class='ocrx_word' id='word_1_154' title='bbox 2537 797 2708 876; x_wconf 79' lang='grc' dir='ltr'>ἔργων</span> <span class='ocrx_word' id='word_1_155' title='bbox 2727 821 2784 854; x_wconf 90' lang='grc' dir='ltr'><strong>τε</strong></span> <span class='ocrx_word' id='word_1_156' title='bbox 2814 800 2904 853; x_wconf 83' lang='grc' dir='ltr'><strong>καὶ</strong></span> <span class='ocrx_word' id='word_1_157' title='bbox 2938 796 3223 853; x_wconf 74' lang='grc' dir='ltr'><strong>διαθέσεων</strong></span> <span class='ocrx_word' id='word_1_158' title='bbox 3254 798 3566 870; x_wconf 86' lang='grc' dir='ltr'>ἐπαίροιντο</span> <span class='ocrx_word' id='word_1_159' title='bbox 3597 801 3710 872; x_wconf 86' lang='grc'>(17)</span> 
     </span>
    </p>
   </div>
   <div class='ocr_carea' id='block_1_24' title="bbox 2050 884 3710 962">
    <p class='ocr_par' dir='ltr' id='par_1_24' title="bbox 2050 884 3710 962">
     <span class='ocr_line' id='line_1_24' title="bbox 2050 884 3710 962; baseline 0.002 -23"><span class='ocrx_word' id='word_1_160' title='bbox 2050 886 2117 940; x_wconf 80' lang='grc' dir='ltr'>τὰ</span> <span class='ocrx_word' id='word_1_161' title='bbox 2143 893 2246 956; x_wconf 82' lang='grc' dir='ltr'>τῆς</span> <span class='ocrx_word' id='word_1_162' title='bbox 2279 885 2521 960; x_wconf 76' lang='grc' dir='ltr'>ἐλπίδος,</span> <span class='ocrx_word' id='word_1_163' title='bbox 2547 889 2622 949; x_wconf 87' lang='grc' dir='ltr'>ὡς</span> <span class='ocrx_word' id='word_1_164' title='bbox 2656 885 2768 941; x_wconf 71' lang='grc' dir='ltr'><strong>οὔτ’</strong></span> <span class='ocrx_word' id='word_1_165' title='bbox 2798 884 3095 962; x_wconf 82' lang='grc' dir='ltr'><strong>ἀμηχάνου</strong></span> <span class='ocrx_word' id='word_1_166' title='bbox 3126 887 3473 955; x_wconf 78' lang='grc' dir='ltr'>καθεστώσης</span> <span class='ocrx_word' id='word_1_167' title='bbox 3506 886 3710 959; x_wconf 76' lang='grc' dir='ltr'>αὐτοῖς,</span> 
     </span>
    </p>
   </div>
   <div class='ocr_carea' id='block_1_25' title="bbox 2054 975 3710 1052">
    <p class='ocr_par' dir='ltr' id='par_1_25' title="bbox 2054 975 3710 1052">
     <span class='ocr_line' id='line_1_25' title="bbox 2054 975 3710 1052; baseline 0 -20"><span class='ocrx_word' id='word_1_168' title='bbox 2054 975 2177 1032; x_wconf 67' lang='grc' dir='ltr'>οὔτε</span> <span class='ocrx_word' id='word_1_169' title='bbox 2196 977 2505 1032; x_wconf 78' lang='grc' dir='ltr'>τούναντίον</span> <span class='ocrx_word' id='word_1_170' title='bbox 2532 978 2652 1046; x_wconf 80' lang='grc' dir='ltr'><strong>εἶκῆ</strong></span> <span class='ocrx_word' id='word_1_171' title='bbox 2694 978 3124 1052; x_wconf 81' lang='grc' dir='ltr'>περιγινομένης</span> <span class='ocrx_word' id='word_1_172' title='bbox 3158 995 3166 1005; x_wconf 84' lang='lat'><strong><em>°</em></strong></span> <span class='ocrx_word' id='word_1_173' title='bbox 3197 975 3326 1032; x_wconf 86' lang='grc' dir='ltr'>ἀλλ’</span> <span class='ocrx_word' id='word_1_174' title='bbox 3369 975 3533 1052; x_wconf 72' lang='grc' dir='ltr'>ὅνπερ</span> <span class='ocrx_word' id='word_1_175' title='bbox 3581 977 3710 1052; x_wconf 85' lang='grc' dir='ltr'>τρό-</span> 
     </span>
    </p>
   </div>
   <div class='ocr_carea' id='block_1_26' title="bbox 2051 1062 3713 1144">
    <p class='ocr_par' dir='ltr' id='par_1_26' title="bbox 2051 1062 3713 1144">
     <span class='ocr_line' id='line_1_26' title="bbox 2051 1062 3713 1144; baseline 0.001 -23"><span class='ocrx_word' id='word_1_176' title='bbox 2051 1087 2152 1121; x_wconf 87' lang='grc' dir='ltr'>πον</span> <span class='ocrx_word' id='word_1_177' title='bbox 2209 1062 2326 1144; x_wconf 82' lang='grc' dir='ltr'>ἔχει</span> <span class='ocrx_word' id='word_1_178' title='bbox 2386 1068 2450 1122; x_wconf 87' lang='grc' dir='ltr'>τὸ</span> <span class='ocrx_word' id='word_1_179' title='bbox 2505 1072 2613 1122; x_wconf 90' lang='grc' dir='ltr'><strong>τῶν</strong></span> <span class='ocrx_word' id='word_1_180' title='bbox 2645 1065 3049 1136; x_wconf 59' lang='grc' dir='ltr'>ἀθλητῶν,τίνα</span> <span class='ocrx_word' id='word_1_181' title='bbox 3103 1067 3274 1139; x_wconf 87' lang='grc' dir='ltr'>μικρά</span> <span class='ocrx_word' id='word_1_182' title='bbox 3328 1065 3417 1120; x_wconf 80' lang='grc' dir='ltr'><strong>καὶ</strong></span> <span class='ocrx_word' id='word_1_183' title='bbox 3476 1065 3713 1140; x_wconf 75' lang='grc' dir='ltr'>ἐπίκηρα</span> 
     </span>
    </p>
   </div>
   <div class='ocr_carea' id='block_1_27' title="bbox 2057 1146 3711 1233">
    <p class='ocr_par' dir='ltr' id='par_1_27' title="bbox 2057 1146 3711 1233">
     <span class='ocr_line' id='line_1_27' title="bbox 2057 1146 3711 1233; baseline 0 -23"><span class='ocrx_word' id='word_1_184' title='bbox 2057 1154 2317 1232; x_wconf 87' lang='grc' dir='ltr'>μεγάλοις</span> <span class='ocrx_word' id='word_1_185' title='bbox 2349 1156 2438 1211; x_wconf 83' lang='grc' dir='ltr'><strong>καὶ</strong></span> <span class='ocrx_word' id='word_1_186' title='bbox 2472 1157 2766 1231; x_wconf 83' lang='grc' dir='ltr'>ἀφθάρτοις</span> <span class='ocrx_word' id='word_1_187' title='bbox 2822 1150 3253 1229; x_wconf 75' lang='grc' dir='ltr'>παραϐάλωμεν,</span> <span class='ocrx_word' id='word_1_188' title='bbox 3283 1153 3437 1209; x_wconf 82' lang='grc' dir='ltr'>τουτὶ</span> <span class='ocrx_word' id='word_1_189' title='bbox 3489 1155 3578 1209; x_wconf 89' lang='grc' dir='ltr'><strong>καὶ</strong></span> <span class='ocrx_word' id='word_1_190' title='bbox 3628 1146 3711 1233; x_wconf 81' lang='grc' dir='ltr'>ἐφ’</span> 
     </span>
    </p>
   </div>
   <div class='ocr_carea' id='block_1_28' title="bbox 2053 1246 3708 1322">
    <p class='ocr_par' dir='ltr' id='par_1_28' title="bbox 2053 1246 3708 1322">
     <span class='ocr_line' id='line_1_28' title="bbox 2053 1246 3708 1322; baseline 0 -20"><span class='ocrx_word' id='word_1_191' title='bbox 2053 1250 2227 1321; x_wconf 69' lang='grc' dir='ltr'>ἑαυτῷ</span> <span class='ocrx_word' id='word_1_192' title='bbox 2259 1251 2287 1304; x_wconf 98' lang='lat'><strong>6</strong></span> <span class='ocrx_word' id='word_1_193' title='bbox 2318 1249 2455 1304; x_wconf 86' lang='grc' dir='ltr'><strong>κατά</strong></span> <span class='ocrx_word' id='word_1_194' title='bbox 2511 1248 2715 1321; x_wconf 85' lang='grc' dir='ltr'>κόσμον</span> <span class='ocrx_word' id='word_1_195' title='bbox 2774 1247 3030 1303; x_wconf 87' lang='grc' dir='ltr'>πλουτῶν</span> <span class='ocrx_word' id='word_1_196' title='bbox 3081 1246 3406 1321; x_wconf 71' lang='grc' dir='ltr'><strong>λογιζέσθω.</strong></span> <span class='ocrx_word' id='word_1_197' title='bbox 3440 1247 3542 1304; x_wconf 80' lang='grc' dir='ltr'><strong>Καὶ</strong></span> <span class='ocrx_word' id='word_1_198' title='bbox 3602 1247 3708 1322; x_wconf 81' lang='grc' dir='ltr'>γὰρ</span> 
     </span>
    </p>
   </div>
   <div class='ocr_carea' id='block_1_29' title="bbox 2052 1334 3708 1411">
    <p class='ocr_par' dir='ltr' id='par_1_29' title="bbox 2052 1334 3708 1411">
     <span class='ocr_line' id='line_1_29' title="bbox 2052 1334 3708 1411; baseline -0.001 -19"><span class='ocrx_word' id='word_1_199' title='bbox 2052 1337 2269 1393; x_wconf 80' lang='grc' dir='ltr'>ἐκείνων</span> <span class='ocrx_word' id='word_1_200' title='bbox 2329 1339 2357 1393; x_wconf 93' lang='lat'><strong>6</strong></span> <span class='ocrx_word' id='word_1_201' title='bbox 2403 1339 2498 1411; x_wconf 75' lang='grc' dir='ltr'>μὲν</span> <span class='ocrx_word' id='word_1_202' title='bbox 2548 1338 2632 1392; x_wconf 78' lang='grc' dir='ltr'>ὅτι</span> <span class='ocrx_word' id='word_1_203' title='bbox 2717 1334 3002 1407; x_wconf 82' lang='grc' dir='ltr'>δυνήσεται</span> <span class='ocrx_word' id='word_1_204' title='bbox 3052 1341 3224 1409; x_wconf 82' lang='grc' dir='ltr'>νικᾷν,</span> <span class='ocrx_word' id='word_1_205' title='bbox 3283 1335 3373 1390; x_wconf 83' lang='grc' dir='ltr'><strong>καὶ</strong></span> <span class='ocrx_word' id='word_1_206' title='bbox 3430 1337 3708 1411; x_wconf 85' lang='grc' dir='ltr'>στεφάνων</span> 
     </span>
    </p>
   </div>
   <div class='ocr_carea' id='block_1_30' title="bbox 2051 1423 3711 1504">
    <p class='ocr_par' dir='ltr' id='par_1_30' title="bbox 2051 1423 3711 1504">
     <span class='ocr_line' id='line_1_30' title="bbox 2051 1423 3711 1504; baseline -0.002 -22"><span class='ocrx_word' id='word_1_207' title='bbox 2051 1427 2342 1504; x_wconf 85' lang='grc' dir='ltr'>τυγχάνειν</span> <span class='ocrx_word' id='word_1_208' title='bbox 2413 1427 2740 1496; x_wconf 78' lang='grc' dir='ltr'>ἀπελπίσας,</span> <span class='ocrx_word' id='word_1_209' title='bbox 2787 1425 2906 1482; x_wconf 83' lang='grc' dir='ltr'>οὐδ’</span> <span class='ocrx_word' id='word_1_210' title='bbox 2953 1425 3101 1489; x_wconf 83' lang='grc' dir='ltr'>ὅλως</span> <span class='ocrx_word' id='word_1_211' title='bbox 3177 1426 3264 1481; x_wconf 80' lang='grc' dir='ltr'><strong>ἐπὶ</strong></span> <span class='ocrx_word' id='word_1_212' title='bbox 3320 1440 3420 1494; x_wconf 86' lang='grc' dir='ltr'><strong>την</strong></span> <span class='ocrx_word' id='word_1_213' title='bbox 3477 1423 3711 1497; x_wconf 76' lang='grc' dir='ltr'>ἄθλησιν</span> 
     </span>
    </p>
   </div>
   <div class='ocr_carea' id='block_1_31' title="bbox 2051 1511 3706 1594">
    <p class='ocr_par' dir='ltr' id='par_1_31' title="bbox 2051 1511 3706 1594">
     <span class='ocr_line' id='line_1_31' title="bbox 2051 1511 3706 1594; baseline -0.002 -21"><span class='ocrx_word' id='word_1_214' title='bbox 2051 1518 2398 1594; x_wconf 79' lang='grc' dir='ltr'>ἀπεγράψατο</span> <span class='ocrx_word' id='word_1_215' title='bbox 2431 1536 2444 1550; x_wconf 78' lang='grc'><strong><em>⁸</em></strong></span> <span class='ocrx_word' id='word_1_216' title='bbox 2479 1519 2507 1572; x_wconf 94' lang='lat'><strong>6</strong></span> <span class='ocrx_word' id='word_1_217' title='bbox 2557 1515 2615 1572; x_wconf 77' lang='grc' dir='ltr'>δὶ</span> <span class='ocrx_word' id='word_1_218' title='bbox 2659 1516 2860 1588; x_wconf 75' lang='grc' dir='ltr'>ταύτην</span> <span class='ocrx_word' id='word_1_219' title='bbox 2925 1518 3021 1590; x_wconf 73' lang='grc' dir='ltr'><strong>μὲν</strong></span> <span class='ocrx_word' id='word_1_220' title='bbox 3055 1511 3436 1590; x_wconf 79' lang='grc' dir='ltr'>ἐμϐαλόμενος</span> <span class='ocrx_word' id='word_1_221' title='bbox 3464 1519 3532 1590; x_wconf 79' lang='grc' dir='ltr'>τῇ</span> <span class='ocrx_word' id='word_1_222' title='bbox 3562 1517 3706 1591; x_wconf 86' lang='grc' dir='ltr'>γνώ-</span> 
     </span>
    </p>
   </div>
   <div class='ocr_carea' id='block_1_32' title="bbox 2057 1603 3712 1684">
    <p class='ocr_par' dir='ltr' id='par_1_32' title="bbox 2057 1603 3712 1684">
     <span class='ocr_line' id='line_1_32' title="bbox 2057 1603 3712 1684; baseline -0.001 -22"><span class='ocrx_word' id='word_1_223' title='bbox 2057 1630 2132 1683; x_wconf 92' lang='grc' dir='ltr'><strong>μῃ</strong></span> <span class='ocrx_word' id='word_1_224' title='bbox 2181 1609 2280 1676; x_wconf 85' lang='grc' dir='ltr'>τήν</span> <span class='ocrx_word' id='word_1_225' title='bbox 2331 1605 2554 1680; x_wconf 81' lang='grc' dir='ltr'>ἐλπίδα,</span> <span class='ocrx_word' id='word_1_226' title='bbox 2584 1607 2781 1668; x_wconf 83' lang='grc' dir='ltr'>πόνους</span> <span class='ocrx_word' id='word_1_227' title='bbox 2811 1603 2982 1661; x_wconf 81' lang='grc' dir='ltr'>δὲκαὶ</span> <span class='ocrx_word' id='word_1_228' title='bbox 3038 1607 3244 1684; x_wconf 80' lang='grc' dir='ltr'>τροφὰς</span> <span class='ocrx_word' id='word_1_229' title='bbox 3290 1606 3381 1660; x_wconf 86' lang='grc' dir='ltr'><strong>καὶ</strong></span> <span class='ocrx_word' id='word_1_230' title='bbox 3436 1606 3712 1680; x_wconf 87' lang='grc' dir='ltr'>γυμνάσια</span> 
     </span>
    </p>
   </div>
   <div class='ocr_carea' id='block_1_33' title="bbox 2057 1691 3712 1774">
    <p class='ocr_par' dir='ltr' id='par_1_33' title="bbox 2057 1691 3712 1774">
     <span class='ocr_line' id='line_1_33' title="bbox 2057 1691 3712 1774; baseline -0.002 -22"><span class='ocrx_word' id='word_1_231' title='bbox 2057 1699 2132 1770; x_wconf 74' lang='grc' dir='ltr'>μὴ</span> <span class='ocrx_word' id='word_1_232' title='bbox 2175 1695 2536 1774; x_wconf 76' lang='grc' dir='ltr'>προσιέμενος</span> <span class='ocrx_word' id='word_1_233' title='bbox 2587 1696 2954 1774; x_wconf 76' lang='grc' dir='ltr'>προσφόρους,</span> <span class='ocrx_word' id='word_1_234' title='bbox 2985 1695 3362 1770; x_wconf 76' lang='grc' dir='ltr'>ἀστεφάνωτος</span> <span class='ocrx_word' id='word_1_235' title='bbox 3419 1691 3712 1771; x_wconf 73' lang='grc' dir='ltr'>διεγένετο,</span> 
     </span>
    </p>
   </div>
   <div class='ocr_carea' id='block_1_34' title="bbox 291 1782 1945 1880">
    <p class='ocr_par' dir='ltr' id='par_1_34' title="bbox 291 1785 1942 1860">
     <span class='ocr_line' id='line_1_34' title="bbox 291 1785 1942 1860; baseline -0.002 -15"><span class='ocrx_word' id='word_1_236' title='bbox 291 1804 457 1860; x_wconf 86' lang='lat' dir='ltr'><strong>spem</strong></span> <span class='ocrx_word' id='word_1_237' title='bbox 490 1788 839 1858; x_wconf 87' lang='lat' dir='ltr'><strong>conceperit,</strong></span> <span class='ocrx_word' id='word_1_238' title='bbox 873 1787 1102 1841; x_wconf 85' lang='lat' dir='ltr'><strong>labores</strong></span> <span class='ocrx_word' id='word_1_239' title='bbox 1131 1790 1327 1840; x_wconf 88' lang='lat' dir='ltr'><strong>tamen</strong></span> <span class='ocrx_word' id='word_1_240' title='bbox 1360 1789 1416 1840; x_wconf 93' lang='lat' dir='ltr'><strong>et</strong></span> <span class='ocrx_word' id='word_1_241' title='bbox 1445 1785 1607 1841; x_wconf 87' lang='lat' dir='ltr'><strong>cibos</strong></span> <span class='ocrx_word' id='word_1_242' title='bbox 1637 1791 1695 1842; x_wconf 91' lang='lat' dir='ltr'><strong>et</strong></span> <span class='ocrx_word' id='word_1_243' title='bbox 1724 1787 1942 1842; x_wconf 87' lang='lat' dir='ltr'><strong>exerci-</strong></span> 
     </span>
    </p>
   </div>
   <div class='ocr_carea' id='block_1_35' title="bbox 2058 1782 3709 1880">
    <p class='ocr_par' dir='ltr' id='par_1_35' title="bbox 2058 1782 3709 1862">
     <span class='ocr_line' id='line_1_35' title="bbox 2058 1782 3709 1862; baseline -0.002 -21"><span class='ocrx_word' id='word_1_244' title='bbox 2058 1787 2141 1842; x_wconf 83' lang='grc' dir='ltr'><strong>καὶ</strong></span> <span class='ocrx_word' id='word_1_245' title='bbox 2172 1784 2440 1862; x_wconf 81' lang='grc' dir='ltr'>διήμαρτε</span> <span class='ocrx_word' id='word_1_246' title='bbox 2462 1789 2570 1840; x_wconf 88' lang='grc' dir='ltr'><strong>τῶν</strong></span> <span class='ocrx_word' id='word_1_247' title='bbox 2607 1782 2868 1841; x_wconf 76' lang='grc' dir='ltr'><strong>ἐλπίδων.</strong></span> <span class='ocrx_word' id='word_1_248' title='bbox 2901 1784 3060 1842; x_wconf 76' lang='grc' dir='ltr'>Οὕτω</span> <span class='ocrx_word' id='word_1_249' title='bbox 3089 1805 3172 1846; x_wconf 91' lang='grc' dir='ltr'><strong>τις</strong></span> <span class='ocrx_word' id='word_1_250' title='bbox 3202 1783 3292 1838; x_wconf 88' lang='grc' dir='ltr'><strong>καὶ</strong></span> <span class='ocrx_word' id='word_1_251' title='bbox 3323 1784 3422 1852; x_wconf 77' lang='grc' dir='ltr'>τὴν</span> <span class='ocrx_word' id='word_1_252' title='bbox 3462 1782 3709 1858; x_wconf 84' lang='grc' dir='ltr'>ἐπίγειον</span> 
     </span>
    </p>
   </div>
   <div class='ocr_carea' id='block_1_36' title="bbox 289 1869 1945 1951">
    <p class='ocr_par' dir='ltr' id='par_1_36' title="bbox 289 1873 1943 1946">
     <span class='ocr_line' id='line_1_36' title="bbox 289 1873 1943 1946; baseline -0.001 -13"><span class='ocrx_word' id='word_1_253' title='bbox 289 1878 543 1934; x_wconf 89' lang='lat' dir='ltr'><strong>tationes</strong></span> <span class='ocrx_word' id='word_1_254' title='bbox 575 1877 632 1930; x_wconf 90' lang='lat' dir='ltr'><strong>in</strong></span> <span class='ocrx_word' id='word_1_255' title='bbox 661 1892 786 1930; x_wconf 90' lang='lat' dir='ltr'><strong>eam</strong></span> <span class='ocrx_word' id='word_1_256' title='bbox 813 1891 933 1930; x_wconf 89' lang='lat' dir='ltr'><strong>rem</strong></span> <span class='ocrx_word' id='word_1_257' title='bbox 965 1890 1256 1946; x_wconf 79' lang='lat' dir='ltr'><strong>congruas</strong></span> <span class='ocrx_word' id='word_1_258' title='bbox 1287 1890 1401 1929; x_wconf 89' lang='lat' dir='ltr'><strong>non</strong></span> <span class='ocrx_word' id='word_1_259' title='bbox 1427 1873 1710 1945; x_wconf 86' lang='lat' dir='ltr'><strong>admittit,</strong></span> <span class='ocrx_word' id='word_1_260' title='bbox 1729 1891 1943 1932; x_wconf 88' lang='lat' dir='ltr'><strong>corona</strong></span> 
     </span>
    </p>
   </div>
   <div class='ocr_carea' id='block_1_37' title="bbox 2058 1869 3705 1951">
    <p class='ocr_par' dir='ltr' id='par_1_37' title="bbox 2058 1869 3705 1951">
     <span class='ocr_line' id='line_1_37' title="bbox 2058 1869 3705 1951; baseline -0.002 -19"><span class='ocrx_word' id='word_1_261' title='bbox 2058 1872 2527 1950; x_wconf 75' lang='grc' dir='ltr'>περιϐεϐλημένος</span> <span class='ocrx_word' id='word_1_262' title='bbox 2569 1869 2897 1951; x_wconf 74' lang='grc' dir='ltr'>περιϐολὴν,</span> <span class='ocrx_word' id='word_1_263' title='bbox 2935 1876 3074 1946; x_wconf 78' lang='grc' dir='ltr'>μήτε</span> <span class='ocrx_word' id='word_1_264' title='bbox 3120 1873 3222 1941; x_wconf 80' lang='grc' dir='ltr'>τὴν</span> <span class='ocrx_word' id='word_1_265' title='bbox 3276 1872 3456 1948; x_wconf 74' lang='grc' dir='ltr'>ἀρχὴν</span> <span class='ocrx_word' id='word_1_266' title='bbox 3516 1873 3705 1928; x_wconf 72' lang='grc' dir='ltr'>ἑαυτὸν</span> 
     </span>
    </p>
   </div>
   <div class='ocr_carea' id='block_1_38' title="bbox 293 1963 1943 2034">
    <p class='ocr_par' dir='ltr' id='par_1_38' title="bbox 293 1963 1943 2034">
     <span class='ocr_line' id='line_1_38' title="bbox 293 1963 1943 2034; baseline 0 -12"><span class='ocrx_word' id='word_1_267' title='bbox 293 1967 612 2022; x_wconf 89' lang='lat' dir='ltr'><strong>indonatus</strong></span> <span class='ocrx_word' id='word_1_268' title='bbox 641 1969 854 2033; x_wconf 90' lang='lat' dir='ltr'><strong>manet,</strong></span> <span class='ocrx_word' id='word_1_269' title='bbox 875 1980 942 2018; x_wconf 89' lang='lat' dir='ltr'><strong>ac</strong></span> <span class='ocrx_word' id='word_1_270' title='bbox 972 1980 1106 2034; x_wconf 90' lang='lat' dir='ltr'><strong>spes</strong></span> <span class='ocrx_word' id='word_1_271' title='bbox 1129 1963 1294 2018; x_wconf 91' lang='lat' dir='ltr'><strong>illum</strong></span> <span class='ocrx_word' id='word_1_272' title='bbox 1325 1963 1610 2019; x_wconf 82' lang='lat' dir='ltr'><strong>frustrata</strong></span> <span class='ocrx_word' id='word_1_273' title='bbox 1629 1970 1736 2019; x_wconf 91' lang='lat' dir='ltr'><strong>est.</strong></span> <span class='ocrx_word' id='word_1_274' title='bbox 1771 1965 1864 2021; x_wconf 88' lang='lat' dir='ltr'><strong>Sic</strong></span> <span class='ocrx_word' id='word_1_275' title='bbox 1886 1970 1943 2022; x_wconf 88' lang='lat' dir='ltr'><strong>et</strong></span> 
     </span>
    </p>
   </div>
   <div class='ocr_carea' id='block_1_39' title="bbox 295 2052 1942 2128">
    <p class='ocr_par' dir='ltr' id='par_1_39' title="bbox 295 2052 1942 2128">
     <span class='ocr_line' id='line_1_39' title="bbox 295 2052 1942 2128; baseline 0 -17"><span class='ocrx_word' id='word_1_276' title='bbox 295 2055 563 2128; x_wconf 89' lang='lat' dir='ltr'><strong>quisquis</strong></span> <span class='ocrx_word' id='word_1_277' title='bbox 593 2053 842 2108; x_wconf 91' lang='lat' dir='ltr'><strong>terrenis</strong></span> <span class='ocrx_word' id='word_1_278' title='bbox 891 2052 1100 2123; x_wconf 88' lang='lat' dir='ltr'><strong>opibus</strong></span> <span class='ocrx_word' id='word_1_279' title='bbox 1149 2053 1359 2120; x_wconf 84' lang='lat' dir='ltr'><strong>afﬂuit,</strong></span> <span class='ocrx_word' id='word_1_280' title='bbox 1392 2056 1592 2109; x_wconf 88' lang='lat' dir='ltr'><strong>caveat</strong></span> <span class='ocrx_word' id='word_1_281' title='bbox 1622 2069 1694 2109; x_wconf 87' lang='lat' dir='ltr'><strong>ne</strong></span> <span class='ocrx_word' id='word_1_282' title='bbox 1725 2072 1786 2110; x_wconf 91' lang='lat' dir='ltr'><strong>se</strong></span> <span class='ocrx_word' id='word_1_283' title='bbox 1815 2056 1942 2128; x_wconf 91' lang='lat' dir='ltr'><strong>ipse</strong></span> 
     </span>
    </p>
   </div>
   <div class='ocr_carea' id='block_1_40' title="bbox 295 2141 1943 2217">
    <p class='ocr_par' dir='ltr' id='par_1_40' title="bbox 295 2141 1943 2217">
     <span class='ocr_line' id='line_1_40' title="bbox 295 2141 1943 2217; baseline 0 -17"><span class='ocrx_word' id='word_1_284' title='bbox 295 2145 554 2217; x_wconf 89' lang='lat' dir='ltr'><strong>primum</strong></span> <span class='ocrx_word' id='word_1_285' title='bbox 586 2161 618 2199; x_wconf 91' lang='lat' dir='ltr'><strong>a</strong></span> <span class='ocrx_word' id='word_1_286' title='bbox 647 2143 964 2198; x_wconf 91' lang='lat' dir='ltr'><strong>Salvatoris</strong></span> <span class='ocrx_word' id='word_1_287' title='bbox 995 2141 1415 2197; x_wconf 87' lang='lat' dir='ltr'><strong>certaminibus</strong></span> <span class='ocrx_word' id='word_1_288' title='bbox 1445 2144 1822 2216; x_wconf 70' lang='lat' dir='ltr'><strong>praemiisque</strong></span> <span class='ocrx_word' id='word_1_289' title='bbox 1851 2163 1943 2201; x_wconf 82' lang='lat' dir='ltr'><strong>ex-</strong></span> 
     </span>
    </p>
   </div>
   <div class='ocr_carea' id='block_1_41' title="bbox 295 2230 1941 2300">
    <p class='ocr_par' dir='ltr' id='par_1_41' title="bbox 295 2230 1941 2300">
     <span class='ocr_line' id='line_1_41' title="bbox 295 2230 1941 2300; baseline -0.001 -10"><span class='ocrx_word' id='word_1_290' title='bbox 295 2235 524 2290; x_wconf 88' lang='lat' dir='ltr'><strong>clusum</strong></span> <span class='ocrx_word' id='word_1_291' title='bbox 556 2233 754 2297; x_wconf 88' lang='lat' dir='ltr'><strong>ducat,</strong></span> <span class='ocrx_word' id='word_1_292' title='bbox 783 2232 954 2286; x_wconf 91' lang='lat' dir='ltr'><strong>modo</strong></span> <span class='ocrx_word' id='word_1_293' title='bbox 996 2230 1186 2286; x_wconf 86' lang='lat' dir='ltr'><strong>ﬁdelis</strong></span> <span class='ocrx_word' id='word_1_294' title='bbox 1217 2231 1483 2300; x_wconf 86' lang='lat' dir='ltr'><strong>exsistat,</strong></span> <span class='ocrx_word' id='word_1_295' title='bbox 1503 2248 1570 2288; x_wconf 90' lang='lat' dir='ltr'><strong>ac</strong></span> <span class='ocrx_word' id='word_1_296' title='bbox 1601 2233 1810 2288; x_wconf 69' lang='lat' dir='ltr'><strong>divinae</strong></span> <span class='ocrx_word' id='word_1_297' title='bbox 1845 2235 1941 2290; x_wconf 88' lang='lat' dir='ltr'><strong>bo-</strong></span> 
     </span>
    </p>
   </div>
   <div class='ocr_carea' id='block_1_42' title="bbox 294 2316 1945 2393">
    <p class='ocr_par' dir='ltr' id='par_1_42' title="bbox 294 2316 1945 2393">
     <span class='ocr_line' id='line_1_42' title="bbox 294 2316 1945 2393; baseline 0 -15"><span class='ocrx_word' id='word_1_298' title='bbox 294 2322 496 2378; x_wconf 87' lang='lat' dir='ltr'><strong>nitatis</strong></span> <span class='ocrx_word' id='word_1_299' title='bbox 530 2320 1000 2393; x_wconf 86' lang='lat' dir='ltr'><strong>magnitudinem</strong></span> <span class='ocrx_word' id='word_1_300' title='bbox 1051 2317 1374 2390; x_wconf 87' lang='lat' dir='ltr'><strong>intelligat;</strong></span> <span class='ocrx_word' id='word_1_301' title='bbox 1408 2337 1512 2376; x_wconf 89' lang='lat' dir='ltr'><strong>nec</strong></span> <span class='ocrx_word' id='word_1_302' title='bbox 1545 2338 1754 2376; x_wconf 89' lang='lat' dir='ltr'><strong>rursus</strong></span> <span class='ocrx_word' id='word_1_303' title='bbox 1783 2316 1945 2378; x_wconf 80' lang='lat' dir='ltr'><strong>nulla</strong></span> 
     </span>
    </p>
   </div>
   <div class='ocr_carea' id='block_1_43' title="bbox 293 2408 1944 2483">
    <p class='ocr_par' dir='ltr' id='par_1_43' title="bbox 293 2408 1944 2483">
     <span class='ocr_line' id='line_1_43' title="bbox 293 2408 1944 2483; baseline -0.001 -15"><span class='ocrx_word' id='word_1_304' title='bbox 293 2412 704 2468; x_wconf 85' lang='lat' dir='ltr'><strong>exercitatione</strong></span> <span class='ocrx_word' id='word_1_305' title='bbox 736 2408 1018 2480; x_wconf 88' lang='lat' dir='ltr'><strong>nulloque</strong></span> <span class='ocrx_word' id='word_1_306' title='bbox 1048 2409 1366 2464; x_wconf 88' lang='lat' dir='ltr'><strong>certamine</strong></span> <span class='ocrx_word' id='word_1_307' title='bbox 1393 2409 1600 2479; x_wconf 90' lang='lat' dir='ltr'><strong>posito,</strong></span> <span class='ocrx_word' id='word_1_308' title='bbox 1632 2411 1781 2466; x_wconf 88' lang='lat' dir='ltr'><strong>citra</strong></span> <span class='ocrx_word' id='word_1_309' title='bbox 1810 2412 1944 2483; x_wconf 91' lang='lat' dir='ltr'><strong>pul-</strong></span> 
     </span>
    </p>
   </div>
   <div class='ocr_carea' id='block_1_44' title="bbox 292 2497 1944 2570">
    <p class='ocr_par' dir='ltr' id='par_1_44' title="bbox 292 2497 1944 2570">
     <span class='ocr_line' id='line_1_44' title="bbox 292 2497 1944 2570; baseline 0 -14"><span class='ocrx_word' id='word_1_310' title='bbox 292 2517 486 2556; x_wconf 87' lang='lat' dir='ltr'><strong>verem</strong></span> <span class='ocrx_word' id='word_1_311' title='bbox 518 2504 695 2570; x_wconf 89' lang='lat' dir='ltr'><strong>atque</strong></span> <span class='ocrx_word' id='word_1_312' title='bbox 713 2500 988 2554; x_wconf 90' lang='lat' dir='ltr'><strong>sudorem</strong></span> <span class='ocrx_word' id='word_1_313' title='bbox 1019 2497 1483 2553; x_wconf 85' lang='lat' dir='ltr'><strong>immortalitatis</strong></span> <span class='ocrx_word' id='word_1_314' title='bbox 1514 2515 1577 2554; x_wconf 89' lang='lat' dir='ltr'><strong>se</strong></span> <span class='ocrx_word' id='word_1_315' title='bbox 1607 2515 1823 2556; x_wconf 88' lang='lat' dir='ltr'><strong>corona</strong></span> <span class='ocrx_word' id='word_1_316' title='bbox 1847 2503 1944 2556; x_wconf 92' lang='lat' dir='ltr'><strong>do-</strong></span> 
     </span>
    </p>
   </div>
   <div class='ocr_carea' id='block_1_45' title="bbox 296 2586 1947 2659">
    <p class='ocr_par' dir='ltr' id='par_1_45' title="bbox 296 2586 1947 2659">
     <span class='ocr_line' id='line_1_45' title="bbox 296 2586 1947 2659; baseline 0 -15"><span class='ocrx_word' id='word_1_317' title='bbox 296 2590 558 2644; x_wconf 86' lang='lat' dir='ltr'><strong>nandum</strong></span> <span class='ocrx_word' id='word_1_318' title='bbox 590 2593 809 2659; x_wconf 87' lang='lat' dir='ltr'><strong>speret,</strong></span> <span class='ocrx_word' id='word_1_319' title='bbox 831 2587 934 2642; x_wconf 88' lang='lat' dir='ltr'><strong>sed</strong></span> <span class='ocrx_word' id='word_1_320' title='bbox 967 2603 1030 2641; x_wconf 90' lang='lat' dir='ltr'><strong>se</strong></span> <span class='ocrx_word' id='word_1_321' title='bbox 1051 2586 1240 2640; x_wconf 85' lang='lat' dir='ltr'><strong>Verbo</strong></span> <span class='ocrx_word' id='word_1_322' title='bbox 1263 2587 1455 2642; x_wconf 89' lang='lat' dir='ltr'><strong>tradat</strong></span> <span class='ocrx_word' id='word_1_323' title='bbox 1483 2604 1549 2642; x_wconf 89' lang='lat' dir='ltr'><strong>ac</strong></span> <span class='ocrx_word' id='word_1_324' title='bbox 1580 2588 1790 2645; x_wconf 90' lang='lat' dir='ltr'><strong>rationi</strong></span> <span class='ocrx_word' id='word_1_325' title='bbox 1821 2594 1947 2645; x_wconf 85' lang='lat' dir='ltr'><strong>tan-</strong></span> 
     </span>
    </p>
   </div>
   <div class='ocr_carea' id='block_1_46' title="bbox 295 2674 1942 2751">
    <p class='ocr_par' dir='ltr' id='par_1_46' title="bbox 295 2674 1942 2751">
     <span class='ocr_line' id='line_1_46' title="bbox 295 2674 1942 2751; baseline -0.001 -18"><span class='ocrx_word' id='word_1_326' title='bbox 295 2691 476 2751; x_wconf 84' lang='lat' dir='ltr'><strong>quam</strong></span> <span class='ocrx_word' id='word_1_327' title='bbox 511 2677 794 2748; x_wconf 60' lang='lat' dir='ltr'><strong>palaestra»</strong></span> <span class='ocrx_word' id='word_1_328' title='bbox 838 2675 1142 2745; x_wconf 89' lang='lat' dir='ltr'><strong>magistro,</strong></span> <span class='ocrx_word' id='word_1_329' title='bbox 1175 2674 1522 2746; x_wconf 87' lang='lat' dir='ltr'><strong>Christoque</strong></span> <span class='ocrx_word' id='word_1_330' title='bbox 1555 2679 1942 2732; x_wconf 87' lang='lat' dir='ltr'><strong>certaminum</strong></span> 
     </span>
    </p>
   </div>
   <div class='ocr_carea' id='block_1_47' title="bbox 293 2762 1942 2840">
    <p class='ocr_par' dir='ltr' id='par_1_47' title="bbox 293 2762 1942 2840">
     <span class='ocr_line' id='line_1_47' title="bbox 293 2762 1942 2840; baseline -0.001 -18"><span class='ocrx_word' id='word_1_331' title='bbox 293 2767 528 2840; x_wconf 67' lang='lat' dir='ltr'><strong>praesidi</strong></span> <span class='ocrx_word' id='word_1_332' title='bbox 561 2765 858 2836; x_wconf 88' lang='lat' dir='ltr'><strong>subjiciat.</strong></span> <span class='ocrx_word' id='word_1_333' title='bbox 892 2763 1072 2819; x_wconf 86' lang='lat' dir='ltr'><strong>Cibus</strong></span> <span class='ocrx_word' id='word_1_334' title='bbox 1114 2762 1199 2817; x_wconf 91' lang='lat' dir='ltr'><strong>illi</strong></span> <span class='ocrx_word' id='word_1_335' title='bbox 1248 2780 1314 2818; x_wconf 88' lang='lat' dir='ltr'><strong>ac</strong></span> <span class='ocrx_word' id='word_1_336' title='bbox 1349 2769 1523 2834; x_wconf 88' lang='lat' dir='ltr'><strong>potus</strong></span> <span class='ocrx_word' id='word_1_337' title='bbox 1554 2767 1942 2836; x_wconf 59' lang='lat' dir='ltr'><strong>prastitutus,</strong></span> 
     </span>
    </p>
   </div>
   <div class='ocr_carea' id='block_1_48' title="bbox 295 2853 1947 2924">
    <p class='ocr_par' dir='ltr' id='par_1_48' title="bbox 295 2853 1947 2924">
     <span class='ocr_line' id='line_1_48' title="bbox 295 2853 1947 2924; baseline -0.001 -11"><span class='ocrx_word' id='word_1_338' title='bbox 295 2857 518 2913; x_wconf 82' lang='lat' dir='ltr'><strong>Novum</strong></span> <span class='ocrx_word' id='word_1_339' title='bbox 543 2855 774 2911; x_wconf 91' lang='lat' dir='ltr'><strong>Domini</strong></span> <span class='ocrx_word' id='word_1_340' title='bbox 798 2855 1274 2919; x_wconf 88' lang='lat' dir='ltr'><strong>Testamentum;</strong></span> <span class='ocrx_word' id='word_1_341' title='bbox 1295 2853 1766 2924; x_wconf 78' lang='lat' dir='ltr'><strong>exercitamenta,</strong></span> <span class='ocrx_word' id='word_1_342' title='bbox 1784 2872 1947 2912; x_wconf 88' lang='lat' dir='ltr'><strong>man-</strong></span> 
     </span>
    </p>
   </div>
   <div class='ocr_carea' id='block_1_49' title="bbox 295 2941 1946 3014">
    <p class='ocr_par' dir='ltr' id='par_1_49' title="bbox 295 2941 1946 3014">
     <span class='ocr_line' id='line_1_49' title="bbox 295 2941 1946 3014; baseline 0.001 -14"><span class='ocrx_word' id='word_1_343' title='bbox 295 2947 460 3014; x_wconf 89' lang='lat' dir='ltr'><strong>data;</strong></span> <span class='ocrx_word' id='word_1_344' title='bbox 495 2948 736 3000; x_wconf 90' lang='lat' dir='ltr'><strong>ornatus</strong></span> <span class='ocrx_word' id='word_1_345' title='bbox 769 2960 834 2999; x_wconf 90' lang='lat' dir='ltr'><strong>ac</strong></span> <span class='ocrx_word' id='word_1_346' title='bbox 877 2941 1092 3008; x_wconf 87' lang='lat' dir='ltr'><strong>cultus,</strong></span> <span class='ocrx_word' id='word_1_347' title='bbox 1117 2943 1278 2997; x_wconf 64' lang='lat' dir='ltr'><strong>bona:</strong></span> <span class='ocrx_word' id='word_1_348' title='bbox 1311 2942 1490 2998; x_wconf 89' lang='lat' dir='ltr'><strong>animi</strong></span> <span class='ocrx_word' id='word_1_349' title='bbox 1523 2945 1854 3000; x_wconf 71' lang='lat' dir='ltr'><strong>affectiones</strong></span> <span class='ocrx_word' id='word_1_350' title='bbox 1880 2964 1946 3002; x_wconf 90' lang='lat' dir='ltr'><strong>ac</strong></span> 
     </span>
    </p>
   </div>
   <div class='ocr_carea' id='block_1_50' title="bbox 293 3030 1946 3106">
    <p class='ocr_par' dir='ltr' id='par_1_50' title="bbox 293 3030 1946 3106">
     <span class='ocr_line' id='line_1_50' title="bbox 293 3030 1946 3106; baseline 0 -17"><span class='ocrx_word' id='word_1_351' title='bbox 293 3036 494 3101; x_wconf 88' lang='lat' dir='ltr'><strong>dotes;</strong></span> <span class='ocrx_word' id='word_1_352' title='bbox 529 3033 695 3100; x_wconf 83' lang='lat' dir='ltr'><strong>ﬁdes,</strong></span> <span class='ocrx_word' id='word_1_353' title='bbox 730 3048 888 3103; x_wconf 87' lang='lat' dir='ltr'><strong>spes,</strong></span> <span class='ocrx_word' id='word_1_354' title='bbox 921 3030 1200 3096; x_wconf 82' lang='lat' dir='ltr'><strong>charitas,</strong></span> <span class='ocrx_word' id='word_1_355' title='bbox 1231 3031 1348 3086; x_wconf 89' lang='lat' dir='ltr'><strong>veri</strong></span> <span class='ocrx_word' id='word_1_356' title='bbox 1379 3033 1632 3104; x_wconf 88' lang='lat' dir='ltr'><strong>cognitio</strong></span> <span class='ocrx_word' id='word_1_357' title='bbox 1657 3033 1946 3106; x_wconf 87' lang='lat' dir='ltr'><strong>[benigni-</strong></span> 
     </span>
    </p>
   </div>
   <div class='ocr_carea' id='block_1_51' title="bbox 291 3121 1942 3195">
    <p class='ocr_par' dir='ltr' id='par_1_51' title="bbox 291 3121 1942 3195">
     <span class='ocr_line' id='line_1_51' title="bbox 291 3121 1942 3195; baseline 0.001 -17"><span class='ocrx_word' id='word_1_358' title='bbox 291 3124 426 3195; x_wconf 89' lang='lat' dir='ltr'><strong>tas],</strong></span> <span class='ocrx_word' id='word_1_359' title='bbox 478 3121 713 3188; x_wconf 88' lang='lat' dir='ltr'><strong>lenitas,</strong></span> <span class='ocrx_word' id='word_1_360' title='bbox 760 3121 1188 3186; x_wconf 90' lang='lat' dir='ltr'><strong>misericordia,</strong></span> <span class='ocrx_word' id='word_1_361' title='bbox 1237 3121 1507 3190; x_wconf 89' lang='lat' dir='ltr'><strong>castitas;</strong></span> <span class='ocrx_word' id='word_1_362' title='bbox 1543 3127 1608 3177; x_wconf 90' lang='lat' dir='ltr'><strong>ut</strong></span> <span class='ocrx_word' id='word_1_363' title='bbox 1657 3139 1788 3178; x_wconf 90' lang='lat' dir='ltr'><strong>cum</strong></span> <span class='ocrx_word' id='word_1_364' title='bbox 1839 3142 1942 3179; x_wconf 82' lang='lat' dir='ltr'><strong>no-</strong></span> 
     </span>
    </p>
   </div>
   <div class='ocr_carea' id='block_1_52' title="bbox 2053 1959 3704 2040">
    <p class='ocr_par' dir='ltr' id='par_1_52' title="bbox 2053 1959 3704 2040">
     <span class='ocr_line' id='line_1_52' title="bbox 2053 1959 3704 2040; baseline -0.002 -20"><span class='ocrx_word' id='word_1_365' title='bbox 2053 1963 2234 2020; x_wconf 79' lang='grc' dir='ltr'>ἅθλων</span> <span class='ocrx_word' id='word_1_366' title='bbox 2265 1969 2374 2020; x_wconf 88' lang='grc' dir='ltr'><strong>τῶν</strong></span> <span class='ocrx_word' id='word_1_367' title='bbox 2408 1971 2670 2039; x_wconf 83' lang='grc' dir='ltr'>Σωτῆρος</span> <span class='ocrx_word' id='word_1_368' title='bbox 2703 1963 3105 2040; x_wconf 87' lang='grc' dir='ltr'>ἐκκηρυσσέτω,</span> <span class='ocrx_word' id='word_1_369' title='bbox 3137 1961 3331 2024; x_wconf 86' lang='grc' dir='ltr'>πιστός</span> <span class='ocrx_word' id='word_1_370' title='bbox 3373 1983 3436 2036; x_wconf 88' lang='grc' dir='ltr'><strong>γε</strong></span> <span class='ocrx_word' id='word_1_371' title='bbox 3484 1959 3582 2033; x_wconf 79' lang='grc' dir='ltr'>ὢν,</span> <span class='ocrx_word' id='word_1_372' title='bbox 3613 1963 3704 2017; x_wconf 85' lang='grc' dir='ltr'><strong>καὶ</strong></span> 
     </span>
    </p>
   </div>
   <div class='ocr_carea' id='block_1_53' title="bbox 2049 2049 3705 2130">
    <p class='ocr_par' dir='ltr' id='par_1_53' title="bbox 2049 2049 3705 2130">
     <span class='ocr_line' id='line_1_53' title="bbox 2049 2049 3705 2130; baseline -0.005 -19"><span class='ocrx_word' id='word_1_373' title='bbox 2049 2057 2113 2111; x_wconf 84' lang='grc' dir='ltr'>τὸ</span> <span class='ocrx_word' id='word_1_374' title='bbox 2149 2053 2434 2130; x_wconf 78' lang='grc' dir='ltr'>μεγαλεῖον</span> <span class='ocrx_word' id='word_1_375' title='bbox 2473 2055 2715 2129; x_wconf 80' lang='grc' dir='ltr'>συνορῶν</span> <span class='ocrx_word' id='word_1_376' title='bbox 2744 2058 2847 2122; x_wconf 83' lang='grc' dir='ltr'>τῆς</span> <span class='ocrx_word' id='word_1_377' title='bbox 2895 2055 2996 2106; x_wconf 75' lang='grc' dir='ltr'><strong>τοῦ</strong></span> <span class='ocrx_word' id='word_1_378' title='bbox 3047 2055 3180 2105; x_wconf 80' lang='grc' dir='ltr'>Θεοῦ</span> <span class='ocrx_word' id='word_1_379' title='bbox 3241 2049 3660 2128; x_wconf 80' lang='grc' dir='ltr'>φιλανθρωπίας</span> <span class='ocrx_word' id='word_1_380' title='bbox 3690 2069 3705 2083; x_wconf 74' lang='grc' dir='ltr'><strong>ο</strong></span> 
     </span>
    </p>
   </div>
   <div class='ocr_carea' id='block_1_54' title="bbox 2043 2139 3709 2217">
    <p class='ocr_par' dir='ltr' id='par_1_54' title="bbox 2043 2139 3709 2217">
     <span class='ocr_line' id='line_1_54' title="bbox 2043 2139 3709 2217; baseline -0.003 -19"><span class='ocrx_word' id='word_1_381' title='bbox 2043 2142 2195 2217; x_wconf 75' lang='grc' dir='ltr'>’μήτε</span> <span class='ocrx_word' id='word_1_382' title='bbox 2229 2145 2336 2216; x_wconf 76' lang='grc' dir='ltr'>μὴν</span> <span class='ocrx_word' id='word_1_383' title='bbox 2365 2141 2516 2206; x_wconf 77' lang='grc' dir='ltr'>αὖθις</span> <span class='ocrx_word' id='word_1_384' title='bbox 2567 2141 2870 2211; x_wconf 81' lang='grc' dir='ltr'>ἀνάσκητος</span> <span class='ocrx_word' id='word_1_385' title='bbox 2923 2140 3012 2194; x_wconf 86' lang='grc' dir='ltr'><strong>καὶ</strong></span> <span class='ocrx_word' id='word_1_386' title='bbox 3071 2139 3432 2213; x_wconf 82' lang='grc' dir='ltr'>ἀναγώνιστος</span> <span class='ocrx_word' id='word_1_387' title='bbox 3497 2140 3709 2212; x_wconf 84' lang='grc' dir='ltr'>μείνας,</span> 
     </span>
    </p>
   </div>
   <div class='ocr_carea' id='block_1_55' title="bbox 2053 2227 3709 2306">
    <p class='ocr_par' dir='ltr' id='par_1_55' title="bbox 2053 2227 3709 2306">
     <span class='ocr_line' id='line_1_55' title="bbox 2053 2227 3709 2306; baseline -0.004 -18"><span class='ocrx_word' id='word_1_388' title='bbox 2053 2232 2261 2288; x_wconf 84' lang='grc' dir='ltr'>ἀκονιτὶ</span> <span class='ocrx_word' id='word_1_389' title='bbox 2306 2230 2609 2306; x_wconf 85' lang='grc' dir='ltr'>κάνιδρωτὶ-</span> <span class='ocrx_word' id='word_1_390' title='bbox 2632 2235 2738 2285; x_wconf 88' lang='grc' dir='ltr'><strong>τῶν</strong></span> <span class='ocrx_word' id='word_1_391' title='bbox 2769 2229 3042 2306; x_wconf 86' lang='grc' dir='ltr'>στεφάνων</span> <span class='ocrx_word' id='word_1_392' title='bbox 3075 2235 3174 2298; x_wconf 84' lang='grc' dir='ltr'>τῆς</span> <span class='ocrx_word' id='word_1_393' title='bbox 3216 2227 3512 2305; x_wconf 77' lang='grc' dir='ltr'>ἀφθαρσίας</span> <span class='ocrx_word' id='word_1_394' title='bbox 3546 2227 3709 2282; x_wconf 86' lang='grc' dir='ltr'>ἐΛπι-</span> 
     </span>
    </p>
   </div>
   <div class='ocr_carea' id='block_1_56' title="bbox 2057 2312 3711 2395">
    <p class='ocr_par' dir='ltr' id='par_1_56' title="bbox 2057 2312 3711 2395">
     <span class='ocr_line' id='line_1_56' title="bbox 2057 2312 3711 2395; baseline -0.004 -17"><span class='ocrx_word' id='word_1_395' title='bbox 2057 2322 2189 2392; x_wconf 78' lang='grc' dir='ltr'>ζέτω</span> <span class='ocrx_word' id='word_1_396' title='bbox 2225 2316 2551 2395; x_wconf 77' lang='grc' dir='ltr'>μεταλαϐεῖν</span> <span class='ocrx_word' id='word_1_397' title='bbox 2589 2340 2600 2351; x_wconf 91' lang='grc'><strong>·</strong></span> <span class='ocrx_word' id='word_1_398' title='bbox 2636 2317 2763 2374; x_wconf 90' lang='grc' dir='ltr'>ἀλλ’</span> <span class='ocrx_word' id='word_1_399' title='bbox 2795 2317 2953 2373; x_wconf 80' lang='grc' dir='ltr'>αὐτὸν</span> <span class='ocrx_word' id='word_1_400' title='bbox 2987 2312 3312 2373; x_wconf 74' lang='grc' dir='ltr'>ὑποϐαλέτω</span> <span class='ocrx_word' id='word_1_401' title='bbox 3344 2318 3522 2393; x_wconf 83' lang='grc' dir='ltr'>φέρων</span> <span class='ocrx_word' id='word_1_402' title='bbox 3572 2338 3711 2390; x_wconf 90' lang='grc' dir='ltr'>γυμ-</span> 
     </span>
    </p>
   </div>
   <div class='ocr_carea' id='block_1_57' title="bbox 2052 2403 3698 2485">
    <p class='ocr_par' dir='ltr' id='par_1_57' title="bbox 2052 2403 3698 2485">
     <span class='ocr_line' id='line_1_57' title="bbox 2052 2403 3698 2485; baseline -0.005 -18"><span class='ocrx_word' id='word_1_403' title='bbox 2052 2416 2220 2485; x_wconf 81' lang='grc' dir='ltr'>ναστῇ</span> <span class='ocrx_word' id='word_1_404' title='bbox 2253 2414 2360 2484; x_wconf 80' lang='grc'><strong>(18)</strong></span> <span class='ocrx_word' id='word_1_405' title='bbox 2399 2411 2492 2483; x_wconf 78' lang='grc' dir='ltr'>μὲν</span> <span class='ocrx_word' id='word_1_406' title='bbox 2519 2414 2598 2482; x_wconf 77' lang='grc' dir='ltr'>τῷ</span> <span class='ocrx_word' id='word_1_407' title='bbox 2629 2407 2816 2483; x_wconf 87' lang='grc' dir='ltr'>Λόγῳ,</span> <span class='ocrx_word' id='word_1_408' title='bbox 2849 2406 3156 2484; x_wconf 88' lang='grc' dir='ltr'>ἀγωνοθέτῃ</span> <span class='ocrx_word' id='word_1_409' title='bbox 3203 2403 3261 2461; x_wconf 76' lang='grc' dir='ltr'>δὲ</span> <span class='ocrx_word' id='word_1_410' title='bbox 3301 2410 3380 2478; x_wconf 82' lang='grc' dir='ltr'>τῷ</span> <span class='ocrx_word' id='word_1_411' title='bbox 3431 2409 3647 2481; x_wconf 80' lang='grc' dir='ltr'>Χριστῷ</span> <span class='ocrx_word' id='word_1_412' title='bbox 3683 2424 3698 2440; x_wconf 88' lang='grc'><strong>·</strong></span> 
     </span>
    </p>
   </div>
   <div class='ocr_carea' id='block_1_58' title="bbox 2051 2494 3705 2578">
    <p class='ocr_par' dir='ltr' id='par_1_58' title="bbox 2051 2494 3705 2578">
     <span class='ocr_line' id='line_1_58' title="bbox 2051 2494 3705 2578; baseline -0.004 -22"><span class='ocrx_word' id='word_1_413' title='bbox 2051 2502 2228 2578; x_wconf 81' lang='grc' dir='ltr'>τροφή</span> <span class='ocrx_word' id='word_1_414' title='bbox 2262 2497 2320 2554; x_wconf 69' lang='grc' dir='ltr'>δὲ</span> <span class='ocrx_word' id='word_1_415' title='bbox 2351 2499 2498 2571; x_wconf 84' lang='grc' dir='ltr'>αὐτῷ</span> <span class='ocrx_word' id='word_1_416' title='bbox 2526 2499 2616 2553; x_wconf 85' lang='grc' dir='ltr'><strong>καὶ</strong></span> <span class='ocrx_word' id='word_1_417' title='bbox 2647 2499 2812 2552; x_wconf 88' lang='grc' dir='ltr'>ποτὸν</span> <span class='ocrx_word' id='word_1_418' title='bbox 2843 2495 3076 2571; x_wconf 84' lang='grc' dir='ltr'>γενέσθω</span> <span class='ocrx_word' id='word_1_419' title='bbox 3100 2494 3420 2571; x_wconf 72' lang='grc' dir='ltr'>τεταγμένον</span> <span class='ocrx_word' id='word_1_420' title='bbox 3453 2497 3488 2565; x_wconf 80' lang='grc' dir='ltr'>ἡ</span> <span class='ocrx_word' id='word_1_421' title='bbox 3533 2496 3705 2564; x_wconf 83' lang='grc' dir='ltr'>Καινή</span> 
     </span>
    </p>
   </div>
   <div class='ocr_carea' id='block_1_59' title="bbox 2054 2583 3710 2663">
    <p class='ocr_par' dir='ltr' id='par_1_59' title="bbox 2054 2583 3710 2663">
     <span class='ocr_line' id='line_1_59' title="bbox 2054 2583 3710 2663; baseline -0.005 -18"><span class='ocrx_word' id='word_1_422' title='bbox 2054 2591 2297 2660; x_wconf 82' lang='grc' dir='ltr'>Διαθήκη</span> <span class='ocrx_word' id='word_1_423' title='bbox 2355 2593 2452 2643; x_wconf 78' lang='grc' dir='ltr'><strong>τοῦ</strong></span> <span class='ocrx_word' id='word_1_424' title='bbox 2505 2587 2751 2663; x_wconf 88' lang='grc' dir='ltr'>Κυρίου·</span> <span class='ocrx_word' id='word_1_425' title='bbox 2784 2587 3052 2662; x_wconf 87' lang='grc' dir='ltr'>γυμνάσια</span> <span class='ocrx_word' id='word_1_426' title='bbox 3111 2583 3168 2640; x_wconf 70' lang='grc' dir='ltr'>δὲ</span> <span class='ocrx_word' id='word_1_427' title='bbox 3222 2583 3463 2653; x_wconf 86' lang='grc' dir='ltr'>ἐντολαὶ,</span> <span class='ocrx_word' id='word_1_428' title='bbox 3509 2583 3710 2659; x_wconf 81' lang='grc' dir='ltr'>εὐσχη-</span> 
     </span>
    </p>
   </div>
   <div class='ocr_carea' id='block_1_60' title="bbox 2059 2671 3708 2752">
    <p class='ocr_par' dir='ltr' id='par_1_60' title="bbox 2059 2671 3708 2752">
     <span class='ocr_line' id='line_1_60' title="bbox 2059 2671 3708 2752; baseline -0.003 -20"><span class='ocrx_word' id='word_1_429' title='bbox 2059 2679 2267 2752; x_wconf 77' lang='grc' dir='ltr'>μοσύνη</span> <span class='ocrx_word' id='word_1_430' title='bbox 2319 2674 2376 2732; x_wconf 77' lang='grc' dir='ltr'><strong>δὲ</strong></span> <span class='ocrx_word' id='word_1_431' title='bbox 2431 2676 2521 2730; x_wconf 80' lang='grc' dir='ltr'><strong>καὶ</strong></span> <span class='ocrx_word' id='word_1_432' title='bbox 2571 2674 2778 2748; x_wconf 92' lang='grc' dir='ltr'>κόσμος</span> <span class='ocrx_word' id='word_1_433' title='bbox 2835 2676 2890 2728; x_wconf 78' lang='grc' dir='ltr'>αἱ</span> <span class='ocrx_word' id='word_1_434' title='bbox 2947 2673 3112 2729; x_wconf 85' lang='grc' dir='ltr'>καλαὶ</span> <span class='ocrx_word' id='word_1_435' title='bbox 3164 2671 3449 2744; x_wconf 73' lang='grc' dir='ltr'>διαθέσεις,</span> <span class='ocrx_word' id='word_1_436' title='bbox 3498 2674 3708 2748; x_wconf 90' lang='grc' dir='ltr'>ἀγάπη,</span> 
     </span>
    </p>
   </div>
   <div class='ocr_carea' id='block_1_61' title="bbox 2054 2762 3710 2840">
    <p class='ocr_par' dir='ltr' id='par_1_61' title="bbox 2054 2762 3710 2840">
     <span class='ocr_line' id='line_1_61' title="bbox 2054 2762 3710 2840; baseline -0.002 -19"><span class='ocrx_word' id='word_1_437' title='bbox 2054 2767 2260 2838; x_wconf 86' lang='grc' dir='ltr'>πίστις,</span> <span class='ocrx_word' id='word_1_438' title='bbox 2293 2765 2470 2834; x_wconf 78' lang='grc' dir='ltr'>ἐλπὶς,</span> <span class='ocrx_word' id='word_1_439' title='bbox 2497 2768 2699 2840; x_wconf 83' lang='grc' dir='ltr'>γνῶσις</span> <span class='ocrx_word' id='word_1_440' title='bbox 2755 2762 3039 2833; x_wconf 81' lang='grc' dir='ltr'>ἀληθείας,</span> <span class='ocrx_word' id='word_1_441' title='bbox 3076 2762 3403 2835; x_wconf 76' lang='grc' dir='ltr'>[ἐπιείκεια,]</span> <span class='ocrx_word' id='word_1_442' title='bbox 3435 2762 3710 2837; x_wconf 83' lang='grc' dir='ltr'>πραότης,</span> 
     </span>
    </p>
   </div>
   <div class='ocr_carea' id='block_1_62' title="bbox 2055 2848 3708 2930">
    <p class='ocr_par' dir='ltr' id='par_1_62' title="bbox 2055 2848 3708 2930">
     <span class='ocr_line' id='line_1_62' title="bbox 2055 2848 3708 2930; baseline -0.003 -19"><span class='ocrx_word' id='word_1_443' title='bbox 2055 2854 2450 2930; x_wconf 80' lang='grc' dir='ltr'>εὖσπλαγχνία,</span> <span class='ocrx_word' id='word_1_444' title='bbox 2507 2852 2796 2926; x_wconf 88' lang='grc' dir='ltr'>σεμνότης,</span> <span class='ocrx_word' id='word_1_445' title='bbox 2851 2851 2958 2924; x_wconf 77' lang='grc' dir='ltr'>ἵνα,</span> <span class='ocrx_word' id='word_1_446' title='bbox 2993 2850 3117 2906; x_wconf 76' lang='grc' dir='ltr'>ὅταν</span> <span class='ocrx_word' id='word_1_447' title='bbox 3178 2849 3382 2926; x_wconf 84' lang='grc' dir='ltr'>ἐσχάτῃ</span> <span class='ocrx_word' id='word_1_448' title='bbox 3440 2848 3708 2927; x_wconf 85' lang='grc' dir='ltr'>σάλπιγγι</span> 
     </span>
    </p>
   </div>
   <div class='ocr_carea' id='block_1_63' title="bbox 2059 2937 3712 3018">
    <p class='ocr_par' dir='ltr' id='par_1_63' title="bbox 2059 2937 3712 3018">
     <span class='ocr_line' id='line_1_63' title="bbox 2059 2937 3712 3018; baseline -0.003 -18"><span class='ocrx_word' id='word_1_449' title='bbox 2059 2947 2397 3018; x_wconf 80' lang='grc' dir='ltr'>ὑποσημήνῃ</span> <span class='ocrx_word' id='word_1_450' title='bbox 2443 2947 2539 2997; x_wconf 77' lang='grc' dir='ltr'><strong>τοῦ</strong></span> <span class='ocrx_word' id='word_1_451' title='bbox 2597 2940 2808 3017; x_wconf 87' lang='grc' dir='ltr'>δρόμου</span> <span class='ocrx_word' id='word_1_452' title='bbox 2849 2940 2938 2996; x_wconf 86' lang='grc' dir='ltr'><strong>καὶ</strong></span> <span class='ocrx_word' id='word_1_453' title='bbox 2978 2947 3077 3010; x_wconf 86' lang='grc' dir='ltr'>τῆς</span> <span class='ocrx_word' id='word_1_454' title='bbox 3104 2939 3341 2995; x_wconf 78' lang='grc' dir='ltr'>ἐντεῦθεν</span> <span class='ocrx_word' id='word_1_455' title='bbox 3372 2937 3579 3011; x_wconf 81' lang='grc' dir='ltr'>ἐξόδου,</span> <span class='ocrx_word' id='word_1_456' title='bbox 3613 2960 3712 2995; x_wconf 88' lang='grc' dir='ltr'>κα-</span> 
     </span>
    </p>
   </div>
   <div class='ocr_carea' id='block_1_64' title="bbox 2057 3027 3710 3108">
    <p class='ocr_par' dir='ltr' id='par_1_64' title="bbox 2057 3027 3710 3108">
     <span class='ocr_line' id='line_1_64' title="bbox 2057 3027 3710 3108; baseline -0.003 -19"><span class='ocrx_word' id='word_1_457' title='bbox 2057 3035 2223 3108; x_wconf 84' lang='grc' dir='ltr'>θάπερ</span> <span class='ocrx_word' id='word_1_458' title='bbox 2257 3033 2316 3088; x_wconf 82' lang='grc' dir='ltr'><strong>ἐκ</strong></span> <span class='ocrx_word' id='word_1_459' title='bbox 2348 3029 2570 3087; x_wconf 89' lang='grc' dir='ltr'>σταδίου</span> <span class='ocrx_word' id='word_1_460' title='bbox 2611 3035 2709 3085; x_wconf 80' lang='grc' dir='ltr'>τοῦ</span> <span class='ocrx_word' id='word_1_461' title='bbox 2764 3031 2889 3104; x_wconf 87' lang='grc' dir='ltr'>βίου</span> <span class='ocrx_word' id='word_1_462' title='bbox 2925 3031 3041 3103; x_wconf 87' lang='grc' dir='ltr'>μετ’</span> <span class='ocrx_word' id='word_1_463' title='bbox 3070 3030 3278 3104; x_wconf 82' lang='grc' dir='ltr'>ἀγαθοῦ</span> <span class='ocrx_word' id='word_1_464' title='bbox 3322 3031 3419 3084; x_wconf 75' lang='grc' dir='ltr'><strong>τοῦ</strong></span> <span class='ocrx_word' id='word_1_465' title='bbox 3468 3027 3710 3084; x_wconf 86' lang='grc' dir='ltr'>συνειδό-</span> 
     </span>
    </p>
   </div>
   <div class='ocr_carea' id='block_1_65' title="bbox 2058 3116 3715 3197">
    <p class='ocr_par' dir='ltr' id='par_1_65' title="bbox 2058 3116 3715 3197">
     <span class='ocr_line' id='line_1_65' title="bbox 2058 3116 3715 3197; baseline -0.003 -20"><span class='ocrx_word' id='word_1_466' title='bbox 2058 3144 2152 3185; x_wconf 91' lang='grc' dir='ltr'><strong>τος</strong></span> <span class='ocrx_word' id='word_1_467' title='bbox 2182 3127 2260 3194; x_wconf 85' lang='grc' dir='ltr'>τῷ</span> <span class='ocrx_word' id='word_1_468' title='bbox 2291 3119 2560 3194; x_wconf 88' lang='grc' dir='ltr'>ἀθλοθέτῃ</span> <span class='ocrx_word' id='word_1_469' title='bbox 2593 3122 2843 3194; x_wconf 79' lang='grc' dir='ltr'>παρακτῇ</span> <span class='ocrx_word' id='word_1_470' title='bbox 2902 3118 3218 3197; x_wconf 83' lang='grc' dir='ltr'>νικηφόρος,</span> <span class='ocrx_word' id='word_1_471' title='bbox 3253 3116 3715 3192; x_wconf 74' lang='grc' dir='ltr'>ὡμολογημένους</span> 
     </span>
    </p>
   </div>
   <div class='ocr_carea' id='block_1_66' title="bbox 292 3183 1945 3287">
    <p class='ocr_par' dir='ltr' id='par_1_66' title="bbox 292 3209 1945 3286">
     <span class='ocr_line' id='line_1_66' title="bbox 292 3209 1945 3286; baseline 0.001 -18"><span class='ocrx_word' id='word_1_472' title='bbox 292 3212 539 3268; x_wconf 87' lang='lat' dir='ltr'><strong>vissima</strong></span> <span class='ocrx_word' id='word_1_473' title='bbox 569 3211 712 3266; x_wconf 90' lang='lat' dir='ltr'><strong>tuba</strong></span> <span class='ocrx_word' id='word_1_474' title='bbox 742 3209 984 3265; x_wconf 90' lang='lat' dir='ltr'><strong>ineundi</strong></span> <span class='ocrx_word' id='word_1_475' title='bbox 1015 3225 1225 3265; x_wconf 89' lang='lat' dir='ltr'><strong>cursus</strong></span> <span class='ocrx_word' id='word_1_476' title='bbox 1251 3209 1484 3282; x_wconf 86' lang='lat' dir='ltr'><strong>signum</strong></span> <span class='ocrx_word' id='word_1_477' title='bbox 1517 3212 1746 3268; x_wconf 91' lang='lat' dir='ltr'><strong>dederit</strong></span> <span class='ocrx_word' id='word_1_478' title='bbox 1771 3217 1945 3286; x_wconf 90' lang='lat' dir='ltr'><strong>atque</strong></span> 
     </span>
    </p>
   </div>
   <div class='ocr_carea' id='block_1_67' title="bbox 2058 3183 3715 3287">
    <p class='ocr_par' dir='ltr' id='par_1_67' title="bbox 2058 3207 3715 3287">
     <span class='ocr_line' id='line_1_67' title="bbox 2058 3207 3715 3287; baseline -0.004 -18"><span class='ocrx_word' id='word_1_479' title='bbox 2058 3220 2157 3284; x_wconf 81' lang='grc' dir='ltr'>τῆς</span> <span class='ocrx_word' id='word_1_480' title='bbox 2211 3210 2319 3268; x_wconf 79' lang='grc' dir='ltr'><strong>ἅνω</strong></span> <span class='ocrx_word' id='word_1_481' title='bbox 2369 3207 2630 3287; x_wconf 88' lang='grc' dir='ltr'>πατρίδος</span> <span class='ocrx_word' id='word_1_482' title='bbox 2687 3207 2856 3279; x_wconf 76' lang='grc' dir='ltr'>ἄξιος,</span> <span class='ocrx_word' id='word_1_483' title='bbox 2888 3208 2963 3270; x_wconf 87' lang='grc' dir='ltr'>εἷς</span> <span class='ocrx_word' id='word_1_484' title='bbox 2995 3210 3059 3278; x_wconf 84' lang='grc' dir='ltr'>ἢν</span> <span class='ocrx_word' id='word_1_485' title='bbox 3097 3208 3232 3282; x_wconf 87' lang='grc' dir='ltr'><strong>μετά</strong></span> <span class='ocrx_word' id='word_1_486' title='bbox 3288 3207 3560 3285; x_wconf 89' lang='grc' dir='ltr'>στεφάνων</span> <span class='ocrx_word' id='word_1_487' title='bbox 3621 3208 3715 3262; x_wconf 87' lang='grc' dir='ltr'><strong>καὶ</strong></span> 
     </span>
    </p>
   </div>
   <div class='ocr_carea' id='block_1_68' title="bbox 290 3297 1948 3372">
    <p class='ocr_par' dir='ltr' id='par_1_68' title="bbox 290 3297 1948 3372">
     <span class='ocr_line' id='line_1_68' title="bbox 290 3297 1948 3372; baseline 0.002 -16"><span class='ocrx_word' id='word_1_488' title='bbox 290 3301 426 3356; x_wconf 89' lang='lat' dir='ltr'><strong>hinc</strong></span> <span class='ocrx_word' id='word_1_489' title='bbox 457 3299 787 3371; x_wconf 88' lang='lat' dir='ltr'><strong>emigrandi</strong></span> <span class='ocrx_word' id='word_1_490' title='bbox 823 3297 982 3354; x_wconf 90' lang='lat' dir='ltr'><strong>velut</strong></span> <span class='ocrx_word' id='word_1_491' title='bbox 1031 3297 1283 3370; x_wconf 78' lang='lat' dir='ltr'><strong>stadio‘,</strong></span> <span class='ocrx_word' id='word_1_492' title='bbox 1317 3315 1386 3355; x_wconf 83' lang='lat' dir='ltr'><strong>ex</strong></span> <span class='ocrx_word' id='word_1_493' title='bbox 1416 3299 1649 3356; x_wconf 87' lang='lat' dir='ltr'><strong>mortali</strong></span> <span class='ocrx_word' id='word_1_494' title='bbox 1683 3301 1791 3358; x_wconf 89' lang='lat' dir='ltr'><strong>hac</strong></span> <span class='ocrx_word' id='word_1_495' title='bbox 1813 3303 1948 3372; x_wconf 88' lang='lat' dir='ltr'><strong>vita,</strong></span> 
     </span>
    </p>
   </div>
   <div class='ocr_carea' id='block_1_69' title="bbox 2059 3297 3188 3377">
    <p class='ocr_par' dir='ltr' id='par_1_69' title="bbox 2059 3297 3188 3377">
     <span class='ocr_line' id='line_1_69' title="bbox 2059 3297 3188 3377; baseline -0.005 -20"><span class='ocrx_word' id='word_1_496' title='bbox 2059 3300 2430 3377; x_wconf 85' lang='grc' dir='ltr'>κηρυγμάτων</span> <span class='ocrx_word' id='word_1_497' title='bbox 2464 3297 2772 3374; x_wconf 83' lang='grc' dir='ltr'>ἀγγελικῶν</span> <span class='ocrx_word' id='word_1_498' title='bbox 2807 3297 3188 3374; x_wconf 84' lang='grc' dir='ltr'>ἐπανέρχεται.</span> 
     </span>
    </p>
   </div>
   <div class='ocr_carea' id='block_1_70' title="bbox 289 3387 3719 3466">
    <p class='ocr_par' dir='ltr' id='par_1_70' title="bbox 289 3387 3719 3466">
     <span class='ocr_line' id='line_1_70' title="bbox 289 3387 3719 3466; baseline 0 -21"><span class='ocrx_word' id='word_1_499' title='bbox 289 3391 446 3446; x_wconf 89' lang='lat' dir='ltr'><strong>bona</strong></span> <span class='ocrx_word' id='word_1_500' title='bbox 490 3390 678 3444; x_wconf 88' lang='lat' dir='ltr'><strong>fretus</strong></span> <span class='ocrx_word' id='word_1_501' title='bbox 725 3387 1108 3455; x_wconf 90' lang='lat' dir='ltr'><strong>conscientia,</strong></span> <span class='ocrx_word' id='word_1_502' title='bbox 1157 3388 1546 3444; x_wconf 89' lang='lat' dir='ltr'><strong>certaminum</strong></span> <span class='ocrx_word' id='word_1_503' title='bbox 1599 3393 1832 3461; x_wconf 68' lang='lat' dir='ltr'><strong>praesidi</strong></span> <span class='ocrx_word' id='word_1_504' title='bbox 1884 3395 2072 3452; x_wconf 84' lang='lat' dir='ltr'><strong>victor</strong></span> <span class='ocrx_word' id='word_1_505' title='bbox 2121 3396 2533 3466; x_wconf 65' lang='lat' dir='ltr'><strong>praesentetur,</strong></span> <span class='ocrx_word' id='word_1_506' title='bbox 2597 3389 2824 3446; x_wconf 72' lang='lat' dir='ltr'><strong>cmlesti</strong></span> <span class='ocrx_word' id='word_1_507' title='bbox 2880 3389 3073 3462; x_wconf 88' lang='lat' dir='ltr'><strong>palam</strong></span> <span class='ocrx_word' id='word_1_508' title='bbox 3122 3389 3338 3461; x_wconf 89' lang='lat' dir='ltr'><strong>dignus</strong></span> <span class='ocrx_word' id='word_1_509' title='bbox 3387 3389 3598 3460; x_wconf 85' lang='lat' dir='ltr'><strong>patria,</strong></span> <span class='ocrx_word' id='word_1_510' title='bbox 3651 3387 3719 3446; x_wconf 88' lang='lat' dir='ltr'><strong>in</strong></span> 
     </span>
    </p>
   </div>
   <div class='ocr_carea' id='block_1_71' title="bbox 292 3477 2543 3552">
    <p class='ocr_par' dir='ltr' id='par_1_71' title="bbox 292 3477 2543 3552">
     <span class='ocr_line' id='line_1_71' title="bbox 292 3477 2543 3552; baseline 0 -18"><span class='ocrx_word' id='word_1_511' title='bbox 292 3495 468 3552; x_wconf 90' lang='lat' dir='ltr'><strong>quam</strong></span> <span class='ocrx_word' id='word_1_512' title='bbox 501 3478 752 3544; x_wconf 89' lang='lat' dir='ltr'><strong>coronis,</strong></span> <span class='ocrx_word' id='word_1_513' title='bbox 785 3477 1247 3549; x_wconf 89' lang='lat' dir='ltr'><strong>angelorumque</strong></span> <span class='ocrx_word' id='word_1_514' title='bbox 1274 3479 1561 3549; x_wconf 71' lang='lat' dir='ltr'><strong>praeconio</strong></span> <span class='ocrx_word' id='word_1_515' title='bbox 1594 3497 1659 3535; x_wconf 90' lang='lat' dir='ltr'><strong>ac</strong></span> <span class='ocrx_word' id='word_1_516' title='bbox 1694 3481 1902 3552; x_wconf 88' lang='lat' dir='ltr'><strong>plausu</strong></span> <span class='ocrx_word' id='word_1_517' title='bbox 1933 3487 2189 3542; x_wconf 89' lang='lat' dir='ltr'><strong>donatus</strong></span> <span class='ocrx_word' id='word_1_518' title='bbox 2219 3481 2543 3538; x_wconf 81' lang='lat' dir='ltr'><strong>revertitur.</strong></span> 
     </span>
    </p>
   </div>
   <div class='ocr_carea' id='block_1_72' title="bbox 356 3565 1947 3638">
    <p class='ocr_par' dir='ltr' id='par_1_72' title="bbox 356 3565 1947 3638">
     <span class='ocr_line' id='line_1_72' title="bbox 356 3565 1947 3638; baseline 0.003 -15"><span class='ocrx_word' id='word_1_519' title='bbox 356 3568 511 3623; x_wconf 73' lang='lat'><strong>886</strong></span> <span class='ocrx_word' id='word_1_520' title='bbox 526 3566 618 3622; x_wconf 91' lang='lat' dir='ltr'><strong>IV.</strong></span> <span class='ocrx_word' id='word_1_521' title='bbox 633 3566 932 3638; x_wconf 87' lang='lat' dir='ltr'><strong>Detigitur</strong></span> <span class='ocrx_word' id='word_1_522' title='bbox 945 3565 1113 3620; x_wconf 88' lang='lat' dir='ltr'><strong>nobis</strong></span> <span class='ocrx_word' id='word_1_523' title='bbox 1128 3565 1636 3638; x_wconf 81' lang='lat' dir='ltr'><strong>Salvator,uthinc</strong></span> <span class='ocrx_word' id='word_1_524' title='bbox 1651 3571 1947 3630; x_wconf 89' lang='lat' dir='ltr'><strong>ordientes</strong></span> 
     </span>
    </p>
   </div>
   <div class='ocr_carea' id='block_1_73' title="bbox 294 3655 1948 3728">
    <p class='ocr_par' dir='ltr' id='par_1_73' title="bbox 294 3655 1948 3728">
     <span class='ocr_line' id='line_1_73' title="bbox 294 3655 1948 3728; baseline 0.002 -14"><span class='ocrx_word' id='word_1_525' title='bbox 294 3671 793 3722; x_wconf 82' lang='lat' dir='ltr'><strong>sermonem,vera</strong></span> <span class='ocrx_word' id='word_1_526' title='bbox 816 3659 873 3709; x_wconf 92' lang='lat' dir='ltr'><strong>et</strong></span> <span class='ocrx_word' id='word_1_527' title='bbox 894 3655 1318 3726; x_wconf 87' lang='lat' dir='ltr'><strong>convenientia,</strong></span> <span class='ocrx_word' id='word_1_528' title='bbox 1334 3674 1581 3728; x_wconf 78' lang='lat' dir='ltr'><strong>quaeque</strong></span> <span class='ocrx_word' id='word_1_529' title='bbox 1602 3660 1674 3714; x_wconf 91' lang='lat' dir='ltr'><strong>ad</strong></span> <span class='ocrx_word' id='word_1_530' title='bbox 1699 3661 1948 3717; x_wconf 86' lang='lat' dir='ltr'><strong>fratrum</strong></span> 
     </span>
    </p>
   </div>
   <div class='ocr_carea' id='block_1_74' title="bbox 293 3743 1948 3821">
    <p class='ocr_par' dir='ltr' id='par_1_74' title="bbox 293 3743 1948 3821">
     <span class='ocr_line' id='line_1_74' title="bbox 293 3743 1948 3821; baseline 0.002 -20"><span class='ocrx_word' id='word_1_531' title='bbox 293 3744 551 3801; x_wconf 86' lang='lat' dir='ltr'><strong>salutem</strong></span> <span class='ocrx_word' id='word_1_532' title='bbox 577 3743 820 3808; x_wconf 86' lang='lat' dir='ltr'><strong>faciunt,</strong></span> <span class='ocrx_word' id='word_1_533' title='bbox 848 3745 1250 3812; x_wconf 83' lang='lat' dir='ltr'><strong>conferamus;</strong></span> <span class='ocrx_word' id='word_1_534' title='bbox 1287 3745 1542 3815; x_wconf 89' lang='lat' dir='ltr'><strong>primum</strong></span> <span class='ocrx_word' id='word_1_535' title='bbox 1566 3748 1637 3801; x_wconf 90' lang='lat' dir='ltr'><strong>de</strong></span> <span class='ocrx_word' id='word_1_536' title='bbox 1663 3765 1766 3818; x_wconf 90' lang='lat' dir='ltr'><strong>spe</strong></span> <span class='ocrx_word' id='word_1_537' title='bbox 1798 3751 1948 3821; x_wconf 90' lang='lat' dir='ltr'><strong>ipsa,</strong></span> 
     </span>
    </p>
   </div>
   <div class='ocr_carea' id='block_1_75' title="bbox 296 3831 1949 3906">
    <p class='ocr_par' dir='ltr' id='par_1_75' title="bbox 296 3831 1949 3906">
     <span class='ocr_line' id='line_1_75' title="bbox 296 3831 1949 3906; baseline 0.001 -15"><span class='ocrx_word' id='word_1_538' title='bbox 296 3833 507 3891; x_wconf 90' lang='lat' dir='ltr'><strong>deinde</strong></span> <span class='ocrx_word' id='word_1_539' title='bbox 535 3831 610 3888; x_wconf 92' lang='lat' dir='ltr'><strong>iis</strong></span> <span class='ocrx_word' id='word_1_540' title='bbox 642 3848 771 3903; x_wconf 75' lang='lat' dir='ltr'><strong>quae</strong></span> <span class='ocrx_word' id='word_1_541' title='bbox 795 3832 866 3887; x_wconf 91' lang='lat' dir='ltr'><strong>ad</strong></span> <span class='ocrx_word' id='word_1_542' title='bbox 903 3849 1064 3904; x_wconf 81' lang='lat' dir='ltr'><strong>spem</strong></span> <span class='ocrx_word' id='word_1_543' title='bbox 1087 3833 1444 3888; x_wconf 90' lang='lat' dir='ltr'><strong>conducunt.</strong></span> <span class='ocrx_word' id='word_1_544' title='bbox 1475 3833 1576 3888; x_wconf 88' lang='lat' dir='ltr'><strong>Ille</strong></span> <span class='ocrx_word' id='word_1_545' title='bbox 1599 3837 1836 3906; x_wconf 90' lang='lat' dir='ltr'><strong>quidem</strong></span> <span class='ocrx_word' id='word_1_546' title='bbox 1859 3838 1949 3892; x_wconf 93' lang='lat' dir='ltr'><strong>in-</strong></span> 
     </span>
    </p>
   </div>
   <div class='ocr_carea' id='block_1_76' title="bbox 297 3921 1950 3998">
    <p class='ocr_par' dir='ltr' id='par_1_76' title="bbox 297 3921 1950 3998">
     <span class='ocr_line' id='line_1_76' title="bbox 297 3921 1950 3998; baseline 0.001 -18"><span class='ocrx_word' id='word_1_547' title='bbox 297 3922 640 3994; x_wconf 89' lang='lat' dir='ltr'><strong>digentibus</strong></span> <span class='ocrx_word' id='word_1_548' title='bbox 661 3921 931 3992; x_wconf 89' lang='lat' dir='ltr'><strong>largitur,</strong></span> <span class='ocrx_word' id='word_1_549' title='bbox 960 3922 1247 3992; x_wconf 90' lang='lat' dir='ltr'><strong>docetque</strong></span> <span class='ocrx_word' id='word_1_550' title='bbox 1273 3927 1567 3993; x_wconf 87' lang='lat' dir='ltr'><strong>rogantes,</strong></span> <span class='ocrx_word' id='word_1_551' title='bbox 1592 3941 1761 3994; x_wconf 89' lang='lat' dir='ltr'><strong>porro</strong></span> <span class='ocrx_word' id='word_1_552' title='bbox 1785 3926 1950 3998; x_wconf 91' lang='lat' dir='ltr'><strong>igno-</strong></span> 
     </span>
    </p>
   </div>
   <div class='ocr_carea' id='block_1_77' title="bbox 296 4009 1950 4081">
    <p class='ocr_par' dir='ltr' id='par_1_77' title="bbox 296 4009 1950 4081">
     <span class='ocr_line' id='line_1_77' title="bbox 296 4009 1950 4081; baseline 0.002 -13"><span class='ocrx_word' id='word_1_553' title='bbox 296 4011 548 4068; x_wconf 85' lang='lat' dir='ltr'><strong>rantiam</strong></span> <span class='ocrx_word' id='word_1_554' title='bbox 597 4009 788 4080; x_wconf 89' lang='lat' dir='ltr'><strong>solvit,</strong></span> <span class='ocrx_word' id='word_1_555' title='bbox 818 4015 995 4081; x_wconf 91' lang='lat' dir='ltr'><strong>atque</strong></span> <span class='ocrx_word' id='word_1_556' title='bbox 1031 4011 1499 4081; x_wconf 58' lang='lat' dir='ltr'><strong>desperationem</strong></span> <span class='ocrx_word' id='word_1_557' title='bbox 1540 4014 1786 4069; x_wconf 83' lang='lat' dir='ltr'><strong>excutit:</strong></span> <span class='ocrx_word' id='word_1_558' title='bbox 1823 4031 1950 4072; x_wconf 91' lang='lat' dir='ltr'><strong>eos-</strong></span> 
     </span>
    </p>
   </div>
   <div class='ocr_carea' id='block_1_78' title="bbox 299 4099 1951 4174">
    <p class='ocr_par' dir='ltr' id='par_1_78' title="bbox 299 4099 1951 4174">
     <span class='ocr_line' id='line_1_78' title="bbox 299 4099 1951 4174; baseline 0.001 -16"><span class='ocrx_word' id='word_1_559' title='bbox 299 4103 434 4158; x_wconf 91' lang='lat' dir='ltr'><strong>dem</strong></span> <span class='ocrx_word' id='word_1_560' title='bbox 460 4117 666 4157; x_wconf 90' lang='lat' dir='ltr'><strong>rursus</strong></span> <span class='ocrx_word' id='word_1_561' title='bbox 684 4101 755 4154; x_wconf 90' lang='lat' dir='ltr'><strong>de</strong></span> <span class='ocrx_word' id='word_1_562' title='bbox 773 4099 1056 4153; x_wconf 89' lang='lat' dir='ltr'><strong>divitibus</strong></span> <span class='ocrx_word' id='word_1_563' title='bbox 1074 4115 1374 4154; x_wconf 87' lang='lat' dir='ltr'><strong>sermones</strong></span> <span class='ocrx_word' id='word_1_564' title='bbox 1395 4099 1702 4166; x_wconf 87' lang='lat' dir='ltr'><strong>inducens,</strong></span> <span class='ocrx_word' id='word_1_565' title='bbox 1717 4103 1818 4174; x_wconf 91' lang='lat' dir='ltr'><strong>qui</strong></span> <span class='ocrx_word' id='word_1_566' title='bbox 1839 4104 1951 4174; x_wconf 89' lang='lat' dir='ltr'><strong>ipsi</strong></span> 
     </span>
    </p>
   </div>
   <div class='ocr_carea' id='block_1_79' title="bbox 301 4189 1950 4262">
    <p class='ocr_par' dir='ltr' id='par_1_79' title="bbox 301 4189 1950 4262">
     <span class='ocr_line' id='line_1_79' title="bbox 301 4189 1950 4262; baseline 0.001 -15"><span class='ocrx_word' id='word_1_567' title='bbox 301 4189 1004 4262; x_wconf 86' lang='lat' dir='ltr'><strong>seipsosinterpretantur</strong></span> <span class='ocrx_word' id='word_1_568' title='bbox 1024 4191 1272 4258; x_wconf 89' lang='lat' dir='ltr'><strong>tutoque</strong></span> <span class='ocrx_word' id='word_1_569' title='bbox 1289 4193 1601 4259; x_wconf 86' lang='lat' dir='ltr'><strong>exponant.</strong></span> <span class='ocrx_word' id='word_1_570' title='bbox 1623 4190 1779 4247; x_wconf 89' lang='lat' dir='ltr'><strong>Nihil</strong></span> <span class='ocrx_word' id='word_1_571' title='bbox 1793 4194 1950 4249; x_wconf 91' lang='lat' dir='ltr'><strong>enim</strong></span> 
     </span>
    </p>
   </div>
   <div class='ocr_carea' id='block_1_80' title="bbox 301 4277 1951 4350">
    <p class='ocr_par' dir='ltr' id='par_1_80' title="bbox 301 4277 1951 4350">
     <span class='ocr_line' id='line_1_80' title="bbox 301 4277 1951 4350; baseline 0.001 -15"><span class='ocrx_word' id='word_1_572' title='bbox 301 4280 386 4336; x_wconf 89' lang='lat' dir='ltr'><strong>sic</strong></span> <span class='ocrx_word' id='word_1_573' title='bbox 399 4280 591 4349; x_wconf 83' lang='lat' dir='ltr'><strong>juvat,</strong></span> <span class='ocrx_word' id='word_1_574' title='bbox 610 4293 676 4331; x_wconf 93' lang='lat' dir='ltr'><strong>ac</strong></span> <span class='ocrx_word' id='word_1_575' title='bbox 711 4277 838 4348; x_wconf 91' lang='lat' dir='ltr'><strong>ipsa</strong></span> <span class='ocrx_word' id='word_1_576' title='bbox 860 4292 1066 4331; x_wconf 87' lang='lat' dir='ltr'><strong>rursus</strong></span> <span class='ocrx_word' id='word_1_577' title='bbox 1090 4277 1293 4332; x_wconf 88' lang='lat' dir='ltr'><strong>audire</strong></span> <span class='ocrx_word' id='word_1_578' title='bbox 1313 4277 1643 4350; x_wconf 77' lang='lat' dir='ltr'><strong>verba,quae</strong></span> <span class='ocrx_word' id='word_1_579' title='bbox 1671 4280 1732 4334; x_wconf 90' lang='lat' dir='ltr'><strong>in</strong></span> <span class='ocrx_word' id='word_1_580' title='bbox 1765 4285 1951 4338; x_wconf 85' lang='lat' dir='ltr'><strong>Evan-</strong></span> 
     </span>
    </p>
   </div>
   <div class='ocr_carea' id='block_1_81' title="bbox 303 4363 1953 4440">
    <p class='ocr_par' dir='ltr' id='par_1_81' title="bbox 303 4363 1953 4440">
     <span class='ocr_line' id='line_1_81' title="bbox 303 4363 1953 4440; baseline 0.005 -19"><span class='ocrx_word' id='word_1_581' title='bbox 303 4366 452 4440; x_wconf 91' lang='lat' dir='ltr'><strong>gelis</strong></span> <span class='ocrx_word' id='word_1_582' title='bbox 481 4363 759 4436; x_wconf 81' lang='lat' dir='ltr'><strong>exposita,</strong></span> <span class='ocrx_word' id='word_1_583' title='bbox 786 4381 890 4420; x_wconf 92' lang='lat' dir='ltr'><strong>nec</strong></span> <span class='ocrx_word' id='word_1_584' title='bbox 914 4364 1078 4435; x_wconf 88' lang='lat' dir='ltr'><strong>justo</strong></span> <span class='ocrx_word' id='word_1_585' title='bbox 1103 4365 1248 4421; x_wconf 90' lang='lat' dir='ltr'><strong>satis</strong></span> <span class='ocrx_word' id='word_1_586' title='bbox 1273 4365 1542 4423; x_wconf 85' lang='lat' dir='ltr'><strong>examine</strong></span> <span class='ocrx_word' id='word_1_587' title='bbox 1562 4371 1737 4440; x_wconf 91' lang='lat' dir='ltr'><strong>atque</strong></span> <span class='ocrx_word' id='word_1_588' title='bbox 1757 4387 1953 4430; x_wconf 90' lang='lat' dir='ltr'><strong>errore</strong></span> 
     </span>
    </p>
   </div>
   <div class='ocr_carea' id='block_1_82' title="bbox 302 4453 1952 4530">
    <p class='ocr_par' dir='ltr' id='par_1_82' title="bbox 302 4453 1952 4530">
     <span class='ocr_line' id='line_1_82' title="bbox 302 4453 1952 4530; baseline 0.004 -18"><span class='ocrx_word' id='word_1_589' title='bbox 302 4454 673 4512; x_wconf 87' lang='lat' dir='ltr'><strong>auditoribus</strong></span> <span class='ocrx_word' id='word_1_590' title='bbox 722 4470 839 4525; x_wconf 65' lang='lat' dir='ltr'><strong>pra</strong></span> <span class='ocrx_word' id='word_1_591' title='bbox 871 4453 1124 4509; x_wconf 83' lang='lat' dir='ltr'><strong>infantia</strong></span> <span class='ocrx_word' id='word_1_592' title='bbox 1153 4455 1365 4510; x_wconf 88' lang='lat' dir='ltr'><strong>mentis</strong></span> <span class='ocrx_word' id='word_1_593' title='bbox 1405 4461 1643 4530; x_wconf 90' lang='lat' dir='ltr'><strong>accepta</strong></span> <span class='ocrx_word' id='word_1_594' title='bbox 1673 4459 1952 4518; x_wconf 87' lang='lat' dir='ltr'><strong>hactenus</strong></span> 
     </span>
    </p>
   </div>
   <div class='ocr_carea' id='block_1_83' title="bbox 298 4542 1950 4617">
    <p class='ocr_par' dir='ltr' id='par_1_83' title="bbox 298 4542 1950 4617">
     <span class='ocr_line' id='line_1_83' title="bbox 298 4542 1950 4617; baseline 0.003 -16"><span class='ocrx_word' id='word_1_595' title='bbox 298 4561 402 4602; x_wconf 89' lang='lat' dir='ltr'><strong>vos</strong></span> <span class='ocrx_word' id='word_1_596' title='bbox 448 4542 894 4600; x_wconf 89' lang='lat' dir='ltr'><strong>conturbarunt.</strong></span> <span class='ocrx_word' id='word_1_597' title='bbox 919 4565 948 4594; x_wconf 88' lang='grc'><strong>‹‹</strong></span> <span class='ocrx_word' id='word_1_598' title='bbox 977 4543 1044 4598; x_wconf 86' lang='lat' dir='ltr'><strong>Et</strong></span> <span class='ocrx_word' id='word_1_599' title='bbox 1073 4559 1208 4599; x_wconf 87' lang='lat' dir='ltr'><strong>cum</strong></span> <span class='ocrx_word' id='word_1_600' title='bbox 1237 4543 1420 4600; x_wconf 80' lang='lat' dir='ltr'><strong>exiret</strong></span> <span class='ocrx_word' id='word_1_601' title='bbox 1465 4544 1524 4600; x_wconf 91' lang='lat' dir='ltr'><strong>in</strong></span> <span class='ocrx_word' id='word_1_602' title='bbox 1575 4547 1748 4617; x_wconf 76' lang='lat' dir='ltr'><strong>viam,</strong></span> <span class='ocrx_word' id='word_1_603' title='bbox 1783 4565 1950 4606; x_wconf 86' lang='lat' dir='ltr'><strong>acce-</strong></span> 
     </span>
    </p>
   </div>
   <div class='ocr_carea' id='block_1_84' title="bbox 2130 3562 3717 3640">
    <p class='ocr_par' dir='ltr' id='par_1_84' title="bbox 2130 3562 3717 3640">
     <span class='ocr_line' id='line_1_84' title="bbox 2130 3562 3717 3640; baseline -0.008 -15"><span class='ocrx_word' id='word_1_604' title='bbox 2130 3577 2200 3628; x_wconf 85' lang='lat' dir='ltr'><strong>A’.</strong></span> <span class='ocrx_word' id='word_1_605' title='bbox 2235 3567 2366 3637; x_wconf 81' lang='grc' dir='ltr'>Δοίη</span> <span class='ocrx_word' id='word_1_606' title='bbox 2423 3565 2605 3622; x_wconf 89' lang='grc' dir='ltr'>τοίνυν</span> <span class='ocrx_word' id='word_1_607' title='bbox 2663 3569 2800 3640; x_wconf 75' lang='grc' dir='ltr'>ἡμῖν</span> <span class='ocrx_word' id='word_1_608' title='bbox 2851 3566 2879 3620; x_wconf 93' lang='lat'><strong>6</strong></span> <span class='ocrx_word' id='word_1_609' title='bbox 2925 3565 3143 3639; x_wconf 80' lang='grc' dir='ltr'>Σωτὴρ,</span> <span class='ocrx_word' id='word_1_610' title='bbox 3175 3562 3412 3628; x_wconf 78' lang='grc' dir='ltr'>ἐντεῦθεν</span> <span class='ocrx_word' id='word_1_611' title='bbox 3473 3563 3717 3640; x_wconf 77' lang='grc' dir='ltr'>ἀρξαμέ-</span> 
     </span>
    </p>
   </div>
   <div class='ocr_carea' id='block_1_85' title="bbox 2057 3653 3716 3732">
    <p class='ocr_par' dir='ltr' id='par_1_85' title="bbox 2057 3653 3716 3732">
     <span class='ocr_line' id='line_1_85' title="bbox 2057 3653 3716 3732; baseline -0.003 -17"><span class='ocrx_word' id='word_1_612' title='bbox 2057 3681 2174 3724; x_wconf 89' lang='grc' dir='ltr'>νοις</span> <span class='ocrx_word' id='word_1_613' title='bbox 2213 3662 2310 3714; x_wconf 83' lang='grc' dir='ltr'>τοῦ</span> <span class='ocrx_word' id='word_1_614' title='bbox 2342 3657 2538 3732; x_wconf 90' lang='grc' dir='ltr'>λόγου,</span> <span class='ocrx_word' id='word_1_615' title='bbox 2567 3653 2782 3726; x_wconf 87' lang='grc' dir='ltr'>τάληθῆ</span> <span class='ocrx_word' id='word_1_616' title='bbox 2815 3656 2904 3710; x_wconf 86' lang='grc' dir='ltr'><strong>καὶ</strong></span> <span class='ocrx_word' id='word_1_617' title='bbox 2934 3654 3001 3710; x_wconf 78' lang='grc' dir='ltr'>τὰ</span> <span class='ocrx_word' id='word_1_618' title='bbox 3029 3655 3308 3728; x_wconf 85' lang='grc' dir='ltr'>πρέποντα</span> <span class='ocrx_word' id='word_1_619' title='bbox 3335 3653 3427 3709; x_wconf 85' lang='grc' dir='ltr'><strong>καὶ</strong></span> <span class='ocrx_word' id='word_1_620' title='bbox 3477 3655 3544 3709; x_wconf 81' lang='grc' dir='ltr'>τὰ</span> <span class='ocrx_word' id='word_1_621' title='bbox 3602 3675 3716 3710; x_wconf 90' lang='grc' dir='ltr'>σω-</span> 
     </span>
    </p>
   </div>
   <div class='ocr_carea' id='block_1_86' title="bbox 2053 3742 3716 3823">
    <p class='ocr_par' dir='ltr' id='par_1_86' title="bbox 2053 3742 3716 3823">
     <span class='ocr_line' id='line_1_86' title="bbox 2053 3742 3716 3823; baseline -0.003 -20"><span class='ocrx_word' id='word_1_622' title='bbox 2053 3751 2222 3823; x_wconf 77' lang='grc' dir='ltr'>τήρια</span> <span class='ocrx_word' id='word_1_623' title='bbox 2253 3743 2626 3819; x_wconf 76' lang='grc' dir='ltr'>συμϐαλέσθαι</span> <span class='ocrx_word' id='word_1_624' title='bbox 2654 3750 2774 3807; x_wconf 87' lang='grc' dir='ltr'>τοῖς</span> <span class='ocrx_word' id='word_1_625' title='bbox 2805 3742 3085 3822; x_wconf 78' lang='grc' dir='ltr'>ἀδελφοῖς,</span> <span class='ocrx_word' id='word_1_626' title='bbox 3117 3742 3254 3820; x_wconf 91' lang='grc' dir='ltr'>πρός</span> <span class='ocrx_word' id='word_1_627' title='bbox 3289 3764 3350 3798; x_wconf 87' lang='grc' dir='ltr'><strong>τε</strong></span> <span class='ocrx_word' id='word_1_628' title='bbox 3397 3745 3494 3812; x_wconf 84' lang='grc' dir='ltr'><strong>τὴν</strong></span> <span class='ocrx_word' id='word_1_629' title='bbox 3557 3742 3716 3799; x_wconf 83' lang='grc' dir='ltr'>ἐλπί-</span> 
     </span>
    </p>
   </div>
   <div class='ocr_carea' id='block_1_87' title="bbox 2059 3831 3716 3912">
    <p class='ocr_par' dir='ltr' id='par_1_87' title="bbox 2059 3831 3716 3912">
     <span class='ocr_line' id='line_1_87' title="bbox 2059 3831 3716 3912; baseline -0.003 -19"><span class='ocrx_word' id='word_1_630' title='bbox 2059 3835 2126 3893; x_wconf 89' lang='grc' dir='ltr'><strong>δα</strong></span> <span class='ocrx_word' id='word_1_631' title='bbox 2155 3841 2372 3912; x_wconf 80' lang='grc' dir='ltr'>πρῶτον</span> <span class='ocrx_word' id='word_1_632' title='bbox 2407 3835 2592 3904; x_wconf 77' lang='grc' dir='ltr'>αὐτὴν,</span> <span class='ocrx_word' id='word_1_633' title='bbox 2623 3831 2714 3888; x_wconf 79' lang='grc' dir='ltr'>καί</span> <span class='ocrx_word' id='word_1_634' title='bbox 2754 3831 3002 3907; x_wconf 81' lang='grc' dir='ltr'>δεύτερον</span> <span class='ocrx_word' id='word_1_635' title='bbox 3036 3832 3173 3908; x_wconf 84' lang='grc' dir='ltr'>πρὸς</span> <span class='ocrx_word' id='word_1_636' title='bbox 3201 3833 3301 3902; x_wconf 86' lang='grc' dir='ltr'>τήν</span> <span class='ocrx_word' id='word_1_637' title='bbox 3331 3836 3432 3898; x_wconf 81' lang='grc' dir='ltr'>τῆς</span> <span class='ocrx_word' id='word_1_638' title='bbox 3489 3831 3716 3896; x_wconf 87' lang='grc' dir='ltr'>ἐλπίδος</span> 
     </span>
    </p>
   </div>
   <div class='ocr_carea' id='block_1_88' title="bbox 2055 3919 3717 4001">
    <p class='ocr_par' dir='ltr' id='par_1_88' title="bbox 2055 3919 3717 4001">
     <span class='ocr_line' id='line_1_88' title="bbox 2055 3919 3717 4001; baseline -0.004 -19"><span class='ocrx_word' id='word_1_639' title='bbox 2055 3926 2450 4001; x_wconf 81' lang='grc' dir='ltr'>προσαγωγήν.</span> <span class='ocrx_word' id='word_1_640' title='bbox 2481 3924 2542 3980; x_wconf 93' lang='grc' dir='ltr'>Ὁ</span> <span class='ocrx_word' id='word_1_641' title='bbox 2575 3919 2642 3992; x_wconf 81' lang='grc' dir='ltr'>δὴ</span> <span class='ocrx_word' id='word_1_642' title='bbox 2674 3919 3276 3998; x_wconf 77' lang='grc' dir='ltr'>χαρίζεταιδεομένοις,</span> <span class='ocrx_word' id='word_1_643' title='bbox 3307 3922 3402 3976; x_wconf 88' lang='grc' dir='ltr'><strong>καὶ</strong></span> <span class='ocrx_word' id='word_1_644' title='bbox 3431 3921 3717 3986; x_wconf 73' lang='grc' dir='ltr'>αἰτοῦντας</span> 
     </span>
    </p>
   </div>
   <div class='ocr_carea' id='block_1_89' title="bbox 2059 4009 3714 4086">
    <p class='ocr_par' dir='ltr' id='par_1_89' title="bbox 2059 4009 3714 4086">
     <span class='ocr_line' id='line_1_89' title="bbox 2059 4009 3714 4086; baseline -0.004 -15"><span class='ocrx_word' id='word_1_645' title='bbox 2059 4013 2345 4071; x_wconf 89' lang='grc' dir='ltr'>διδάσκει·</span> <span class='ocrx_word' id='word_1_646' title='bbox 2381 4011 2500 4067; x_wconf 80' lang='grc' dir='ltr'>λόει</span> <span class='ocrx_word' id='word_1_647' title='bbox 2557 4033 2616 4066; x_wconf 92' lang='grc' dir='ltr'><strong>τε</strong></span> <span class='ocrx_word' id='word_1_648' title='bbox 2674 4013 2772 4081; x_wconf 74' lang='grc' dir='ltr'>τὴν</span> <span class='ocrx_word' id='word_1_649' title='bbox 2823 4009 3065 4086; x_wconf 76' lang='grc' dir='ltr'>ἄγνοιαν,</span> <span class='ocrx_word' id='word_1_650' title='bbox 3098 4012 3186 4066; x_wconf 81' lang='grc' dir='ltr'><strong>καὶ</strong></span> <span class='ocrx_word' id='word_1_651' title='bbox 3241 4012 3340 4079; x_wconf 82' lang='grc' dir='ltr'>τήν</span> <span class='ocrx_word' id='word_1_652' title='bbox 3399 4010 3714 4086; x_wconf 80' lang='grc' dir='ltr'>ἀπόγνωσιν</span> 
     </span>
    </p>
   </div>
   <div class='ocr_carea' id='block_1_90' title="bbox 2058 4098 3716 4176">
    <p class='ocr_par' dir='ltr' id='par_1_90' title="bbox 2058 4098 3716 4176">
     <span class='ocr_line' id='line_1_90' title="bbox 2058 4098 3716 4176; baseline -0.004 -16"><span class='ocrx_word' id='word_1_653' title='bbox 2058 4103 2388 4174; x_wconf 84' lang='grc' dir='ltr'>ἀποσείεται,</span> <span class='ocrx_word' id='word_1_654' title='bbox 2421 4101 2548 4163; x_wconf 83' lang='grc' dir='ltr'>τοὺς</span> <span class='ocrx_word' id='word_1_655' title='bbox 2580 4099 2778 4163; x_wconf 78' lang='grc' dir='ltr'>αὐτοὺς</span> <span class='ocrx_word' id='word_1_656' title='bbox 2826 4099 2991 4156; x_wconf 88' lang='grc' dir='ltr'>πάλιν</span> <span class='ocrx_word' id='word_1_657' title='bbox 3053 4098 3284 4175; x_wconf 76' lang='grc' dir='ltr'>εἰσάγων</span> <span class='ocrx_word' id='word_1_658' title='bbox 3333 4099 3530 4176; x_wconf 90' lang='grc' dir='ltr'>λόγους</span> <span class='ocrx_word' id='word_1_659' title='bbox 3586 4098 3716 4174; x_wconf 84' lang='grc' dir='ltr'>περῖ</span> 
     </span>
    </p>
   </div>
   <div class='ocr_carea' id='block_1_91' title="bbox 2056 4188 3720 4265">
    <p class='ocr_par' dir='ltr' id='par_1_91' title="bbox 2056 4188 3720 4265">
     <span class='ocr_line' id='line_1_91' title="bbox 2056 4188 3720 4265; baseline -0.005 -16"><span class='ocrx_word' id='word_1_660' title='bbox 2056 4198 2164 4249; x_wconf 89' lang='grc' dir='ltr'><strong>τῶν</strong></span> <span class='ocrx_word' id='word_1_661' title='bbox 2197 4191 2479 4248; x_wconf 88' lang='grc' dir='ltr'>πλουσίων</span> <span class='ocrx_word' id='word_1_662' title='bbox 2509 4189 2711 4244; x_wconf 79' lang='grc' dir='ltr'>ἑαυτῶν</span> <span class='ocrx_word' id='word_1_663' title='bbox 2741 4189 3012 4265; x_wconf 72' lang='grc' dir='ltr'>ἑρμηνέας</span> <span class='ocrx_word' id='word_1_664' title='bbox 3069 4188 3392 4264; x_wconf 87' lang='grc' dir='ltr'>γινομένους</span> <span class='ocrx_word' id='word_1_665' title='bbox 3449 4189 3539 4244; x_wconf 81' lang='grc' dir='ltr'><strong>καὶ</strong></span> <span class='ocrx_word' id='word_1_666' title='bbox 3587 4188 3720 4259; x_wconf 78' lang='grc' dir='ltr'>ἐξη-</span> 
     </span>
    </p>
   </div>
   <div class='ocr_carea' id='block_1_92' title="bbox 2058 4275 3718 4360">
    <p class='ocr_par' dir='ltr' id='par_1_92' title="bbox 2058 4275 3718 4360">
     <span class='ocr_line' id='line_1_92' title="bbox 2058 4275 3718 4360; baseline -0.004 -23"><span class='ocrx_word' id='word_1_667' title='bbox 2058 4283 2230 4360; x_wconf 81' lang='grc' dir='ltr'>γητὰς</span> <span class='ocrx_word' id='word_1_668' title='bbox 2263 4283 2539 4360; x_wconf 76' lang='grc' dir='ltr'>ἀσφαλεῖς.</span> <span class='ocrx_word' id='word_1_669' title='bbox 2571 4275 2742 4336; x_wconf 75' lang='grc' dir='ltr'>Οὐδὲν</span> <span class='ocrx_word' id='word_1_670' title='bbox 2793 4279 2897 4354; x_wconf 81' lang='grc' dir='ltr'>γὰρ</span> <span class='ocrx_word' id='word_1_671' title='bbox 2945 4279 3058 4332; x_wconf 80' lang='grc' dir='ltr'>οἷον</span> <span class='ocrx_word' id='word_1_672' title='bbox 3109 4277 3285 4332; x_wconf 79' lang='grc' dir='ltr'>αὐτῶν</span> <span class='ocrx_word' id='word_1_673' title='bbox 3338 4276 3488 4339; x_wconf 74' lang='grc' dir='ltr'>αὖθις</span> <span class='ocrx_word' id='word_1_674' title='bbox 3545 4278 3718 4331; x_wconf 80' lang='grc' dir='ltr'>ἀκοῦ-</span> 
     </span>
    </p>
   </div>
   <div class='ocr_carea' id='block_1_93' title="bbox 2062 4363 3715 4447">
    <p class='ocr_par' dir='ltr' id='par_1_93' title="bbox 2062 4363 3715 4447">
     <span class='ocr_line' id='line_1_93' title="bbox 2062 4363 3715 4447; baseline -0.004 -20"><span class='ocrx_word' id='word_1_675' title='bbox 2062 4393 2147 4427; x_wconf 87' lang='grc' dir='ltr'><strong>σαι</strong></span> <span class='ocrx_word' id='word_1_676' title='bbox 2178 4375 2285 4427; x_wconf 87' lang='grc' dir='ltr'><strong>τῶν</strong></span> <span class='ocrx_word' id='word_1_677' title='bbox 2318 4370 2518 4447; x_wconf 78' lang='grc' dir='ltr'>ῥητῶν,</span> <span class='ocrx_word' id='word_1_678' title='bbox 2552 4367 2686 4443; x_wconf 82' lang='grc' dir='ltr'>ἅπερ</span> <span class='ocrx_word' id='word_1_679' title='bbox 2739 4367 2880 4440; x_wconf 80' lang='grc' dir='ltr'>ὑμᾶς</span> <span class='ocrx_word' id='word_1_680' title='bbox 2919 4365 2970 4421; x_wconf 82' lang='grc' dir='ltr'><strong>ἐν</strong></span> <span class='ocrx_word' id='word_1_681' title='bbox 3017 4370 3134 4428; x_wconf 91' lang='grc' dir='ltr'>τοῖς</span> <span class='ocrx_word' id='word_1_682' title='bbox 3181 4363 3539 4443; x_wconf 83' lang='grc' dir='ltr'>Εὗαγγελίοις</span> <span class='ocrx_word' id='word_1_683' title='bbox 3580 4363 3715 4440; x_wconf 75' lang='grc' dir='ltr'>ἄχρι</span> 
     </span>
    </p>
   </div>
   <div class='ocr_carea' id='block_1_94' title="bbox 2059 4450 3715 4534">
    <p class='ocr_par' dir='ltr' id='par_1_94' title="bbox 2059 4450 3715 4534">
     <span class='ocr_line' id='line_1_94' title="bbox 2059 4450 3715 4534; baseline -0.005 -18"><span class='ocrx_word' id='word_1_684' title='bbox 2059 4465 2150 4516; x_wconf 82' lang='grc' dir='ltr'>νῦν</span> <span class='ocrx_word' id='word_1_685' title='bbox 2203 4457 2564 4534; x_wconf 89' lang='grc' dir='ltr'>διετάρασσεν,</span> <span class='ocrx_word' id='word_1_686' title='bbox 2632 4450 3008 4519; x_wconf 76' lang='grc' dir='ltr'>ἀϐασανίστως</span> <span class='ocrx_word' id='word_1_687' title='bbox 3083 4453 3173 4510; x_wconf 84' lang='grc' dir='ltr'><strong>καὶ</strong></span> <span class='ocrx_word' id='word_1_688' title='bbox 3249 4452 3715 4528; x_wconf 85' lang='grc' dir='ltr'>διημαρτημένως</span> 
     </span>
    </p>
   </div>
   <div class='ocr_carea' id='block_1_95' title="bbox 2062 4541 3712 4621">
    <p class='ocr_par' dir='ltr' id='par_1_95' title="bbox 2062 4541 3712 4621">
     <span class='ocr_line' id='line_1_95' title="bbox 2062 4541 3712 4621; baseline -0.005 -16"><span class='ocrx_word' id='word_1_689' title='bbox 2062 4550 2166 4606; x_wconf 75' lang='grc' dir='ltr'><strong>ὑπὸ</strong></span> <span class='ocrx_word' id='word_1_690' title='bbox 2196 4547 2532 4620; x_wconf 88' lang='grc' dir='ltr'>νηπιότητος</span> <span class='ocrx_word' id='word_1_691' title='bbox 2581 4545 2970 4621; x_wconf 78' lang='grc' dir='ltr'>ἀκροωμένους</span> <span class='ocrx_word' id='word_1_692' title='bbox 2999 4563 3012 4575; x_wconf 83' lang='grc'><strong><em>⁸</em></strong></span> <span class='ocrx_word' id='word_1_693' title='bbox 3051 4567 3072 4596; x_wconf 73' lang='grc' dir='ltr'><strong>ε</strong></span> <span class='ocrx_word' id='word_1_694' title='bbox 3108 4541 3559 4618; x_wconf 83' lang='grc' dir='ltr'>Ἐκπορευομένῳ</span> <span class='ocrx_word' id='word_1_695' title='bbox 3615 4541 3712 4597; x_wconf 84' lang='grc' dir='ltr'>αὐ-</span> 
     </span>
    </p>
   </div>
   <div class='ocr_carea' id='block_1_96' title="bbox 301 4627 1945 4712">
    <p class='ocr_par' dir='ltr' id='par_1_96' title="bbox 301 4633 1945 4709">
     <span class='ocr_line' id='line_1_96' title="bbox 301 4633 1945 4709; baseline 0.003 -18"><span class='ocrx_word' id='word_1_696' title='bbox 301 4635 448 4692; x_wconf 86' lang='lat' dir='ltr'><strong>dens</strong></span> <span class='ocrx_word' id='word_1_697' title='bbox 481 4633 722 4706; x_wconf 90' lang='lat' dir='ltr'><strong>quidam</strong></span> <span class='ocrx_word' id='word_1_698' title='bbox 754 4648 908 4705; x_wconf 89' lang='lat' dir='ltr'><strong>genu</strong></span> <span class='ocrx_word' id='word_1_699' title='bbox 940 4633 1230 4699; x_wconf 85' lang='lat' dir='ltr'><strong>ﬂectebat,</strong></span> <span class='ocrx_word' id='word_1_700' title='bbox 1263 4633 1462 4690; x_wconf 89' lang='lat' dir='ltr'><strong>dicens</strong></span> <span class='ocrx_word' id='word_1_701' title='bbox 1495 4651 1509 4691; x_wconf 89' lang='lat'><strong>:</strong></span> <span class='ocrx_word' id='word_1_702' title='bbox 1545 4635 1818 4709; x_wconf 88' lang='lat' dir='ltr'><strong>Magister</strong></span> <span class='ocrx_word' id='word_1_703' title='bbox 1849 4639 1945 4696; x_wconf 94' lang='lat' dir='ltr'><strong>bo-</strong></span> 
     </span>
    </p>
   </div>
   <div class='ocr_carea' id='block_1_97' title="bbox 2058 4627 3712 4712">
    <p class='ocr_par' dir='ltr' id='par_1_97' title="bbox 2059 4627 3712 4712">
     <span class='ocr_line' id='line_1_97' title="bbox 2059 4627 3712 4712; baseline -0.005 -18"><span class='ocrx_word' id='word_1_704' title='bbox 2059 4643 2140 4711; x_wconf 82' lang='grc' dir='ltr'>τῷ</span> <span class='ocrx_word' id='word_1_705' title='bbox 2169 4638 2246 4699; x_wconf 77' lang='grc' dir='ltr'><strong>εἰς</strong></span> <span class='ocrx_word' id='word_1_706' title='bbox 2276 4634 2400 4692; x_wconf 86' lang='grc' dir='ltr'>ὁδὸν</span> <span class='ocrx_word' id='word_1_707' title='bbox 2432 4631 2750 4712; x_wconf 86' lang='grc' dir='ltr'>προσελθών</span> <span class='ocrx_word' id='word_1_708' title='bbox 2781 4653 2866 4695; x_wconf 85' lang='grc' dir='ltr'><strong>τις</strong></span> <span class='ocrx_word' id='word_1_709' title='bbox 2925 4631 3256 4708; x_wconf 78' lang='grc' dir='ltr'>ἐγονυπέτει,</span> <span class='ocrx_word' id='word_1_710' title='bbox 3288 4629 3463 4707; x_wconf 84' lang='grc' dir='ltr'>λέγων</span> <span class='ocrx_word' id='word_1_711' title='bbox 3502 4651 3512 4663; x_wconf 89' lang='grc'>·</span> <span class='ocrx_word' id='word_1_712' title='bbox 3549 4627 3712 4686; x_wconf 87' lang='grc' dir='ltr'>Διδά-</span> 
     </span>
    </p>
   </div>
   <div class='ocr_carea' id='block_1_98' title="bbox 302 4718 1945 4801">
    <p class='ocr_par' dir='ltr' id='par_1_98' title="bbox 302 4722 1945 4797">
     <span class='ocr_line' id='line_1_98' title="bbox 302 4722 1945 4797; baseline 0.004 -17"><span class='ocrx_word' id='word_1_713' title='bbox 302 4741 396 4794; x_wconf 92' lang='lat' dir='ltr'><strong>ne,</strong></span> <span class='ocrx_word' id='word_1_714' title='bbox 420 4722 564 4796; x_wconf 89' lang='lat' dir='ltr'><strong>quid</strong></span> <span class='ocrx_word' id='word_1_715' title='bbox 610 4722 819 4778; x_wconf 85' lang='lat' dir='ltr'><strong>faciam</strong></span> <span class='ocrx_word' id='word_1_716' title='bbox 852 4725 918 4778; x_wconf 93' lang='lat' dir='ltr'><strong>ut</strong></span> <span class='ocrx_word' id='word_1_717' title='bbox 943 4726 1008 4793; x_wconf 76' lang='grc' dir='ltr'><strong>›ι‹</strong></span> <span class='ocrx_word' id='word_1_718' title='bbox 1033 4722 1208 4778; x_wconf 88' lang='lat' dir='ltr'><strong>vitam</strong></span> <span class='ocrx_word' id='word_1_719' title='bbox 1258 4725 1532 4779; x_wconf 63' lang='lat' dir='ltr'><strong>aeternam</strong></span> <span class='ocrx_word' id='word_1_720' title='bbox 1584 4727 1945 4797; x_wconf 83' lang='lat' dir='ltr'><strong>possideam‘l</strong></span> 
     </span>
    </p>
   </div>
   <div class='ocr_carea' id='block_1_99' title="bbox 2058 4718 3709 4801">
    <p class='ocr_par' dir='ltr' id='par_1_99' title="bbox 2061 4718 3709 4801">
     <span class='ocr_line' id='line_1_99' title="bbox 2061 4718 3709 4801; baseline -0.005 -18"><span class='ocrx_word' id='word_1_721' title='bbox 2061 4727 2227 4784; x_wconf 88' lang='grc' dir='ltr'>σκαλε</span> <span class='ocrx_word' id='word_1_722' title='bbox 2284 4725 2466 4801; x_wconf 71' lang='grc' dir='ltr'>ἀγαθὲ,</span> <span class='ocrx_word' id='word_1_723' title='bbox 2499 4723 2551 4778; x_wconf 89' lang='grc' dir='ltr'><strong>τί</strong></span> <span class='ocrx_word' id='word_1_724' title='bbox 2610 4722 2810 4798; x_wconf 85' lang='grc' dir='ltr'>ἀγαθὸν</span> <span class='ocrx_word' id='word_1_725' title='bbox 2868 4723 3111 4792; x_wconf 79' lang='grc' dir='ltr'>ποιήσω,</span> <span class='ocrx_word' id='word_1_726' title='bbox 3158 4718 3250 4775; x_wconf 69' lang='grc' dir='ltr'>’ίνα</span> <span class='ocrx_word' id='word_1_727' title='bbox 3300 4721 3443 4790; x_wconf 80' lang='grc' dir='ltr'>ζωὴν</span> <span class='ocrx_word' id='word_1_728' title='bbox 3492 4719 3709 4775; x_wconf 72' lang='grc' dir='ltr'>αἰώνιον</span> 
     </span>
    </p>
   </div>
   <div class='ocr_carea' id='block_1_100' title="bbox 298 4810 1954 4876">
    <p class='ocr_par' dir='ltr' id='par_1_100' title="bbox 298 4810 1954 4876">
     <span class='ocr_line' id='line_1_100' title="bbox 298 4810 1954 4876; baseline 0.002 -5"><span class='ocrx_word' id='word_1_729' title='bbox 298 4814 472 4871; x_wconf 84' lang='lat' dir='ltr'><strong>Jesus</strong></span> <span class='ocrx_word' id='word_1_730' title='bbox 503 4817 700 4869; x_wconf 86' lang='lat' dir='ltr'><strong>autem</strong></span> <span class='ocrx_word' id='word_1_731' title='bbox 733 4812 816 4868; x_wconf 90' lang='lat' dir='ltr'><strong>ait</strong></span> <span class='ocrx_word' id='word_1_732' title='bbox 847 4829 862 4868; x_wconf 89' lang='lat'><strong>:</strong></span> <span class='ocrx_word' id='word_1_733' title='bbox 893 4810 1041 4876; x_wconf 87' lang='lat' dir='ltr'><strong>Quid</strong></span> <span class='ocrx_word' id='word_1_734' title='bbox 1074 4827 1169 4867; x_wconf 90' lang='lat' dir='ltr'><strong>me</strong></span> <span class='ocrx_word' id='word_1_735' title='bbox 1192 4811 1341 4868; x_wconf 90' lang='lat' dir='ltr'><strong>dicis</strong></span> <span class='ocrx_word' id='word_1_736' title='bbox 1365 4811 1629 4870; x_wconf 82' lang='lat' dir='ltr'><strong>bonum?</strong></span> <span class='ocrx_word' id='word_1_737' title='bbox 1659 4833 1828 4873; x_wconf 91' lang='lat' dir='ltr'><strong>nemo</strong></span> <span class='ocrx_word' id='word_1_738' title='bbox 1849 4818 1954 4875; x_wconf 91' lang='lat' dir='ltr'><strong>bo-</strong></span> 
     </span>
    </p>
   </div>
   <div class='ocr_carea' id='block_1_101' title="bbox 300 4901 1950 4978">
    <p class='ocr_par' dir='ltr' id='par_1_101' title="bbox 300 4901 1950 4978">
     <span class='ocr_line' id='line_1_101' title="bbox 300 4901 1950 4978; baseline 0.002 -18"><span class='ocrx_word' id='word_1_739' title='bbox 300 4920 416 4961; x_wconf 87' lang='lat' dir='ltr'><strong>nus</strong></span> <span class='ocrx_word' id='word_1_740' title='bbox 439 4901 553 4958; x_wconf 90' lang='lat' dir='ltr'><strong>nisi</strong></span> <span class='ocrx_word' id='word_1_741' title='bbox 579 4918 755 4972; x_wconf 86' lang='lat' dir='ltr'><strong>unus,</strong></span> <span class='ocrx_word' id='word_1_742' title='bbox 781 4905 953 4958; x_wconf 87' lang='lat' dir='ltr'><strong>Dens.</strong></span> <span class='ocrx_word' id='word_1_743' title='bbox 982 4901 1272 4974; x_wconf 64' lang='lat' dir='ltr'><strong>Praecpta</strong></span> <span class='ocrx_word' id='word_1_744' title='bbox 1293 4902 1445 4958; x_wconf 90' lang='lat' dir='ltr'><strong>nosti</strong></span> <span class='ocrx_word' id='word_1_745' title='bbox 1474 4919 1488 4958; x_wconf 90' lang='lat'><strong>:</strong></span> <span class='ocrx_word' id='word_1_746' title='bbox 1521 4903 1604 4961; x_wconf 86' lang='lat' dir='ltr'><strong>Ne</strong></span> <span class='ocrx_word' id='word_1_747' title='bbox 1635 4905 1950 4978; x_wconf 81' lang='lat' dir='ltr'><strong>adulteros,</strong></span> 
     </span>
    </p>
   </div>
   <div class='ocr_carea' id='block_1_102' title="bbox 301 4989 1954 5060">
    <p class='ocr_par' dir='ltr' id='par_1_102' title="bbox 301 4989 1954 5060">
     <span class='ocr_line' id='line_1_102' title="bbox 301 4989 1954 5060; baseline 0.002 -10"><span class='ocrx_word' id='word_1_748' title='bbox 301 5010 372 5052; x_wconf 91' lang='lat' dir='ltr'><strong>ne</strong></span> <span class='ocrx_word' id='word_1_749' title='bbox 393 4991 652 5060; x_wconf 89' lang='lat' dir='ltr'><strong>occidas,</strong></span> <span class='ocrx_word' id='word_1_750' title='bbox 676 5007 752 5047; x_wconf 89' lang='lat' dir='ltr'><strong>ne</strong></span> <span class='ocrx_word' id='word_1_751' title='bbox 773 4990 1005 5057; x_wconf 86' lang='lat' dir='ltr'><strong>fureris,</strong></span> <span class='ocrx_word' id='word_1_752' title='bbox 1028 5007 1102 5046; x_wconf 88' lang='lat' dir='ltr'><strong>ne</strong></span> <span class='ocrx_word' id='word_1_753' title='bbox 1123 4989 1337 5047; x_wconf 77' lang='lat' dir='ltr'><strong>falsum</strong></span> <span class='ocrx_word' id='word_1_754' title='bbox 1361 4992 1772 5050; x_wconf 89' lang='lat' dir='ltr'><strong>testimonium</strong></span> <span class='ocrx_word' id='word_1_755' title='bbox 1795 4996 1954 5054; x_wconf 87' lang='lat' dir='ltr'><strong>dixe-</strong></span> 
     </span>
    </p>
   </div>
   <div class='ocr_carea' id='block_1_103' title="bbox 2061 4807 3711 4892">
    <p class='ocr_par' dir='ltr' id='par_1_103' title="bbox 2061 4807 3711 4892">
     <span class='ocr_line' id='line_1_103' title="bbox 2061 4807 3711 4892; baseline -0.01 -19"><span class='ocrx_word' id='word_1_756' title='bbox 2061 4815 2516 4892; x_wconf 77' lang='grc' dir='ltr'>κληρονομήσως</span> <span class='ocrx_word' id='word_1_757' title='bbox 2547 4814 2609 4871; x_wconf 75' lang='grc' dir='ltr'>Ὀ</span> <span class='ocrx_word' id='word_1_758' title='bbox 2636 4811 2694 4867; x_wconf 75' lang='grc' dir='ltr'>δὲ</span> <span class='ocrx_word' id='word_1_759' title='bbox 2725 4813 2937 4882; x_wconf 78' lang='grc' dir='ltr'>Ἰησοῦς</span> <span class='ocrx_word' id='word_1_760' title='bbox 2961 4809 3146 4888; x_wconf 88' lang='grc' dir='ltr'>λέγει·</span> <span class='ocrx_word' id='word_1_761' title='bbox 3179 4810 3241 4865; x_wconf 86' lang='grc' dir='ltr'>Τί</span> <span class='ocrx_word' id='word_1_762' title='bbox 3273 4831 3340 4884; x_wconf 86' lang='grc' dir='ltr'><strong>με</strong></span> <span class='ocrx_word' id='word_1_763' title='bbox 3371 4807 3550 4885; x_wconf 85' lang='grc' dir='ltr'>λέγεις</span> <span class='ocrx_word' id='word_1_764' title='bbox 3581 4811 3711 4887; x_wconf 82' lang='grc' dir='ltr'>ἀγα-</span> 
     </span>
    </p>
   </div>
   <div class='ocr_carea' id='block_1_104' title="bbox 2061 4897 3717 4978">
    <p class='ocr_par' dir='ltr' id='par_1_104' title="bbox 2061 4897 3717 4978">
     <span class='ocr_line' id='line_1_104' title="bbox 2061 4897 3717 4978; baseline -0.005 -17"><span class='ocrx_word' id='word_1_765' title='bbox 2061 4905 2190 4976; x_wconf 87' lang='grc' dir='ltr'>θόν;</span> <span class='ocrx_word' id='word_1_766' title='bbox 2225 4901 2404 4967; x_wconf 79' lang='grc' dir='ltr'>οὐδεὶς</span> <span class='ocrx_word' id='word_1_767' title='bbox 2461 4901 2667 4978; x_wconf 86' lang='grc' dir='ltr'>ἀγαθὸς</span> <span class='ocrx_word' id='word_1_768' title='bbox 2714 4899 2764 4955; x_wconf 75' lang='grc' dir='ltr'><strong>εἲ</strong></span> <span class='ocrx_word' id='word_1_769' title='bbox 2814 4901 2891 4974; x_wconf 80' lang='grc' dir='ltr'>μὴ</span> <span class='ocrx_word' id='word_1_770' title='bbox 2939 4902 3035 4970; x_wconf 79' lang='grc' dir='ltr'>εἷς,</span> <span class='ocrx_word' id='word_1_771' title='bbox 3071 4901 3098 4954; x_wconf 89' lang='lat'><strong>6</strong></span> <span class='ocrx_word' id='word_1_772' title='bbox 3148 4900 3297 4964; x_wconf 89' lang='grc' dir='ltr'>Θεός.</span> <span class='ocrx_word' id='word_1_773' title='bbox 3330 4900 3441 4961; x_wconf 81' lang='grc' dir='ltr'><strong>Τὰς</strong></span> <span class='ocrx_word' id='word_1_774' title='bbox 3490 4897 3717 4963; x_wconf 76' lang='grc' dir='ltr'>ἐντολὰς</span> 
     </span>
    </p>
   </div>
   <div class='ocr_carea' id='block_1_105' title="bbox 2065 4982 3712 5068">
    <p class='ocr_par' dir='ltr' id='par_1_105' title="bbox 2065 4982 3712 5068">
     <span class='ocr_line' id='line_1_105' title="bbox 2065 4982 3712 5068; baseline -0.007 -17"><span class='ocrx_word' id='word_1_775' title='bbox 2065 4992 2214 5060; x_wconf 71' lang='grc' dir='ltr'>οἶδας</span> <span class='ocrx_word' id='word_1_776' title='bbox 2239 5013 2250 5026; x_wconf 90' lang='lat'><strong>&#39;</strong></span> <span class='ocrx_word' id='word_1_777' title='bbox 2283 4994 2377 5063; x_wconf 76' lang='grc' dir='ltr'><strong>Μὴ</strong></span> <span class='ocrx_word' id='word_1_778' title='bbox 2417 4989 2741 5068; x_wconf 82' lang='grc' dir='ltr'>μοιχεύσῃς,</span> <span class='ocrx_word' id='word_1_779' title='bbox 2795 4990 2871 5064; x_wconf 80' lang='grc' dir='ltr'>μή</span> <span class='ocrx_word' id='word_1_780' title='bbox 2923 4987 3211 5068; x_wconf 75' lang='grc' dir='ltr'>φονεύσῃς,</span> <span class='ocrx_word' id='word_1_781' title='bbox 3247 4988 3323 5061; x_wconf 82' lang='grc' dir='ltr'>μή</span> <span class='ocrx_word' id='word_1_782' title='bbox 3373 4982 3600 5062; x_wconf 74' lang='grc' dir='ltr'>κλέψῃς,</span> <span class='ocrx_word' id='word_1_783' title='bbox 3635 4989 3712 5062; x_wconf 81' lang='grc' dir='ltr'>μὴ</span> 
     </span>
    </p>
   </div>
   <div class='ocr_carea' id='block_1_106' title="bbox 297 5073 1945 5161">
    <p class='ocr_par' dir='ltr' id='par_1_106' title="bbox 297 5079 1945 5155">
     <span class='ocr_line' id='line_1_106' title="bbox 297 5079 1945 5155; baseline 0.002 -15"><span class='ocrx_word' id='word_1_784' title='bbox 297 5083 402 5154; x_wconf 81' lang='lat' dir='ltr'><strong>ris,</strong></span> <span class='ocrx_word' id='word_1_785' title='bbox 434 5098 506 5140; x_wconf 89' lang='lat' dir='ltr'><strong>ne</strong></span> <span class='ocrx_word' id='word_1_786' title='bbox 557 5082 822 5139; x_wconf 83' lang='lat' dir='ltr'><strong>fraudem</strong></span> <span class='ocrx_word' id='word_1_787' title='bbox 868 5079 1096 5152; x_wconf 82' lang='lat' dir='ltr'><strong>feceris,</strong></span> <span class='ocrx_word' id='word_1_788' title='bbox 1126 5081 1352 5138; x_wconf 88' lang='lat' dir='ltr'><strong>honora</strong></span> <span class='ocrx_word' id='word_1_789' title='bbox 1401 5087 1626 5155; x_wconf 88' lang='lat' dir='ltr'><strong>patrem</strong></span> <span class='ocrx_word' id='word_1_790' title='bbox 1677 5087 1848 5141; x_wconf 89' lang='lat' dir='ltr'><strong>tuum</strong></span> <span class='ocrx_word' id='word_1_791' title='bbox 1898 5090 1945 5144; x_wconf 77' lang='lat' dir='ltr'><strong>et</strong></span> 
     </span>
    </p>
   </div>
   <div class='ocr_carea' id='block_1_107' title="bbox 2058 5073 3719 5161">
    <p class='ocr_par' dir='ltr' id='par_1_107' title="bbox 2066 5073 3719 5161">
     <span class='ocr_line' id='line_1_107' title="bbox 2066 5073 3719 5161; baseline -0.005 -21"><span class='ocrx_word' id='word_1_792' title='bbox 2066 5081 2616 5161; x_wconf 80' lang='grc' dir='ltr'>ψευδομαρτυρήσῃς,</span> <span class='ocrx_word' id='word_1_793' title='bbox 2654 5081 2729 5154; x_wconf 83' lang='grc' dir='ltr'>μὴ</span> <span class='ocrx_word' id='word_1_794' title='bbox 2764 5079 3162 5153; x_wconf 78' lang='grc' dir='ltr'>ἀποστερήσῃς,</span> <span class='ocrx_word' id='word_1_795' title='bbox 3191 5075 3327 5150; x_wconf 86' lang='grc' dir='ltr'>τίμα</span> <span class='ocrx_word' id='word_1_796' title='bbox 3362 5077 3454 5132; x_wconf 83' lang='grc' dir='ltr'>τὸν</span> <span class='ocrx_word' id='word_1_797' title='bbox 3510 5073 3719 5151; x_wconf 80' lang='grc' dir='ltr'>πατέρα</span> 
     </span>
    </p>
   </div>
   <div class='ocr_carea' id='block_1_108' title="bbox 299 5163 1945 5247">
    <p class='ocr_par' dir='ltr' id='par_1_108' title="bbox 299 5170 1945 5244">
     <span class='ocr_line' id='line_1_108' title="bbox 299 5170 1945 5244; baseline 0.001 -12"><span class='ocrx_word' id='word_1_798' title='bbox 299 5179 546 5232; x_wconf 85' lang='lat' dir='ltr'><strong>matrem</strong></span> <span class='ocrx_word' id='word_1_799' title='bbox 567 5175 754 5228; x_wconf 90' lang='lat' dir='ltr'><strong>tuam.</strong></span> <span class='ocrx_word' id='word_1_800' title='bbox 776 5172 851 5227; x_wconf 86' lang='lat' dir='ltr'><strong>At</strong></span> <span class='ocrx_word' id='word_1_801' title='bbox 877 5170 975 5228; x_wconf 92' lang='lat' dir='ltr'><strong>ille</strong></span> <span class='ocrx_word' id='word_1_802' title='bbox 1005 5171 1389 5244; x_wconf 88' lang='lat' dir='ltr'><strong>respondens,</strong></span> <span class='ocrx_word' id='word_1_803' title='bbox 1415 5171 1493 5229; x_wconf 83' lang='lat' dir='ltr'><strong>ait</strong></span> <span class='ocrx_word' id='word_1_804' title='bbox 1521 5171 1609 5228; x_wconf 88' lang='lat' dir='ltr'><strong>illi</strong></span> <span class='ocrx_word' id='word_1_805' title='bbox 1631 5189 1646 5229; x_wconf 90' lang='lat'><strong>:</strong></span> <span class='ocrx_word' id='word_1_806' title='bbox 1671 5179 1803 5233; x_wconf 68' lang='lat' dir='ltr'><strong>Haec</strong></span> <span class='ocrx_word' id='word_1_807' title='bbox 1825 5191 1945 5234; x_wconf 91' lang='lat' dir='ltr'><strong>om-</strong></span> 
     </span>
    </p>
   </div>
   <div class='ocr_carea' id='block_1_109' title="bbox 2058 5163 3718 5247">
    <p class='ocr_par' dir='ltr' id='par_1_109' title="bbox 2065 5163 3718 5247">
     <span class='ocr_line' id='line_1_109' title="bbox 2065 5163 3718 5247; baseline -0.006 -17"><span class='ocrx_word' id='word_1_808' title='bbox 2065 5173 2156 5230; x_wconf 79' lang='grc' dir='ltr'><strong>καὶ</strong></span> <span class='ocrx_word' id='word_1_809' title='bbox 2202 5174 2302 5242; x_wconf 74' lang='grc' dir='ltr'>τὴν</span> <span class='ocrx_word' id='word_1_810' title='bbox 2364 5167 2592 5247; x_wconf 80' lang='grc' dir='ltr'>μητέρα.</span> <span class='ocrx_word' id='word_1_811' title='bbox 2620 5170 2678 5223; x_wconf 87' lang='grc' dir='ltr'><strong>Ὃ</strong></span> <span class='ocrx_word' id='word_1_812' title='bbox 2709 5166 2767 5224; x_wconf 74' lang='grc' dir='ltr'>δὲ</span> <span class='ocrx_word' id='word_1_813' title='bbox 2795 5165 3110 5243; x_wconf 73' lang='grc' dir='ltr'>ἀποκριθεὶς</span> <span class='ocrx_word' id='word_1_814' title='bbox 3143 5163 3288 5244; x_wconf 68' lang='grc' dir='ltr'>λὶγει</span> <span class='ocrx_word' id='word_1_815' title='bbox 3343 5165 3491 5238; x_wconf 76' lang='grc' dir='ltr'>αὐτῷ</span> <span class='ocrx_word' id='word_1_816' title='bbox 3523 5183 3538 5196; x_wconf 82' lang='grc'><strong>’</strong></span> <span class='ocrx_word' id='word_1_817' title='bbox 3573 5165 3718 5221; x_wconf 85' lang='grc' dir='ltr'>Πάν-</span> 
     </span>
    </p>
   </div>
   <div class='ocr_carea' id='block_1_110' title="bbox 369 5343 1692 5416">
    <p class='ocr_par' dir='ltr' id='par_1_110' title="bbox 369 5343 1692 5416">
     <span class='ocr_line' id='line_1_110' title="bbox 369 5343 1692 5416; baseline 0.002 -16"><span class='ocrx_word' id='word_1_818' title='bbox 369 5349 434 5414; x_wconf 65' lang='grc' dir='ltr'><strong>νι‹</strong></span> <span class='ocrx_word' id='word_1_819' title='bbox 461 5349 527 5405; x_wconf 85' lang='lat' dir='ltr'><strong>p.</strong></span> <span class='ocrx_word' id='word_1_820' title='bbox 557 5344 666 5399; x_wconf 84' lang='lat'><strong>928</strong></span> <span class='ocrx_word' id='word_1_821' title='bbox 699 5343 812 5402; x_wconf 88' lang='lat' dir='ltr'><strong>ED.</strong></span> <span class='ocrx_word' id='word_1_822' title='bbox 843 5344 1150 5401; x_wconf 85' lang='lat' dir='ltr'><strong>POTTER.</strong></span> <span class='ocrx_word' id='word_1_823' title='bbox 1229 5346 1248 5382; x_wconf 75' lang='grc' dir='ltr'><strong>ι</strong></span> <span class='ocrx_word' id='word_1_824' title='bbox 1278 5347 1301 5401; x_wconf 96' lang='lat' dir='ltr'>I</span> <span class='ocrx_word' id='word_1_825' title='bbox 1329 5347 1459 5403; x_wconf 91' lang='lat' dir='ltr'><strong>Cor.</strong></span> <span class='ocrx_word' id='word_1_826' title='bbox 1494 5363 1572 5416; x_wconf 82' lang='lat' dir='ltr'><strong>Ix,</strong></span> <span class='ocrx_word' id='word_1_827' title='bbox 1603 5348 1692 5404; x_wconf 74' lang='lat'><strong>24.</strong></span> 
     </span>
    </p>
   </div>
   <div class='ocr_carea' id='block_1_111' title="bbox 367 5511 1950 5582">
    <p class='ocr_par' dir='ltr' id='par_1_111' title="bbox 367 5511 1950 5582">
     <span class='ocr_line' id='line_1_111' title="bbox 367 5511 1950 5582; baseline 0.008 -17"><span class='ocrx_word' id='word_1_828' title='bbox 367 5511 486 5582; x_wconf 83' lang='grc'><strong>(16)</strong></span> <span class='ocrx_word' id='word_1_829' title='bbox 568 5511 1128 5582; x_wconf 79' lang='grc' dir='ltr'>Ὑπομνημονεῦσαι.</span> <span class='ocrx_word' id='word_1_830' title='bbox 1218 5513 1701 5582; x_wconf 84' lang='grc' dir='ltr'>Ὑποκαυμάτωσιν</span> <span class='ocrx_word' id='word_1_831' title='bbox 1737 5563 1750 5576; x_wconf 92' lang='grc'><strong>.</strong></span> <span class='ocrx_word' id='word_1_832' title='bbox 1837 5537 1950 5576; x_wconf 83' lang='lat' dir='ltr'><strong>ms.</strong></span> 
     </span>
    </p>
   </div>
   <div class='ocr_carea' id='block_1_112' title="bbox 306 5583 472 5639">
    <p class='ocr_par' dir='ltr' id='par_1_112' title="bbox 306 5583 472 5639">
     <span class='ocr_line' id='line_1_112' title="bbox 306 5583 472 5639; baseline -0.018 0"><span class='ocrx_word' id='word_1_833' title='bbox 306 5583 472 5639; x_wconf 72' lang='lat' dir='ltr'><strong>FxLL.</strong></span> 
     </span>
    </p>
   </div>
   <div class='ocr_carea' id='block_1_113' title="bbox 369 5645 1795 5729">
    <p class='ocr_par' dir='ltr' id='par_1_113' title="bbox 369 5645 1795 5729">
     <span class='ocr_line' id='line_1_113' title="bbox 369 5645 1795 5729; baseline 0.009 -28"><span class='ocrx_word' id='word_1_834' title='bbox 369 5652 483 5724; x_wconf 81' lang='grc'><strong>(17)</strong></span> <span class='ocrx_word' id='word_1_835' title='bbox 542 5645 917 5721; x_wconf 80' lang='grc' dir='ltr'>Ἐπαίροιντο.</span> <span class='ocrx_word' id='word_1_836' title='bbox 977 5651 1301 5729; x_wconf 77' lang='grc' dir='ltr'>Ἐπαίροντο</span> <span class='ocrx_word' id='word_1_837' title='bbox 1351 5662 1477 5728; x_wconf 84' lang='grc' dir='ltr'>τῆς,</span> <span class='ocrx_word' id='word_1_838' title='bbox 1537 5677 1651 5721; x_wconf 82' lang='lat' dir='ltr'><strong>ms.</strong></span> <span class='ocrx_word' id='word_1_839' title='bbox 1711 5665 1795 5722; x_wconf 77' lang='lat' dir='ltr'><strong>In.</strong></span> 
     </span>
    </p>
   </div>
   <div class='ocr_carea' id='block_1_114' title="bbox 568 5511 1750 5589">
    <p class='ocr_par' dir='ltr' id='par_1_114' title="bbox 568 5511 1750 5589">
     <span class='ocr_line' id='line_1_114' title="bbox 568 5511 1750 5589; baseline 0.009 -25"><span class='ocrx_word' id='word_1_840' title='bbox 568 5511 1081 5584; x_wconf 79' lang='grc' dir='ltr'>Ὑπομνημονεῦσαι</span> <span class='ocrx_word' id='word_1_841' title='bbox 1116 5555 1128 5569; x_wconf 95' lang='grc'><strong>.</strong></span> <span class='ocrx_word' id='word_1_842' title='bbox 1218 5513 1701 5589; x_wconf 86' lang='grc' dir='ltr'>Ὑποκαυμάτωσιν</span> <span class='ocrx_word' id='word_1_843' title='bbox 1737 5563 1750 5576; x_wconf 91' lang='grc'><strong>.</strong></span> 
     </span>
    </p>
   </div>
   <div class='ocr_carea' id='block_1_115' title="bbox 2136 5509 3710 5590">
    <p class='ocr_par' dir='ltr' id='par_1_115' title="bbox 2136 5509 3710 5590">
     <span class='ocr_line' id='line_1_115' title="bbox 2136 5509 3710 5590; baseline -0.005 -18"><span class='ocrx_word' id='word_1_844' title='bbox 2136 5517 2250 5590; x_wconf 84' lang='grc'><strong>(18)</strong></span> <span class='ocrx_word' id='word_1_845' title='bbox 2279 5515 2645 5590; x_wconf 75' lang='grc' dir='ltr'>Γυμναστικῇ.</span> <span class='ocrx_word' id='word_1_846' title='bbox 2694 5509 3111 5590; x_wconf 70' lang='lat' dir='ltr'><strong>Praecedentia,</strong></span> <span class='ocrx_word' id='word_1_847' title='bbox 3167 5524 3274 5590; x_wconf 80' lang='lat' dir='ltr'><strong>nec</strong></span> <span class='ocrx_word' id='word_1_848' title='bbox 3312 5511 3538 5590; x_wconf 85' lang='lat' dir='ltr'><strong>non_et</strong></span> <span class='ocrx_word' id='word_1_849' title='bbox 3584 5523 3710 5582; x_wconf 69' lang='lat' dir='ltr'><strong>quae</strong></span> 
     </span>
    </p>
   </div>
   <div class='ocr_carea' id='block_1_116' title="bbox 2065 5582 3592 5663">
    <p class='ocr_par' dir='ltr' id='par_1_116' title="bbox 2065 5582 3592 5663">
     <span class='ocr_line' id='line_1_116' title="bbox 2065 5582 3592 5663; baseline -0.008 -13"><span class='ocrx_word' id='word_1_850' title='bbox 2065 5582 2401 5663; x_wconf 74' lang='lat' dir='ltr'><strong>sequuntur</strong></span> <span class='ocrx_word' id='word_1_851' title='bbox 2426 5589 2501 5646; x_wconf 89' lang='lat' dir='ltr'><strong>ad</strong></span> <span class='ocrx_word' id='word_1_852' title='bbox 2532 5582 2655 5644; x_wconf 81' lang='lat' dir='ltr'><strong>rem</strong></span> <span class='ocrx_word' id='word_1_853' title='bbox 2686 5582 3078 5658; x_wconf 82' lang='lat' dir='ltr'><strong>agonisticam</strong></span> <span class='ocrx_word' id='word_1_854' title='bbox 3108 5583 3399 5654; x_wconf 85' lang='lat' dir='ltr'><strong>spectant.</strong></span> <span class='ocrx_word' id='word_1_855' title='bbox 3431 5585 3592 5638; x_wconf 73' lang='lat' dir='ltr'><strong>FnLL.</strong></span> 
     </span>
    </p>
   </div>
  </div>
