4078 6146
315 359 419 417 609

1467 364 1678 419 LIBER
1715 364 1881 428 QUIS
1916 364 2132 420 DIVES
2167 364 2569 421 SALVETUR.

3619 363 3734 421 610

312 505 376 540 τα
420 487 588 538 ταῦτα
625 481 881 561 ἐφύλαξα.
909 488 968 541 Ὁ
1022 481 1079 540 δὲ
1107 487 1316 555 Ἰησοῦς
1369 479 1651 560 ἐμϐλέψας
1681 485 1963 560 ἠγάπησεν

2101 486 2174 541 lia
2200 486 2520 543 observavi.
2552 486 2725 542 Jesus
2769 490 2988 552 autem,
3048 485 3298 544 intuitus
3358 503 3491 544 eum
3526 487 3730 545 dilexit

314 573 470 628 αὐτὸν
525 574 613 628 καὶ
678 573 820 627 εἶπεν
849 591 861 605 ⁸
894 575 988 628 Ἓν
1023 595 1106 629 σοι
1143 575 1355 648 ὑστερεῖ
1389 594 1401 606 ·
1436 576 1482 629 εἱ
1532 573 1712 636 θέλεις
1757 573 1969 636 τέλειος

314 663 467 732 εἶναι,
500 661 763 733 πώλησον
814 661 914 718 ὅσα
970 657 1138 739 ἔχεις,
1170 664 1261 719 καὶ
1321 661 1504 728 διάδος
1553 668 1827 738 πτωχοῖς,
1876 661 1968 718 καὶ

312 749 446 823 ἕξεις
477 753 748 826 θησαυρὸν
780 750 832 807 ἐν
867 753 1083 828 οὐρανῷ
1115 772 1130 789 ο
1158 755 1248 808 καὶ
1301 751 1479 828 δεῦρο,
1505 752 1795 808 ἀκολούθει
1850 773 1966 825 μοι.

313 843 374 900 Ὀ
406 839 485 909 δὲ,
519 841 813 918 στυγνάσας
843 841 932 897 ἐπὶ
978 847 1059 915 τῷ
1114 838 1288 918 λόγῳ,
1322 842 1536 913 ἀπῆλθε
1576 841 1921 914 λυπούμενος
1952 848 1968 863 ⁸

314 932 382 1001 ἦν
422 931 526 1007 γὰρ
576 930 866 1001 πλούσιος,
901 927 1045 1008 ἔχων
1091 934 1343 1005 κτήματα
1386 929 1591 987 πολλά.
1627 925 1966 1004 Περιὸλεψά-

318 1040 476 1092 μενος
525 1017 583 1074 δὲ
631 1021 659 1075 ὁ
689 1022 899 1091 Ἰησοῦς
953 1019 1100 1095 λέγει
1128 1025 1244 1083 τοῖς
1281 1025 1550 1093 μαθηταῖς
1595 1021 1762 1075 αὐτοῦ
1795 1039 1807 1054 ο
1843 1021 1968 1082 Πῶς

317 1105 598 1173 δυσκόλως
656 1110 710 1164 οἱ
757 1111 826 1164 τὰ
871 1113 1138 1184 χρήματα
1182 1107 1404 1184 ἔχοντες
1433 1107 1830 1164 εἰσελεύσονται
1888 1107 1966 1169 εἷς

315 1199 415 1267 τήν
451 1196 729 1273 βασιλείαν
758 1203 856 1254 τοῦ
903 1202 1074 1256 Θεοῦί
1109 1200 1177 1257 Οἱ
1226 1197 1283 1254 δὲ
1343 1198 1578 1272 μαθηταὶ
1627 1193 1968 1271 ἐθαμϐοῦντο

319 1287 404 1342 ἐπὶ
441 1291 560 1351 τοῖς
605 1286 792 1362 λόγοις
827 1287 1011 1342 αὐτοῦ.
1048 1287 1220 1343 Ηάλιν
1253 1285 1310 1343 δὲ
1340 1289 1368 1342 6
1399 1289 1612 1358 Ἰησοῦς
1660 1286 1971 1362 ἀποκριθεὶς

320 1375 467 1450 λέγει
497 1374 682 1432 αὐτοῖς
718 1396 732 1408 ·
762 1379 984 1446 Τεκνία,
1017 1381 1134 1439 πῶς
1168 1375 1435 1432 δύσκολόν
1469 1376 1580 1431 ἐστι
1619 1374 1745 1436 τοὺς
1774 1395 1969 1430 πεποι-

322 1466 480 1529 θότας
511 1464 600 1520 ἐπὶ
631 1467 914 1541 χρήμασιν
948 1466 1024 1528 εἷς
1051 1468 1152 1535 τήν
1186 1465 1466 1541 βασιλείαν
1495 1468 1594 1519 τοῦ
1633 1468 1766 1519 Θεοῦ
1797 1461 1972 1518 εἰσελ-

322 1556 466 1618 θεῖνί
501 1552 894 1630 Εὐκολώτερον
957 1553 1047 1610 διὰ
1095 1563 1198 1624 τῆς
1254 1553 1562 1629 τρυμαλιᾶς
1605 1559 1709 1622 τῆς
1742 1551 1976 1626 βελόνης

321 1640 577 1715 κάμηλος
611 1639 971 1698 εἰσελεύσεται
1004 1645 1039 1714 ἢ
1079 1642 1346 1706 πλούσιος
1398 1643 1475 1706 εἰς
1530 1644 1630 1711 τὴν
1694 1637 1971 1716 βασιλείαν

319 1736 416 1786 τοῦ
447 1735 603 1788 Θεοῦ.
637 1732 705 1788 Οἱ
751 1729 808 1786 δὲ
837 1736 1109 1807 περισσῶς
1141 1730 1559 1804 ἐξεπλήσσοντο,
1590 1730 1681 1784 καὶ
1735 1727 1924 1804 ἔλεγον
1956 1745 1970 1762 ⁸

321 1821 413 1882 Τίς
446 1818 538 1874 οὖν
563 1817 780 1874 δύναται
810 1827 1050 1890 σωθῆναι
1071 1839 1084 1888 ;
1103 1825 1156 1874 Ὁ
1189 1815 1562 1892 δὲ,ἐμ6λέψας
1581 1817 1786 1888 αὐτοῖς,
1806 1818 1972 1872 εἶπεν·

322 1913 391 1967 Ὀ
416 1933 469 1965 τι
504 1910 649 1985 παρὰ
679 1911 985 1986 ἀνθρώποις
1012 1910 1271 1966 ἀδύνατον
1296 1911 1443 1986 παρὰ
1455 1914 1571 1982 Θεῷ
1589 1906 1980 1964 δυνατόν·πάν-

323 2021 390 2054 τα
417 2001 517 2074 γὰρ
553 1997 749 2054 δυνατά
782 1999 894 2054 ἐστι
925 2003 1071 2075 παρὰ
1099 2005 1178 2072 τῷ
1209 2004 1342 2071 Θεῷ.
1362 1998 1596 2070 Ἠρξατο
1622 1999 1649 2052 6
1667 1998 1869 2072 Πέτρος
1893 1997 1979 2051 λέ·

323 2109 434 2164 γειν
467 2087 634 2160 αὐτῷ·
669 2086 798 2155 Ἴδε,
829 2091 993 2162 ἡμεῖς
1023 2089 1307 2167 ἀφήκαμεν
1339 2089 1516 2144 πάντα
1546 2087 1636 2143 καὶ
1667 2088 1978 2158 ἠκολουθή-

322 2175 488 2250 σαμέν
518 2198 625 2234 σοι.
660 2179 1003 2252 Ἀποκριθεὶς
1034 2177 1090 2233 δὲ
1121 2179 1149 2233 6
1182 2178 1417 2249 Ἰηοοῦς,
1449 2178 1618 2252 λέγει·
1649 2177 1824 2250 Ἀμὴν
1849 2177 1976 2248 ὑμῖν

323 2264 493 2341 λέγω,
526 2266 584 2329 ’ὸς
613 2265 672 2321 ἂν
708 2268 816 2344 ἀφῇ
847 2268 915 2322 τὰ
944 2265 1055 2323 ἴδια
1085 2268 1172 2322 καὶ
1208 2272 1411 2340 γονεῖς,
1437 2267 1527 2322 καὶ
1570 2263 1859 2342 ἀδελφοὺς,
1887 2264 1974 2319 καὶ

321 2358 587 2432 χρήματα
642 2353 815 2412 ἕνεκεν
875 2356 1011 2431 ἐμοῦ
1069 2359 1157 2412 καὶ
1216 2354 1389 2412 ἕνεκεν
1467 2360 1564 2411 τοῦ
1644 2353 1978 2431 Εὗαγγιλίου

331 2466 458 2517 μου,
491 2442 836 2518 ἀπολήψεται
898 2444 1382 2519 ἑκατομπλασίονα
1426 2448 1514 2499 νῦν
1561 2443 1614 2498 ἐν
1673 2447 1755 2516 τῷ
1805 2446 1980 2517 καιρῷ

324 2533 524 2607 τούτῳ,
554 2533 754 2610 ἀγροὺς
805 2534 896 2589 καὶ
952 2537 1216 2611 γρήματα
1271 2536 1361 2590 καὶ
1396 2533 1567 2595 οἰκίας
1591 2532 1682 2587 καὶ
1713 2529 1982 2610 ἀδελφοὺς

333 2623 463 2696 μετὰ
495 2620 778 2698 διωγμῶν,
811 2622 862 2678 ἐν
892 2621 950 2678 δὲ
977 2622 1057 2696 τῷ
1088 2624 1376 2701 ἐρχομένῳ
1409 2625 1520 2694 ζωή
1557 2622 1698 2677 ἐστιν
1730 2620 1977 2683 αἰώνιος.

334 2711 546 2767 Πολλοὶ
605 2709 662 2766 δὲ
712 2709 925 2768 ἔσονται
982 2717 1191 2784 πρῶτοι
1245 2706 1492 2788 ἔσχατοι,
1523 2710 1616 2766 καὶ
1671 2711 1724 2765 οἱ
1757 2709 1979 2786 ἔσχατοι

333 2805 566 2874 πρῶτοι.
602 2826 626 2855 ι

407 2891 477 2947 E'.
510 2893 696 2948 Ταῦτα
749 2890 844 2964 μὲν
894 2890 947 2946 ἐν
993 2895 1072 2962 τῷ
1101 2892 1235 2946 κατὰ
1265 2891 1490 2966 Μάρκον
1521 2889 1844 2964 Εὖαγγελίῳ
1891 2887 1981 2963 γέ·

337 3000 565 3056 γραπται
597 2997 610 3012 ’
643 2980 733 3033 καὶ
764 2978 817 3034 ἐν
851 2985 967 3042 τοῖς
998 2978 1192 3042 ἄλλοις
1242 2977 1298 3034 δὲ
1327 2986 1486 3034 πᾶσιν
1520 2981 1631 3054 (19)
1663 2975 1981 3053 ὁμολογου-

343 3070 542 3141 μένως,
575 3066 763 3142 ὀλίγον
801 3069 896 3142 μὲν
930 3067 1060 3132 ἴσως
1091 3070 1397 3144 ἑκασταχοῦ
1425 3073 1535 3124 τῶν
1586 3068 1846 3144 ῥημάτων
1899 3066 1981 3123 ἐν·

336 3157 618 3226 αλλάσσει,
649 3158 822 3212 πάντα
879 3155 936 3212 δὲ
989 3159 1089 3227 τήν
1145 3160 1313 3227 αὐτὴν
1364 3166 1463 3229 τῆς
1501 3159 1732 3232 γνώμης
1761 3177 1983 3234 συμφω-

2083 591 2236 645 eum,
2269 581 2324 632 et
2354 576 2537 632 dixit:
2571 579 2762 630 Unum
2797 575 2902 629 tibi
2935 576 3119 630 deest.
3173 576 3230 631 Si
3290 575 3378 633 vis
3435 578 3730 649 perfectus

2082 680 2234 734 esse,
2264 666 2451 721 vende
2484 681 2848 737 quiscunque
2876 663 3082 730 habes,
3105 667 3162 720 et
3191 665 3479 724 distribue
3505 684 3730 741 paupe-

2084 753 2268 821 ribus,
2301 758 2359 808 et
2388 753 2630 809 habebis
2663 753 3004 809 thesaurum
3038 754 3097 807 in
3130 753 3310 823 coelo;
3344 759 3401 809 et
3445 757 3600 824 veni,
3636 773 3728 813 se-

2085 859 2261 912 quere
2292 859 2405 898 me.
2439 842 2546 905 Qui
2567 841 2952 898 contristatus
2973 843 3033 898 in
3055 843 3252 912 verbo,
3283 843 3429 899 abiit
3452 861 3724 917 moerens;

2083 935 2208 986 erat
2235 930 2389 986 enim
2422 931 2605 998 dives,
2638 930 2860 986 habens
2909 931 3128 987 multas
3188 933 3612 1004 possessiones.
3663 935 3733 993 Et

2084 1019 2566 1090 circumspiciens
2596 1021 2788 1090 Jesus,
2810 1021 2891 1074 ait
2907 1021 3217 1092 discipulis
3239 1023 3384 1078 suis:
3408 1024 3592 1088 Quam
3617 1023 3728 1079 dif-

2087 1109 2236 1162 ﬁcile
2267 1107 2368 1179 qui
2399 1109 2679 1180 pecunias
2707 1109 2944 1177 habent,
2977 1111 3037 1165 in
3088 1126 3331 1183 regnum
3367 1113 3469 1168 Dei
3519 1112 3732 1168 introi-

2083 1196 2251 1251 bunt.
2268 1196 2753 1267 Discipuliautem
2777 1197 3270 1268 obstupescebant
3286 1200 3345 1254 in
3367 1200 3557 1256 verbis
3578 1201 3730 1272 ejus.

2083 1287 2153 1341 At
2179 1285 2354 1341 Jesus
2386 1302 2595 1341 rursus
2627 1287 3012 1356 respondens,
3045 1289 3130 1342 ait
3158 1287 3298 1344 illis:
3334 1288 3730 1363 Filioli,quam

2087 1373 2326 1429 difﬁcile
2357 1377 2444 1429 est
2475 1375 2840 1430 conﬁdentes
2873 1375 2931 1429 in
2965 1376 3250 1445 pecuniis,
3283 1376 3522 1433 introire
3548 1378 3609 1433 in
3639 1395 3732 1434 re-

2085 1479 2268 1534 gnum
2297 1462 2398 1518 Dei
2424 1462 2437 1516 !
2469 1463 2718 1519 Facilius
2751 1469 2842 1519 est
2863 1463 3155 1520 camelum
3187 1481 3287 1536 per
3306 1466 3568 1522 foramen
3591 1483 3734 1523 acus

2086 1551 2339 1624 ingredi,
2371 1568 2551 1624 quam
2583 1552 2822 1608 divitem
2854 1553 3071 1608 intrare
3099 1552 3158 1608 in
3191 1570 3438 1626 regnum
3473 1555 3591 1612 Dei.
3626 1554 3735 1621 Qui

2089 1640 2278 1712 magis
2307 1640 2774 1709 admirabantur,
2807 1647 2982 1714 atque
3014 1643 3286 1698 dicebant
3314 1659 3327 1697 :
3364 1644 3433 1699 Et
3472 1643 3606 1715 quis
3632 1661 3735 1716 po-

2089 1733 2204 1785 test
2234 1729 2432 1784 salvus
2463 1729 2589 1785 fieri
2616 1729 2638 1783 ?
2666 1731 2736 1785 Et
2767 1731 3006 1787 intuens
3037 1730 3169 1787 illos
3197 1731 3374 1788 Jesus
3405 1732 3523 1789 ait:
3565 1733 3736 1806 Apud

2089 1817 2360 1873 homines
2390 1818 2758 1889 impossibile
2778 1823 2887 1888 est,
2913 1820 3013 1874 sed
3038 1837 3153 1876 non
3177 1821 3333 1891 apud
3353 1827 3536 1877 Deum
3563 1841 3578 1890 ;
3606 1838 3740 1878 om-

2092 1909 2189 1963 nia
2219 1909 2375 1962 enim
2402 1908 2705 1980 possibilia
2729 1911 2884 1979 apud
2907 1915 3110 1965 Deum.
3135 1911 3323 1982 Coepit
3341 1915 3400 1966 et
3423 1911 3628 1968 Petrus
3649 1912 3740 1967 di-

2089 2012 2255 2052 cere:
2290 2000 2434 2052 Ecce
2467 2014 2573 2052 nos
2599 1997 2933 2053 dimisimus
2963 2000 3182 2068 omnia,
3216 2005 3272 2054 et
3297 2003 3484 2055 secuti
3529 2017 3740 2056 sumus

2090 2090 2168 2141 te.
2205 2086 2590 2157 Respondeas
2619 2087 2815 2157 Jesus,
2849 2087 2928 2142 ait
2954 2104 2967 2142 :
2992 2095 3174 2144 Amen
3199 2089 3330 2144 dico
3354 2089 3739 2158 vobis,omuis

2088 2175 2187 2246 qui
2219 2192 2329 2230 sua
2359 2175 2662 2246 reliquerit
2692 2181 2749 2230 et
2778 2186 3047 2246 parentes
3078 2181 3135 2232 et
3158 2177 3364 2232 fratres
3383 2182 3439 2233 et
3458 2179 3740 2250 pecunias

2089 2269 2326 2337 propter
2356 2280 2451 2318 me
2481 2273 2533 2319 et
2563 2269 2800 2336 prOpter
2829 2265 3234 2336 Evangelium;
3268 2266 3488 2323 centies
3508 2271 3738 2325 tantum

2090 2370 2247 2408 nunc
2278 2353 2339 2408 in
2372 2358 2637 2424 tempore
2660 2353 2769 2408 hoc
2801 2353 3060 2425 recipiet,
3096 2370 3264 2426 agros
3289 2359 3345 2410 et
3374 2355 3655 2426 pecunias
3683 2361 3743 2413 et

2095 2443 2300 2499 domos
2333 2447 2388 2499 et
2419 2443 2632 2498 fratres
2665 2459 2804 2498 cum
2838 2443 3370 2516 persecutionibus,
3392 2445 3523 2501 etin
3543 2445 3740 2503 futuro

2089 2531 2209 2588 vita
2237 2537 2455 2588 aeterna
2483 2531 2615 2588 erit.
2649 2531 2816 2587 Multi
2849 2536 3044 2590 autem
3067 2537 3242 2590 erunt
3271 2534 3447 2607 primi
3489 2534 3744 2593 novissi-

2093 2621 2195 2691 mi,
2230 2627 2290 2678 et
2320 2621 2629 2678 novissimi
2658 2621 2857 2694 primi.
2891 2644 2921 2672 »

2164 2893 2230 2948 V.
2263 2891 2394 2947 Haec
2425 2890 2664 2962 quidem
2691 2889 2752 2946 in
2785 2889 2962 2947 Marci
2993 2890 3300 2964 Evengclio
3335 2891 3554 2966 scripta
3584 2896 3752 2966 sunt;

2095 2981 2240 3054 quin
2267 2985 2325 3037 et
2355 2981 2414 3036 in
2448 2979 2691 3052 reliquis
2714 2979 2884 3052 plane
2903 2982 3177 3037 omnibus
3200 2983 3407 3038 eadem
3427 2982 3752 3052 habentur,

2095 3070 2299 3144 paucis
2327 3069 2576 3126 forsitan
2609 3086 2713 3141 per
2743 3069 3008 3142 singulos
3040 3070 3233 3126 verbis
3264 3072 3619 3142 immutatis,
3649 3073 3754 3129 sed

2101 3176 2228 3232 quae
2242 3159 2510 3214 eamdem
2525 3158 2743 3227 ubique
2756 3157 3110 3213 sententiam
3125 3160 3666 3217 contineant.Decet
3678 3177 3754 3218 au

339 3246 452 3301 νίαν
509 3243 893 3304 ἐπιδείκνυται.
928 3251 1018 3301 Δεῖ
1076 3244 1153 3318 δὲ,
1185 3251 1368 3324 σαφῶς
1427 3211 1659 3319 εἰδότας,
1699 3246 1774 3308 ὡς
1833 3211 1986 3300 οἰίδὶν

2108 3211 2223 3232 γη
2248 3211 2544 3214 κ
2586 3211 2591 3212 κ
2647 3211 2664 3227 ι
2723 3211 2736 3212 κ
3132 3211 3754 3218 ν-η--ηη---η---π

2101 3254 2219 3304 tem
2252 3263 2358 3302 nos
2381 3246 2480 3318 qui
2502 3250 2699 3317 aperte
2721 3247 3000 3316 sciamus,
3026 3246 3173 3303 nihil
3199 3247 3559 3304 Salvatorem
3585 3252 3760 3321 quasi

343 3335 696 3410 ἀνθρωπίνως
747 3336 774 3390 6
825 3336 1046 3412 Σωτὴρ,
1101 3333 1250 3390 ἀλλὰ
1296 3337 1473 3390 πάντα
1519 3335 1637 3405 θείᾳ
1687 3333 1848 3411 σοφίᾳ
1901 3332 1992 3387 καὶ

343 3427 579 3498 μυστικῇ
630 3422 868 3479 διδάσκει
923 3424 1053 3488 τοὺς
1111 3426 1325 3497 ἑαυτοῦ,
1355 3425 1430 3498 μὴ
1481 3423 1745 3498 σαρκίνως
1797 3424 1995 3497 ἀκροᾶ-

342 3515 463 3568 σθαι
517 3517 628 3568 τῶν
680 3511 1014 3589 λεγομένων,
1047 3511 1194 3569 ἀλλᾶ
1232 3514 1324 3568 τὸν
1372 3513 1424 3568 έν
1470 3511 1654 3574 αὐτοῖς
1686 3513 1996 3588 κεκρυμμέ-

340 3624 429 3659 νον
465 3607 591 3658 νοῦν
628 3605 768 3678 μετά
784 3611 884 3673 τῆς
917 3603 1064 3674 ἀξίας
1099 3605 1378 3674 ζητήσεως
1410 3602 1501 3658 καὶ
1545 3603 1810 3667 συνέσεως
1853 3601 2000 3679 ἐρευ-

343 3696 437 3763 νᾷν
495 3693 586 3748 καὶ
639 3694 1090 3765 καταμανθάνειν.
1126 3692 1225 3746 Καὶ
1282 3693 1388 3767 γάρ
1444 3692 1511 3747 τὰ
1571 3693 1659 3746 ὑπ’
1690 3691 1853 3746 αὐτοῦ
1901 3697 2000 3746 τοῦ

349 3781 554 3857 Κυρίου
591 3778 855 3836 δοκοῦντα
882 3781 1176 3851 ἡπλῶσθαι
1221 3781 1358 3857 πρὸς
1406 3780 1535 3845 τοὺς
1591 3782 1833 3855 μαθητὰς
1889 3785 1998 3836 τῶν

348 3871 660 3946 ᾐνιγμένως
694 3872 1072 3946 ὑπειρημένων
1108 3868 1260 3926 οὐδὲν
1289 3870 1542 3940 ἥττονος,
1568 3869 1712 3925 ἀλλὰ
1745 3869 2000 3932 πλείονος

348 3957 427 4015 ἔτι
458 3965 545 4014 νῦν
578 3967 676 4030 τῆς
719 3960 1047 4024 ἐπιστάσεως
1107 3959 1408 4035 εὑρίσκεται
1469 3957 1700 4032 δεόμενα
1757 3957 1845 4014 διὰ
1900 3960 1999 4028 τὴν

351 4045 801 4123 ὑπερϐάλλουσαν
849 4055 948 4118 τῆς
1006 4051 1322 4124 φρονήσεως
1359 4048 1409 4104 έν
1439 4050 1626 4111 αὐτοῖς
1665 4044 1999 4125 ὑπερϐολήν.

350 4142 530 4196 ’Όπου
561 4134 619 4192 δὲ
648 4137 739 4192 καὶ
767 4139 834 4192 τὰ
862 4139 1198 4211 νομιζόμενα
1233 4139 1320 4193 ὑπ’
1353 4137 1518 4194 αὐτοῦ
1549 4135 1865 4214 διηνοῖχθαι
1886 4143 2003 4201 τοῖς

353 4222 479 4295 ἔσω,
511 4227 600 4281 καὶ
633 4228 821 4288 αὐτοῖς
846 4232 964 4289 τοῖς
995 4229 1094 4296 τῆς
1131 4227 1411 4302 βασιλείας
1458 4229 1670 4290 τέκνοις
1721 4229 1810 4282 ὑπ’
1841 4227 2003 4282 αὐτοῦ

2101 3338 2359 3393 humano
2381 3350 2540 3390 more
2562 3333 2826 3389 locutum
2850 3352 3001 3403 esse,
3031 3336 3133 3390 sed
3162 3336 3364 3391 divina
3383 3338 3754 3408 mysticaque

2107 3423 2403 3497 sapientia
2431 3440 2570 3479 suos
2602 3428 2816 3479 cuncta
2846 3423 3153 3494 docuisse;
3185 3439 3490 3481 sermones
3510 3424 3618 3482 hos
3635 3442 3753 3483 non

2106 3511 2422 3570 carnaliter
2451 3511 2676 3580 audire,
2701 3513 2803 3568 sed
2826 3511 3102 3569 latentem
3123 3513 3185 3568 iu
3207 3513 3291 3570 eis
3313 3529 3557 3570 sensum
3575 3514 3757 3587 digna

2105 3601 2559 3674 investigatione
2592 3601 2922 3672 mentisque
2949 3600 3187 3657 solertia
3203 3619 3268 3658 ac
3290 3603 3609 3676 sagacitate
3630 3619 3761 3676 per-

2107 3690 2338 3763 quirere
2372 3694 2430 3746 et
2454 3690 2776 3746 addiscere.
2806 3690 2953 3747 Nam
2976 3707 3110 3746 cum
3133 3696 3191 3746 et
3211 3691 3342 3764 ipsa
3369 3709 3605 3767 quoque
3631 3709 3758 3767 qua

2109 3781 2180 3836 ab
2212 3780 2341 3851 ipso
2375 3782 2619 3836 Domino
2640 3779 2912 3836 videntur
2942 3779 3249 3851 discipulis
3271 3782 3452 3838 fuisse
3474 3783 3757 3856 exposita,

2112 3886 2228 3925 non
2265 3867 2502 3937 minori,
2534 3869 2635 3924 sed
2668 3867 2878 3938 majori
2909 3867 3236 3924 etiamnum
3287 3871 3760 3928 consideratione

2110 3959 2374 4031 indigere
2406 3963 2745 4028 noscantur,
2781 3973 2948 4028 quem
2984 3974 3113 4028 quae
3148 3957 3460 4015 obscurius
3489 3975 3555 4016 ac
3603 3958 3762 4017 velut

2112 4049 2421 4121 aenigmate
2443 4047 2599 4102 dicta
2623 4048 2861 4111 sunt,ob
2888 4047 3413 4118 profundissimam
3434 4048 3495 4103 in
3518 4049 3605 4105 eis
3626 4048 3761 4104 alti-

2111 4137 2380 4192 tudinem
2411 4152 2718 4203 sensuum;
2749 4153 2995 4205 cumque
3029 4137 3172 4192 adeo
3193 4136 3371 4192 etiam
3390 4136 3512 4204 illa,
3537 4154 3666 4209 qua
3688 4137 3760 4195 ab

2114 4244 2179 4283 eo
2197 4225 2409 4283 schola:
2433 4225 2770 4282 domesticis
2794 4226 3063 4281 videntur
3085 4225 3412 4298 explanata,
3437 4226 3763 4300 aciis,quos

352 4315 735 4389 καλουμένοις,
769 4312 848 4371 ἔτι
881 4316 1078 4390 χρῄζει
1111 4313 1397 4392 φροντίδος
1444 4315 1722 4386 πλείονος,
1752 4315 1898 4386 ἤπου
1944 4338 1986 4391 γι

2116 4318 2187 4372 ab
2218 4333 2284 4372 eo
2307 4314 2460 4371 filios
2493 4316 2654 4387 regni
2685 4316 3021 4372 invenimus
3041 4322 3298 4388 vocatos,
3323 4317 3531 4389 majori
3566 4317 3762 4374 adhuc

352 4405 418 4458 τὰ
477 4401 706 4474 δόξαντα
757 4403 853 4476 μὲν
908 4402 1099 4464 ἁπλῶς
1159 4402 1526 4479 ἐξενηνέχθαι,
1558 4405 1649 4459 καὶ
1710 4401 1799 4458 διὰ
1845 4407 1986 4459 τοῦτ(

2115 4422 2264 4478 opus
2295 4405 2552 4461 habeant
2573 4405 2966 4476 indagatione,
2989 4421 3166 4476 quam
3190 4423 3314 4477 quae
3336 4407 3607 4463 videntur
3625 4406 3766 4462 sim-

362 4489 502 4566 μηδὲ
555 4490 944 4568 διηρωτημένα
998 4492 1134 4568 πρὸς
1189 4497 1296 4548 τῶν
1344 4493 1704 4563 ἀκουσάντων,
1739 4492 1814 4554 εἰς
1874 4490 1986 4548 ὅλοι

2117 4494 2344 4567 pliciter
2361 4494 2432 4550 ab
2452 4510 2518 4550 eo
2541 4493 2785 4566 prolata,
2811 4511 2939 4568 quae
2963 4495 3207 4567 proinde
3229 4512 3400 4552 nemo
3429 4496 3764 4552 auditorum

361 4579 418 4638 δὲ
448 4582 510 4636 τὸ
539 4580 698 4644 τέλος
743 4580 872 4636 αὐτὸ
914 4588 1014 4652 τῆς
1063 4581 1339 4658 σωτηρίας
1385 4579 1770 4660 διαφερόντων,
1802 4603 1977 4654 σκοπη

2119 4583 2502 4655 interrogavit
2559 4587 2625 4638 ut
2680 4587 3128 4656 exponerentur,
3159 4583 3223 4646 ἄ(
3278 4584 3635 4657 pertinentia
3689 4583 3763 4640 ad

360 4672 605 4744 σομένων
635 4667 693 4725 δὲ
723 4675 1017 4743 θαυμαστῷ
1056 4671 1146 4725 καὶ
1194 4670 1564 4748 ὑπερουρανίῳ
1610 4667 1850 4734 διανοίας
1912 4669 2011 4747 βά-

361 4772 466 4828 θει,
496 4761 596 4815 οὐκ
626 4757 964 4822 ἐπιπολαίως
999 4756 1252 4834 δέχεσθαι
1301 4765 1420 4823 ταῖς
1474 4759 1662 4824 ἀκοαῖς
1717 4766 2010 4836 προσῆκεν,

361 4845 508 4902 ἀλλᾶ
554 4849 832 4911 καθιέντας
888 4847 982 4902 τὸν
1037 4851 1162 4902 νοῦν
1221 4846 1304 4902 ἐπ’
1351 4847 1482 4903 αὐτὸ
1538 4847 1600 4902 τὸ
1650 4849 1871 4922 Πνεῦμα
1914 4852 2011 4904 τοῦ

365 4941 626 5011 Σωτῆρος
656 4941 750 4992 καῖ
777 4935 840 4991 τὸ
868 4941 970 5006 τῆς
996 4936 1229 5013 γνώμης
1259 4935 1597 5013 ἀπόρρητον.

435 5121 496 5178 ς’.
539 5113 851 5189 Ἠρώτηται
905 5113 1000 5187 μὲν
1044 5112 1148 5190 γὰρ
1198 5109 1376 5184 ἡδέως
1405 5115 1433 5169 ὁ
1466 5113 1668 5189 Κύριος
1707 5116 1866 5188 ἡμῶν
1921 5118 2012 5171 καὶ

369 5206 564 5279 Σωτὴρ
598 5203 858 5279 ἐρώτημα
886 5200 1372 5274 καταλληλότατον
1406 5202 1552 5276 αὐτῷ
1576 5224 1588 5235 ο
1621 5206 1658 5274 ἡ
1717 5205 1838 5275 Ζωὴ
1888 5206 2012 5280 περὶ

367 5295 532 5364 ζωῆς,
567 5294 595 5348 6
642 5294 838 5366 Σωτὴρ
898 5293 1022 5369 περὶ
1083 5293 1438 5368 σωτηρίας,ὁ
1497 5289 1832 5356 Διδάσκαλος
1889 5295 2011 5370 περὶ

429 5446 494 5513 »14
518 5447 584 5502 Ρ.
617 5447 724 5502 929
753 5447 861 5504 ED.
890 5447 1198 5504 POTTER.
1229 5448 1308 5521 (a)
1338 5447 1517 5507 Marc.
1548 5465 1605 5518 x,
1639 5449 1725 5515 17,
1759 5449 1846 5517 18,
1877 5465 2043 5523 seqq.

2120 4674 2314 4746 ipsum
2350 4671 2565 4728 salutis
2595 4672 2798 4740 ﬁnem,
2827 4673 3217 4746 mirandoque
3247 4691 3315 4730 ac
3364 4672 3768 4747 supercmlesti

2123 4761 2338 4818 mentis
2364 4760 2790 4817 consideranda
2819 4763 3142 4834 profundo;
3205 4778 3321 4818 non
3372 4760 3769 4836 perfunctorie

2121 4852 2242 4908 haec
2273 4851 2516 4907 auribus
2549 4849 2894 4919 haurienda,
2929 4853 3028 4908 sed
3063 4851 3144 4908 ita
3165 4857 3228 4908 ut
3248 4853 3320 4908 ad
3343 4854 3542 4925 ipsum
3566 4850 3768 4909 Salva-

2119 4941 2264 4997 toris
2293 4940 2576 5011 Spiritum
2608 4956 2674 4996 ac
2706 4941 3009 4996 sententiae
3040 4957 3320 4998 arcanum
3353 4941 3620 4998 animum
3666 4941 3768 4998 de-

2121 5029 2445 5085 mittamus.

2190 5119 2287 5175 VI.
2317 5118 2592 5174 Jucunda
2625 5119 2776 5174 certe
2826 5117 3074 5175 Domino
3133 5123 3335 5176 nostro
3369 5134 3435 5176 ac
3484 5118 3774 5176 Salvatori

2123 5207 2320 5264 oblata
2341 5207 2588 5275 quaestio
2610 5211 2722 5274 est,
2746 5206 2858 5278 ipsi
2881 5207 3164 5264 nimirum
3187 5208 3767 5267 convenientissima.

2125 5297 2346 5369 Nempe
2376 5296 2575 5354 oblata
2606 5296 2849 5369 quaestio
2879 5295 3022 5352 Vitae
3054 5297 3125 5353 de
3163 5297 3300 5369 vita,
3351 5298 3638 5356 Salvatori
3697 5299 3772 5356 de

439 5597 554 5671 (19)
586 5601 776 5672 Πᾷσιν.
808 5598 1415 5672 Matth_aeo_nimirum
1473 5603 1532 5658 et
1597 5599 1829 5670 Marco;
1878 5617 2018 5658 nam
2056 5601 2316 5659 Joannes
2367 5616 2460 5658 res
2517 5602 2712 5672 gestas
2768 5601 2840 5658 ad
2893 5600 3152 5659 historia:
3221 5604 3463 5663 modum
3530 5603 3780 5665 minime

371 5670 736 5728 enarrandas
765 5670 1048 5745 suscepit.
1086 5670 1250 5727 FELL.
