4078 6146
278 392 380 448 611

1502 385 1912 440 CLEMENTIS
1948 382 2457 440 ALEXANDle

3577 383 3689 441 612
3733 447 3742 464 ε

279 519 489 587 salute,
524 514 801 590 Magistro
831 529 894 570 ac
928 511 1150 568 doctori
1181 512 1250 566 dc
1281 509 1471 583 capite
1528 525 1728 566 eorum
1788 526 1910 581 quae

2025 504 2321 582 κεφαλαίου
2379 510 2484 561 τῶν
2564 502 2968 578 διδασκομένων
3051 504 3359 582 δογμάτων.
3401 507 3681 580 ,Ἀλήθεια

279 607 553 681 dogmate
582 604 986 672 tradebantur,
1018 601 1261 656 Veritati
1285 601 1354 655 de
1386 616 1519 655 vera
1568 597 1922 654 immortali-

277 700 421 766 tate,
454 695 641 751 Verbo
671 695 742 750 de
772 697 1012 766 paterno
1043 692 1218 747 verbo
1250 694 1424 762 atque
1454 690 1744 755 doctrina,
1782 693 1919 744 Per-

277 786 428 842 fecto
453 786 524 840 de
555 784 810 856 perfecta
836 782 1054 854 requie,
1081 778 1519 852 Incorruptibili
1547 779 1619 834 de
1640 777 1918 833 Iirmain-

277 873 671 947 corruptione.
703 872 784 927 De
813 869 933 927 illis
963 869 1259 927 oblatailli
1284 868 1527 942 quaestio
1550 872 1920 940 est,quorum

274 964 450 1021 etiam
482 980 662 1021 causa
692 961 1090 1032 descenderat,
1124 959 1343 1033 quibus
1374 958 1651 1025 instituit,
1679 974 1802 1029 quae
1825 958 1923 1012 do-

273 1061 382 1124 cet,
415 1070 542 1126 quaa
574 1052 812 1126 praebet,
847 1055 911 1107 ut
941 1050 1210 1107 ostendat
1258 1047 1548 1120 Evangelii
1608 1062 1922 1119 argumen-

273 1147 403 1199 tum
435 1159 585 1213 esse,
618 1146 685 1197 ut
711 1142 831 1196 vita
852 1145 1067 1197 aeterna
1088 1140 1217 1212 ipsa
1244 1137 1550 1193 tribuatur.
1579 1136 1924 1192 Przasciebat

275 1224 469 1289 autem
501 1236 568 1288 ut
600 1232 772 1302 Deus,
805 1240 931 1287 tum
956 1245 1082 1301 quae
1113 1228 1563 1300 interrogandus
1594 1230 1738 1297 erat,
1792 1230 1921 1281 tum

276 1322 430 1395 quod
464 1334 814 1393 responsum
833 1319 1203 1391 interrogans
1225 1321 1381 1374 esset
1401 1314 1922 1387 accepturus.Quis

274 1411 430 1467 enim
451 1411 511 1467 id
537 1410 732 1483 potius
754 1409 953 1465 fecerit
973 1424 1150 1481 quam
1172 1405 1455 1479 propheta
1476 1403 1920 1478 prophetarum,

273 1500 581 1573 omnisque
612 1497 935 1572 prophetici
968 1495 1217 1570 spiritus
1247 1495 1466 1550 arbiter
1497 1508 1564 1549 ac
1595 1491 1923 1549 Dominus?

273 1592 529 1646 Vocatus
558 1592 754 1646 autem
782 1588 992 1655 bonus,
1021 1604 1053 1642 a
1085 1586 1272 1657 primo
1304 1584 1414 1639 hoc
1460 1583 1635 1639 verbo
1684 1585 1924 1653 sumpta

273 1680 578 1735 occasione
607 1678 743 1733 inde
773 1677 947 1734 etiam
980 1675 1331 1732 doctrinami
1364 1673 1727 1744 auspicatur,
1785 1687 1921 1726 con-

274 1772 508 1824 vertens
538 1765 813 1840 discipuli
840 1766 1104 1822 animum
1137 1765 1197 1821 in
1253 1770 1439 1820 Deum
1498 1763 1743 1826 bonum,
1802 1760 1920 1833 pri-

2030 596 2152 673 περὶ
2207 603 2307 665 τῆς
2354 594 2623 667 ἀληθινῆς
2656 595 2968 668 ἀθανασίας,
2999 597 3027 651 6
3078 596 3253 672 Λόγος
3286 599 3413 674 περὶ
3441 603 3539 653 τοῦ
3574 605 3686 654 Πα-

2026 687 2155 760 τρὸς
2187 683 2377 761 λόγου,
2412 687 2439 740 6
2470 687 2694 749 Τέλειος
2724 685 2847 758 περὶ
2886 688 2987 756 τῆς
3041 686 3255 751 τελείας
3308 686 3690 759 ἀναπαύσεως,

2032 777 2060 830 6
2102 776 2411 853 ’Άφθαρτος
2458 775 2582 851 περὶ
2629 782 2728 845 τῆς
2789 770 3008 852 βεϐαίας
3062 775 3388 854 ἀφθαρσίας.
3430 778 3685 851 Ἠρώτη-

2030 885 2115 918 ται
2173 864 2296 937 περὶ
2339 864 2547 920 τούτων
2607 864 2731 942 περί
2791 864 2865 919 ὧν
2919 866 3010 921 xui
3068 863 3461 937 κατελήλυθεν,
3497 866 3686 922 δίπαι-

2033 950 2196 1023 δεύει,
2230 952 2263 1006 ’ἁ
2295 951 2557 1023 διδάσκει,
2592 952 2625 1007 ἃ
2652 952 2908 1028 παρέχει,
2935 952 3027 1009 ἵνα
3054 952 3201 1030 δείξῃ
3235 957 3333 1026 τὴν
3359 953 3459 1011 τοῖ’)
3507 957 3689 1033 Εὐαγ-

2029 1040 2216 1118 γελίου
2253 1041 2523 1111 ὑπόθεσιν,
2556 1041 2640 1097 ὅτι
2672 1040 2821 1105 δόσις
2854 1041 2994 1098 ἐστὶν
3033 1043 3258 1099 αἲωνίου
3287 1049 3457 1114 ζωῆς.
3491 1046 3691 1121 Προεῖ-

2032 1129 2088 1187 δε
2138 1130 2195 1186 δὲ
2245 1131 2319 1193 ὡς
2369 1133 2499 1196 Θεὸς
2542 1132 2631 1187 καὶ
2679 1131 2711 1186 ἃ
2754 1132 2946 1206 μέλλει
2977 1131 3497 1210 διερωτηθήσεσθαι,
3528 1135 3618 1190 xui
3654 1135 3689 1190 ἆ

2036 1219 2227 1296 μέλλει
2258 1242 2340 1284 τις
2402 1221 2549 1294 αὐτῷ
2597 1221 3002 1296 ἀποκρίνεσθαι.
3034 1222 3125 1287 Τίς
3162 1223 3262 1299 γὰρ
3319 1225 3410 1279 καὶ
3472 1224 3689 1299 μᾶλλον

2030 1311 2065 1380 ἢ
2096 1312 2124 1365 6
2158 1312 2448 1390 προφήτης
2479 1316 2802 1390 προφητῶν,
2835 1311 2926 1367 καὶ
2966 1311 3171 1389 Κύριος
3219 1315 3417 1377 παντὸς
3463 1336 3689 1394 προφη-

2029 1406 2182 1456 τικοῦ
2267 1401 2613 1475 πνεύματοςς
2675 1400 2906 1473 Κληθεὶς
2967 1399 3022 1457 δὲ
3102 1403 3323 1479 ἀγαθὸς,
3378 1404 3470 1458 ἀπ’
3521 1405 3687 1461 αὑτοῦ

2030 1491 2251 1565 πρώτου
2280 1494 2378 1545 τοῦ
2411 1489 2656 1566 ῥήματος
2687 1490 2884 1547 τούτου
2927 1491 2990 1547 τὸ
3036 1489 3323 1567 ἐνδόσιμον
3359 1489 3567 1568 λαϐὼν,
3600 1494 3680 1551 ἐν·

2029 1583 2211 1637 τεῦθεν
2270 1579 2359 1637 καὶ
2411 1587 2514 1652 τῆς
2564 1579 2916 1648 διδασκαλίας
2944 1580 3191 1660 ἄρχεται,
3225 1583 3560 1663 ἐπιστρέφων
3589 1587 3681 1640 τὸν

2034 1672 2285 1745 μαθητὴν
2346 1670 2431 1726 ἐπὶ
2489 1672 2581 1727 τὸν
2634 1674 2764 1728 Θεὸν
2807 1673 2901 1728 τὸν
2939 1674 3155 1750 ἀγαθὸν,
3184 1674 3272 1729 καὶ
3322 1680 3539 1750 πρῶτον
3588 1678 3682 1731 καὶ

2033 1762 2195 1837 μόνον
2234 1769 2377 1834 ζωῆς
2406 1764 2633 1819 αἰωνίου
2663 1765 2885 1839 ταμίαν,
2916 1767 2977 1836 ἣν
3022 1767 3049 1820 6
3095 1766 3218 1828 Υἱὸς
3270 1763 3491 1821 δίδωσιν
3542 1769 3681 1841 ἡμῖν

279 1873 561 1929 mumque
590 1874 656 1913 ac
687 1856 875 1913 solum
905 1856 1034 1912 vitae
1060 1860 1290 1911 aeterna:
1319 1853 1709 1926 praebitorem,
1741 1866 1910 1923 quam

2028 1855 2157 1929 παρ’
2187 1852 2394 1908 ἐκείνου
2425 1848 2631 1910 λαϐών.

274 1948 346 2003 ab
378 1964 443 2005 eo
474 1951 796 2020 acceptam,
832 1946 1001 2002 nobis
1033 1946 1258 2001 confert
1287 1943 1485 1999 Filius.

338 2036 461 2094 VII.
495 2039 696 2111 Itaque
716 2036 1041 2093 maximum
1064 2040 1121 2091 et
1143 2035 1499 2107 praecipuum
1528 2033 1910 2088 documento-

267 2145 399 2187 rum
430 2129 503 2187 ad
532 2127 709 2183 vitam
739 2125 1157 2200 spectantium,
1191 2125 1263 2180 ab
1294 2123 1462 2179 initio
1496 2122 1695 2180 statim
1720 2121 1914 2177 animo

267 2216 643 2274 inserendum
674 2219 785 2286 est;
827 2218 891 2271 ut
924 2214 1077 2270 Deus
1136 2221 1389 2269 aeternus
1419 2228 1548 2268 esse
1579 2228 1644 2267 ac
1671 2216 1914 2266 aeterno-

267 2323 400 2364 rum
430 2307 617 2377 dator,
654 2308 1028 2378 agnoscatur;
1054 2303 1433 2375 primumque
1456 2318 1521 2357 ac
1543 2315 1913 2373 supremum,

267 2401 324 2454 et
352 2412 538 2453 unum
569 2411 633 2452 ac
661 2396 880 2451 bonum
912 2394 1123 2461 Deum,
1155 2393 1341 2449 Deum
1374 2391 1544 2447 nobis
1576 2407 1679 2462 per
1728 2390 1913 2446 scien-

265 2486 408 2543 tiam
439 2489 498 2542 et
524 2482 1111 2555 comprehensionem
1141 2480 1530 2536 vindicemus.
1581 2481 1694 2535 [ioc
1755 2479 1911 2535 enim

264 2572 568 2631 immobile
587 2573 1123 2643 inconcussumque
1143 2569 1495 2641 principium
1511 2573 1569 2624 et
1590 2565 1912 2639 principale

267 2664 393 2719 vitae
425 2662 857 2731 fulcimentum,
894 2659 1014 2729 Dei,
1048 2659 1147 2731 qui
1179 2663 1270 2714 est
1297 2674 1431 2713 vere
1460 2657 1788 2724 scientia,et
1810 2656 1909 2727 qui

267 2769 336 2811 ea
365 2769 494 2825 quae
524 2755 666 2808 sunt
685 2754 925 2820 (aeterna
944 2747 1192 2815 scilicet)
1212 2747 1479 2819 largitur;
1504 2762 1572 2802 ex
1595 2762 1709 2816 quo
1732 2745 1910 2800 etiam

270 2843 401 2900 aliis
432 2839 721 2913 provenit,
753 2843 818 2894 ut
847 2854 976 2894 esse
1007 2835 1314 2907 accipiant,
1367 2851 1549 2907 eoque
1593 2834 1912 2890 incolumia

268 2933 409 2991 sint.
436 2930 625 3001 Hujus
656 2927 872 3001 quippe
893 2925 1182 2998 ignoratio
1207 2941 1363 2981 mors
1385 2929 1493 2994 est;
1513 2923 1765 2996 cognitio
1781 2941 1909 2980 vero

265 3026 323 3080 et
352 3019 725 3079 necessitudo
756 3021 933 3089 atque
953 3015 1023 3071 ad
1047 3032 1179 3071 eum
1204 3014 1438 3071 dilectio
1460 3014 1752 3085 ductaque
1774 3030 1909 3070 cum

265 3128 333 3169 eo
366 3105 847 3173 similitudo,sola
875 3106 993 3162 vita
1013 3104 1262 3161 exsistit.

337 3201 486 3256 387
520 3198 663 3255 VIII.
694 3201 864 3252 Hunc
894 3211 1030 3268 ergo
1060 3194 1317 3266 primum
1348 3194 1783 3266 agnoscendum
1809 3194 1908 3265 ju-

2095 2035 2166 2092 Ζ’.
2221 2032 2429 2091 Οὐκοῦν
2489 2034 2552 2088 τὸ
2613 2033 2864 2109 μέγιστον
2925 2033 3015 2088 καὶ
3089 2034 3516 2112 κορυφαιότατον
3570 2041 3679 2092 τῶν

2025 2123 2160 2199 πρὸς
2219 2125 2317 2193 τὴν
2378 2124 2519 2192 ζωὴν
2586 2122 2944 2197 μαθημάτων,
2977 2123 3083 2178 ἀπὸ
3134 2131 3235 2195 τῆς
3296 2125 3477 2201 ἀρχῆς
3519 2124 3681 2188 εὐθὺς

2025 2210 2410 2287 ἐγκαταθέσθαι
2438 2214 2505 2287 τῇ
2529 2214 2683 2289 ψυχῇ
2710 2210 2792 2267 δεῖ
2823 2232 2835 2246 ·
2867 2217 3068 2290 γνῶναι
3099 2213 3191 2268 τὸν
3224 2213 3351 2268 Θεὸν
3400 2214 3491 2268 τὸν
3544 2213 3680 2268 αἰώ-

2022 2323 2162 2375 νιον,
2192 2301 2283 2357 καὶ
2330 2299 2536 2378 δοτῆρα
2583 2301 2843 2377 αῗωνίων,
2876 2303 2965 2357 καὶ
3015 2307 3255 2379 πρῶτον,
3306 2303 3396 2357 καὶ
3447 2301 3678 2380 ὑπέρτα-

2020 2412 2133 2462 τον,
2165 2391 2257 2446 καὶ
2306 2387 2422 2459 ἕνα,
2472 2391 2563 2445 καὶ
2618 2391 2811 2467 ἀγαθὸν
2867 2391 2996 2446 Θεὸν
3057 2394 3357 2462 κτήσασθαι
3405 2389 3495 2446 διὰ
3539 2392 3682 2467 γνώ-

2024 2501 2156 2543 σεως
2205 2480 2295 2536 xui
2341 2480 2725 2556 καταλήψεως.
2762 2480 2910 2550 Αὕτη
2956 2480 3059 2557 γὰρ
3111 2478 3372 2554 ἄτρεπτος
3422 2481 3512 2535 καὶ
3542 2480 3673 2535 ἀσά-

2022 2569 2210 2633 λευτὸς
2243 2572 2413 2647 ἁρχὴ,
2447 2571 2532 2627 καὶ
2593 2570 2798 2646 κρηπὶς
2857 2575 3024 2640 ζωῆς,
3054 2569 3329 2644 ἐπιστήμη
3392 2575 3525 2625 Θεοῦ
3576 2573 3675 2625 τοῦ

2020 2656 2189 2722 ὅντως
2234 2658 2412 2725 ὄντος,
2441 2661 2527 2715 καὶ
2563 2661 2629 2714 τὰ
2661 2655 2809 2730 ὄντα,
2837 2656 3082 2714 τουτέστι
3111 2659 3177 2714 τά
3210 2658 3424 2731 αἰώνια,
3459 2655 3668 2732 δωρου-

2024 2746 2186 2823 μένου
2214 2768 2228 2783 ·
2258 2750 2308 2819 ἐξ
2340 2750 2401 2803 οὗ
2429 2750 2517 2804 xui
2550 2749 2612 2804 τὸ
2644 2749 2777 2803 εἶναι
2806 2754 2928 2810 τοῖς
2954 2748 3149 2810 ἄλλοις
3183 2750 3414 2823 ὑπάρχει
3463 2750 3552 2803 xui
3602 2750 3666 2804 τὸ

2023 2844 2198 2912 μεῖναι
2232 2841 2343 2911 (20)
2378 2834 2585 2894 λαϐεῖν.
2618 2839 2685 2894 Ἠ
2718 2838 2812 2910 μὲν
2843 2839 2943 2913 γὰρ
2973 2837 3168 2891 τούτου
3201 2839 3389 2912 ἄγνοια
3445 2837 3669 2899 θάνατός

2019 2925 2181 2998 ἐστιν,
2213 2929 2248 2997 ἡ
2282 2925 2339 2981 δὲ
2368 2925 2654 3003 ἐπίγνωσις
2704 2923 2868 2981 αὐτοῦ
2912 2925 3001 2981 καὶ
3053 2925 3343 2997 οἰκείωσις,
3394 2925 3483 2981 καὶ
3526 2927 3668 3001 ’πρὸς

2018 3018 2176 3074 αὐτὸν
2210 3016 2395 3095 ἀγάπη
2425 3017 2513 3075 xui
2539 3015 2890 3092 ἐξομοίωσις,
2927 3015 3064 3091 μόνη
3100 3017 3235 3088 ζωή.

2088 3198 2170 3254 H'.
2204 3200 2406 3255 Τοῦτον
2463 3194 2553 3252 οὗν
2609 3200 2824 3273 πρῶτον
2884 3194 3173 3271 ἐπιγνῶναι
3230 3198 3307 3267 τῷ
3379 3191 3670 3268 ζησομένῳ

264 3291 363 3347 bet
390 3291 442 3345 ei
474 3288 575 3362 qui
605 3303 802 3343 veram
830 3285 1008 3341 vitam
1040 3284 1119 3340 sit
1139 3288 1415 3359 acturus:
1449 3306 1478 3334 «
1512 3285 1693 3350 Quem
1734 3300 1905 3340 nemo

2022 3288 2115 3357 τὴν
2149 3283 2321 3350 ὅντως
2355 3288 2498 3357 ζωὴν
2544 3284 2991 3361 παρακελεύεται,
3029 3310 3055 3337 ‹‹
3096 3286 3155 3340 ’ὸν
3187 3281 3363 3346 οὐδεὶς
3405 3282 3669 3359 ἐπιγινώ-

267 3379 429 3437 novit
457 3376 572 3434 nisi
603 3376 807 3444 Filius,
832 3379 890 3431 et
919 3374 1012 3431 cui
1034 3372 1209 3430 Filius
1230 3373 1707 3446 revelaverit.(a)»
1732 3374 1908 3430 Exin-

268 3469 339 3523 de
397 3465 805 3540 cognoscenda
858 3467 948 3520 est
1006 3462 1351 3535 magnitudo
1407 3460 1722 3519 Salvatoris
1778 3467 1911 3536 post

265 3555 437 3612 illum
468 3569 731 3625 novaque
761 3551 968 3625 gratia,
1001 3552 1276 3624 quodque
1308 3551 1479 3622 juxta
1540 3552 1907 3623 Apostolum,

271 3666 297 3698 α
331 3644 423 3701 lex
455 3660 558 3716 per
588 3644 845 3715 Moysem
879 3642 1015 3697 data
1044 3645 1170 3707 est;
1205 3641 1397 3713 gratia
1428 3645 1485 3696 et
1538 3642 1753 3698 veritas
1809 3659 1911 3714 per

267 3738 470 3791 Jesum
499 3732 792 3788 Christum
826 3731 980 3786 facta
1007 3730 1228 3803 est(b);-
1265 3746 1370 3785 nec
1401 3729 1565 3802 paria
1594 3735 1751 3798 sunt,
1779 3748 1906 3804 qua:

263 3841 368 3897 per
387 3838 618 3880 servum
654 3820 882 3876 fidelem
914 3821 1049 3875 data
1079 3825 1236 3886 sunt,
1270 3824 1329 3875 et
1359 3836 1484 3891 quae
1517 3837 1549 3875 a
1595 3837 1728 3876 vero
1788 3820 1906 3878 {ilio

266 3914 479 3970 donata
509 3915 667 3968 sunt.
708 3910 961 3980 Denique
991 3908 1040 3965 si
1073 3909 1287 3981 Moyeis
1316 3907 1407 3964 lex
1437 3909 1739 3966 sufﬁciens
1782 3915 1907 3967 erat

262 4007 328 4060 ut
355 4003 535 4058 vitam
570 4003 909 4073 praestaret;
946 3999 1164 4054 frustra
1193 3997 1475 4053 nimirum
1499 3997 1760 4054 Salvator
1781 4001 1905 4071 ipse

260 4091 582 4160 adveniret,
616 4089 919 4161 nostrique
950 4104 1128 4143 causa
1157 4091 1469 4159 pateretur,
1491 4088 1563 4143 ab
1587 4093 1716 4143 ortu
1750 4089 1903 4143 nati-

258 4181 455 4237 vitatis
479 4181 550 4236 ad
576 4184 791 4234 metam
820 4193 1002 4249 usque
1024 4192 1263 4232 emenso
1281 4176 1552 4231 humanae
1577 4177 1702 4232 vita
1722 4179 1902 4233 curri-

260 4270 412 4327 culo.
443 4272 685 4324 Frustra
714 4283 969 4339 quoque,
1002 4265 1101 4337 qui
1134 4264 1332 4320 omnia
1362 4264 1509 4337 legis
1560 4268 1839 4323 mandata
1869 4285 1903 4325 a

252 4358 565 4431 juventute
596 4356 957 4428 impleverat,
987 4361 1051 4426 ἧς
1080 4355 1151 4410 ab
1196 4354 1330 4422 alio,
1391 4353 1472 4408 illi
1535 4355 1898 4427 provolutus,

257 4446 611 4505 immortalis
640 4445 769 4501 vita:
800 4448 1134 4517 exposceret
1164 4443 1422 4515 praemia.
1484 4444 1683 4517 Neque
1741 4446 1897 4503 enim

258 4536 451 4593 solum
480 4536 671 4610 legem
721 4537 1067 4603 servaverat,
1102 4533 1204 4589 sed
1237 4536 1294 4587 et
1323 4549 1357 4587 a
1392 4533 1584 4604 prima
1639 4538 1807 4592 aetate
1837 4536 1895 4592 in

2018 3397 2153 3446 σκει,
2189 3375 2238 3431 ei
2272 3377 2347 3449 μή
2381 3378 2408 3431 6
2448 3377 2563 3439 ΐὶὸς
2616 3373 2961 3449 ἀποκαλύψῃ.
2998 3398 3027 3427 ››
3059 3376 3286 3431 Ἔπειτα
3329 3373 3393 3429 τὸ
3446 3374 3673 3447 μέγεθος

2016 3464 2112 3522 τοῦ
2145 3473 2404 3539 Σωτῆρος
2441 3468 2557 3540 μετ’
2589 3463 2790 3520 ἐκεῖνον
2822 3465 2912 3520 xui
2941 3467 3041 3533 τήν
3088 3458 3386 3534 καινὸτητα
3424 3469 3526 3532 τῆς
3569 3462 3672 3538 χά-

2019 3576 2166 3631 ριτος
2229 3557 2439 3629 μαθεῖν,
2469 3554 2553 3609 ὅτι
2612 3551 2702 3626 δὴ,
2736 3555 2871 3610 κατά
2912 3554 3003 3609 τὸν
3038 3551 3405 3621 Ἀπόστολον,
3439 3553 3467 3607 6
3498 3552 3667 3626 νόμος

2018 3642 2108 3700 διὰ
2139 3646 2418 3706 Μωϋσέως
2450 3643 2635 3715 ἐδόθη,
2660 3647 2694 3714 ἡ
2726 3645 2890 3721 χάρις
2918 3643 3005 3698 xui
3040 3645 3074 3713 ἡ
3107 3641 3357 3714 ἀλήθεια,
3390 3639 3461 3696 δι’
3483 3643 3669 3712 Ἰησοῦ

2016 3735 2252 3809 Χριστοῦ
2280 3732 2520 3808 ἐγένετο·
2555 3756 2582 3786 n
2617 3733 2706 3787 xui
2739 3731 2840 3787 οὐκ
2862 3729 2955 3787 ’ίσα
2983 3732 3050 3786 τά
3079 3734 3192 3804 (21)
3223 3728 3311 3785 διὰ
3343 3727 3544 3785 δούλου
3575 3750 3668 3784 πι-

2017 3827 2143 3877 στοῢ
2193 3819 2449 3894 διδόμενα
2489 3827 2605 3885 τοῖς
2657 3822 2760 3876 ὑπὸ
2805 3825 2902 3876 τοῦ
2939 3820 3164 3898 γνησίου
3195 3822 3321 3874 Υἱοῦ
3380 3817 3665 3896 δωρουμέ-

2013 3933 2150 3974 νοις.
2183 3911 2247 3966 Εἰ
2276 3916 2401 3985 γοῦν
2434 3912 2614 3973 ἱκανὸς
2653 3911 2719 3979 ἦν
2749 3911 2776 3964 6
2809 3909 3085 3972 Μωυσέως
3131 3908 3296 3983 νόμος
3344 3911 3486 3979 ζωὴν
3531 3907 3663 3963 αἰώ-

2012 4023 2125 4057 νιον
2160 4004 2485 4077 παρασχεῖν,
2515 3999 2689 4072 μάτην
2726 4000 2820 4073 μὲν
2854 4001 2882 4054 6
2912 4001 3108 4072 Κωτήρ
3163 3999 3322 4062 αὐτὸς
3372 3999 3667 4074 παραγίνε-

2011 4112 2119 4160 ται,
2151 4089 2241 4145 xui
2272 4090 2472 4165 πάσχει
2506 4086 2576 4143 δι’
2602 4092 2748 4162 ἡμᾶς
2781 4089 2887 4144 ἀπὸ
2916 4090 3174 4165 γενέσεως
3210 4089 3374 4166 μέχρι
3422 4092 3520 4143 τοῦ
3568 4109 3666 4159 ση-

2014 4179 2169 4253 μείου
2206 4180 2306 4248 τῆν
2342 4176 2739 4252 ἀνθρωπότητα
2769 4176 3071 4253 διατρέχων
3110 4196 3123 4210 ο
3164 4177 3337 4251 μάτην
3385 4180 3500 4250 (22)
3532 4174 3589 4231 δὲ
3639 4177 3667 4231 6

2010 4270 2183 4331 πάσας
2212 4270 2532 4337 πεποιηκὼς
2561 4266 2621 4322 ἐκ
2649 4267 2904 4337 νεότητος
2944 4267 3037 4329 τὰς
3092 4266 3364 4341 νομίμους
3418 4264 3665 4338 ἐντολὰς,

2010 4359 2154 4433 παρὰ
2185 4356 2360 4414 ἄλλου
2394 4353 2513 4432 ᾔτει
2544 4356 2856 4432 γονυπετῶν
2886 4357 2985 4426 τὴν
3023 4354 3332 4412 ἀθανασίαν.
3367 4352 3510 4413 Οὐδὲ
3560 4355 3667 4430 γὰρ

2008 4445 2344 4523 πεπλήρωκε
2395 4447 2559 4520 μόνον
2619 4447 2710 4501 τὸν
2768 4446 2963 4518 νόμον,
2998 4441 3144 4501 ἀλλά
3200 4446 3290 4500 καὶ
3350 4444 3506 4509 εὐθὺς
3559 4444 3666 4499 ἀπὸ

2009 4536 2233 4613 πρώτης
2290 4535 2512 4607 ἡλικίας
2571 4534 2888 4611 ἀρξάμενος.
2948 4534 3102 4591 Ἐπεὶ
3167 4533 3257 4590 καὶ
3320 4536 3371 4589 τί
3433 4534 3573 4609 μέγα
3628 4533 3665 4602 ἣ

257 4641 386 4683 eam
417 4640 541 4682 rem
572 4620 1095 4687 incubuerat.Quid
1118 4621 1275 4677 enim
1310 4621 1506 4693 magni
1539 4626 1641 4679 aut
1688 4626 1904 4699 egregii

2022 4623 2405 4701 ὑπέρλαμπρον
2461 4630 2635 4700 γῆρας
2692 4621 2884 4699 ἄγονον
2942 4623 3391 4698 ἁμαρτημάτωνς
3444 4618 3574 4678 ἀλλ’
3621 4618 3668 4676 ei

259 4719 367 4786 est,
399 4718 671 4772 senectus
693 4730 806 4770 non
834 4713 920 4769 ita
951 4712 1293 4768 delictorum
1318 4712 1505 4769 ferax?
1534 4714 1634 4769 sed
1669 4715 1717 4770 si
1767 4718 1901 4788 quis

258 4803 597 4861 lasciviente
622 4804 859 4873 juventa
889 4817 956 4858 ac
985 4800 1172 4856 aetatis
1201 4806 1342 4858 aestu
1374 4805 1668 4859 maturum
1695 4821 1809 4876 prae
1841 4824 1904 4863 se

256 4910 499 4952 sensum
535 4892 703 4962 ferat,
738 4899 794 4947 et
823 4907 998 4964 quam
1027 4908 1131 4963 pro
1154 4890 1437 4962 temporis
1459 4890 1685 4949 ratione
1710 4896 1904 4951 senior

257 4986 572 5056 appareat;
606 4981 700 5037 hic
732 4980 902 5052 plane
934 4980 1318 5035 admirandus
1342 4980 1746 5050 ac.praaclarus
1802 5001 1900 5054 pu.

258 5072 360 5145 gi],
390 5077 446 5129 et
471 5069 700 5143 judicio
730 5086 934 5126 canus.
968 5070 1073 5123 Hic
1103 5073 1300 5124 tamen
1333 5084 1461 5125 cum
1496 5072 1696 5125 tantus
1726 5078 1897 5141 esset,

257 5162 526 5235 apprime
551 5164 791 5218 noverat
820 5164 1131 5231 certusque
1161 5162 1301 5222 erat,
1338 5156 1485 5212 nihil
1516 5158 1627 5213 sibi
1664 5160 1899 5231 quidem

258 5251 326 5307 ad
355 5252 654 5324 justitiam
689 5250 929 5307 deesse:
965 5248 1205 5304 omnino
1234 5252 1432 5303 autem
1463 5246 1548 5302 illi
1598 5247 1714 5305 vita
1753 5268 1902 5322 opus

257 5346 419 5412 erat;
453 5341 672 5397 idcirco
705 5339 965 5412 prmetari
997 5342 1162 5411 rogat
1193 5336 1264 5393 ab
1295 5353 1384 5405 eo,
1420 5337 1517 5407 qui
1552 5338 1714 5395 solus
1763 5340 1902 5398 dare

2007 4736 2089 4778 τις
2124 4714 2176 4769 ἐν
2206 4716 2535 4789 σκιρτήματι
2564 4712 2829 4786 νεοτησίῳ
2871 4712 2961 4769 καὶ
2990 4717 3071 4784 τῷ
3100 4712 3337 4767 καύσωνι
3386 4718 3488 4781 τῆς
3533 4707 3671 4780 ἡλι-

2008 4805 2131 4868 κίας
2167 4805 2477 4880 παρέχηται
2536 4804 2796 4879 φρόνημα
2842 4802 3101 4873 πεπανὸν,
3155 4801 3245 4857 καὶ
3305 4796 3670 4877 πρεσϐύτερον

2007 4898 2104 4948 τοῦ
2130 4893 2357 4968 χρόνου,
2392 4892 2703 4966 θαυμαστὸς
2738 4893 2897 4955 οὗτος
2951 4892 3258 4966 ἀγωνιστὴς
3309 4890 3397 4946 καὶ
3444 4887 3665 4964 διαπρε-

2009 4985 2140 5052 πὴς,
2164 4983 2249 5038 xui
2312 4982 2411 5050 τήν
2443 4982 2669 5056 γνώμην
2703 4979 3067 5055 πολιώτερος,
3102 4978 3262 5035 Ἀλλ’
3295 4979 3447 5052 ὅμως
3509 4977 3669 5039 οὗτος

2010 5074 2038 5127 6
2068 5076 2318 5133 τοιοῦτος
2367 5065 2608 5145 ἀκριϐῶς
2658 5072 2967 5141 πέπεισται,
3002 5067 3139 5124 διότι
3194 5070 3341 5142 αὐτῷ
3390 5069 3525 5145 πρὸς
3571 5067 3667 5140 μὲν

2010 5159 2358 5230 δικαιοσύνην
2420 5157 2572 5215 οὐδὲν
2626 5156 2789 5230 ἐνδεῖ,
2816 5165 2961 5229 ζωῆς
3012 5156 3069 5213 δὲ
3101 5156 3246 5221 ὅλως
3280 5155 3506 5232 προσδεῖ
3538 5178 3549 5190 ’
3582 5154 3669 5211 διὸ

2012 5250 2177 5319 αὐτὴν
2224 5250 2362 5306 αἰτεῖ
2411 5249 2560 5324 παρά
2614 5253 2712 5303 τοῦ
2766 5246 2952 5303 δοῦναι
3008 5247 3175 5321 μόνου
3208 5246 3528 5320 δυναμένου.
3562 5245 3668 5302 Καὶ

2009 5340 2145 5415 πρὸς
2198 5340 2290 5413 μὲν
2323 5340 2414 5395 τὸν
2445 5338 2615 5412 νόμον
2648 5338 2761 5412 ἄγει
2793 5335 3122 5414 παρρησίαν,
3148 5340 3244 5393 τοῦ
3277 5340 3410 5391 Θεοῦ
3460 5331 3518 5389 6‘s
3574 5333 3667 5388 τὸν

327 5488 392 5553 ’Χα
429 5491 488 5547 Ρ.
520 5491 627 5546 930
657 5489 769 5548 ED.
801 5491 1103 5548 POTTER.
1137 5490 1215 5562 (α)
1237 5488 1443 5547 Matth.
1478 5506 1556 5559 x1,
1596 5492 1676 5545 17.
1711 5492 1910 5565 (b)Joa

2037 5492 2124 5559 17,
2146 5457 2356 5563 (ώσω.
2392 5508 2453 5564 ιι,
2486 5492 2575 5548 21.
2611 5489 2882 5563 (d)Marc.
2913 5508 2970 5561 χ,
3002 5492 3090 5547 20.

326 5643 441 5788 (20}
467 5645 678 5729 Meivui;
715 5643 883 5699 Forte
916 5642 992 5728 μὴ
1027 5641 1181 5696 εἶναι,
1220 5643 1380 5697 FELL.

326 5714 407 5785 (24
466 5718 585 5772 ’Ὶσα
614 5732 705 5771 τα.
746 5715 852 5771 Me.
887 5732 964 5774 εις
996 5712 1083 5770 τά.
1119 5715 1204 5767 ID.

323 5712 437 5785 (24)
466 5718 585 5772 ’Ὶσα
614 5712 705 5771 τά.
746 5715 852 5771 Me.
887 5712 964 5774 εἰς
996 5712 1083 5770 τά.
1119 5715 1204 5767 ID.

2012 5606 2191 5773 Pagi?
2246 5641 2457 5713 Μάτην·
2547 5643 2709 5701 C°"f'
2790 5647 3001 5702 δινονη·
3056 5660 3159 5713 VII.
3210 5661 3268 5715 ρ.
3325 5643 3451 5713 747,
3512 5641 3653 5700 edit.
