4078 6146
373 412 481 470 613

1525 410 1740 466 LIBER
1777 412 1947 476 QUIS
1983 407 2202 465 DIVES
2239 412 2643 467 SALVETUR.

3674 413 3782 469 6H

367 537 493 592 Υἱὸν
555 533 801 592 ἱκετεύει.
836 534 933 592 Ἐκ
988 533 1222 596 πίστεως
1271 531 1348 596 εἷς
1393 531 1571 586 πίστιν
1618 535 2023 606 μετατάσσεται.

2152 536 2346 606 possit.
2378 538 2450 590 At
2479 536 2716 607 quidem
2749 535 2820 591 ad
2855 534 3039 606 legem
3061 535 3214 607 quod
3238 539 3483 607 spectat,
3504 535 3674 608 longe
3690 554 3784 595 se-

368 627 455 688 Ὠς
515 621 805 701 σφαλερῶς
861 622 914 678 έν
964 621 1122 696 νόμῳ
1197 619 1440 678 σαλεύων
1509 621 1599 676 καὶ
1671 619 2032 686 ἐπικινδύνως

367 714 688 790 ναυλοχῶν,
719 712 796 777 εἷς
823 712 916 768 τὸν
952 719 1187 785 Σωτῆρα
1222 712 1638 787 μεθορμίζεται,

444 1010 517 1064 Θ’.
560 1009 622 1065 Ὁ
679 1011 808 1084 γοῦν
867 1008 1080 1078 Ἰησοῦς
1140 1007 1242 1063 οὐκ
1293 1006 1511 1083 ἐλέγχει
1575 1009 1669 1080 μὲν
1723 1006 1903 1075 αὐτὸν,
1958 1007 2032 1068 ὡς

373 1102 545 1154 πάντα
571 1097 638 1152 τά
667 1095 726 1152 ἐκ
758 1098 931 1170 νόμου
975 1099 1052 1170 μή
1101 1097 1531 1173 πεπληρωκότα,
1559 1096 1707 1152 ἀλλά
1759 1095 1847 1152 καὶ
1904 1096 2032 1172 ἀγα-

372 1192 446 1258 πᾷ
470 1187 561 1243 καὶ
598 1185 1030 1263 ὑπερασπάζεται
1060 1194 1162 1256 τῆς
1217 1186 1269 1240 ἐν
1307 1189 1391 1249 οἷς
1442 1182 1639 1260 ἔμαθεν
1680 1183 1982 1249 εὐπειθείας
2020 1203 2033 1217 ’

374 1276 537 1346 ἀτελῆ
585 1273 643 1331 δὲ
692 1275 825 1332 εἶναι
873 1276 1036 1354 φησὶν
1090 1277 1164 1338 ὡς
1209 1276 1345 1350 πρὸς
1373 1277 1471 1345 τήν
1506 1275 1728 1331 αἰώνιον
1764 1275 1928 1345 ζωὴν,
1961 1273 2034 1334 ὡς

371 1365 432 1422 ού
460 1363 644 1422 τέλεια
673 1364 1086 1440 πεπληρωκότα
1119 1385 1132 1398 ’
1167 1366 1257 1421 καὶ
1289 1367 1465 1440 νόμον
1502 1366 1596 1440 μὲν
1652 1364 1904 1440 ἐργάτην,
1937 1363 2035 1436 ἀρ-

369 1457 461 1532 γὸν
513 1452 571 1511 δὲ
621 1460 766 1526 ζωῆς
818 1455 1109 1526 ἀληθινῆς.
1144 1453 1296 1512 Καλά
1354 1456 1448 1530 μὲν
1481 1454 1706 1511 κάκεῖνα
1739 1473 1751 1486 ⁸
1779 1451 1861 1516 τίς
1894 1450 1941 1507 δ’
1970 1448 2033 1507 οὔ

373 1565 530 1624 φησιν
563 1566 576 1616 ;
613 1546 676 1600 ἹΙ
729 1544 832 1620 γὰρ
866 1569 894 1596 ‹‹
925 1543 1121 1615 ἐντολὴ
1187 1545 1311 1621 ἁγία
1373 1567 1398 1599 n
1465 1542 1600 1620 ὀίχρι
1659 1539 2036 1619 παιδαγωγίας

371 1635 517 1697 τινὸς
572 1635 710 1706 μετά
768 1630 942 1712 φόϐου
989 1635 1080 1689 καὶ
1112 1631 1499 1708 προπαιδείας,
1534 1633 1625 1689 ἐπὶ
1675 1634 1776 1703 τὴν
1803 1635 1900 1688 τοῦ
1929 1632 2037 1702 Ἰη-

374 1726 469 1777 σοῦ
529 1723 855 1795 νομοθεσίαν
918 1724 1020 1791 τήν
1081 1721 1245 1798 ἄκραν
1302 1722 1392 1778 καὶ
1423 1721 1586 1798 χάριν
1616 1725 2032 1799 προχωροῦσα·

377 1809 660 1887 πλήρωμα
693 1809 749 1866 δὲ
774 1812 949 1885 νόμου
979 1813 1216 1886 Χριστὸς
1242 1812 1317 1876 εἷς
1348 1809 1694 1882 δικαιοσύνην
1747 1810 1903 1866 παντὶ
1958 1815 2038 1882 τῷ

2140 643 2316 682 curus
2347 631 2491 693 erat,
2525 625 2627 681 Dei
2659 629 2856 681 tamen
2890 624 3034 681 Filio
3066 615 3393 697 supplicat.
3415 631 3494 681 Ex
3551 627 3664 684 fide
3720 627 3781 686 in

2139 717 2314 771 fidem
2347 715 2718 770 transfertur.
2745 714 2937 770 Veluti
2962 714 3061 787 qui
3086 731 3202 771 non
3225 719 3349 771 tuto
3373 716 3431 771 in
3457 717 3599 790 legis
3622 717 3782 774 navi-

2141 805 2233 877 gio
2256 806 2583 876 jactaretur
2612 822 2677 860 ac
2700 803 3025 874 periculose
3048 805 3361 861 stationem
3377 806 3680 876 habuerat,
3711 809 3783 864 ad

2138 893 2498 950 Salvatorem
2529 895 2902 950 transmittit.

2211 1011 2302 1066 IX.
2335 1013 2406 1065 At
2435 1028 2567 1067 vero
2583 1011 2756 1068 Jesus
2782 1028 2897 1067 non
2922 1011 3089 1067 illum
3115 1013 3435 1085 redarguit,
3456 1015 3610 1086 quod
3633 1015 3779 1089 legis

2142 1099 2339 1155 omnia
2361 1117 2475 1156 non
2507 1100 2854 1172 impleverit,
2891 1102 3032 1173 quin
3056 1103 3232 1158 etiam
3267 1103 3480 1176 diligit,
3521 1109 3577 1160 et
3623 1106 3778 1177 quod

2141 1189 2236 1257 iis,
2270 1190 2485 1261 quibus
2515 1191 2703 1246 fuerat
2733 1189 3065 1258 institutus,
3089 1197 3325 1248 strenue
3346 1194 3661 1251 obsecutus
3683 1195 3779 1265 sit,

2141 1280 2334 1351 passis
2368 1280 2524 1335 ulnis
2554 1279 2948 1351 amplectitur.
2983 1282 3055 1336 ad
3079 1280 3257 1337 vitam
3280 1287 3478 1340 tamen
3505 1288 3780 1342 aeternam

2143 1369 2300 1439 quod
2333 1369 2562 1436 attinet,
2620 1369 3029 1440 imperfectum
3061 1387 3195 1426 eum
3227 1372 3588 1443 pronuntiat,
3622 1375 3778 1447 quod

2143 1477 2210 1517 ea
2241 1477 2366 1532 quae
2399 1460 2772 1532 perfectionis
2804 1466 2964 1530 sunt,
2998 1478 3112 1517 non
3137 1462 3500 1534 impleverit;
3535 1482 3600 1521 ac
3635 1465 3781 1539 legis

2145 1550 2382 1622 quidem
2413 1551 2747 1622 operarium
2779 1549 2941 1616 dicit,
2974 1567 3176 1607 verum
3206 1551 3267 1606 in
3298 1557 3522 1610 aeternae
3548 1555 3676 1612 vitae
3695 1572 3781 1613 re-

2147 1641 2256 1695 bus
2285 1643 2662 1695 cessatorem.
2689 1643 2846 1695 Bona
2866 1641 3098 1711 quidem
3131 1644 3186 1696 et
3217 1640 3350 1712 illa;
3381 1642 3514 1715 quis
3535 1647 3628 1700 eat
3647 1643 3781 1700 inﬂ-

2142 1727 2300 1784 tias‘?
2331 1728 2475 1783 Nam
2497 1729 2890 1784 «mandatum
2924 1734 3192 1785 sanctum
3224 1730 3302 1803 (a)
3325 1753 3353 1780 ››
3385 1731 3669 1790 hactenus
3719 1738 3785 1790 ut

2148 1817 2447 1890 paedagogi
2479 1817 2788 1888 cujusdam
2809 1816 2928 1873 vice
2949 1835 3083 1874 cum
3106 1818 3315 1896 timore
3339 1819 3618 1892 fungatur
3635 1839 3782 1895 prae-

376 1900 720 1957 πιστεύοντι·
751 1902 880 1978 οὐχὶ
929 1899 986 1957 δὲ
1036 1900 1269 1965 δούλους
1320 1906 1498 1957 ποιῶν
1539 1902 1614 1964 ὡς
1649 1899 1868 1970 δοῦλος,
1894 1897 2039 1956 ἀλλά

2152 1905 2770 1977 viaequeinstitutionis
2791 1906 2890 1978 (ὑ),
2915 1908 2984 1962 ad
3009 1924 3308 1964 summum
3330 1908 3478 1981 legis
3498 1914 3641 1967 Jesu
3665 1927 3786 1969 ver-

374 1990 466 2046 καὶ
498 1990 651 2054 υἱοὺς
681 1990 771 2046 καὶ
799 1990 1066 2069 ἀδελφοὺς
1095 1992 1188 2047 καὶ
1222 1991 1717 2068 συγκληρονόμοος
1749 1990 1874 2053 τοὺς
1917 1989 2034 2045 ἐπι-

370 2078 663 2143 τελοῦντας
689 2081 751 2136 τὸ
779 2079 996 2155 θέλημα
1023 2085 1120 2136 τοῦ
1151 2080 1386 2157 Πατρός.

450 2382 506 2437 1’.
539 2402 569 2431 ι(
599 2376 662 2436 Εἰ
720 2375 896 2441 θέλεις
949 2374 1158 2440 τέλειος
1203 2379 1450 2452 γενέσθαι
1481 2397 1495 2411 ’
1531 2377 1631 2434 οὐκ
1674 2377 1778 2455 ἄρα
1824 2401 1912 2435 πω
1948 2381 2036 2436 τέ-

381 2467 529 2530 λειος
561 2467 629 2536 ἦν
657 2485 670 2500 ·
707 2464 868 2522 οὐδὲν
912 2467 1014 2542 γὰρ
1057 2467 1272 2522 τελείου
1327 2465 1681 2544 τελειότερον.
1719 2469 1824 2526 Καὶ
1882 2469 2041 2534 θείως

379 2559 460 2627 τὸ,
493 2582 522 2611 ι(
552 2556 614 2613 Εἰ
667 2556 867 2624 θέλεις,
901 2578 930 2608 ››
974 2556 1037 2611 τὸ
1100 2555 1440 2627 αὐτεξούσιον
1501 2565 1598 2627 τῆς
1647 2555 2041 2635 προσδιαλεγο-

393 2647 559 2722 μένης
585 2645 733 2718 αὐτῷ
762 2649 950 2720 ψυχῆς
979 2643 1254 2716 ἐδήλωσεν
1292 2665 1304 2680 ο
1340 2645 1427 2701 ἐπὶ
1473 2651 1552 2718 τῷ
1611 2648 1880 2721 ἀνθρώπῳ
1935 2648 2038 2725 γάρ

389 2738 456 2805 ἦν
489 2738 524 2806 ἡ
556 2732 782 2812 α’ίρεσις,
817 2734 890 2797 ὡς
948 2732 1212 2808 ἐλευθέρῳ
1241 2755 1253 2768 ·
1286 2733 1375 2790 ἐπὶ
1435 2740 1552 2808 Θεῷ
1605 2733 1663 2790 δὲ
1691 2739 1725 2806 ἡ
1759 2734 1930 2810 δόσις,
1963 2738 2036 2800 ὡς

396 2825 593 2900 Κυρίῳ.
653 2821 850 2878 Δίδωσι
905 2821 962 2878 δὲ
1014 2821 1377 2899 βουλομένοις
1419 2825 1510 2879 καὶ
1572 2823 2038 2902 ὑπερσπουδακόσι

399 2914 490 2970 καὶ
520 2912 821 2987 δεομένοις,
847 2910 920 2966 τίν’
951 2911 1126 2975 οὕτως
1170 2910 1310 2976 ἴδιος
1359 2911 1533 2969 αὐτῶν
1662 2915 1904 2991 σωτηρία
1950 2916 2040 2990 γέ-

398 3023 571 3074 νηται.
606 3001 684 3060 Οὐ
741 3002 842 3076 γὰρ
902 3001 1190 3077 ἀναγκάζει
1245 3003 1274 3056 ὁ
1335 3002 1464 3065 Θεὸς
1523 3003 1639 3078 (βία
1687 3004 1790 3080 γὰρ
1841 3004 2038 3079 ἐχθρὸν

395 3095 550 3166 θεῷ),
584 3090 734 3148 ἀλλά
784 3096 900 3154 τοῖς
964 3095 1187 3161 ζητοῦσι
1244 3092 1479 3168 πορίζει,
1510 3093 1601 3147 καὶ
1657 3099 1775 3155 τοῖς
1830 3094 2040 3149 αἰτοῦσι

389 3182 642 3257 παρέχει,
673 3179 764 3235 καὶ
815 3184 931 3242 τοῖς
981 3179 1269 3255 κρούουσιν
1336 3181 1564 3254 ἀνοίγει.
1598 3181 1663 3238 Εἰ
1713 3181 1890 3246 θέλεις
1923 3184 2039 3252 οῦν,

2145 1995 2316 2050 ticem
2347 1995 2718 2066 gratiamque
2747 1994 2901 2050 viam
2933 2000 3200 2052 sternens
3234 2015 3247 2054 :
3291 1997 3592 2068 plenitudo
3647 2017 3782 2058 vero

2144 2083 2292 2156 legis
2305 2083 2574 2140 Christus
2588 2084 2659 2140 ad
2667 2084 2963 2155 justitiam
2978 2085 3136 2140 omni
3155 2086 3412 2143 credenti
3431 2089 3523 2160 (c);
3546 2105 3665 2146 non
3682 2089 3784 2162 qui

2147 2179 2212 2230 ut
2236 2190 2439 2230 servus
2469 2190 2662 2230 servos
2695 2171 2890 2244 faciat,
2924 2174 3024 2229 sed
3056 2177 3113 2228 et
3171 2173 3322 2230 ﬁlios
3352 2179 3410 2232 et
3464 2177 3670 2234 fratres
3727 2180 3787 2234 et

2146 2263 2498 2332 cohaaredes,
2532 2262 2722 2318 Patris
2753 2262 3115 2319 voluntatem
3142 2263 3425 2322 facientes
3453 2270 3710 2338 prastat.

2218 2383 2287 2434 X.
2320 2399 2341 2428 ι
2375 2379 2432 2433 Si
2462 2379 2551 2434 vis
2583 2379 2874 2450 perfectus
2893 2395 3020 2435 esse
3041 2378 3160 2450 (d)»
3181 2380 3450 2435 Nondum
3495 2395 3630 2454 ergo
3651 2396 3786 2454 per-

2147 2467 2334 2523 fectus
2365 2471 2490 2522 erat
2515 2484 2528 2522 :
2553 2468 2808 2539 perfecto
2838 2483 3094 2540 namque
3132 2467 3280 2524 nihil
3329 2469 3642 2540 perfectius
3671 2474 3784 2528 est.

2147 2559 2418 2613 Ceterum
2453 2555 2724 2629 praeclare
2753 2556 2895 2612 illud
2955 2560 3130 2628 atque
3186 2557 3412 2615 divine:
3464 2581 3493 2610 «
3521 2559 3582 2615 Si
3609 2560 3723 2628 vis,
3755 2580 3782 2613 ι)

2149 2646 2536 2718 colloquentis
2593 2646 2803 2702 animae
2851 2645 3097 2702 liberam
3156 2647 3386 2703 arbitrii
3449 2648 3785 2706 facultatem

2148 2736 2440 2794 ostendit:
2473 2737 2532 2792 in
2564 2735 2797 2792 homine
2814 2735 3050 2808 quippe.
3075 2740 3357 2809 tanquam
3379 2737 3582 2810 libero,
3605 2738 3791 2796 libera

2148 2831 2272 2883 erat
2286 2825 2601 2882 voluntatis
2623 2825 2830 2882 electio
2854 2843 2868 2895 ;
2894 2826 2952 2880 in
2974 2832 3093 2882 Doe
3114 2830 3308 2882 autem
3323 2828 3482 2897 dare,
3502 2832 3788 2901 tanquam

2154 2917 2394 2972 Domino
2423 2920 2599 2988 atque
2641 2915 2882 2972 arbitro.
2941 2915 3050 2972 Dat
3101 2921 3296 2972 autem
3347 2917 3675 2974 volentibus
3732 2921 3790 2974 et

2151 3021 2383 3061 summo
2415 3005 2612 3060 studio
2652 3005 3054 3061 adnitentibus
3103 3009 3162 3060 et
3215 3008 3542 3079 orantibus,
3591 3013 3659 3064 ut
3705 3006 3790 3063 sic

2152 3095 2382 3150 illorum
2399 3093 2634 3166 prepria
2647 3094 2893 3150 exsistat
2913 3093 3096 3151 salus.
3120 3095 3320 3166 Neque
3342 3096 3499 3152 enim
3521 3101 3674 3152 Deus
3691 3113 3790 3154 co-

2150 3183 2234 3256 git
2258 3184 2371 3256 (vis
2401 3184 2559 3239 enim
2591 3183 2828 3238 inimica
2851 3187 2940 3238 est
2967 3182 3128 3254 Deo),
3149 3184 3249 3239 sed
3269 3186 3668 3254 quaerentibus
3690 3185 3790 3241 tri-

390 3271 434 3326 εἰ
466 3268 639 3333 ὅντως
677 3269 876 3342 θέλεις,
907 3269 997 3325 καὶ
1050 3270 1126 3343 μὴ
1182 3270 1366 3326 ἑαυτὸν
1415 3270 1699 3342 ἐξαπατᾷς,
1731 3279 1928 3342 κτῆσαι
1973 3274 2036 3328 τὸ

2152 3272 2296 3343 buit,
2331 3277 2388 3328 et
2416 3271 2751 3344 petentibus
2765 3272 3000 3344 praebet,
3017 3288 3082 3327 ac
3095 3272 3474 3343 pulsantibus
3487 3275 3672 3345 aperit
3693 3275 3788 3345 (θ).

387 3358 586 3418 ἐνδέον.
609 3362 703 3417 Ἕν
738 3381 822 3414 σοι
875 3358 1070 3429 λείπει,
1103 3361 1167 3415 τὸ
1221 3359 1276 3415 ’ὲν
1311 3362 1373 3416 τὸ
1426 3361 1609 3434 μένον,
1642 3363 1704 3416 τὸ
1736 3363 1955 3437 ἀγαθὸν,
1979 3365 2042 3419 τὸ

387 3447 496 3518 ἤδη
530 3449 662 3525 ὑπὲρ
695 3447 888 3521 νόμον,
922 3450 1054 3525 ὅπερ
1085 3449 1257 3522 νόμος
1299 3450 1360 3504 ού
1411 3446 1658 3519 δίδωσιν,
1694 3448 1825 3526 ὅπερ
1873 3451 2043 3524 νόμος

390 3539 452 3594 οὐ
483 3543 682 3616 χωρεῖ,
708 3539 738 3593 ’ὀ
763 3542 872 3592 τῶν
906 3539 1124 3607 ζώντων
1155 3535 1298 3592 ἴδιόν
1357 3535 1519 3594 ἐστιν.
1553 3537 1784 3611 Ἀμέλει
1816 3541 1843 3593 ὁ
1873 3541 2047 3596 πάντα

396 3630 456 3684 τὰ
482 3633 581 3684 τοῦ
612 3627 786 3700 νόμου
816 3625 1117 3703 πληρώσας
1149 3625 1206 3682 ἐκ
1238 3625 1492 3696 νεότητος
1523 3628 1612 3682 καὶ
1661 3627 1728 3682 τά
1771 3629 2045 3704 ὑπέρογκα

394 3717 782 3796 φρυαξάμενος,
812 3715 867 3770 ἓν
895 3720 1059 3770 τοῦτο
1091 3722 1361 3792 πραθῆναι
1391 3721 1507 3778 τοῖς
1537 3715 1692 3779 ὅλοις
1724 3716 1785 3772 ού
1817 3715 2046 3789 δεδύνη-

394 3829 501 3876 ται,
532 3807 596 3862 τὸ
652 3810 750 3862 τοῦ
808 3812 1068 3881 Σωτῆρος
1115 3804 1408 3880 ἐξαίρετον,
1437 3804 1532 3860 ’ίνα
1558 3802 1701 3880 λάϐῃ
1739 3808 1880 3877 ζωὴν
1911 3807 2044 3862 αίώ-

393 3919 534 3966 νιον,
566 3897 630 3965 ἢν
659 3894 838 3950 ἐπόθει
868 3914 880 3928 ·
915 3892 1062 3949 ἀλλά
1095 3891 1430 3970 δυσχεράνας
1473 3895 1738 3967 ἀπῆλθεν,
1762 3896 2044 3972 ἀχθεσθεὶς

392 3991 474 4059 τῷ
523 3983 940 4061 παραγγέλματι
995 3990 1095 4054 τῆς
1144 3989 1311 4053 ζωῆς,
1377 3984 1510 4060 ὑπὲρ
1564 3987 1630 4054 ἧς
1687 3985 1940 4043 ἱκέτευεν.
1972 3985 2044 4040 Οὐ

391 4077 492 4153 γὰρ
552 4075 777 4145 ἀληθῶς
839 4076 982 4145 ζωὴν
1038 4072 1256 4147 ἤθελεν,
1285 4075 1357 4136 ὡς
1405 4072 1651 4153 ἔφασκεν,
1694 4075 1838 4132 ἀλλᾶ
1889 4073 2043 4146 δόξαν

393 4163 765 4240 προαιρέσεως
822 4163 1026 4239 ἀγαθῆς
1091 4163 1260 4235 μόνην
1307 4158 1700 4237 περιεϐάλλετο
1734 4185 1746 4198 ·
1780 4164 1870 4219 καὶ
1919 4164 2044 4241 περὶ

391 4249 581 4308 πολλὰ
613 4253 707 4325 μὲν
741 4251 857 4314 οἶός
885 4273 942 4306 τε
983 4252 1050 4320 ἦν
1084 4250 1466 4325 ἀσχολεῖσθαι,
1495 4253 1557 4307 τὸ
1617 4250 1674 4307 δὲ
1716 4251 1795 4325 ἓν,
1828 4254 1888 4308 τὸ
1943 4257 2043 4324 τῆς

395 4346 540 4412 ζωῆς
600 4336 764 4417 ἔργον
827 4337 1091 4403 ἀδύνατος
1150 4340 1240 4395 καὶ
1298 4338 1616 4415 ἀπρόθυμος
1667 4342 1757 4397 καὶ
1815 4342 2043 4412 ἀσθενὴς

389 4429 655 4488 ἐκτελεῖν.
688 4429 906 4486 Ὀποῖόν
965 4451 1019 4486 τι
1075 4429 1164 4484 καὶ
1223 4431 1358 4507 πρὸς
1395 4433 1494 4502 τὴν
1529 4432 1755 4508 Μάρθαν
1817 4433 1960 4488 εἶπεν
2015 4433 2043 4488 ὁ

391 4521 589 4597 Σωτὴρ
622 4519 1043 4596 ἀσχολουμένην
1085 4517 1272 4575 πολλά
1325 4521 1411 4576 καὶ
1465 4519 1902 4597 περιελκομένην
1954 4521 2043 4577 καὶ

2154 3362 2212 3417 Si
2235 3362 2320 3417 vis
2345 3361 2546 3433 igitur,
2581 3359 2634 3415 si
2688 3376 2821 3415 vere
2873 3361 2980 3428 vis,
3033 3365 3090 3415 et
3139 3360 3394 3432 teipsum
3437 3377 3552 3416 non
3611 3361 3789 3434 fallis,

2154 3450 2300 3505 illud
2331 3465 2608 3522 compara
2630 3465 2744 3520 quo
2771 3449 3058 3505 deﬁceris.
3083 3447 3274 3504 Unum
3294 3449 3401 3505 tibi
3425 3450 3590 3506 deest
3613 3467 3627 3519 ;
3648 3449 3792 3508 illud

2155 3557 2339 3596 unum
2371 3541 2526 3610 quod
2559 3543 2780 3609 manet,
2813 3539 2968 3610 quod
3001 3539 3220 3594 bonum
3243 3543 3350 3605 est,
3375 3539 3531 3612 quod
3563 3541 3790 3612 estjam

2154 3646 2334 3701 supra
2365 3628 2577 3701 legem,
2609 3629 2765 3700 quod
2796 3627 2888 3683 lex
2908 3644 3023 3684 non
3055 3629 3173 3694 dat,
3203 3629 3355 3700 quod
3389 3629 3481 3686 lex
3530 3646 3646 3687 non
3691 3646 3792 3686 ca-

2157 3717 2260 3789 pit,
2297 3718 2452 3789 quod
2475 3717 2794 3773 viventium
2829 3717 3130 3789 proprium
3163 3722 3269 3774 est.
3302 3719 3561 3792 Denique
3583 3720 3684 3794 qui
3705 3725 3792 3778 to-

2153 3811 2275 3863 tam
2300 3806 2485 3879 legem
2520 3823 2552 3861 a
2575 3808 2885 3877 juventute
2912 3805 3272 3877 impleverat,
3304 3812 3363 3863 et
3391 3809 3489 3880 qui
3514 3810 3586 3866 de
3615 3827 3678 3866 se
3708 3810 3794 3868 sic

2156 3913 2372 3968 magna
2384 3901 2559 3968 atque
2581 3896 2834 3967 superba
2855 3895 3086 3952 locutus
3103 3901 3249 3962 erat,
3268 3913 3450 3952 unum
3479 3898 3582 3955 hoc
3604 3899 3795 3955 omni-

2155 3986 2265 4042 bus
2299 4001 2502 4057 parare
2531 3985 2815 4056 nequivit,
2848 3986 3002 4056 quod
3025 3984 3342 4042 Salvatoris
3362 3987 3658 4058 singulare
3682 3991 3793 4060 est,

2157 4075 2408 4131 utvitam
2425 4079 2726 4141 aeternam,
2742 4075 2910 4144 cujus
2925 4091 2994 4130 eu
3007 4091 3056 4130 m
3082 4075 3439 4130 desiderium
3455 4077 3794 4148 incesserat,

2157 4164 2554 4237 arriperetnxs
2585 4165 2687 4220 sed
2717 4164 2904 4220 tristis
2935 4164 3098 4231 abiit,
3145 4163 3273 4219 vitae
3333 4165 3609 4221 mandato
3658 4182 3795 4238 gra-

2154 4259 2345 4324 vatus,
2377 4254 2548 4324 cujus
2580 4253 2770 4324 gratia
2789 4252 3179 4325 supplicatum
3202 4258 3458 4309 venerat.
3483 4253 3610 4310 Non
3634 4255 3794 4311 enim

2154 4359 2289 4400 vere
2318 4343 2496 4398 vitam
2521 4341 2836 4408 ambiebat,
2870 4347 2933 4398 ut
2960 4342 3153 4398 verbis
3184 4343 3549 4415 proferebat;
3574 4343 3675 4399 sed
3700 4344 3796 4400 bo-

2157 4451 2244 4488 nae
2275 4433 2562 4488 duntaxat
2603 4430 2919 4488 voluntatis
2968 4432 3187 4488 famam
3247 4432 3682 4504 aucupabatur:
3728 4449 3796 4490 ac

2157 4522 2395 4587 quidem
2427 4522 2581 4577 circa
2611 4521 2800 4577 multa
2830 4519 3115 4577 sollicitus
3145 4537 3276 4578 esse
3333 4525 3576 4594 poterat,
3609 4538 3797 4579 unum

386 4612 798 4689 ταρασσομένην
850 4607 1173 4672 διακονικῶς
1206 4612 1346 4681 ’τὴν
1399 4609 1456 4667 δὲ
1487 4609 1726 4690 ἀδελφήν
1780 4612 2039 4688 αἴτιωμέ-

551 4703 576 4720 ι.
698 4701 713 4720 κ
769 4700 784 4720 ε
999 4705 1022 4717 ς.
1107 4699 1122 4720 ,
1208 4697 1228 4720 π
1347 4705 1372 4717 ..
1559 4707 1584 4718 ..
1768 4702 1783 4720 κ
1917 4703 1930 4720 ,
2011 4708 2038 4719 ..

2155 4627 2289 4668 vero
2310 4611 2478 4678 illud,
2509 4628 2656 4684 opus
2688 4609 2830 4666 illud
2860 4610 3068 4667 salutis
3101 4615 3166 4666 ut
3196 4612 3518 4684 perﬁceret,
3549 4628 3668 4668 non
3696 4627 3798 4668 va-

388 4722 512 4772 νην,
547 4701 721 4756 ὅτιτὸ
764 4700 1050 4775 ὑπηρετεῖν
1097 4697 1467 4770 ἀπολιποῦσα,
1493 4707 1612 4764 τοῖς
1657 4702 1815 4757 ποσὶν
1870 4703 2042 4759 αὐτοῦ

390 4793 794 4867 παρακάθηται,
843 4791 1148 4864 μαθητικήν
1196 4789 1404 4867 ἄγουσα
1451 4791 1696 4868 σχολήν·
1734 4817 1760 4845 ‹‹
1797 4793 1872 4848 Σὺ
1920 4795 2045 4870 περὶ

393 4876 582 4935 πολλά
609 4879 847 4954 ταράσσῃ
884 4899 896 4913 ’
933 4879 1116 4955 Μαρία
1147 4878 1204 4935 δὲ
1231 4881 1329 4948 τήν
1364 4879 1572 4955 ἀγαθὴν
1612 4879 1808 4955 μερίδα
1868 4881 2045 4953 ἐξελέο

396 4967 545 5040 ξατο,
578 4967 667 5023 καὶ
716 4967 815 5022 οὐκ
860 4967 1280 5046 ἀφαιρεθήσεται
1334 4969 1423 5022 ἀπ’
1459 4966 1624 5038 αὐτῆς
1653 4991 1666 5003 ·
1702 4994 1730 5021 ››
1765 4967 1906 5025 οὕτω
1954 4970 2043 5025 καὶ

392 5062 586 5114 τοῦτον
643 5056 877 5124 ἐκέλευε,
934 5061 1033 5124 τῆς
1115 5057 1648 5134 πολυπραγμοσύνης
1727 5056 2042 5138 ἀφειμένον,

394 5145 471 5201 ἒνὶ
520 5143 944 5222 προστετηκέναι
993 5147 1084 5202 καὶ
1135 5143 1594 5222 προσκαθέζεσθαι
1621 5151 1690 5222 τῇ
1732 5149 1917 5224 χάριτι
1947 5153 2044 5204 τοῦ

401 5237 548 5305 ζωὴν
572 5235 794 5291 αἶ’ώνιον
828 5232 1197 5312 προτιθέντος.

2152 4702 2308 4758 lebat
2341 4719 2354 4769 ;
2388 4701 2563 4773 inque
2594 4717 2714 4757 rem
2746 4701 2996 4772 supinus
3031 4705 3088 4757 et
3116 4701 3390 4758 infirmus
3437 4705 3582 4760 erat.
3634 4702 3798 4758 Sicut

2155 4791 2311 4848 enim
2343 4791 2576 4846 Marthae
2605 4789 2750 4846 dixit
2778 4790 3088 4857 Dominus,
3122 4807 3258 4846 cum
3287 4790 3349 4847 in
3390 4790 3593 4848 multis
3641 4797 3796 4848 esset

2156 4879 2410 4938 sollicita
2430 4885 2489 4936 et
2520 4881 2894 4936 ministrandi
2928 4897 3070 4936 cura
3099 4880 3521 4938 distraheretur
3550 4897 3616 4937 ac
3669 4884 3798 4936 tur-

2155 4972 2412 5039 baretur,
2443 4971 2747 5042 sororique
2776 4969 2916 5026 vitio
2940 4971 3105 5026 daret
3132 4971 3311 5041 quod,
3362 4970 3563 5027 relicto
3622 4970 3798 5026 mini-

2155 5061 2354 5128 sterio,
2401 5061 2627 5116 sederet
2685 5061 2755 5115 ad
2814 5061 2991 5132 pedes
3051 5061 3202 5131 ejus,
3257 5059 3555 5132 discipulae
3612 5061 3798 5116 otium

2155 5156 2436 5223 captans:
2473 5172 2499 5200 ‹‹
2523 5150 2610 5205 Tu
2643 5165 2780 5221 erga
2802 5149 2989 5204 multa
3009 5149 3266 5206 turbaris
3299 5165 3312 5204 :
3366 5149 3550 5205 Maria
3602 5153 3800 5206 autem

2156 5241 2438 5312 optimam
2455 5243 2679 5311 partem
2693 5237 2887 5309 elegit,
2901 5257 3023 5310 quae
3045 5256 3157 5295 non
3172 5241 3468 5297 auferetur
3489 5239 3560 5295 ab
3581 5257 3650 5296 ea
3669 5239 3796 5312 (Dp:

392 5326 475 5382 ita
503 5326 664 5384 hunc
696 5343 950 5400 quoque,
983 5328 1291 5400 negotiosa
1319 5327 1702 5400 occupatione
1719 5329 2074 5398 omissa,uni
2104 5335 2336 5387 tantum
2369 5328 2868 5399 adhaererejubet,
2891 5330 3134 5400 ejusque
3155 5330 3414 5388 assidere
3443 5329 3663 5402 gratia,
3697 5342 3801 5400 qui

397 5413 524 5485 ipse
555 5415 736 5471 vitam
769 5419 1049 5472 aeternam
1083 5424 1442 5488 proponeret.

458 5683 612 5760 *9.
638 5685 742 5760 951
786 5685 896 5760 Et).
951 5684 1251 5760 porrus.
1303 5687 1384 5760 ια)

396 5757 697 5830 (ιγιιαιιιι.
718 5775 821 5832 vn,
841 5759 914 5830 7;
949 5759 1088 5816 Luc.
1119 5775 1176 5815 xl
1205 5758 1261 5817 9.
1294 5757 1526 5832 (f)'Luc.
1549 5775 1608 5828 κ,
1637 5759 1729 5828 41,

1443 5685 1616 5743 ROM.
1650 5703 1774 5761 _vu,
1832 5687 1899 5741 12
1954 5686 2028 5760 (b)

2152 5689 2329 5761 11.111,
2384 5686 2475 5743 24.
2535 5685 2605 5758 (c)
2667 5686 2834 5742 Rom.
2885 5703 2942 5760 x,
2998 5686 3050 5744 4.
3102 5686 3193 5758 (d)
3251 5686 3458 5745 Matth.
3517 5702 3636 5757 χιχ,
3705 5691 3799 5747 21.
