4078 6146
349 305 460 378 eis
1585 300 1959 355 CLEMENTI!

2153 300 2526 360 lXANDRINI
3655 319 3763 379 διδ

423 429 529 486 XI.
563 427 712 496 Quid
746 440 881 498 ergo
912 423 1020 479 fuit
1051 423 1208 495 quod
1238 421 1322 477 illi
1356 422 1552 495 fugam
1581 421 1790 507 suasit,
1832 420 1996 476 fecit-
2031 478 2033 485 λ

2161 422 2288 516 ⁸ΙΑ¹⁸
2323 423 2383 516 Τί
2414 423 2592 480 τοίνυν
2624 427 2690 496 ἧν
2718 427 2783 483 τὸ
2832 431 3279 507 προτρεψάμενον
3323 436 3482 492 αὐτὸν
3534 437 3611 501 είς
3661 461 3764 516 φυ-

356 537 469 595 que
498 524 565 575 ut
594 535 656 574 se
686 534 721 573 a
754 515 1053 588 magistro,
1103 530 1137 568 a
1184 511 1632 584 supplicatione,
1693 531 1727 569 a
1784 527 1906 584 spe,

2149 511 2238 601 ην,
2293 513 2381 566 καὶ
2440 517 2674 580 ποιῆσαν
2746 518 3206 593 ἀπαυτομολῆσαι
3263 529 3360 580 τοῦ
3408 511 3759 601 διδασκάλου,

354 612 492 678 vita,
523 627 554 664 a
585 604 882 662 laboribus
908 603 1269 675 quibusjam
1300 602 1649 673 perfunctus
1678 607 1822 672 erat,
1857 601 1964 657 sub

2150 598 2203 693 ξς
2253 601 2484 671 ἱκεσίας,
2513 611 2613 674 τῆς
2671 604 2918 681 ἐλπίδος,
2949 618 3049 680 τῆς
3083 617 3249 683 ζωῆς,
3281 618 3388 670 τῶν
3419 598 3760 693 προπεπονηέ

353 699 635 756 duceret?
661 695 898 765 Nempe,
933 716 960 743 «
984 691 1183 747 Vende
1215 709 1341 763 quae
1394 690 1627 747 habes.»
1687 692 1832 756 Quid
1865 707 1963 745 ver

2147 687 2324 760 .ἑνων;
2357 716 2385 743 ‹‹
2422 692 2689 764 Πώλησον
2718 698 2784 752 τὰ
2818 699 3144 775 ὑπάρχοντά
3176 724 3292 760 σου.
3332 729 3360 756 ››
3391 687 3470 762 Τί.
3494 703 3551 761 δὲ
3597 687 3757 764 τοῦτ-ό

355 789 464 845 hoc
485 785 593 843 sibi
624 782 983 840 vult?Haud
1017 798 1176 851 sane,
1209 782 1364 852 quod
1399 781 1638 852 quidam
1672 781 1838 835 obvio
1881 784 1965 835 sta

2146 799 2292 848 mv;
2326 780 2446 857 Οὐχ
2491 782 2523 836 ἃ
2571 787 2886 862 προχείρως
2939 786 3191 865 δέχονταί
3227 814 3393 862 τινες,
3425 797 3524 864 τήν
3587 797 3756 874 ὑπάρ-

351 877 460 934 tim
492 891 670 932 sensu
705 872 1023 944 accipiunt,
1053 869 1360 926 facultates
1393 869 1594 940 projici
1625 869 1791 939 jubet
1820 874 1876 924 et
1907 885 1961 940 pe

2146 894 2311 946 ,ουσαν
2363 875 2542 930 οὐσίαν
2591 879 2888 956 ἀπορῥίψαι
2934 887 3260 958 προστάσσει
3309 886 3400 940 καὶ
3460 869 3756 958 ἀποστῆναι

352 964 557 1023 cunias
609 981 644 1020 a
701 979 764 1018 se
815 976 1119 1029 amovere;
1155 959 1256 1014 sed
1291 975 1417 1030 quis
1450 958 1522 1013 de
1583 957 1800 1012 divitiis
1850 975 1957 1012 van

2146 963 2212 1017 πὸ
2241 967 2347 1053 τῷν
2375 967 2680 1040 χρημάτων
2719 989 2730 1001 ·
2766 968 2913 1026 ἀλλά
2941 957 3009 1026 τὰ
3063 969 3311 1048 δόγματα
3358 976 3482 1050 περί
3532 980 3756 1053 χρημά·

345 1055 572 1128 judicia
603 1059 742 1110 sunt
761 1053 960 1107 animo
992 1048 1403 1115 exterminare,
1432 1064 1571 1119 erga
1593 1065 1690 1104 eas
1721 1049 1955 1104 effrener

2269 1051 2502 1125 ἐξορίσαι
2558 1063 2657 1126 τῆς
2715 1060 2921 1134 ψυχῆς,
2954 1062 3054 1129 τήν
3086 1063 3208 1139 περῖ
3245 1063 3377 1118 αὗτά
3417 1066 3608 1122 πτοίαν
3658 1048 3759 1125 ⁷καὶ
3869 1063 3873 1066 ⁴

352 1145 660 1202 libidinem
696 1159 763 1199 ac
796 1140 1054 1197 avaritiae
1085 1139 1301 1207 labem,
1329 1137 1962 1202 sollicitudines,saecul

2148 1138 2284 1212 ὅσον,
2315 1141 2410 1206 τὰς
2467 1144 2752 1218 μερίμνας,
2794 1148 2889 1210 τὰς
2947 1137 3177 1212 ἀκάνθας
3236 1156 3337 1206 τοῦ
3388 1153 3533 1227 βίου,
3583 1154 3638 1208 αἳ
3697 1154 3758 1209 τὸ

352 1236 577 1310 spinas,
611 1249 737 1306 quae
771 1230 1062 1287 suﬁ'ocant
1086 1228 1217 1282 vitae
1251 1243 1472 1283 semen.
1496 1227 1664 1282 Haud
1691 1227 1843 1281 enim
1871 1242 1962 1281 ma

2149 1229 2319 1319 τέρμα
2379 1237 2478 1301 τῆς
2557 1237 2698 1303 ζωῆς
2772 1235 3164 1312 συμπνίγουσιν
3238 1237 3378 1297 Οὔτε
3453 1242 3556 1319 γὰρ
3621 1241 3759 1318 μέγα

352 1341 536 1398 gnum
568 1322 932 1394 dignumque
966 1317 1358 1384 aemulatione,
1394 1320 1632 1384 temere,
1667 1332 1779 1370 non
1811 1321 1875 1370 ut
1910 1314 1962 1370 vi

2148 1318 2191 1370 εὶ
2225 1317 2474 1388 ζηλωτὸν
2504 1320 2567 1375 τὸ
2597 1321 2892 1393 τηνᾶλλως
2919 1325 3142 1400 ἀπορεῖν
3189 1314 3494 1404 χρημάτων
3529 1314 3630 1404 ⁷μὴ
3670 1314 3758 1387 ἐπὶ

350 1422 470 1472 tam
505 1411 892 1476 nanciscaris,
922 1407 1143 1463 divitiis
1192 1422 1426 1475 carere;
1489 1405 1573 1461 sic
1604 1421 1861 1476 namque
1893 1421 1960 1475 qu

2149 1406 2258 1496 όγῳ
2293 1411 2486 1496 ζωῆςξ
2521 1409 2661 1466 οὕτω
2697 1413 2790 1484 μὲν
2849 1413 2951 1490 γὰρ
3008 1414 3138 1482 ἦσαν
3195 1403 3246 1470 oi
3310 1418 3480 1492 μηδὲν
3537 1403 3759 1496 ἔχοντες

351 1503 501 1560 nihil
530 1517 773 1574 prorsus
804 1498 1048 1565 habent,
1083 1496 1207 1565 sed,
1240 1494 1400 1551 omni
1420 1493 1682 1550 destituti
1701 1494 1826 1549 vita
1846 1492 1961 1549 sola

2145 1491 2359 1586 ’nSapﬁ,
2392 1494 2548 1586 tim-ﬁ
2591 1497 2791 1574 ἔρημοι
2841 1501 2932 1556 καὶ
2993 1510 3238 1576 μεταῖται
3268 1491 3377 1561 τῶν
3405 1507 3484 1586 ἐφ’
3515 1491 3755 1585 ἡμέραν,

348 1593 454 1662 tio,
483 1588 811 1664 quotidiani
848 1585 1100 1642 mendici
1148 1601 1250 1656 per
1304 1585 1429 1639 vias
1488 1583 1692 1655 inopes
1749 1583 1958 1654 project

2148 1601 2152 1635 ι
2185 1585 2320 1638 κατὰ
2346 1585 2442 1672 τᾲς
2475 1583 2636 1650 ὁδοὺς
2687 1587 3009 1664 ἐρῥιμμένοι
3053 1593 3295 1669 πτωχοὶ,
3327 1583 3646 1672 ἀγνοοῦντες
3699 1595 3758 1654 δὲ

351 1686 515 1749 sunt,
538 1697 670 1736 cum
700 1682 755 1734 et
786 1679 965 1734 Deum
996 1675 1271 1747 ignorent
1307 1673 1524 1744 Deique
1548 1672 1867 1743 justitiam,
1924 1689 1961 1727 ος

2145 1672 2228 1725 εὸν
2261 1673 2346 1726 καὶ
2381 1671 2725 1746 δικαιοσύνην
2761 1683 2914 1748 Θεοῦ,
2947 1683 3064 1736 κατ’
3097 1681 3228 1737 αὐτὸ
3283 1671 3449 1757 μόνον
3479 1687 3542 1742 τὸ
3575 1684 3755 1762 ἄκρως

351 1773 635 1828 duntaxat
666 1767 892 1824 ratione
927 1766 1083 1837 quod
1101 1769 1358 1820 extrema
1378 1765 1720 1834 premantur
1740 1777 1961 1833 pauper

2143 1765 2323 1860 πορεῖν
2400 1762 2488 1816 καὶ
2565 1764 2870 1860 ἀμηχανεῖν
2941 1768 3062 1841 βίου
3133 1771 3224 1824 καὶ
3285 1776 3392 1826 τῶν
3447 1759 3753 1849 ἐλαχίστων

352 1865 494 1932 tate,
526 1857 805 1929 omnique
835 1855 966 1911 vita;
998 1852 1266 1910 subsidio
1298 1855 1552 1918 careant,
1584 1867 1650 1906 ac
1680 1849 1767 1906 vel
1809 1850 1962 1906 mini

2144 1847 2371 1917 πανίζειν
2427 1853 2836 1925 μακαριώτατοι
2884 1856 2974 1932 καὶ
3025 1859 3455 1937 θεοφιλέστατοι,
3505 1847 3596 1917 καῖ
3654 1865 3754 1937 μό-

350 1950 464 2006 mis
495 1948 866 2013 deficiantur,
895 1943 1161 2000 omnium
1185 1940 1505 1997 beatissimi
1532 1944 1729 1996 essent
1759 1957 1823 1995 ac
1855 1939 1957 1994 reti

2146 1958 2181 1990 )ι
2217 1939 2360 2007 ζωὴν
2394 1937 2612 2014 ἔχοντες
2640 1941 2880 1996 αἰώνιον.
2918 1943 3058 2001 Οὔτε
3085 1949 3264 2002 καινὸν
3311 1951 3373 2004 τὸ
3426 1952 3756 2007 ἀπείπασθαι

350 2037 692 2113 giosissimi,
751 2035 976 2106 solique
1035 2037 1332 2102 compotes
1379 2031 1509 2084 vitae
1567 2033 1814 2084 aeternas.
1874 2029 1955 2083 Ne

2148 2025 2336 2081 λοῦτον
2367 2027 2459 2081 καὶ
2506 2029 2831 2105 χαρίσασθαι
2861 2040 3112 2108 πτωχοῖς
3140 2037 3176 2106 ἢ
3207 2037 3456 2107 πένησιν,
3489 2039 3518 2093 ’ὀ
3547 2039 3758 2096 πολλοὶ

348 2145 496 2185 nova
518 2143 610 2183 res
639 2124 910 2182 abdicare
941 2121 1195 2182 divitias,
1251 2123 1306 2174 et
1365 2120 1425 2173 in
1484 2134 1770 2190 pauperes
1819 2122 1957 2189 atqu

2147 2117 2206 2190 ρὸ
2247 2123 2349 2186 τῆς
2395 2121 2493 2171 τοῦ
2552 2125 2812 2194 Σωτῆρος
2856 2120 3090 2186 καθόδου
3121 2129 3514 2196 πεποιήκασιν,
3551 2129 3602 2182 οἱ
3656 2131 3757 2202 μὶν

347 2234 560 2291 egenos
591 2213 864 2286 elargiri;
898 2211 1053 2283 quod
1085 2215 1141 2266 et
1173 2208 1343 2265 multi
1376 2211 1510 2263 ante
1540 2207 1856 2262 Salvatoris
1886 2207 1954 2261 ad

2153 2210 2200 2273 ἧς
2251 2205 2326 2266 εἷς
2372 2206 2572 2280 λόγους
2623 2207 2836 2283 σχολῆς
2877 2212 2966 2264 καὶ
3015 2219 3210 2288 νεκρᾶς
3257 2215 3448 2294 σοφίας
3475 2214 3673 2288 ἕνεκεν,
3703 2220 3763 2274 οἱ

344 2314 584 2363 ventum
606 2303 1028 2377 praestiterunt,
1054 2317 1172 2372 qua
1184 2304 1247 2354 ut
1262 2297 1590 2353 litterarum
1606 2295 1818 2353 studiis
1837 2312 1954 2351 mor

2151 2314 2162 2348 ε
2212 2296 2404 2383 φήμης
2461 2303 2622 2365 κενῆς
2681 2298 2771 2352 καὶ
2827 2298 3162 2373 κενοδοξίας,
3220 2291 3577 2383 Ἀναξαγόραι
3662 2309 3761 2364 καὶ

331 2400 579 2466 tuaeque
609 2391 911 2464 sapientia
933 2391 1230 2456 vacarent,
1265 2404 1378 2457 qua
1409 2391 1474 2441 ut
1503 2386 1666 2442 inani
1708 2385 1941 2456 jactant'f

1279 2404 1378 2457 jua
1409 2391 1474 2441 ut
1503 2386 1666 2442 inani
1708 2384 1994 2456 jactantia
2102 2381 2439 2458 Δημόκριτοι
2470 2385 2559 2438 καὶ
2591 2386 2889 2460 Κράτητες.

348 2484 609 2542 nominis
636 2482 961 2539 claritatem
996 2495 1060 2534 ac
1101 2475 1358 2551 gloriola
1416 2492 1616 2532 curam
1665 2477 1990 2548 captarent.

348 2579 724 2644 Anaxagorae,
752 2567 1082 2637 Democriti,
1114 2569 1402 2622 Cratetes.

422 2660 574 2716 838
597 2659 725 2714 XII.
757 2657 905 2722 Quid
927 2657 1108 2728 igitur
1129 2659 1193 2710 ut
1217 2669 1427 2709 novum
1450 2652 1670 2723 Deique
1692 2653 1990 2724 praprium

2171 2655 2272 2735 ω’.
2306 2650 2375 2707 Τί
2407 2649 2503 2705 οὖν
2533 2651 2608 2714 ὡς
2639 2655 2845 2726 καινὸν,
2879 2652 3015 2709 ἴδιον
3055 2661 3188 2712 Θεοῦ
3233 2659 3606 2735 παραγγέλλει
3661 2667 3761 2720 καὶ

347 2750 537 2824 jubet,
569 2764 636 2804 ac
665 2746 860 2804 solum
890 2743 1181 2815 ejusmodi
1222 2746 1285 2796 ut
1307 2741 1594 2796 viviﬁcare
1617 2746 1813 2811 queat,
1837 2757 1952 2812 quo

2154 2734 2269 2794 όνον
2319 2741 2606 2809 ζωοποιὸν,
2639 2741 2668 2796 ὃ
2711 2742 2839 2804 τοὺς
2888 2743 3188 2820 προτέρους
3238 2746 3338 2802 οὐκ
3366 2734 3570 2819 tame;
3603 2753 3663 2806 Τί
3697 2751 3764 2810 δδ

353 2837 618 2910 antiquis
640 2835 890 2892 salutem
923 2850 1039 2889 non
1073 2830 1317 2888 attulit?
1345 2830 1490 2895 Quid
1522 2846 1658 2885 vero
1715 2830 1963 2886 eximiun

2151 2828 2372 2900 ξαίρετόν
2395 2850 2450 2884 τι
2479 2831 2512 2898 ἡ
2543 2831 2704 2898 καινὴ
2760 2831 2948 2902 κτίσις,
2979 2833 3007 2887 ὁ
3069 2834 3194 2897 Υἱὸς
3245 2841 3381 2891 Θεοῦ
3427 2839 3622 2910 μηνύει
3663 2843 3761 2898 καὶ

352 2927 494 3000 quid
522 2943 586 2982 ac
617 2923 914 2997 singulare
946 2938 1095 2978 nova
1129 2923 1417 2989 creatura,
1459 2919 1557 2974 Dei
1587 2918 1769 2974 Filius
1791 2919 1960 2990 praeci

2163 2914 2384 2985 δάσκει;
2417 2917 2496 2975 Οὐ
2527 2919 2588 2972 τὸ
2615 2918 2966 2993 φαινόμενον,
3001 2921 3131 2996 ὅπερ
3186 2921 3351 2980 ἄλλοι
3402 2931 3765 3004 πεποιήκασι,

325 3016 437 3089 --pit
465 3032 534 3071 ac
562 3014 779 3070 docet?
809 3017 930 3066 Non
966 3011 1070 3066 hoc
1101 3010 1343 3065 mandat
1373 3009 1527 3079 quod
1577 3007 1638 3062 in
1695 3013 1931 3079 aspectu

2154 3011 2400 3082 αρεγγυᾷ,
2457 3006 2586 3061 ἀλλ’
2641 3004 2820 3084 ἕτερόν
2879 3031 2931 3065 τι
2991 3008 3080 3065 διὸ.
3135 3017 3296 3069 τοῦτο
3355 3017 3764 3091 σημαινόμενον

326 3107 529 3175 cadit,
561 3103 718 3176 quod
749 3102 846 3157 alii
879 3101 1082 3166 fecere,
1115 3099 1212 3154 sed
1247 3097 1406 3186 aliud
1463 3097 1594 3169 quid
1655 3098 1848 3169 majus
1907 3099 1936 3152 d

2156 3103 2297 3167 εῖζον
2355 3098 2446 3152 καὶ
2496 3099 2765 3174 θειότερον
2810 3101 2899 3156 καὶ
2957 3100 3319 3181 τελειότερον,
3348 3107 3412 3162 τὸ
3439 3109 3537 3177 τήν
3570 3113 3764 3186 ψυχὴν

325 3151 663 3264 ,νίῑιὶαέιῖυο
695 3195 751 3246 et
781 3151 1115 3262 perfectius,
1167 3187 1318 3256 quod
1349 3184 1448 3240 illo
1476 3151 1882 3258 signiﬁcatur:
1915 3151 1935 3210 ί

2161 3151 2172 3153 ,
2213 3151 2236 3167 τ
2399 3151 2403 3152 ν
2499 3151 2521 3161 ν
2969 3151 3319 3181 ---η-η-Γυ,
3359 3151 3411 3162 ..ν
3450 3151 3535 3177 ..μ
3617 3151 3642 3164 υ
3701 3151 3763 3166 ..

2156 3188 2280 3256 ὂτήν
2337 3187 2427 3242 καὶ
2475 3189 2572 3257 τὴν
2623 3185 2856 3243 διάθεσιν
2897 3197 3181 3267 γυμνῶσαι
3228 3199 3335 3250 τῶν
3365 3196 3470 3251 ἀπὸ
3498 3151 3606 3253 τῶζ
3649 3151 3766 3255 τ’τά-

353 3282 620 3338 animum
651 3279 878 3337 scilicet
901 3279 1292 3347 ati'ectumque
1347 3274 1500 3330 vitiis
1563 3275 1875 3341 nudemus,
1934 3292 1963 3330 a

2151 3281 2216 3330 ὦν
2265 3276 2376 3361 καὶ,
2411 3274 2682 3350 πρόρῥιζα
2720 3276 2789 3331 τὰ
2819 3277 3087 3354 ἀλλότρια
3114 3287 3216 3350 τῆς
3248 3285 3478 3358 γνώμης
3509 3284 3761 3361 ἐκτεμεῖν

356 3389 483 3444 quae
511 3370 702 3426 aliena
734 3373 892 3438 sunt,
925 3365 1208 3422 radicitus
1259 3381 1328 3420 ex
1356 3379 1422 3420 eo
1473 3364 1890 3420 exscindamus
1945 3381 1966 3420 ε

2154 3364 2197 3420 xl
2236 3358 2505 3418 ἐκϐαλεῖν.
2537 3367 2711 3418 Τοῦτο
2759 3366 2860 3440 γὰρ
2902 3364 3041 3422 ἴδιον
3081 3370 3174 3442 μὲν
3207 3375 3306 3425 τοῦ
3336 3377 3530 3428 πιστοῦ
3559 3358 3764 3449 τομά-

355 3461 683 3532 ejiciamus.
715 3463 836 3513 Hoc
868 3454 1149 3510 nimirum
1183 3453 1290 3508 viri
1321 3452 1515 3508 ﬁdelis
1554 3454 1855 3525 proprium
1895 3454 1965 3508 do

2154 3473 2281 3526 ημα,
2314 3453 2460 3524 ἄξιον
2494 3449 2551 3506 δὶ
2579 3457 2677 3507 τοῦ
2709 3461 2972 3530 Σωτῆρος
3001 3458 3062 3512 τὸ
3112 3457 3373 3534 δίδαγμα.
3405 3463 3472 3520 Οἳ
3511 3464 3615 3540 γάρ
3671 3488 3764 3524 τοι

320 3553 722 3617 -cumentum,
755 3547 1051 3618 dignaque
1079 3543 1372 3598 Salvatore
1427 3542 1713 3597 doctrina.
1767 3542 1930 3614 Antiq

2153 3547 2370 3618 ρότερον
2427 3546 2937 3616 καταφρονήσαντες
2994 3552 3103 3601 τῶν
3163 3549 3339 3618 ἐκτὸς,
3369 3553 3436 3607 τὰ
3471 3554 3565 3626 μὶν
3619 3559 3763 3628 κτή-

356 3638 536 3707 enim,
555 3635 904 3708 contemptis
915 3632 1320 3698 exterioribus,
1337 3633 1741 3702 possessiones
1763 3631 1966 3703 quider

2150 3651 2252 3685 atat
2308 3629 2518 3707 ἀφῆκαν
2579 3629 2666 3684 καὶ
2743 3633 3165 3708 παραπώλεσαν,
3213 3638 3282 3692 τὰ
3333 3636 3391 3693 δὶ
3445 3640 3588 3711 πάθη
3646 3649 3760 3699 τῶν

357 3723 903 3799 τοιὶςιιενυιιινιιειο
934 3722 1295 3790 amiserunt;
1358 3722 1454 3776 sed
1497 3721 1636 3775 vitia
1695 3721 1875 3775 animi
1935 3739 1967 3776 a

2155 3724 2301 3794 υχῶν
2357 3719 2510 3792 οἶμαι
2555 3719 2636 3774 ὅτι
2681 3721 2772 3775 καὶ
2816 3725 3261 3798 προσεπέτειναν.
3326 3730 3418 3786 Ἐν
3497 3731 3765 3806 ὑπερεψίᾳ

354 3815 820 3890 perturbationes
852 3813 1101 3868 arbitror
1129 3815 1187 3866 et
1216 3814 1524 3867 auxerunt.
1566 3809 1810 3880 Superbi
1843 3810 1964 3865 enir

2161 3813 2206 3882 ἱρ
2257 3806 2504 3882 ἐγένοντο
2553 3809 2643 3896 καὶ
2694 3808 2981 3882 ἀλαζονείᾳ
3020 3814 3111 3867 καὶ
3151 3813 3432 3888 κενοδοξία
3487 3818 3576 3873 καί
3605 3841 3771 3896 περι-

353 3922 422 3963 ex
455 3907 562 3961 hoc
587 3911 644 3959 et
665 3903 796 3960 elati
833 3905 1162 3964 evaserunt,
1189 3900 1386 3954 inanis
1403 3898 1597 3970 gloriae
1623 3898 1798 3970 pleni,
1823 3902 1881 3953 et
1901 3915 1963 3970 qr

2159 3898 2369 3970 ρονήσει
2427 3901 2535 3989 τιῦν
2592 3895 2778 3989 ἄλλων
2837 3900 3270 3972 ἀνθρώπων,ὡς
3303 3905 3459 3960 αὐτοί
3518 3927 3569 3961 τι
3629 3895 3769 3989 ὑπὶρ

355 3992 715 4066 reliquorum
749 3994 1088 4062 contemptu
1115 3989 1490 4056 ducerentur,
1531 3986 1696 4057 quasi
1747 3986 1860 4057 ipsi
1894 3987 1965 4041 ali

2159 3989 2388 4062 νθρωπον
2453 3985 2822 4060 ἐργαζόμενοι.
2859 3994 2981 4052 Πῶς
3041 3990 3101 4045 ἂν
3153 3990 3243 4047 οὖν
3275 3994 3302 4047 ὁ
3337 3997 3534 4072 Σωτὴρ
3579 3985 3769 4075 παρῄν-

353 4085 494 4156 quid
528 4100 708 4156 supra
739 4081 1038 4136 hominem
1072 4078 1414 4151 gessissent.
1462 4077 1762 4141 Quomodo
1819 4076 1963 4147 igitu

2172 4097 2186 4128 ι
2231 4080 2346 4135 τοῖς
2391 4074 2470 4129 ἀεὶ
2527 4076 2889 4148 βιωσομένοις
2935 4079 3000 4133 τὰ
3048 4080 3329 4154 βλάψοντα
3371 4084 3459 4138 καὶ
3492 4074 3776 4158 λυμανού-

351 4173 615 4230 Salvator
646 4172 704 4227 in
737 4175 1020 4225 aeternum
1048 4167 1292 4222 victuris
1326 4165 1685 4238 praeciperet,
1726 4183 1850 4235 quae
1883 4165 1961 4221 εἱι

2155 4185 2242 4219 ενα
2283 4164 2420 4240 πρὸς
2466 4164 2566 4249 τὴν
2619 4166 2764 4233 ζωήν
2806 4167 2866 4234 ἣν
2912 4165 3348 4244 ἐπαγγέλλεται;
3386 4173 3484 4229 Καὶ
3540 4176 3640 4249 γὰρ
3701 4175 3765 4232 ἂν

349 4262 619 4317 nocitura
642 4260 957 4330 labemque
989 4256 1260 4322 allatura,
1287 4254 1439 4326 quod
1468 4254 1677 4309 attinet
1698 4255 1767 4308 ad
1797 4255 1959 4309 vitau

2156 4251 2325 4307 ὶκεῖνό
2376 4252 2508 4320 ἐστι,
2543 4248 2764 4306 δύναταί
2809 4275 2892 4316 τις
2938 4256 3447 4332 ἀποφορτισάμενος
3497 4248 3766 4335 τήννκτῆ-

351 4368 526 4425 quam
560 4353 761 4406 sancte
791 4345 1145 4420 pollicetur?
1173 4345 1318 4398 Nam
1353 4343 1465 4398 etsi
1497 4340 1639 4397 illud
1675 4342 1961 4413 contigeri'

2158 4363 2216 4409 .v,
2268 4338 2419 4395 οὐδὲν
2462 4343 2624 4410 ἦττον
2677 4337 2754 4396 ἔτι
2801 4343 2902 4410 τήν
2954 4342 3240 4417 ἐπιθυμίαν
3285 4348 3376 4402 καὶ
3431 4350 3529 4418 τὴν
3587 4347 3768 4426 ὄρεξιν

352 4424 543 4513 potest
563 4439 721 4512 quis,
742 4435 1007 4509 deposito
1039 4433 1380 4489 facultatum
1402 4447 1594 4496 onere,
1619 4431 1962 4487 nihilominu

2164 4435 2217 4484 ὒν
2271 4431 2575 4504 χρημάτων
2622 4424 2770 4506 ἔχειν
2820 4431 3164 4503 ἐντετηκυῖαν
3221 4437 3307 4490 καὶ
3360 4424 3640 4507 συζῶσανλ
3674 4444 3774 4498 καὶ

351 4530 544 4586 adhuc
575 4526 956 4602 pecuniarum
983 4523 1360 4596 cupiditatem
1390 4521 1459 4575 ad
1485 4521 1645 4576 sitim
1669 4521 1866 4576 animo
1884 4521 1961 4575 ini

2161 4520 2210 4586 ἦν
2271 4519 2366 4591 μὲν
2421 4525 2622 4593 χρῆσιν
2680 4515 3137 4591 ἀποϐεϐληκέναι,
3173 4524 3392 4601 ἀπορῶν
3439 4523 3497 4582 δὲ
3529 4530 3642 4603 ἅμα
3671 4531 3771 4587 καὶ

349 4617 516 4674 litam
547 4618 955 4690 vigentemque
985 4613 1237 4668 habere:
1263 4628 1329 4666 ac
1363 4626 1533 4666 usum
1565 4610 1801 4680 quidem
1839 4611 1959 4681 abje

2163 4609 2301 4662 οθῶν
2351 4608 2484 4682 ἅπερ
2535 4607 2826 4678 ἐσπάθησε,
2860 4605 3031 4680 διπλῆ
3080 4609 3388 4682 λυπεῖσθαι,
3418 4617 3508 4670 καὶ
3565 4621 3633 4692 τῇ
3663 4627 3773 4690 τῆς

353 4708 523 4776 cisse,
558 4705 884 4779 indigentia
918 4709 1114 4759 tamen
1139 4700 1437 4770 simulque
1469 4699 1760 4755 desiderio
1785 4699 1963 4770 dilapi

2157 4693 2401 4764 τηρεσίας
2453 4694 2688 4767 ἀπουσίᾳ
2734 4697 2826 4751 καὶ
2872 4701 2941 4771 τῇ
2991 4702 3093 4764 τῆς
3135 4700 3425 4773 μετανοίας
3472 4708 3767 4781 παρουσίᾳ.

353 4798 498 4854 datae
530 4796 611 4854 rei
641 4793 968 4860 familiaris,
997 4790 1309 4864 dupliciter
1326 4787 1541 4857 dolere,
1565 4791 1690 4842 tum
1715 4787 1963 4842 nimirum

2164 4786 2422 4861 ,νὲφικτον
2471 4785 2574 4860 γὰρ
2631 4786 2719 4840 καὶ
2779 4786 3093 4864 ἀμήχανον,
3153 4787 3411 4864 δεόμενον
3471 4799 3577 4850 τῶν
3629 4799 3774 4873 πρὸς

352 4889 508 4960 quod
545 4887 740 4943 desint
761 4881 1094 4940 necessaria
1125 4880 1378 4944 servitia,
1428 4883 1550 4932 tum
1587 4877 1738 4948 quod
1773 4893 1841 4932 ea
1893 4879 1962 4932 ab

2158 4897 2168 4928 ›
2203 4873 2462 4948 βιοτεύειν
2493 4873 2798 4948 ἀναγκαίων
2837 4877 2910 4948 μὴ
2964 4878 3332 4935 κατακλᾶσθαι
3381 4884 3480 4952 τὴν
3529 4886 3768 4960 γνώμην

344 4977 560 5049 jecisse
593 4973 888 5047 poeniteat.
925 4969 1075 5026 Fieri
1106 4969 1266 5024 enim
1298 4983 1414 5020 non
1445 4969 1656 5036 potest,
1701 4981 1804 5019 nec
1831 4982 1954 5020 secu

2161 4964 2194 5018 ιὶ
2231 4961 2496 5037 ἀσχολίαν
2529 4960 2672 5037 ἄγειν
2701 4964 2805 5019 ἀπὸ
2837 4969 2942 5019 τῶν
2993 4967 3339 5042 κρειττόνων,
3373 4971 3622 5028 ὁπωσοῦν
3670 4977 3771 5032 καὶ

354 5081 618 5139 unquam
651 5065 738 5131 fit,
766 5067 831 5118 ut
858 5060 954 5118 cui
1011 5058 1209 5115 desint
1262 5054 1596 5112 necessaria
1652 5053 1868 5125 quibus
1916 5054 1964 5108 vi

1652 5053 1868 5125 quibus
1916 5054 1998 5108 vi-
2110 5053 2322 5106 ὁθενοῦν
2353 5056 2525 5106 ταῦτα
2553 5054 2889 5129 πειρώμενον
2924 5054 3247 5131 ἐκπορίζειν.

352 5161 474 5211 tam
505 5155 818 5219 sustentet,
851 5167 967 5206 non
999 5148 1198 5204 animo
1233 5146 1420 5217 trangi
1455 5148 1627 5214 atque
1659 5161 1692 5199 a
1717 5142 2044 5214 potioribus
2074 5141 2387 5198 sollicitata
2417 5147 2613 5198 mente
2643 5148 2938 5215 avocetur,
2993 5147 3134 5201 dum
3185 5149 3390 5218 quovis
3443 5154 3609 5209 modo
3667 5161 3781 5214 aut

353 5245 600 5301 undevis
633 5243 751 5298 hzec
783 5256 988 5313 parare
1021 5241 1287 5293 conatur.

425 5333 580 5389 ΧΙΙΙ.
615 5335 689 5387 At
713 5334 933 5402 quanto
963 5327 1151 5385 satius
1186 5323 1549 5398 Oppositum,
1583 5327 1649 5378 ut
1705 5338 1808 5394 per
1862 5338 2002 5395 opes

2185 5319 2282 5378 II".
2331 5319 2430 5374 Καὶ
2473 5319 2630 5394 πόσῳ
2682 5321 3105 5398 χρησιμώτερον
3155 5325 3218 5380 τὸ
3285 5325 3546 5401 ἐναντίον,
3605 5329 3771 5386 ἱκανὰ

355 5421 678 5480 medioeres
699 5425 757 5476 et
785 5419 911 5492 ipse
941 5417 1099 5474 mala
1119 5432 1237 5472 non
1265 5412 1486 5484 toleret,
1512 5417 1568 5469 et
1592 5412 1808 5484 quibus
1832 5427 1965 5483 opor

2173 5410 2444 5484 κτημὲνον
2505 5409 2664 5465 αὐτόν
2722 5431 2780 5466 τε
2823 5411 2948 5488 περὶ
2988 5413 3088 5482 τήν
3143 5421 3335 5485 κτῆσιν
3397 5419 3474 5492 μὴ
3533 5439 3783 5476 κακοπα-

339 5611 347 5618 ’
421 5616 484 5684 ›ι‹
513 5621 576 5673 Ρ.
608 5614 718 5670 952
746 5614 854 5670 ED.
891 5613 1186 5672 POTTER.
