4078 6146
339 393 450 450 61-7

1495 391 1710 448 LIBER
1747 392 1912 457 QUIB
1953 392 2166 448 DIVES
2201 397 2610 455 SALVETUB.

3660 395 3771 449 ΜΒ

346 519 481 585 θεῖν,
512 515 602 570 καὶ
665 513 746 576 οἷς
807 514 1039 584 καθῆκεν
1097 511 1442 587 ἐπικουρεῖν;
1495 512 1586 574 Τίς
1642 513 1746 588 γὰρ
1791 510 1851 566 ἄν
1877 534 1992 568 κοι-

2109 519 2189 572 tet
2219 522 2573 592 suppeditet.
2607 524 2740 588 Quae
2771 521 2928 576 enim
2974 521 3094 591 jam
3137 520 3294 592 apud
3330 516 3600 573 homines
3628 516 3763 573 reli-

347 604 509 660 νωνία
557 601 922 658 καταλίποιτο
973 601 1118 677 παρᾶ
1163 601 1498 678 ἀνθρώποις,
1547 600 1593 654 εί
1646 598 1838 674 μηδεὶς
1887 599 2003 676 ἔχει

347 692 559 770 μηδέν;
595 696 721 754 Πῶς
751 688 811 746 ἂν
841 694 1002 746 τοῦτο
1039 691 1102 745 τὸ
1161 687 1338 765 δόγμα
1385 687 1620 752 πολλοῖς
1669 688 1864 751 ἄλλοις
1914 690 2004 744 καὶ

341 787 540 844 καλοῖς
585 785 685 837 τοῦ
733 777 936 856 Κυρίου
977 776 1246 854 δόγμασιν
1296 777 1423 854 οὐχὶ
1457 776 2003 855 φανερῶςζέναντιού-

351 893 505 946 μενον
554 869 863 944 εὑρίσκοιτο
908 868 998 923 καὶ
1054 867 1373 942 μαχόμενον
1416 888 1430 937 ς
1493 892 1520 918 ‹‹
1559 869 1833 937 Ποιήσατε
1879 864 2004 921 ἐαυ-

347 966 472 1024 τοῖς
526 957 719 1038 φίλους
767 957 827 1012 ὲκ
872 961 970 1012 τοῦ
1017 961 1281 1030 μαμμονᾶ
1334 962 1433 1026 τῆς
1467 953 1700 1020 ἀδικίας.
1732 957 1841 1026 ἳνα,
1873 955 1998 1010 ὅταν

355 1048 641 1118 ἐκλίπητε,
690 1045 942 1118 δέξωνται
1007 1047 1148 1119 ὑμᾶς
1206 1045 1282 1108 εἰς
1338 1045 1433 1107 τὰς
1493 1043 1749 1108 αἰωνίους
1781 1043 2000 1114 σκηνάς.

361 1138 633 1209 κτήσασθε
691 1133 996 1208 θησαυροὺς
1069 1133 1122 1188 ἐν
1183 1134 1418 1205 οὐρανῷ,
1476 1131 1616 1187 ὅπου
1694 1135 1834 1206 μήτε
1903 1134 2003 1202 σὴς

360 1229 501 1299 μήτε
534 1227 732 1300 βρῶσις
764 1222 1106 1301 ἀφανίζουσι,
1141 1224 1283 1296 μήτε
1307 1219 1536 1276 κλέπται
1573 1219 1938 1298 διορύσσουσι.
1970 1245 2000 1274 ››

358 1319 480 1377 Πῶς
537 1315 596 1369 ἂν
655 1333 738 1375 τις
785 1317 1051 1368 πεινῶντα
1105 1313 1317 1390 τρέφοι,
1348 1311 1439 1366 καὶ
1491 1307 1734 1386 διψῶντα
1764 1310 2001 1380 ποτίζοι,

351 1401 440 1458 καῖ
487 1401 689 1476 γυμνὸν
737 1400 1019 1471 σκεπάζοι,
1069 1400 1158 1455 καὶ
1213 1397 1438 1474 ἄστεγον
1500 1400 1742 1472 συνάγοι,
1801 1399 1835 1454 ἓι
1888 1404 2006 1461 τοῖς

355 1494 432 1566 μὴ
481 1493 771 1562 ποιήσασιν
821 1487 1038 1544 ἀπειλεῖ
1083 1493 1188 1562 πῦρ
1233 1488 1323 1543 καὶ
1371 1488 1564 1552 σκότος
1610 1489 1673 1543 τὸ
1723 1487 2003 1562 ἐξώτερον,

354 1581 410 1636 αἰ
458 1581 676 1636 πάντων
727 1578 889 1643 αὐτὸς
933 1575 1158 1639 ἕκαστος
1205 1577 1396 1653 φθάνοι
1441 1577 1648 1632 τούτων
1717 1579 2000 1650 ὑστερῶν;

356 1667 533 1727 Ἀλλὰ
584 1670 693 1742 μὴν
745 1666 909 1730 αὑτός
957 1687 1017 1721 τε
1063 1665 1430 1737 έπιξενοῦσθαι
1498 1665 1755 1740 Ζακχαίῳ
1793 1665 2002 1721 κελεύει

357 1758 446 1814 καὶ
481 1759 741 1830 Ματθαίῳ
785 1761 900 1818 τοῖς
940 1759 1052 1828 (23)
1097 1752 1385 1816 πλουσίοις
1431 1753 1523 1808 καὶ
1560 1751 1848 1818 τελώναις.
1902 1753 2004 1811 Καὶ

355 1848 426 1903 τὰ
458 1847 552 1920 μὲν
602 1848 871 1922 χρήματα
918 1843 1112 1906 αὐτοὺς
1139 1844 1202 1899 ού
1251 1841 1461 1899 κελεύει
1497 1848 1757 1916 μεθεῖναι,
1789 1843 1890 1910 τήν
1947 1840 2005 1897 δὲ

2036 1896 2086 1961 Β

2114 622 2230 676 qua
2259 611 2714 666 communicatio
2747 611 2845 680 sit,
2877 609 2928 666 si
2958 626 3130 665 nemo
3163 607 3489 680 quidquam
3520 605 3768 663 habeat?

2113 695 2415 760 Quomodo
2448 715 2579 754 vero
2609 700 2826 771 dogma
2854 699 2963 754 hoc
2993 715 3106 754 non
3139 701 3338 768 aperte
3367 702 3589 768 pugnet
3626 711 3762 751 cum

2115 777 2318 842 multis
2351 785 2482 842 aliis
2515 805 2580 844 ac
2612 787 2928 860 praeclaris,
2954 804 3081 859 quas
3133 785 3416 842 Dominus
3446 783 3641 840 sanxit
3673 800 3764 838 ra-

2114 876 2291 943 taque
2319 874 2500 931 voluit
2527 877 2555 930 ?
2586 900 2614 927 «
2649 876 2837 932 Facite
2868 876 3035 931 vobis
3068 875 3287 930 amicos
3321 874 3392 928 de
3425 888 3765 928 mammona

2111 960 2462 1034 iniquitatis,
2508 970 2591 1035 ut,
2635 982 2768 1022 cum
2819 965 3166 1034 defeceritis,
3221 962 3506 1035 recipiant
3551 978 3654 1018 vos
3700 960 3762 1016 in

2113 1055 2328 1108 aeterna
2358 1054 2736 1110 tabernacula
2748 1055 2844 1125 (α).
2862 1057 3067 1110 Parate
3082 1053 3392 1109 thesauros
3405 1051 3465 1106 in
3479 1049 3622 1107 coelo
3634 1095 3647 1113 ,
3664 1050 3763 1106 ubi

2115 1156 2301 1210 neque
2330 1158 2524 1214 aerugo
2557 1159 2743 1213 neque
2772 1144 2927 1197 tinea
2961 1141 3578 1212 demoliuntur,neque
3603 1143 3764 1196 fures

2112 1227 2394 1284 eilodiunt
2439 1231 2536 1302 (b).
2573 1253 2594 1282 ι
2641 1234 2904 1294 Quanam
2953 1231 3084 1301 quis
3135 1229 3359 1286 ratione
3406 1229 3762 1285 esurientem

2114 1317 2250 1386 alat,
2283 1319 2499 1374 sitienti
2536 1326 2739 1390 potum
2769 1321 2865 1375 det
2893 1320 2988 1392 (c),
3024 1320 3245 1374 nudum
3278 1321 3568 1390 contegat,
3598 1333 3762 1388 pere-

2113 1406 2349 1477 grinum
2381 1407 2637 1480 colligat,
2675 1425 2800 1481 quae
2839 1409 2952 1464 nisi
2987 1407 3119 1480 quis
3148 1406 3344 1476 faciat,
3372 1406 3564 1478 ignem
3598 1422 3762 1461 com-

2117 1495 2375 1550 minatur
2423 1503 2479 1552 et
2529 1498 2800 1554 tenebras
2847 1497 3186 1566 exteriores,
3235 1496 3285 1550 si
3335 1495 3588 1566 quisque
3634 1495 3761 1566 ipse

2116 1583 2273 1654 prior
2323 1586 2526 1641 horum
2580 1587 2843 1642 omnium
2893 1602 3114 1659 egenus
3163 1581 3493 1641 exstiterit?
3525 1582 3677 1650 Quin
3707 1587 3766 1640 et

2115 1673 2240 1744 ipse
2269 1675 2456 1747 excipi
2481 1693 2543 1732 se
2564 1676 2868 1754 hospitioa
2891 1675 3160 1732 Zacchieo
3184 1675 3356 1746 jubet
3384 1677 3442 1729 et
3471 1673 3760 1740 Mattheo,

2115 1763 2213 1833 qui
2264 1763 2469 1820 divites
2519 1771 2716 1821 essent
2745 1771 2802 1821 et
2834 1764 3130 1837 publicani
3157 1763 3252 1835 (ά).
3285 1764 3364 1818 Ac
3395 1762 3634 1832 quidem
3669 1762 3761 1818 di-

2116 1851 2347 1908 mittere
2387 1869 2484 1908 eos
2525 1853 2804 1926 pecunias
2837 1871 2950 1909 non
2972 1853 3183 1924 jubet;
3216 1852 3316 1907 sed
3351 1851 3576 1922 adjecto
3601 1850 3762 1920 justo

357 1935 566 1992 δικαίαν
613 1935 793 2010 κρίσιν
841 1933 1068 2002 ἐπιθεὶς,
1113 1933 1203 1988 καὶ
1252 1933 1352 2002 τὴν
1399 1931 1583 1987 ἄδικον
1634 1930 1871 2009 ἀφελὼν,
1909 1952 1996 1986 κα·

2109 1939 2334 2010 judicio
2365 1941 2677 2012 ablatoque
2704 1941 2944 2011 injusto,
2972 1939 3282 2011 subjungit
3314 1955 3328 1993 :
3378 1960 3406 1989 «
3439 1937 3619 1993 Hodie
3668 1954 3761 1992 sa-

353 2024 592 2101 ταλέγει.
633 2050 654 2076 ι
692 2026 946 2099 Σήμερον
990 2021 1234 2097 σωτηρία
1262 2025 1342 2093 τῷ
1376 2021 1512 2095 οἷ’κῳ
1558 2021 1736 2092 τούτῳ
1766 2020 2006 2096 ἐγένετο,

358 2116 543 2171 καθότι
594 2114 680 2168 καὶ
733 2113 896 2175 αὐτὸς
953 2105 1355 2187 υίὸςἊϐραοίμ
1412 2109 1629 2166 ἐστιν.»
1691 2109 1848 2168 Οὕτω
1905 2111 2004 2180 τήν

359 2205 551 2280 χρείαν
585 2202 761 2258 αὐτῶν
794 2200 1022 2270 ἐπαινεῖ,
1070 2205 1208 2254 ῶστε
1253 2200 1344 2253 καὶ
1393 2199 1528 2273 μετὰ
1553 2205 1653 2268 τῆς
1683 2200 2003 2274 προσθήκης

356 2293 563 2364 ταύτης
617 2293 716 2359 τήν
774 2289 1059 2346 κοινωνίαν
1129 2287 1424 2356 ἐπιτάσσει,
1479 2287 1716 2357 ποτίζειν
1774 2287 1865 2343 τὸν
1922 2285 2004 2342 δι-

363 2386 569 2457 ψῶντα,
601 2376 762 2456 ὄίρτον
797 2375 1004 2434 διδόναι
1054 2399 1134 2451 τῳ
1180 2381 1453 2448 πεινῶντι,
1497 2373 1860 2451 ὑποδέχεσθαι
1909 2377 2004 2431 τὸν

352 2472 602 2547 ἆστεγον,
644 2466 991 2546 ἀμφιεννύναι
1030 2467 1119 2522 τὸν
1171 2465 1400 2540 γυμνόν.
1451 2465 1512 2523 Εἰ
1564 2464 1621 2520 δὲ
1664 2466 1761 2528 τὰς
1812 2465 2002 2540 χρείας

350 2562 456 2636 οὐχ
508 2559 622 2615 οἷόν
670 2579 730 2614 τε
774 2555 1087 2629 ἐκπληροῦν
1131 2555 1328 2618 ταύτας
1381 2555 1458 2627 μή
1512 2554 1617 2610 ἀπὸ
1667 2553 1995 2630 χρημάτων,

345 2653 454 2704 τῶν
489 2645 549 2703 δὲ
597 2647 908 2722 χρημάτων
961 2644 1283 2720 ἀφίστασθαι
1332 2642 1566 2714 κελεύει,
1608 2644 1660 2698 τί
1704 2642 1762 2697 ἂν
1811 2641 1993 2718 ἕτερον

345 2736 427 2810 εἴη
477 2741 650 2793 ποιῶν
701 2737 730 2791 ὁ
777 2734 997 2811 Κύριος,
1045 2734 1080 2804 ἢ
1112 2733 1178 2788 τὰ
1227 2732 1362 2788 αὐτὰ
1409 2731 1618 2788 διδόναι
1665 2754 1722 2787 τε
1770 2731 1861 2787 καὶ
1916 2733 1990 2802 ηὴ

329 2819 548 2882 ’διδόναι
589 2829 894 2902 παραινῶν,
943 2823 1157 2900 τρέφειν
1205 2843 1262 2878 τε
1307 2823 1396 2876 καὶ
1449 2824 1524 2895 μὴ
1567 2821 1803 2898 τρέφειν,
1854 2823 1990 2876 ὑπο-

342 2913 591 2991 δέχεσθαι
635 2915 723 2971 καὶ
780 2911 1117 2981 ἀποκλείειν,
1173 2916 1457 2968 κοινωνεῖν
1505 2910 1593 2966 καὶ
1649 2913 1724 2984 μή
1787 2931 1988 2966 κοινω-

340 3009 447 3060 νεῖν
475 3025 489 3076 ;
517 3003 644 3080 ὅπερ
676 3005 926 3059 ἁπάντων
959 3000 1334 3078 ἀλογώτατον.

411 3186 506 3242 IA'.
567 3184 684 3242 Οὐκ
738 3181 839 3260 ἄρα
896 3180 1257 3258 ἀποῤῥιπτέον
1315 3180 1382 3234 τὰ
1475 3178 1565 3234 καὶ
1624 3178 1750 3242 τοὺς
1808 3177 1980 3242 πέλας

2117 2027 2212 2084 lus
2258 2029 2395 2086 huic
2444 2029 2645 2085 domui
2693 2030 2846 2086 facta
2875 2034 2985 2098 est,
3019 2045 3084 2085 co
3117 2028 3272 2100 quod
3322 2032 3380 2083 et
3425 2028 3548 2099 ipse
3609 2025 3764 2081 ﬁlius

2117 2117 2378 2174 Abrahm.
2413 2139 2440 2167 »
2475 2119 2567 2174 Sic
2597 2135 2730 2174 vero
2787 2118 2988 2174 laudat
3032 2117 3414 2190 pecuniarum
3466 2131 3663 2180 usum,
3701 2117 3766 2168 ut

2114 2222 2250 2261 cum
2282 2206 2391 2262 hac
2422 2207 2748 2278 adjectione
2797 2205 3393 2264 communicationem
3445 2202 3764 2275 praecipiat,

2116 2299 2316 2366 potum
2350 2297 2488 2352 dare
2519 2295 2763 2362 sitienti,
2797 2295 3074 2352 esurienti
3113 2310 3320 2365 panem
3354 2293 3630 2364 praebere,
3657 2306 3760 2362 pe—

2114 2383 2410 2456 regrinum
2463 2386 2785 2457 suscipere,
2833 2386 3059 2440 nudum
3101 2383 3335 2438 vestire.
3368 2381 3530 2446 Quod
3561 2379 3612 2435 si
3641 2379 3765 2435 hinc

2115 2489 2284 2528 nemo
2317 2473 2519 2529 munia
2547 2474 2769 2545 absque
2794 2473 3058 2544 pecuniis
3081 2471 3311 2543 explere
3333 2469 3762 2555 potest,jubet-

2111 2577 2225 2633 que
2248 2565 2313 2616 ut
2334 2562 2582 2617 divortio
2609 2563 2762 2618 facto
2786 2562 2918 2617 illas
2946 2561 3379 2634 relinquamus;
3414 2558 3555 2630 quid
3579 2557 3761 2612 aliud.

2109 2667 2325 2721 quasso,
2350 2651 2486 2706 facit
2514 2651 2825 2723 Dominus,
2853 2667 3028 2722 quam
3059 2655 3122 2707 ut
3143 2650 3342 2706 eadem
3371 2647 3530 2704 'dare
3559 2650 3617 2703 et
3641 2661 3760 2702 non

2105 2739 2244 2794 dare
2285 2739 2514 2808 jubeat.
2545 2739 2700 2796 alere
2748 2745 2806 2796 et
2853 2757 2967 2795 non
3019 2739 3194 2807 alere,
3229 2738 3528 2810 suscipere
3555 2741 3614 2792 et
3641 2750 3757 2791 non

2101 2829 2420 2900 suscipere,
2435 2830 2872 2886 communicare
2887 2834 2942 2886 et
2956 2847 3070 2885 non
3086 2827 3564 2889 communicare?
3593 2825 3756 2892 Quod

2098 2915 2359 2973 omnium
2394 2917 2861 2974 insulsissimum
2895 2922 3003 2974 est.

2162 3183 2312 3239 XIV.
2347 3183 2472 3239 Non
2517 3199 2654 3255 ergo
2702 3182 3042 3254 abjiciendae
3072 3186 3212 3238 sunt
3239 3199 3401 3254 opes,
3434 3197 3560 3252 quas
3590 3183 3647 3235 et
3677 3179 3738 3235 in

340 3270 656 3350 ὠφελοῦντα
703 3272 986 3347 χρήματα·
1033 3271 1287 3341 κτήματα
1337 3268 1438 3343 γάρ
1487 3268 1598 3323 ἐστι
1639 3267 1810 3338 κτητᾶ
1860 3264 1983 3322 ὄντα

2109 3271 2346 3344 proximi
2391 3272 2599 3326 cedant
2656 3271 3015 3327 utilitatem:
3066 3271 3279 3326 etenim
3334 3267 3737 3342 possessiones

337 3362 428 3417 καὶ
481 3363 749 3436 χρήματα
796 3361 1050 3435 χρήσιμα
1096 3353 1225 3412 ὄντα
1262 3355 1351 3411 καὶ
1407 3357 1482 3417 εἷς
1529 3363 1730 3431 χρῆσιν
1780 3356 1986 3430 ἀνθρώ-

338 3470 458 3506 πων
525 3446 1002 3524 παρεσκευασμένα
1067 3446 1170 3500 ὑπὸ
1225 3449 1323 3499 τοῦ
1383 3449 1538 3500 Θεοῦ.
1595 3446 1628 3498 ἅ
1684 3441 1750 3512 δὴ
1806 3445 1983 3518 παρά-

336 3560 512 3595 κειται
569 3537 661 3592 καὶ
735 3531 1113 3606 ὑποϐέϐληται
1160 3533 1400 3608 καθάπερ
1459 3533 1563 3603 ὕλη
1619 3553 1703 3594 τις
1758 3533 1847 3587 καὶ
1891 3527 1983 3607 ὄρ-

333 3648 470 3704 γανα
526 3628 664 3703 πρὸς
712 3631 912 3701 χρῆσιν
971 3623 1179 3699 ἀγαθὴν
1224 3628 1343 3686 τοῖς
1393 3619 1563 3677 εἰδόσι
1612 3622 1675 3676 τὸ
1730 3620 1978 3697 ὄργανον.

331 3718 462 3774 Ἐὰν
493 3719 608 3792 χρῆ
637 3717 931 3790 τεχνικῶ;,
979 3711 1231 3786 τεχνικός
1264 3708 1426 3768 ἐστιν.
1461 3709 1546 3764 ἐὰν
1607 3710 1830 3784 ὑστερῇς
1881 3716 1982 3779 τῆς

330 3803 557 3880 τέχνης,
587 3801 855 3858 ἀπολαύει
885 3809 983 3870 τῆς
1035 3807 1133 3869 σῆς
1166 3795 1516 3859 ἀπαιδευσίας
1554 3799 1666 3870 (24)
1720 3796 1776 3852 ὃν
1834 3797 1981 3852 ἀναί-

327 3915 471 3951 τιον.
511 3895 776 3950 Τοιοῦτον
804 3891 892 3946 καὶ
947 3890 975 3944 ὁ
1005 3889 1243 3951 πλοῦτος
1287 3883 1512 3964 ὄργανόν
1563 3885 1695 3944 ἐστι.
1755 3885 1984 3941 Δύνασαι

335 3983 579 4059 χρῆσθαι
613 3979 836 4043 δικαίως
859 3977 1044 4050 uarii);
1093 3977 1232 4053 πρὸς
1285 3973 1629 4045 δικαιοσύνην
1675 3987 1987 4052 καθυπηρε-

336 4077 442 4128 τεῖ.
506 4067 744 4131 Ἀδίκως
820 4089 904 4130 τις
960 4066 1108 4139 αὐτῷ
1170 4072 1415 4141 χρῆται;
1481 4063 1646 4120 πάλιν
1708 4065 1987 4140 ὑπηρέτης

337 4157 556 4220 ἀδικίας
589 4156 912 4232 εὑρίσκεται.
965 4156 1175 4232 Πέφυκε
1207 4153 1307 4229 γὰρ
1365 4155 1677 4229 ὑπηρετεῖν,
1727 4151 1855 4207 ἀλλ’
1889 4153 1991 4208 οὐκ

343 4247 558 4325 ἄρχειν.
591 4247 668 4305 Οὐ
704 4246 815 4322 χρὴ
846 4246 1031 4300 τοίνυν
1081 4244 1144 4298 τὸ
1192 4241 1243 4314 ἐξ
1292 4243 1457 4298 αὑτοῦ
1491 4243 1567 4316 μὴ
1600 4238 1730 4318 ἕχον
1763 4244 1901 4315 μήτε
1927 4242 1990 4296 τὸ

344 4338 547 4413 ἀγαθὸν
599 4337 739 4409 μήτε
783 4335 846 4389 τὸ
885 4334 1070 4406 κακὸν,
1125 4331 1360 4386 ἀναίτιον
1421 4327 1500 4401 ὅν,
1551 4330 1842 4386 αἰτιᾶσθαιο
1888 4329 1990 4385 ἀλ-

343 4428 416 4482 κὰ
461 4426 525 4481 τὸ
579 4422 880 4498 δυνάμενον
937 4422 1028 4477 καί
1075 4419 1259 4482 καλῶς
1315 4418 1530 4481 τούτοις
1585 4425 1822 4494 χρῆσθαι
1869 4419 1991 4474 καὶ-

342 4521 550 4584 κακῶς,
599 4515 690 4589 ἀφ’
742 4514 814 4568 ὧν
855 4509 914 4566 ἂν
959 4508 1154 4581 ἓληται
1203 4509 1324 4564 καθ’
1367 4507 1521 4563 αὑτό·
1567 4512 1728 4563 τοῦτο
1779 4505 1834 4562 δὲ
1881 4507 1992 4563 ἐστι

2093 3363 2394 3425 dicuntur,
2427 3360 2566 3432 quia
2596 3376 2795 3414 earum
2829 3377 2896 3415 ea
2929 3359 3152 3415 indoles
3179 3362 3268 3414 est
3299 3363 3363 3412 ut
3392 3356 3735 3430 possidean-

2093 3454 2224 3517 tur;
2258 3449 2495 3518 insuper
2543 3464 2682 3519 opes
2729 3447 3103 3519 appellantur
3138 3451 3200 3514 ἦ(
3246 3446 3387 3516 quia
3433 3459 3598 3514 opem
3650 3442 3738 3496 fe-

2090 3543 2248 3601 runt,
2269 3543 2327 3593 et
2348 3536 2625 3592 humanis
2649 3537 2857 3592 usibus
2896 3541 3036 3592 sunt
3060 3553 3094 3590 a
3122 3535 3238 3590 Deo
3270 3532 3741 3590 accommodatis.

2090 3627 2268 3682 Porro
2315 3626 2530 3681 divitiae
2576 3643 2643 3682 ac
2692 3641 2832 3698 opes
2883 3631 3093 3697 praesto
3140 3629 3281 3680 sunt
3326 3624 3743 3695 subjacentque

2091 3714 2245 3770 velut
2277 3715 2523 3770 materia
2552 3715 2818 3787 quaedam
2851 3720 2907 3770 et
2936 3711 3737 3780 instrumentum,boniusus

2092 3804 2408 3878 praestandi
2439 3819 2637 3872 causa,
2671 3803 2763 3858 his
2812 3803 2909 3874 qui
2940 3807 3054 3857 vim
3105 3802 3483 3858 instrumenti
3522 3801 3734 3857 sciant.

2094 3893 2152 3950 Si
2185 3911 2253 3948 ex
2282 3892 2424 3949 artis
2455 3892 2784 3948 rationibus
2817 3891 3019 3970 utaris,
3044 3889 3347 3948 artificiale
3377 3894 3502 3958 est;
3536 3888 3584 3944 si
3616 3892 3742 3943 arte

2095 3998 2314 4047 careas,
2358 3980 2663 4052 imperitiae
2712 3987 2825 4036 ture
2876 3980 3068 4036 labem
3117 3978 3430 4043 contrahit,
3481 3993 3612 4031 cum
3665 3975 3746 4031 sit

2094 4069 2288 4142 ipsum
2323 4069 2394 4123 ab
2423 4069 2582 4123 omni
2615 4070 2877 4124 immune
2929 4068 3123 4141 culpa.
3155 4067 3324 4123 Tales
3355 4065 3568 4120 divitiae
3595 4081 3746 4136 quo-

2098 4174 2212 4230 que
2243 4162 2420 4225 sunt;
2454 4157 2914 4214 instrumentum
2939 4162 3096 4213 sunt.
3122 4162 3291 4214 Potes
3311 4155 3430 4210 illis
3451 4153 3750 4224 uti,justi-

2096 4247 2179 4302 tia
2209 4248 2420 4303 comite
2441 4246 2468 4300 ?
2500 4248 2568 4301 ad
2599 4248 2887 4318 justitiam
2915 4248 3195 4302 ministras
3218 4251 3376 4302 sunt.
3401 4243 3595 4301 Utitur
3615 4242 3750 4314 quis

2102 4335 2240 4401 illis,
2265 4352 2331 4391 ea
2363 4353 2476 4391 non
2510 4336 2769 4392 comite?
2803 4336 3084 4391 ministra:
3107 4353 3314 4392 rursus
3340 4335 3486 4390 fiunt
3509 4332 3750 4404 injusti-

2099 4424 2212 4480 tiae.
2246 4424 2474 4480 Divitiis
2526 4429 2678 4480 enim
2713 4442 2782 4479 ex
2810 4425 3006 4480 indole
3046 4433 3135 4480 est
3166 4429 3228 4480 ut
3261 4424 3602 4491 inserviant,
3636 4437 3752 4476 non

2103 4517 2168 4568 ut
2189 4518 2430 4585 praesint
2461 4520 2561 4569 aut
2593 4515 2902 4586 imperent.
2927 4513 3071 4569 Cum
3104 4515 3284 4588 igitur
3305 4529 3445 4586 opes
3466 4529 3534 4568 ex
3555 4528 3617 4567 se
3650 4526 3756 4566 ne-

341 4609 470 4666 νοῦς
519 4603 810 4678 ἀνθρώπου
887 4600 978 4656 καί
1036 4600 1343 4675 κριτήριον,
1405 4595 1686 4671 ἐλεύθερον
1750 4593 1878 4673 ἕχον
1939 4596 1990 4653 έν

2109 4619 2219 4674 que
2253 4604 2466 4656 bonum
2503 4619 2688 4672 neque
2721 4603 2939 4658 malum
2975 4604 3245 4670 habeant,
3273 4607 3450 4674 atque
3471 4601 3630 4658 omni
3652 4615 3758 4654 va—

343 4694 523 4766 ὲαυτῷ
587 4691 679 4748 καὶ
747 4690 811 4746 τὸ
861 4687 1198 4760 αὐτεξούσιον
1245 4689 1344 4756 τῆς
1400 4687 1841 4763 μεταχειρήσεως
1891 4690 2000 4741 τῶν

341 4776 639 4838 δοθέντων.
716 4781 876 4834 Ὥστε
953 4778 1028 4852 μὴ
1103 4777 1170 4832 τὰ
1242 4775 1498 4849 κτήματά
1558 4796 1643 4837 τις
1701 4775 2002 4852 ἀφανιζέτω

358 4868 575 4945 μᾶλλον
609 4871 644 4939 ἢ
675 4871 742 4923 τὰ
786 4869 932 4938 πάθη
979 4872 1080 4936 τῆς
1137 4864 1344 4940 ψυχῆς,
1373 4864 1440 4919 τὰ
1489 4865 1565 4936 μὴ
1617 4869 2005 4940 συγχωροῦντα

356 4961 458 5030 τήν
492 4959 704 5033 ἀμείνω
763 4964 964 5034 χρῆσιν
996 4959 1107 5010 τῶν
1146 4949 1528 5029 ὑπαρχόντων.
1569 4951 1684 5023 ἵνα,
1715 4952 1883 5014 καλὸς
1914 4953 2005 5007 καὶ

360 5049 560 5125 ἀγαθὸς
589 5048 904 5125 γενόμενος,
954 5043 1045 5098 καὶ
1076 5043 1292 5104 τούτοις
1321 5046 1440 5105 τοῖς
1471 5043 1579 5116 χρή
1593 5061 1720 5114 μασι
1768 5044 2005 5118 ’χρῆσθαι

362 5133 571 5210 δυνηθῇ
603 5134 810 5204 καλῶς,
844 5133 924 5190 Τὸ
955 5131 1046 5187 οῦν
1080 5130 1443 5200 ἀποτάξασθαι
1496 5134 1624 5184 πᾶσι
1669 5134 1786 5193 τοῖς
1837 5130 2009 5206 ὑπάρ-

363 5242 528 5299 χουσι
560 5221 650 5278 καὶ
705 5218 964 5290 πωλῆσαι
996 5218 1170 5274 πάντα
1195 5217 1264 5272 τὰ
1296 5215 1632 5290 ὑπάρχοντα,
1676 5219 1870 5271 τοῦτον
1917 5218 2010 5273 τὸν

365 5467 487 5519 xu,
515 5467 571 5505 ο.

436 5619 547 5693 (25)
578 5620 726 5693 Τοῖςζ
751 5615 926 5693 Addit
953 5612 1340 5693 Combeflsius
1374 5615 1575 5668 contra
1607 5610 1782 5668 fidem
1817 5627 2009 5672 exem-

366 5685 570 5767 plaris,
601 5685 1020 5745 συνδειπνεῖται.
1055 5685 1222 5742 FsLL.

687 5807 956 5870 ΡΑτιιοε.
1005 5804 1118 5866 αι.
1166 5800 1272 5864 ΙΧ.

2111 4695 2241 4746 cent
2297 4691 2558 4759 crimine,
2593 4691 2748 4745 haud
2801 4692 2937 4760 ipsa?
2986 4691 3387 4763 vituperandae
3429 4695 3604 4757 sunt;
3656 4687 3759 4744 sed

2112 4779 2265 4850 quod
2301 4796 2407 4833 suo
2438 4780 2746 4844 arbitratu,
2771 4786 2829 4834 et
2861 4797 2893 4834 a
2924 4797 2985 4835 se
3034 4781 3152 4835 illis
3187 4783 3328 4835 bene
3361 4784 3466 4835 aut
3495 4778 3648 4833 male
3676 4776 3762 4832 uti

2116 4873 2342 4941 potest;
2379 4884 2547 4922 mens
2580 4869 2804 4924 scilicet
2835 4869 3096 4924 humana
3143 4887 3208 4924 ac
3253 4868 3455 4941 judicii
3491 4867 3759 4934 facultas,

2117 4957 2212 5012 cui
2245 4955 2497 5012 liberum
2532 4958 2609 5012 sit
2640 4973 2758 5028 qua
2810 4958 3034 5013 ratione
3060 4961 3144 5014 uti
3169 4957 3303 5013 velit
3332 4956 3450 5012 illis
3481 4957 3551 5012 ad
3587 4971 3762 5011 usum

2117 5047 2432 5102 concessis.
2458 5045 2635 5102 Nemo
2660 5047 2839 5119 igitur
2867 5047 3099 5102 divitias
3132 5052 3188 5103 et
3217 5064 3379 5118 Opes,
3401 5052 3458 5102 et
3486 5063 3602 5101 non
3636 5062 3766 5100 ma-

2117 5134 2206 5207 gis
2255 5135 2496 5190 aﬁ'ectus
2547 5152 2612 5190 ac
2657 5135 3123 5206 perturbationes
3175 5136 3458 5205 destruat,
3491 5150 3595 5208 per
3623 5150 3768 5206 quas

2120 5241 2234 5280 non
2262 5223 2435 5279 liceat
2465 5225 2547 5279 uti
2582 5224 2962 5280 facultatibus
2994 5225 3053 5280 in
3087 5225 3304 5280 bonum
3326 5223 3598 5292 virtutis;
3653 5239 3770 5297 quo

467 5383 622 5504 ξι).
653 5376 761 5432 933
791 5375 900 5432 ED.
929 5373 1232 5431 POTTER.
1346 5370 1422 5444 (a)
1454 5370 1593 5427 Luc.
1626 5387 1739 5440 xw,
1767 5373 1820 5427 9.
1936 5373 2012 5448 (b)
2044 5376 2244 5434 Matth.
2283 5394 2358 5442 v1,
2399 5378 2486 5431 19.
2600 5377 2671 5450 (c)
2702 5377 2914 5433 Matth.
2945 5394 3076 5449 xxv,
3106 5377 3195 5432 35.
3307 5377 3383 5450 (Δ)
3414 5378 3550 5434 Luc.
3584 5395 3638 5448 v,
3669 5377 3775 5450 20;

2193 5615 2309 5690 (24)
2342 5611 2752 5680 Ἀπαιδευσίας.
2787 5617 3083 5682 Ἀπουσίας
3115 5635 3228 5678 ms.
3263 5621 3424 5678 FELL.

3384 5807 3465 5871 20
