4078 6146
394 340 504 396 619

1530 351 1544 368 ⁸
1633 334 2042 390 CLEMENTIS
2076 333 2577 391 ALEXANDRINI

3695 334 3798 392 620

398 467 679 524 nimirum
711 464 901 520 bonus
930 461 1064 533 quis
1112 476 1180 518 ac
1226 459 1442 533 probus
1473 460 1733 528 eil’ectus,
1766 459 1858 515 his
1889 465 2037 530 Quo-

2155 458 2352 532 τρόπον
2385 456 2683 528 ἐκδεκτέον,
2742 459 2818 521 ὡς
2845 458 2959 533 Lini
3013 462 3121 514 τῶν
3153 459 3405 534 ψυχικῶν
3431 462 3618 523 παθῶν
3651 458 3796 537 εἰρη-

399 573 512 629 que
543 553 758 610 divitiis
778 569 843 608 ac
875 549 1139 624 pecuniis
1162 550 1338 622 probe
1357 563 1542 621 exque
1564 548 1796 605 honesti
1818 549 2045 606 ratione

2157 546 2332 621 μένων
2489 593 2502 606 .

398 646 482 701 uti
517 643 722 717 possit.
753 641 916 706 Quod
959 639 1135 710 igitur
1182 639 1409 695 cunctis
1455 638 1666 712 opibus
1711 638 2049 699 renuntiare
2090 639 2388 710 jubemur,
2419 645 2475 697 et
2520 644 2583 697 ut
2631 656 2761 714 quae
2806 640 2868 696 in
2917 656 3098 697 censu
3145 644 3306 707 sunt,
3337 639 3538 698 omnia
3584 642 3795 700 venda-

397 749 570 801 mus;
619 732 678 788 in
726 731 885 787 hunc
937 730 1174 786 modum
1222 728 1666 800 intelligendum
1715 733 1828 798 est,
1860 731 1925 785 ut
1973 728 2044 785 de
2087 728 2394 787 affectibus
2442 729 2623 786 animi
2673 746 2737 786 ac
2787 729 3330 802 perturbationibus
3376 731 3601 788 dictum
3649 732 3794 788 acci-

396 826 623 966 magiis;
679 908 792 965 XV.
853 907 969 980 Ego
1024 909 1178 963 certe
1236 905 1380 962 illud
1443 905 1620 962 etiam
1689 904 2041 962 addiderim.

360 997 880 1070 ’Quandoquidem
914 996 1028 1053 alia
1060 995 1296 1069 quidem
1328 1001 1486 1051 extra
1518 995 1796 1066 animam,
1817 994 1930 1050 alia
1961 995 2043 1050 in-

398 1095 496 1146 tus
525 1089 704 1160 inque
752 1087 948 1142 anima
996 1090 1172 1157 sunt;
1224 1101 1290 1141 ac
1340 1084 1630 1157 siquidem
1682 1084 1880 1140 anima
1927 1084 2046 1142 illis

397 1180 546 1235 bene
572 1178 933 1248 honesteque
963 1180 1182 1246 utatur,
1207 1173 1309 1230 illa
1339 1190 1569 1246 quoque
1596 1174 1750 1230 bona
1779 1172 2048 1230 honesta-

400 1282 514 1338 que
536 1266 809 1320 videntur
835 1281 848 1332 ;
884 1262 973 1319 sin
996 1267 1191 1318 autem
1216 1261 1386 1332 male,
1409 1261 1603 1330 mala;
1638 1279 1801 1330 num,
1826 1278 2044 1334 quaeso,

401 1355 504 1427 qui
553 1354 862 1410 facultates
910 1351 1242 1408 abalienare
1291 1351 1482 1422 jubet,
1516 1350 1621 1407 has
1655 1351 1842 1424 magis
1875 1368 2048 1424 repu-

403 1445 544 1512 diat,
569 1444 787 1516 quibus
817 1440 1068 1497 sublatis
1091 1441 1282 1496 adhuc
1305 1440 1445 1496 vitia
1466 1444 1709 1496 manent
1730 1457 1796 1497 ac
1818 1445 2045 1512 pertur-

406 1534 706 1602 bationes;
759 1549 831 1588 an
881 1546 1014 1587 vero
1068 1529 1221 1596 illas,
1262 1529 1478 1602 quibus
1538 1530 1852 1602 peremptis
1909 1529 2048 1602 ipsze

406 1640 638 1695 quoque
662 1621 838 1677 utiles
868 1619 1081 1676 divitias
1112 1619 1305 1675 ﬁant?
1349 1619 1648 1691 Siquidem
1683 1619 1862 1692 igitur
1887 1619 2048 1691 abje-

404 1715 514 1771 ctis
545 1712 678 1785 quis
709 1709 1003 1768 saecularis
1042 1709 1230 1764 fastus
1274 1708 1512 1777 divitiis,
1545 1707 1824 1764 vitiorum
1855 1708 2048 1764 adhuc

2225 905 2325 963 IE'.
2379 906 2520 982 Ἐγὼ
2574 909 2700 982 γοῦν
2763 906 2979 962 κάκεῖνο
3031 907 3264 983 φήσαιμ’
3314 904 3398 963 ἄν.
3457 904 3678 978 Ἐπειδὴ
3734 909 3798 964 τὰ

2159 994 2252 1066 μὲν
2285 993 2434 1057 ἐντός
2477 993 2587 1050 ἐστι
2628 1003 2728 1066 τῆς
2761 998 2969 1072 ψυχῆς,
3018 997 3083 1051 τὰ
3141 994 3199 1052 δὲ
3258 995 3434 1060 ἐκτός.
3481 994 3578 1052 κᾶν
3640 997 3796 1071 μὲνὴ
3861 1070 3864 1072 Π

2155 1085 2308 1158 ψυχὴ
2353 1090 2559 1159 χρῆται
2602 1082 2812 1156 καλῶς,
2860 1085 3004 1141 καλὰ
3053 1083 3144 1141 καί
3184 1090 3352 1142 ταῦτα
3408 1082 3578 1141 δοκεῖ·
3625 1083 3714 1141 ἐὰν
3745 1083 3799 1142 δὶ

2155 1178 2433 1246 πονηρῶς,
2463 1173 2697 1246 πονηρά·
2733 1175 2761 1230 ὁ
2791 1173 3029 1230 κελεύων
3075 1173 3484 1252 ἀπαλλοτριοῦν
3515 1177 3581 1230 τὰ
3630 1176 3796 1251 ὑπάρ-

2158 1279 2349 1336 χοντα,
2378 1261 2606 1338 πότερον
2658 1266 2825 1318 ταῦτα
2876 1268 3240 1338 παραιτεῖται,
3294 1265 3368 1319 ὧν
3417 1263 3798 1340 ἀναιρεθέντων

2155 1345 2232 1404 ἔτι
2262 1351 2329 1405 τὰ
2368 1351 2513 1423 πάθη
2564 1352 2732 1425 μένει·
2780 1352 2815 1422 ἢ
2867 1350 3040 1408 ἐκεῖνα
3092 1350 3328 1427 μᾶλλον,
3375 1354 3448 1408 ὧν
3500 1353 3798 1429 ἀναιρεθέν-

2154 1460 2261 1495 των
2307 1441 2397 1495 καὶ
2445 1441 2513 1495 τὰ
2554 1443 2808 1516 κτήματα
2854 1443 3108 1518 χρήσιμα
3155 1441 3400 1518 γίνεταις
3451 1442 3514 1499 Et
3563 1443 3798 1499 τοίνυνὸ

2141 1523 2452 1584 ’ἀποϐαλὼν
2527 1531 2625 1600 τὴν
2703 1533 2973 1605 κοσμικὴν
3059 1530 3372 1608 περιουσίαν
3439 1531 3514 1588 ἔτι
3585 1530 3802 1589 δύναται

2155 1617 2412 1674 πλουτεῖν
2443 1623 2550 1675 τῶν
2584 1621 2793 1692 παθῶν,
2822 1620 2912 1675 καὶ
2963 1626 3064 1692 τῆς
3094 1619 3236 1692 ὓλης
3276 1622 3352 1695 μή
3403 1621 3683 1699 παρούσης
3747 1626 3800 1698 (ἡ

2157 1707 2260 1784 γάρ
2291 1729 2378 1764 τοι
2411 1707 2648 1772 διάθεσις
2697 1710 2759 1765 τὸ
2801 1710 2969 1776 αὑτῆς
3019 1708 3222 1787 ἐνεργεῖ
3269 1710 3360 1766 καὶ
3407 1712 3498 1767 τὸν
3533 1711 3802 1789 λογισμὸν

403 1820 470 1860 ac
505 1804 815 1860 affectuum
849 1803 1042 1872 egete
1073 1797 1231 1855 dives
1261 1813 1390 1854 esse
1418 1801 1630 1870 potest,
1660 1798 1891 1854 tametsi
1932 1802 2044 1854 ter-

2159 1795 2338 1874 ἄγχει,
2397 1797 2487 1853 καὶ
2544 1797 2714 1868 πιέζει
2766 1800 2855 1854 καὶ
2916 1798 3241 1877 φλεγμαίνει
3308 1806 3430 1865 ταῖς
3481 1801 3802 1882 συντρόφοις

403 1909 543 1950 rena
590 1890 920 1949 substantia
967 1887 1019 1943 ei
1069 1904 1184 1944 non
1234 1887 1494 1959 suppetit
1540 1887 1856 1959 (cupiditas
1888 1887 2043 1944 enim

403 1981 558 2054 quod
592 1996 766 2036 suum
792 1982 878 2035 est
898 1977 1034 2048 agit,
1059 1977 1443 2047 animumque
1464 1975 1619 2031 velut
1643 1975 1918 2048 prazfocat
1948 1992 2046 2032 an-

402 2073 604 2144 gitque
634 2075 689 2127 et
720 2067 951 2142 premit,
976 2065 1351 2138 alumnisque
1381 2082 1449 2121 ac
1480 2065 1702 2122 inclitis
1744 2065 2051 2122 desideriis

404 2159 714 2231 accendit),
739 2155 883 2212 nihil
915 2155 1087 2229 plane
1117 2155 1168 2211 ei
1200 2153 1441 2228 profuit,
1475 2156 1624 2224 quod
1657 2170 1877 2226 egenus
1905 2153 2051 2209 divi-

411 2250 509 2306 tiis
544 2250 731 2305 factus
761 2251 870 2314 est,
897 2245 996 2318 qui
1025 2245 1182 2300 vitiis
1203 2247 1259 2300 et
1279 2243 1587 2300 affectibus
1617 2243 1778 2300 dives
1802 2243 1896 2298 sit.
1925 2242 2051 2299 Non

411 2340 566 2397 enim
606 2355 674 2394 ea
717 2336 932 2409 abjecit
978 2352 1108 2407 quae
1156 2334 1486 2404 abjicienda
1527 2342 1727 2400 erant;
1775 2334 1873 2389 sed
1924 2349 2052 2404 quas

411 2426 728 2502 promiscui
761 2443 944 2482 usus:
999 2441 1065 2480 ac
1104 2424 1216 2480 sibi
1249 2422 1487 2495 quidem
1519 2423 1754 2478 servitia
1783 2422 2049 2491 abstulit,

406 2520 666 2575 innatam
698 2532 832 2571 vero
881 2513 1146 2570 libidinis
1176 2511 1413 2583 Vitiique
1451 2512 1753 2568 materiam
1783 2510 2052 2568 exteriori

406 2606 648 2678 penuria
671 2603 992 2661 succendit.
1018 2602 1490 2657 Renuntiandum
1512 2616 1648 2672 ergo
1676 2601 2050 2656 facultatibus

408 2713 534 2769 quea
567 2695 749 2751 noxiae
781 2693 920 2763 sint,
955 2708 1069 2746 non
1104 2691 1176 2746 iis
1207 2689 1382 2745 rebus
1421 2706 1550 2762 quae
1580 2689 1627 2744 si
1662 2690 1794 2762 quis
1826 2695 2050 2746 rectum

407 2800 583 2840 usum
612 2780 945 2849 attenderit,
979 2781 1303 2836 conducere
1333 2778 1506 2834 etiam
1543 2779 1789 2852 possint.
1822 2779 2051 2835 Condu-

407 2877 549 2928 cunt
572 2888 705 2928 vero
736 2887 866 2943 qua)
898 2869 1208 2941 prudentia
1259 2868 1470 2924 comite
1516 2871 1572 2923 et
1620 2868 1936 2924 sobrietate
1985 2883 2052 2924 ac

407 2963 622 3035 pietate
670 2961 1110 3032 dispensantur.
1146 2958 1321 3013 Porro
1369 2973 1436 3013 ea
1479 2957 1879 3013 submovenda
1923 2973 2050 3030 quas

405 3050 576 3106 noxia
607 3067 619 3106 :
656 3066 784 3122 quaa
816 3051 1011 3104 autem
1045 3047 1185 3104 foris
1215 3050 1376 3115 sunt,
1408 3063 1476 3102 ea
1507 3045 1653 3101 nihil
1687 3047 1884 3101 damni
1919 3045 2054 3102 atre-

2157 1885 2512 1961 ἐπιθυμίαις)·
2548 1885 2699 1942 οὐδὲν
2731 1886 2820 1943 οὖν
2866 1886 3146 1965 προύργου
3193 1889 3410 1966 γέγονεν
3458 1890 3606 1965 αὐτῷ
3653 1914 3806 1948 πτω-

2158 1975 2339 2051 χεύειν
2376 1975 2702 2051 χρημάτων,
2730 1975 3061 2033 πλουτοῦντι
3089 1983 3197 2033 τῶν
3229 1981 3435 2037 παθῶν.
3495 1980 3574 2039 Οὐ
3603 1981 3709 2057 γὰρ
3740 1981 3806 2038 τὰ

2161 2059 2450 2136 ἀπόϐλητα
2479 2061 2769 2138 ἀπέϐαλεν,
2802 2064 2950 2123 ἀλλά
2976 2069 3045 2122 τὰ
3081 2065 3371 2144 ἀδιάφορα·
3418 2069 3509 2125 καὶ
3548 2075 3657 2126 τῶν
3711 2072 3804 2146 μὲν

2162 2153 2500 2228 ὑπηρετικῶν
2568 2155 2749 2210 ἑαυτὸν
2836 2157 3178 2231 περιέκοψεν,
3254 2154 3498 2232 ἐξέκαυσε
3573 2157 3631 2216 δὲ
3709 2161 3806 2230 τήν

2161 2241 2298 2313 ὕλην
2329 2250 2428 2313 τῆς
2455 2264 2635 2299 κακιοιι
2681 2245 2778 2314 τὴν
2833 2242 3070 2324 ἔμφυτον
3102 2248 3173 2320 τῇ
3203 2268 3312 2302 των
3370 2247 3522 2312 ἐκτὸς
3581 2250 3809 2325 ἀπορίᾳ.

2161 2330 2514 2388 ’Ᾱποτακτὲον
2593 2333 2684 2388 οὗν
2737 2339 2854 2396 τοῖς
2933 2333 3238 2412 ὑπάρχουσι
3301 2342 3417 2401 τοῖς
3485 2333 3808 2416 βλαϐεροῖς,

2162 2421 2291 2495 οὐχὶ
2322 2427 2455 2490 τοῖς,
2491 2421 2577 2476 ἐὰν
2617 2420 2903 2492 ἐπιστῆταί
2957 2445 3043 2487 τις
3099 2425 3197 2495 τὴν
3242 2422 3409 2501 ὀρθὴν
3439 2433 3665 2502 χρῆσιν,
3720 2427 3812 2484 καὶ

2162 2509 2489 2587 συνωφελεῖν
2546 2508 2884 2586 δυναμίνοιςζ
2936 2513 3156 2592 Ὠφελεῖ
3206 2511 3263 2569 δὲ
3307 2513 3374 2570 τὰ
3421 2516 3556 2589 μετά
3603 2518 3812 2594 φρονή-

2162 2620 2294 2662 σεως
2325 2599 2414 2654 καὶ
2464 2600 2820 2677 σωφροσύνης
2868 2602 2958 2656 καὶ
3015 2597 3286 2668 εὐσεϐείας
3344 2603 3809 2679 οίκονομούμενα.

2161 2689 2440 2743 Ἀπωστὲα
2472 2685 2528 2743 δὲ
2558 2689 2649 2743 καὶ
2681 2689 2964 2763 ἐπιζήμια·
2997 2691 3063 2746 τὰ
3113 2689 3170 2746 δὲ
3227 2691 3378 2756 ἐκτὸς
3425 2694 3488 2749 ού
3551 2693 3811 2770 βλὰπτει.

2160 2775 2342 2838 Οὕτως
2373 2777 2462 2831 οὗν
2497 2776 2525 2831 ύ
2557 2776 2755 2853 Κύριος
2797 2779 2886 2834 καὶ
2935 2781 3033 2850 τὴν
3079 2785 3186 2836 τῶν
3232 2779 3382 2845 ἐκτὸς
3435 2783 3625 2859 χρείαν
3661 2782 3814 2839 εἰσά-

2160 2886 2266 2940 γει,
2295 2864 2533 2921 κελεύων
2595 2866 2886 2932 ἀποθέσθαι
2935 2867 3001 2922 ού
3031 2868 3098 2924 τὰ
3131 2871 3381 2946 βιωτικὰ,
3415 2870 3560 2928 ἀλλὰ
3585 2872 3652 2926 τὰ
3685 2873 3816 2929 τού-

2158 2975 2275 3018 τοις
2307 2960 2488 3020 κακῶς
2533 2955 2822 3031 χρώμενα·
2867 2961 3034 3013 ταῦτα
3073 2955 3120 3013 δ’
3151 2960 3217 3029 ἦν
3250 2961 3316 3015 τὰ
3343 2967 3442 3032 τῆς
3481 2964 3672 3036 ψυχῆς
3725 2962 3818 3040 ἀῤ-

2163 3044 2342 3120 ῥωστή
2355 3063 2496 3117 ματα
2523 3044 2612 3099 καὶ
2643 3047 2711 3100 τὰ
2739 3045 2906 3116 πάθη.

403 3145 560 3196 runt.
619 3139 711 3195 Sic
768 3137 948 3208 igitur
1008 3135 1286 3192 Dominus
1340 3134 1516 3190 etiam
1565 3135 1917 3191 exteriorum
1978 3151 2152 3191 usum
2213 3134 2498 3202 insinuat,
2549 3136 2768 3207 jubens
2826 3153 3042 3210 ponere
3097 3155 3212 3195 non
3265 3155 3355 3212 ea,
3413 3140 3628 3214 quibus
3693 3141 3817 3199 vita

401 3230 805 3295 sustentatur;
837 3230 900 3296 νχ‹
930 3225 1029 3280 sed
1065 3241 1190 3296 quae
1222 3221 1339 3278 illis
1371 3221 1523 3278 male
1554 3226 1815 3293 utantur,
1849 3223 2225 3295 egritudines
2255 3222 2436 3278 animi
2463 3224 2716 3296 vitiaque
2747 3240 2849 3281 seu
2881 3226 3144 3283 atl'ectus.

474 3317 612 3375 XVI.
648 3322 870 3372 Horum
902 3314 1069 3387 copia
1097 3313 1228 3385 ipsa
1258 3312 1493 3384 quidem
1527 3315 1869 3384 suppetens,
1903 3328 2044 3368 cun-

2231 3311 2318 3379 Ιζῖ
2351 3311 2412 3368 Ὁ
2441 3309 2648 3366 τούτων
2692 3311 2956 3384 πλοῦτος,
3014 3314 3200 3386 παρὼν
3259 3316 3376 3389 μὲν,
3428 3313 3592 3371 ἅπασι
3643 3318 3815 3374 θανα-

402 3406 512 3462 otis
547 3405 846 3460 mortifera
876 3407 1002 3470 est;
1037 3405 1093 3456 et
1122 3400 1171 3456 si
1202 3403 1417 3473 pereat,
1451 3399 1661 3456 salutis
1707 3417 1888 3456 causa
1936 3406 2044 3457 est.

400 3495 484 3551 Ab
517 3511 584 3551 ea
614 3493 917 3560 mundam,
946 3492 1052 3546 hoc
1074 3494 1182 3558 est,
1207 3505 1523 3562 pauperem
1558 3490 1897 3562 nudamque
1928 3489 2047 3545 ani-

404 3600 562 3639 mam
596 3586 868 3655 praestare
893 3582 1074 3648 decet,
1099 3579 1295 3650 sicque
1315 3581 1439 3649 jam
1462 3578 1817 3635 Salvatorem
1843 3580 2046 3636 audire

401 3674 688 3728 dicentem
715 3688 726 3724 :
767 3692 787 3719 ι
820 3670 986 3738 Veni,
1010 3685 1253 3741 sequere
1285 3683 1376 3723 me
1405 3667 1510 3740 (a).
1541 3690 1568 3717 »
1599 3666 1704 3723 Via
1733 3667 1887 3723 enim
1919 3668 2045 3740 ipse

401 3765 542 3817 tunc
572 3762 656 3828 fit,
688 3759 925 3815 habenti
956 3775 1054 3814 cor
1084 3774 1295 3830 purum
1332 3775 1344 3812 :
1395 3755 1455 3811 in
1502 3756 1797 3830 impuram
1848 3761 2044 3812 autem

398 3850 676 3920 animam,
708 3848 805 3904 Dei
848 3847 1036 3920 gratia
1066 3863 1180 3901 non
1212 3845 1390 3901 subit.
1425 3846 1663 3918 Impura
1710 3851 1906 3901 autem
1953 3849 2046 3902 est

402 3959 527 4014 quae
572 3937 876 3995 desideriis
924 3937 1105 4005 dives,
1139 3933 1455 4006 multisque
1503 3935 1823 4006 amoribus,
1857 3934 2045 4005 iisque

398 4028 802 4092 saecularibus,
835 4027 950 4080 feta
975 4031 1063 4081 est
1092 4028 1266 4095 atque
1297 4025 1570 4096 parturit.
1601 4027 1746 4078 Nam
1783 4024 1882 4095 qui
1916 4041 2044 4096 pos-

398 4117 761 4175 sessionibus
780 4113 1060 4186 locuples,
1088 4127 1417 4184 aurumque
1446 4115 1504 4167 et
1533 4116 1845 4185 argentum
1868 4117 1926 4168 et
1945 4114 2043 4168 do-

398 4224 524 4263 mos
551 4213 833 4278 tanquam
866 4203 966 4259 Dei
997 4203 1151 4258 dona
1180 4201 1378 4269 habet,
1411 4206 1640 4272 Deoque
1668 4201 1930 4273 largitori
1983 4201 2039 4256 in

396 4297 704 4352 hominum
733 4292 982 4348 salutem
1007 4308 1075 4347 ex
1095 4291 1180 4347 eis
1203 4289 1580 4362 obsequitur;
1616 4291 1891 4362 novitque
1921 4292 2038 4346 fra-

394 4391 550 4441 trum
585 4383 780 4456 potius
811 4398 1006 4449 causa,
1032 4397 1207 4452 quam
1240 4380 1299 4436 in
1333 4379 1422 4435 sui
1456 4379 1706 4452 gratiam
1764 4381 1882 4435 haec
1914 4397 1947 4435 a
1977 4396 2038 4436 se

390 4473 680 4546 possideri
706 4490 719 4540 ;
753 4471 1061 4542 animoque
1083 4485 1257 4541 quam
1286 4486 1386 4540 pro
1408 4467 1641 4524 illorum
1667 4468 2037 4540 possessione

392 4561 781 4637 praestantior,
817 4577 930 4616 non
959 4564 1024 4614 ut
1054 4576 1256 4614 servus
1289 4557 1496 4631 hisque
1546 4557 1935 4632 mancipatus,
1968 4575 2037 4614 ea

391 4652 691 4725 possidet;
744 4666 933 4722 neque
963 4647 1160 4704 animo
1191 4647 1549 4719 circumfert,
1581 4664 1687 4704 nec
1739 4648 1822 4703 eis
1854 4649 2032 4703 vitam

371 4738 558 4798 suam
584 4739 788 4795 definit
811 4755 875 4794 ac
897 4737 1455 4808 circumscribit,sed
1479 4740 1537 4792 et
1565 4737 1790 4792 honesti
1815 4736 2036 4809 aliquid

387 4829 581 4903 operis
613 4832 788 4900 atque
818 4826 996 4882 divini
1021 4826 1078 4881 in
1101 4825 1317 4881 laboris
1351 4829 1575 4897 partem
1609 4841 1839 4897 semper
1867 4843 2037 4882 assu-

385 4920 506 4990 mit,
540 4924 597 4976 et
626 4918 672 4975 si
707 4917 934 4989 quando
967 4931 1203 4971 necesse
1252 4914 1428 4970 fuerit
1473 4915 1592 4969 illis
1642 4914 1878 4986 privari,
1910 4915 2037 4987 pla-

380 5011 510 5064 cido
534 5008 731 5063 animo
755 5005 997 5078 parique
1027 5003 1323 5060 hilaritate
1344 5019 1546 5059 eorum
1565 5004 1858 5075 jacturam
1887 5003 2035 5062 ferre

377 5103 567 5172 potest
597 5114 664 5153 ac
693 5093 1118 5152 abundantiam
1160 5109 1177 5148 :
1227 5093 1320 5149 hic
1350 5091 1451 5148 ille
1482 5097 1571 5148 est
1600 5093 1702 5164 qui
1733 5110 1765 5148 a
1795 5093 2032 5151 Domino

375 5189 582 5244 beatus
611 5185 976 5259 praedicatur,
1000 5187 1056 5238 et
1079 5199 1300 5254 pauper
1321 5182 1532 5253 spiritu
1558 5187 1801 5238 vocatur
1822 5182 1920 5255 (b),
1937 5199 2032 5239 ex-

379 5278 612 5348 peditus
642 5275 826 5330 haeres
856 5271 1017 5344 regni
1048 5271 1349 5337 caelorum,
1384 5287 1497 5326 non
1543 5272 1640 5341 qui
1695 5271 2031 5328 divitiarum

378 5366 694 5437 impatiens
723 5377 925 5420 earum
957 5359 1119 5416 cultu
1149 5360 1344 5417 vivere
1375 5376 1492 5415 non
1521 5365 1734 5430 potest.

443 5503 507 5568 ›ι‹
535 5504 594 5561 P.
628 5504 735 5586 934
765 5502 878 5560 so.
911 5501 1205 5557 POTTER.

445 5646 561 5722 (25)
594 5641 942 5720 Εἲρημὲνων.
973 5643 1172 5700 Scribe
1202 5641 1510 5717 εἰρημένον.

2151 3399 2416 3476 τηφόρος,
2467 3399 2854 3474 ἀπολλύμενος
2904 3399 2982 3468 δὲ,
3042 3406 3338 3479 σωτήριος·
3391 3405 3454 3460 οὗ
3496 3403 3579 3460 δεῖ
3632 3419 3819 3472 καθα-

2155 3490 2436 3564 ρεύουσαν,
2494 3488 2735 3544 τουτέστι
2815 3491 3208 3567 πτωχεύουσαν
3261 3492 3350 3549 καὶ
3409 3495 3621 3568 γυμνὴν
3715 3499 3819 3567 τὴν

2153 3579 2334 3653 ψῦχὴν
2379 3579 2816 3654 παρασχόμενον,
2845 3578 3019 3644 οὕτως
3046 3577 3156 3651 ἤδη
3187 3585 3285 3636 τοῦ
3318 3587 3580 3658 Σωτῆρος
3637 3584 3815 3640 ἀκοῦ-

2154 3687 2239 3720 σαι
2291 3665 2566 3741 λὲγοντος·
2630 3673 2881 3744 «Δεῦρο,
2913 3667 3203 3734 ἀκολούθει
3249 3691 3364 3744 μοι,
3396 3692 3422 3724 ι
3484 3669 3642 3733 Ὁδὸς
3709 3674 3814 3749 γὰρ

2155 3754 2314 3817 αὐτὸς
2355 3753 2463 3826 ἤδη
2519 3761 2601 3829 τῷ
2654 3762 2874 3834 καθαρῷ
2923 3759 3022 3828 τήν
3077 3755 3299 3835 καρδίαν
3358 3759 3584 3837 γίνεται·
3616 3760 3707 3828 εἰς
3757 3760 3820 3818 δὶ

2153 3843 2450 3919 ἀκάθαρτον
2493 3847 2676 3922 ψυχὴν
2719 3852 2852 3902 Θεοῦ
2883 3849 3044 3923 χάρις
3097 3849 3162 3904 ού
3209 3847 3608 3926 παρεισδύεται.
3642 3851 3819 3910 Ἀκά-

2153 3934 2348 4009 θαρτος
2381 3931 2438 3989 δὲ
2467 3937 2501 4004 ἡ
2535 3933 2852 3991 πλουτοῦσα
2897 3942 3007 3992 τῶν
3053 3936 3378 4013 ἐπιθυμιῶν.
3411 3940 3497 3994 καὶ
3533 3936 3824 3997 ὠδίνουσα

2152 4021 2389 4085 πολλοῖς
2421 4021 2583 4098 ἔρωσι
2611 4025 2702 4079 καὶ
2756 4031 3067 4099 κοσμικοῖς.
3099 4028 3161 4084 Ὁ
3213 4027 3307 4101 μὲν
3337 4029 3436 4103 γάρ
3469 4025 3616 4105 ἔχων
3677 4031 3819 4102 κτή-

2156 4130 2297 4182 ματα
2351 4112 2441 4166 καὶ
2490 4113 2693 4191 χρυσὸν
2752 4113 2842 4168 καὶ
2895 4111 3148 4191 ἄργυρον,
3181 4115 3272 4170 καὶ
3329 4115 3503 4180 οἰκίας
3532 4117 3609 4180 ὡς
3674 4123 3820 4175 Θεοῦ

2155 4199 2398 4274 μωρεάς.
2437 4200 2527 4255 καὶ
2557 4189 2634 4274 τῷ
2688 4223 2748 4257 τε
2796 4189 3000 4258 διδόντι
3035 4189 3173 4276 γΘεῷ
3205 4201 3535 4282 λειτουργῶν
3565 4206 3661 4263 ἀπ’
3715 4207 3818 4264 αὖ·

2149 4293 2256 4343 τῶν
2291 4289 2367 4353 εἷς
2416 4291 2716 4363 ἀνθρώπων
2759 4293 3056 4366 σωτηρίαν·
3118 4294 3206 4348 καὶ
3266 4291 3448 4362 εἰδὼς,
3501 4293 3582 4350 ὅτι
3635 4302 3819 4353 ταῦτα

2147 4381 2404 4453 κέκτηταί
2461 4379 2550 4436 διὰ
2603 4381 2731 4447 τοῦς
2786 4380 3054 4462 ἀδελφοὺς
3115 4383 3330 4458 μᾶλλον
3367 4385 3402 4454 ἢ
3444 4386 3657 4441 ἑαυτόν⁸
3721 4389 3819 4442 καί

2146 4471 2404 4546 κρείττων
2437 4470 2698 4546 ὑπάρχων
2752 4478 2857 4542 ¹τῆς
2911 4475 3154 4544 κτήσεως
3216 4473 3408 4547 αὐτῶν,
3469 4476 3543 4548 μὴ
3601 4472 3821 4545 δοῦλος

2149 4561 2221 4614 ὧν
2273 4561 2553 4632 κέκτηται,
2615 4559 2757 4633 μηδὲ
2806 4559 2858 4615 ἐν
2919 4565 2987 4636 τῇ
3037 4565 3192 4637 ψυχῆ
3247 4567 3414 4618 ταῦτα
3465 4564 3820 4642 περιφέρων,

2153 4645 2294 4720 μηδὲ
2325 4647 2376 4702 ἐν
2431 4647 2646 4710 τούτοις
2700 4647 2894 4725 ὁρίζων
2949 4649 3039 4704 καὶ
3095 4649 3441 4729 περιγράφων
3472 4653 3570 4722 τήν
3605 4652 3821 4710 ἑαυτοῦ

2150 4739 2318 4809 ζωὴν,
2353 4735 2499 4794 ἀλλά
2525 4759 2576 4792 τι
2606 4737 2696 4792 καὶ
2728 4737 2932 4794 καλλὸν
2991 4735 3147 4816 ἔργον
3198 4741 3286 4796 καὶ
3339 4745 3481 4804 θεῖον
3532 4741 3615 4797 ἀεὶ
3679 4741 3820 4798 δια-

2146 4829 2350 4880 πονῶν·
2396 4822 2492 4880 κᾶν
2543 4827 2976 4902 ἀποστερηθῆναι
3037 4825 3131 4903 δὲῃ
3184 4828 3317 4883 ποτὲ
3369 4827 3601 4899 τούτων,
3635 4827 3819 4888 δυνά-

2151 4935 2310 4988 μενος
2334 4911 2475 4987 ’ίλεῳ
2504 4917 2574 4988 τῇ
2605 4916 2829 4991 γνώμῃ,
2858 4915 2946 4971 καὶ
2994 4915 3319 4993 ἀπαλλαγὴν
3353 4916 3527 4972 αὐτῶν
3560 4919 3822 4994 ἐνεγκεῖν

2147 5003 2198 5074 ἐξ
2251 5001 2394 5074 ἴσου,
2448 5002 2686 5078 καθάπερ
2739 5003 2830 5059 καὶ
2887 5005 2986 5073 τὴν
3046 5002 3381 5080 περιουσίαν.
3436 5004 3593 5066 οὗτος
3625 5007 3658 5060 ὁ
3699 5029 3818 5080 μα-

2144 5091 2502 5168 καριζόμενος
2550 5091 2650 5146 ὑπὸ
2697 5096 2795 5147 τοῦ
2849 5092 3066 5168 Κυρίου,
3115 5093 3204 5148 καὶ
3259 5093 3485 5169 πτωχὸς
3533 5097 3612 5166 τῷ
3639 5095 3826 5152 πνεύ-

2148 5203 2276 5255 ματι
2309 5180 2675 5254 καλούμενος,
2718 5179 3070 5257 κληρονόμος
3122 5179 3348 5256 ἕτοιμος
3381 5182 3612 5258 οὐρανοῦ
3650 5184 3832 5260 βασι-

2146 5271 2321 5343 Λείας,
2355 5270 2420 5325 ού
2453 5267 2710 5333 ολούσιος
2747 5275 2902 5340 ζῆσαι
2938 5271 3015 5343 μὴ
3049 5268 3368 5344 δυνάμενος.

1311 5502 1382 5572 (ιι)
1417 5500 1596 5557 Maro.
1628 5518 1686 5573 x,
1718 5503 1808 5558 21.
1886 5502 1964 5574 (b)
1994 5501 2200 5560 Matth.
2235 5519 2291 5571 ν,
2323 5502 2376 5557 3.
