4078 6146
330 394 436 469 621

1491 393 1705 446 LIBER
1744 393 1913 456 QUIS
1946 393 2165 447 DIVES
2199 393 2601 449 SALVETUR.

3639 394 3750 448 622

345 542 352 548 ·
408 519 502 577 IZ'.
536 519 594 571 Ὁ
639 514 702 585 ,δὶ
735 514 809 583 ’ἐν
859 518 929 588 τῇ
987 517 1139 589 ψυχῆ
1196 514 1286 568 τὸν
1340 516 1578 569 πλοῦτον
1639 514 1838 592 φέρων,
1895 512 1986 568 καὶ

2175 516 2346 572 XVII.
2371 519 2443 572 At
2471 519 2571 588 qui
2605 517 2716 572 fert
2745 533 2885 588 opes
2912 517 2973 572 in
3005 517 3222 582 animo,
3255 521 3313 572 et
3339 516 3466 573 loco
3496 517 3751 589 Spiritus

330 607 448 662 ἀντὶ
477 609 616 661 Θεοῦ
659 605 979 676 ’Πνεύματος
1011 601 1063 657 ἐν
1094 606 1164 676 τῇ
1210 599 1405 677 καρδίᾳ
1458 604 1660 678 χρυσὸν
1719 603 1895 679 φέρων
1950 603 1986 672 ἢ

335 695 527 773 ἀγρὸν,
559 696 646 750 nni
682 695 784 761 τὴν
816 691 1002 759 κτῆσιν
1049 689 1282 763 ἄμετρον
1328 691 1409 745 ἀεὶ
1457 695 1654 758 ποιῶν,
1709 691 1799 744 καὶ
1863 689 1986 744 ἐκά-

333 805 491 840 στοτε
518 784 584 838 τὸ
613 781 808 838 πλεῖον
845 779 1087 855 βλέπων,
1134 799 1282 834 κατω
1311 779 1570 841 νενευκὼς
1600 779 1690 833 καὶ
1720 783 1835 840 τοῖς
1893 781 1989 832 τοῦ

334 877 550 946 κόσμου
581 870 875 947 θηράτροις
932 866 1331 941 πεπεδημένος,
1364 875 1434 945 γῆ
1491 869 1564 922 ὧν
1612 868 1704 922 καὶ
1759 867 1836 929 εἷς
1884 873 1986 942 γῆν

343 960 782 1034 ἀπελευσόμενος
815 1001 832 1024 ,
898 959 1061 1012 πόθεν
1136 954 1354 1011 δύναται
1417 953 1696 1032 βασιλείας
1746 957 1990 1032 οὐρανῶν

349 1051 685 1123 ἐπιθυμῆσαι
734 1046 820 1103 καί
875 1046 1206 1124 φροντίσαι,
1267 1046 1552 1120 ἄνθρωπος
1605 1043 1667 1098 οὐ
1723 1041 1988 1116 καρδίαν,

353 1139 498 1195 ἀλλὰ
545 1138 704 1214 ἀγρὸν
759 1136 794 1204 ἢ
856 1133 1129 1208 μέταλλον
1185 1130 1388 1209 φορῶν,
1423 1131 1474 1188 έν
1520 1132 1734 1194 τούτοις
1765 1132 1991 1204 εὐρεθη-

349 1229 576 1302 ρόμενος
629 1224 918 1298 ἐπάναγκες
975 1222 1026 1277 έν
1085 1222 1164 1284 οἷς
1207 1218 1422 1290 ε’ίλετο;
1469 1222 1648 1278 θΌπου
1673 1220 1775 1296 γὰρ
1809 1221 1836 1274 6
1865 1223 1991 1281 νοῦς

345 1321 440 1372 τοῦ
489 1314 798 1388 ἀνθρώπου,
851 1311 961 1366 ἐκεῖ
1007 1309 1098 1366 καὶ
1148 1310 1176 1364 6
1225 1310 1494 1384 θησαυρὸς
1544 1308 1729 1365 αὐτοῦ,
1785 1315 1996 1378 Θησαυ-

343 1404 471 1480 ροὺς
505 1402 571 1474 δή
603 1422 667 1478 γε
715 1402 744 1456 6
795 1400 992 1475 Κύριος
1039 1395 1144 1454 εἶδε
1203 1396 1435 1461 διττούς·
1483 1399 1574 1452 τὸν
1627 1398 1721 1469 μὲν
1771 1397 1991 1472 ἀγαθὸν,

344 1492 512 1568 Ογᾶρ
546 1517 573 1544 ι(
627 1489 824 1567 ἀγαθὸς
868 1485 1152 1561 ἄνθρωπος
1208 1485 1268 1541 ἐκ
1319 1490 1416 1541 τοῦ
1463 1485 1662 1560 ἀγαθοῦ
1719 1487 1992 1560 θησαυροῦ

345 1589 443 1651 τῆς
473 1578 697 1656 καρδίας
727 1575 984 1654 προφέρει
1013 1577 1076 1630 τὸ
1116 1576 1330 1649 ἀγαθόν’
1391 1597 1419 1626 ››
1477 1574 1569 1628 τὸν
1621 1571 1678 1627 δὲ
1728 1573 1991 1646 πονηρὸν,

346 1673 412 1728 Ὀ
459 1670 559 1745 γὰρ
595 1690 620 1722 ι
669 1667 834 1728 κακὸς
888 1664 948 1719 έκ
982 1668 1078 1718 τοῦ
1115 1663 1282 1718 κακοῦ
1313 1662 1585 1736 θησαυροῦ
1616 1663 1874 1738 προφέρει
1930 1661 1993 1716 τὸ

349 1759 513 1814 κακόν
545 1778 557 1791 ·
615 1755 699 1811 δτι
761 1755 819 1810 ἐκ
867 1757 965 1808 τοῦ
1012 1752 1441 1828 περισσεύματος
1503 1757 1603 1819 τῆς
1649 1748 1876 1819 καρδίας
1931 1750 1994 1806 τὸ

352 1849 529 1919 στόμα
585 1843 768 1900 λαλεῖ.
802 1866 832 1894 ››
887 1844 1090 1915 Ὥσπερ
1149 1838 1240 1896 οὗν
1301 1840 1570 1914 θησαυρὸς
1604 1839 1706 1914 εὐχ
1735 1841 1812 1901 εἷς
1870 1839 1998 1914 παρ’

350 1935 519 2008 αὐτῷ,
576 1933 712 1998 καθὸ
769 1930 858 1987 καὶ
917 1930 1043 2006 παρ’
1099 1932 1267 2003 ἡμῖν,
1327 1930 1354 1984 6
1408 1928 1470 1983 τὸ
1529 1924 1798 2004 αἰφνίδιον
1860 1925 1995 2001 μέγα

343 2024 540 2101 ,κέρδος
594 2022 648 2078 ἐν
696 2022 899 2096 εὑρέσει
932 2017 1131 2080 διδούς*
1169 2015 1314 2074 ἀλλά
1355 2017 1447 2072 καὶ
1479 2015 1728 2092 δεύτερος
1777 2017 1805 2070 6
1837 2016 1993 2089 ἀκερ-

350 2113 450 2185 δής
479 2113 570 2169 καὶ
598 2111 804 2182 ἄζηλος
832 2109 923 2165 καὶ
984 2106 1281 2178 δύσκτητος
1329 2106 1419 2161 καὶ
1477 2105 1788 2179 ἐπιζήμιος·
1850 2104 1992 2162 οὕτω

348 2187 438 2261 καὶ
495 2203 737 2264 πλοῦτος
795 2201 822 2254 6
883 2199 977 2273 μέν
1034 2208 1116 2259 τις
1174 2196 1412 2272 ἀγαθῶν,
1445 2193 1562 2251 ὁδὶ
1591 2200 1792 2251 κακῶν·
1854 2194 1906 2250 εἷ’
1930 2215 1994 2272 γε

347 2295 436 2351 τὸν
496 2293 734 2350 πλοῦτον
783 2287 874 2345 καὶ
919 2287 1011 2344 τὸν
1074 2286 1341 2361 θησαυρὸν
1417 2285 1515 2340 οὐκ
1571 2284 1993 2360 ἀπηρτημένους

345 2382 507 2456 ’ἴσμεν
541 2379 896 2452 ἀλλήλωντῇ
927 2376 1102 2455 φύσει.
1136 2375 1234 2430 Καὶ
1285 2375 1312 2429 6
1345 2377 1441 2447 μέν
1467 2395 1552 2436 τις
1582 2374 1824 2436 πλοῦτος
1855 2395 1994 2443 κτη-

347 2474 439 2536 τὸς
468 2471 529 2527 ἂν
563 2469 646 2540 εἴη
688 2469 778 2524 καὶ
836 2462 1199 2542 περίὸλητος,
1259 2465 1287 2519 6
1347 2462 1407 2519 δὲ
1462 2462 1692 2534 ἅκτητος
1738 2464 1825 2518 καὶ
1860 2464 1995 2518 ἀπό-

349 2558 576 2633 6Λητος.
608 2559 708 2614 Τὸν
743 2557 905 2612 αὐτὸν
941 2552 996 2610 δὲ
1035 2553 1237 2631 τρόπον
1270 2553 1360 2608 καὶ
1389 2552 1640 2628 πτωχεία
1685 2553 1992 2627 μακαριστή

355 2653 448 2725 μὶν
497 2652 533 2720 ἡ
583 2647 948 2720 πνευματική·
1002 2640 1087 2698 διὸ
1136 2642 1225 2698 καὶ
1256 2642 1590 2716 προσέθηκεν
1637 2642 1664 2696 6
1694 2646 1991 2720 ματθαῖοςο

353 2767 381 2795 ι(
412 2738 688 2813 Μακάριοι
719 2736 770 2790 οἱ
792 2734 1034 2808 πτωχοί.
1071 2756 1099 2783 ››
1133 2736 1293 2801 llam;
1329 2756 1357 2784 ιι
1386 2735 1476 2801 Τῷ
1506 2729 1794 2802 πνεύματι.
1831 2755 1853 2784 ι
1892 2729 1995 2786 Καὶ

354 2827 548 2885 πάλιν·
602 2851 629 2879 (ι
696 2823 974 2898 Μακάριοι
1027 2823 1080 2876 οἱ
1127 2824 1416 2882 πεινῶντες
1460 2819 1550 2874 καὶ
1595 2815 1853 2892 διψῶντες
1895 2819 1995 2887 τὴν

359 2915 698 2985 δικαιοσύνην
755 2917 853 2968 τοῦ
894 2911 1048 2966 Θεοῦ.
1104 2934 1132 2962 ››
1183 2911 1389 2968 Οὐκοῦν
1433 2906 1615 2972 ἄθλιοι
1666 2909 1718 2962 οἱ
1767 2906 1996 2962 ἐναντίοι

355 3005 594 3080 πτωχοὶ,
624 3007 759 3059 Θεοῦ
792 3003 888 3076 μὲν
919 2999 1165 3076 ἄμοιροι,
1197 2997 1546 3074 ἀμοιρότεροι
1570 2993 1627 3051 δὲ
1653 3004 1753 3066 τῆς
1785 2999 1999 3070 ἀνθρω-

353 3095 514 3165 πίνης
542 3094 810 3164 κτήσεως,
842 3088 1087 3166 ἄγευστοι
1119 3085 1176 3143 δὲ
1208 3085 1554 3157 δικαιοσύνης
1584 3089 1740 3144 Θεοῦ.

2026 1893 2073 1956 Β

2101 604 2199 659 Dei
2230 606 2340 660 fert
2367 623 2576 660 aurum
2626 607 2685 660 in
2735 606 2908 661 corde
2951 605 3072 660 sive
3101 621 3332 677 agrum,
3367 604 3645 677 nulloque
3674 606 3750 662 iis

2099 694 2360 750 adhibito
2392 696 2565 751 modo
2597 696 2812 767 praedia
2841 699 2898 750 et
2928 697 3329 767 possessiones
3369 711 3601 767 semper
3640 713 3746 750 au-

2099 787 2215 854 get,
2240 800 2306 838 ao
2327 784 2588 856 quotidie
2611 783 2724 840 alia
2746 784 3029 856 pluraque
3048 785 3244 840 animo
3275 785 3513 857 cogitat,
3538 785 3596 840 in
3627 789 3748 841 ter-

2100 889 2224 926 ram
2259 889 2478 944 pronus
2509 890 2902 944 cernuusque,
2934 891 3000 928 ac
3031 875 3238 928 mundi
3276 873 3506 946 laqueis
3558 874 3748 930 irreti-

2100 966 2216 1030 tus,
2241 961 2340 1032 qui
2376 967 2529 1016 terra
2559 962 2637 1017 sit
2665 967 2722 1016 et
2751 963 2807 1016 in
2843 967 3056 1017 terram
3089 979 3431 1018 reversurus
3462 961 3560 1030 sit,
3593 963 3749 1019 unde

2101 1048 2151 1102 is
2174 1049 2335 1120 regni
2368 1050 2647 1104 cmlorum
2673 1049 2963 1105 desiderio
2983 1047 3336 1106 accendatur
3355 1067 3422 1106 ac
3449 1052 3578 1123 ejus
3609 1067 3750 1108 cura

2099 1136 2252 1192 affici
2285 1138 2508 1208 possit;
2540 1139 2714 1194 homo
2746 1138 2989 1209 scilicet,
3010 1140 3108 1210 qui
3135 1157 3248 1194 non
3272 1156 3391 1210 cor,
3413 1140 3514 1195 sed
3539 1156 3746 1213 agrum

2101 1230 2202 1282 aut
2234 1226 2534 1282 metallum
2587 1231 2770 1298 gerat,
2805 1244 2978 1300 quem
3012 1228 3184 1300 plane
3215 1244 3451 1284 necesse
3481 1229 3558 1285 sit
3584 1229 3645 1284 in
3676 1229 3748 1284 iis

2101 1316 2478 1385 deprehendi,
2514 1333 2764 1386 quorum
2817 1333 3013 1372 amore
3066 1322 3271 1386 captus
3316 1318 3590 1374 exsistit?
3636 1318 3749 1374 Ubi

2102 1404 2256 1459 enim
2289 1409 2378 1458 est
2408 1420 2574 1459 mens
2606 1405 2886 1471 hominis,
2921 1406 2998 1460 ibi
3033 1409 3088 1460 et
3123 1406 3435 1462 thesaurus
3466 1408 3592 1478 ejus
3636 1413 3746 1463 est.

2101 1492 2402 1564 Duplicem
2429 1510 2599 1563 porro
2620 1493 2966 1549 thesaurum
2992 1496 3152 1550 novit
3174 1495 3476 1550 Dominus:
3500 1495 3750 1551 alterum

2104 1581 2322 1635 bonum
2351 1599 2364 1647 ;
2399 1604 2426 1631 ‹‹
2455 1582 2643 1636 bonus
2665 1582 2819 1636 enim
2844 1583 3019 1638 homo
3042 1584 3112 1638 de
3138 1583 3286 1639 bono
3309 1583 3586 1639 thesauro
3617 1601 3749 1639 cor-

2103 1669 2194 1724 dis
2225 1669 2314 1724 sui
2344 1670 2562 1741 profert
2591 1671 2808 1726 bonum
2835 1690 2850 1740 ;
2886 1694 2913 1721 ι
2945 1671 3193 1728 alterum
3226 1671 3468 1740 malum,
3499 1694 3521 1724 ι
3556 1672 3750 1730 malus

2103 1759 2258 1813 enim
2291 1759 2361 1813 de
2392 1758 2545 1813 malo
2576 1759 2852 1814 thesauro
2884 1764 3095 1832 profert
3136 1762 3395 1831 malum;
3441 1776 3510 1816 ex
3562 1763 3750 1818 abun-

2103 1847 2303 1903 danlia
2323 1848 2478 1902 enim
2503 1847 2696 1902 cordis
2718 1865 2782 1903 os
2806 1848 3213 1920 loquitur(a).»
3243 1851 3750 1915 Quemadmodum

2104 1935 2284 2007 igitur
2312 1935 2628 1990 thesaurus
2660 1953 2776 1990 non
2811 1954 2965 1992 unus
2995 1940 3148 2009 apud
3177 1955 3333 2004 eum,
3365 1938 3524 1994 velut
3571 1939 3745 1994 etiam

2104 2041 2166 2080 se
2214 2040 2307 2080 res
2352 2023 2410 2078 in
2456 2025 2625 2078 nobis
2674 2024 2870 2090 habet,
2903 2041 3018 2096 quo
3068 2025 3292 2082 scilicet
3328 2027 3628 2098 inopinato
3658 2027 3750 2082 in-

2103 2117 2300 2178 vento,
2331 2111 2543 2184 ingens
2575 2112 2801 2168 lucrum
2837 2113 3148 2169 oifendenti
3181 2118 3529 2185 praestatur;
3563 2115 3664 2170 sed
3697 2118 3754 2170 et

2105 2201 2254 2256 alius
2277 2205 2366 2256 est
2389 2201 2608 2256 nullius
2633 2201 2841 2272 frugis,
2864 2202 3128 2274 nihilque
3160 2203 3540 2274 expetendus,
3558 2205 3750 2259 infau-

2107 2294 2210 2344 stae
2240 2289 2629 2361 possessionis
2655 2294 2828 2360 atque
2861 2291 3186 2346 damnosus
3207 2307 3220 2344 :
3239 2291 3324 2346 sic
3353 2295 3494 2346 sunt
3518 2308 3752 2365 quoque

2109 2378 2416 2442 bonorum,
2449 2379 2634 2448 deque
2665 2377 2952 2434 malorum
2987 2395 3219 2451 genere,
3253 2379 3464 2435 divitiae
3499 2400 3512 2449 ;
3565 2380 3754 2452 siqui-

2106 2467 2238 2522 dem
2272 2465 2506 2520 divitias
2527 2471 2584 2521 et
2606 2467 2946 2522 thesaurum
2973 2467 3132 2523 haud
3158 2467 3311 2524 inter
3330 2484 3394 2525 se
3427 2473 3635 2524 natura
3663 2468 3755 2524 di-

2108 2555 2239 2610 rimi
2267 2557 2506 2610 scimus.
2555 2564 2635 2610 Ac
2668 2556 2904 2626 quidem
2936 2564 3104 2612 erant
3134 2558 3348 2612 divitiaa
3380 2558 3588 2614 merito
3621 2574 3755 2630 pos-

2107 2645 2364 2701 sidendas
2399 2661 2464 2699 ac
2497 2645 3181 2718 amplexandsaﬂtemque
3203 2664 3275 2702 ne
3299 2647 3486 2719 dignae
3514 2647 3755 2718 quidem

2108 2751 2239 2806 quae
2280 2733 2692 2805 possideantur
2739 2751 2804 2790 ac
2855 2737 3214 2806 respuendas.
3243 2737 3328 2791 Ad
3376 2739 3439 2803 ᾖ(
3482 2737 3756 2791 eumdem

2111 2823 2342 2878 modum
2397 2822 2570 2889 etiam
2627 2829 2938 2895 paupertas
2971 2823 3255 2896 spiritalis
3304 2825 3540 2897 quidem
3589 2825 3758 2880 beata

2109 2910 2481 2983 praedicanda
2518 2929 2532 2976 ;
2587 2913 2740 2966 unde
2783 2916 2841 2967 et
2890 2912 3106 2983 adjecit
3135 2913 3444 2972 Matthaeus
3477 2929 3491 2967 :
3544 2931 3566 2961 ι
3601 2912 3761 2968 Beati

2111 3017 2395 3071 pauperes
2427 3000 2571 3072 (17).»
2600 3001 2722 3064 Quo
2753 3001 2807 3055 id
2843 3002 3058 3058 modo?
3089 3002 3380 3057 Nimirum
3418 3021 3440 3050 σ
3475 3017 3762 3074 pauperes

2110 3088 2344 3160 spiritu.
2373 3109 2401 3137 »
2427 3095 2504 3143 Ac
2528 3105 2772 3144 rursus:
2810 3112 2838 3139 «
2870 3089 3027 3145 Beati
3058 3091 3156 3162 qui
3189 3091 3458 3147 esuriunt
3478 3094 3534 3145 et
3554 3089 3766 3145 sitiunt

343 3187 644 3258 justitiam
676 3182 777 3239 Dei
811 3185 902 3248 (ο).
939 3204 961 3230 ι
996 3180 1180 3252 Igitur
1211 3178 1408 3234 miseri
1441 3193 1728 3250 pauperes
1759 3176 2060 3232 contrariae
2091 3175 2327 3242 indolis,
2361 3176 2462 3248 qui
2494 3177 2596 3232 Dei
2624 3185 2888 3248 expertes
2922 3179 3227 3250 magisque
3265 3187 3528 3251 expertes
3560 3177 3762 3233 huma-

354 3291 564 3343 narum
597 3271 968 3337 facultatum,
1001 3269 1100 3324 Dei
1123 3267 1419 3338 justitiam
1445 3281 1515 3322 ne
1546 3267 1778 3338 quidem
1811 3265 2166 3322 delibarunt.
3171 3276 3173 3278 ‘

350 3408 357 3413 .
425 3362 496 3419 ΙΗ
519 3405 534 3419 .
575 3362 735 3414 Ὥστε
774 3356 903 3412 τοὺς
942 3354 1245 3418 πλουσίους
1276 3355 1670 3427 μαθηματικῶς
1691 3354 1801 3425 (26)
1833 3351 1994 3405 ἀκου-

2180 3354 2334 3408 340
2366 3353 2563 3409 XVIII.
2601 3353 2810 3408 Divites
2841 3371 2976 3424 ergo
3020 3355 3122 3426 qui
3171 3355 3407 3410 difficile
3456 3354 3762 3410 intrabunt

357 3453 536 3522 στὲον,
582 3450 707 3510 τοὺς
759 3445 1040 3507 δυσκόλως
1082 3442 1556 3518 εἷσελευαομένους
1588 3442 1662 3505 εἰς
1710 3443 1808 3510 τήν
1845 3442 2003 3517 βασι-

357 3540 532 3609 λείαν,
569 3539 646 3611 μὴ
674 3540 876 3601 σκαιῶς
910 3531 1052 3607 μηδέ
1082 3531 1350 3608 ἂγροίκως
1410 3529 1552 3604 μηδὲ
1597 3534 1889 3606 σαρκικῶς.
1940 3527 2007 3583 Ei

356 3629 458 3704 γὰρ
490 3627 634 3683 οὕτω
666 3623 941 3692 λέλεκται,
977 3619 1102 3677 οὐδὲ
1142 3622 1232 3676 ἐπὶ
1277 3625 1396 3682 τοῖς
1449 3619 1601 3682 ἐκτὸς
1649 3622 1686 3689 ἡ
1735 3618 2005 3692 σωτηρία,

355 3715 489 3772 οὕτε
535 3715 580 3771 εἰ
629 3710 818 3769 πολλά
866 3707 989 3766 οὐτε
1037 3709 1086 3765 εἴ
1130 3709 1293 3784 ὀλίγα
1333 3713 1521 3779 ταῦτα,
1552 3709 1587 3777 ἢ
1624 3707 1792 3779 μικρά
1819 3706 1854 3776 ἢ
1913 3727 2007 3780 με·

350 3804 528 3880 γάλα,
559 3803 596 3872 ἢ
644 3798 832 3874 ἔνδοξα
859 3799 895 3869 ἢ
928 3796 1110 3869 ἄδοξα,
1143 3797 1178 3867 ἢ
1220 3794 1487 3870 εὐδόκιμα
1517 3795 1549 3865 ἢ
1590 3793 1848 3868 ἀδόκιμαο
1882 3791 2010 3850 ἀλλ’

359 3895 447 3950 ἐπὶ
479 3897 550 3967 τῇ
581 3897 682 3960 τῆς
713 3893 898 3964 ψυχῆς
933 3887 1120 3962 ἀρετῇ,
1153 3885 1449 3954 πίστει,καὶ
1472 3881 1769 3956 έλπίδι,καὶ
1801 3883 2007 3958 ἀγάπῃ,

358 3982 451 4039 καὶ
477 3976 855 4060 φιλαδελφίᾳ,
903 3975 993 4032 καὶ
1041 3975 1262 4052 γνώσει,
1310 3973 1400 4028 καὶ
1440 3974 1730 4048 πραότητι,
1759 3971 1849 4026 καὶ
1882 3971 2009 4026 ἀτυ-

361 4071 480 4151 φίᾳ,
513 4057 606 4126 καὶ
639 4067 891 4138 ἀληθείᾳ,
941 4066 1014 4119 ὧν
1048 4065 1212 4120 ἆθλον
1262 4065 1297 4132 ἡ
1330 4061 1594 4138 σωτηρία.
1621 4057 1762 4119 Οὐδὲ
1790 4061 1892 4151 γὰρ
1925 4057 2013 4121 διὰ

359 4149 576 4221 κάλλος
607 4157 860 4230 σώματος
894 4153 1111 4225 ζήσεται
1141 4173 1247 4220 τις,
1279 4153 1314 4222 ἢ
1344 4151 1651 4206 τούναντίον
1684 4149 1968 4233 ἀπολεῖται
1995 4168 2008 4210 τ

366 4248 496 4306 ἀλλ’
524 4249 552 4302 ὁ
585 4249 682 4320 μὲν
710 4249 792 4318 τῷ
840 4241 1051 4298 δοθέντι
1099 4241 1336 4314 σώματι,
1369 4241 1544 4313 ἁγνῶς
1580 4239 1672 4293 καί
1720 4240 1854 4293 κατὰ
1883 4237 2012 4293 Θεὸν

367 4338 688 4413 χρώμενος,
751 4335 966 4403 ζήσεται
1002 4349 1015 4363 ⁸
1076 4327 1210 4385 ὁ-δὲ
1271 4328 1504 4406 φθείρων
1561 4328 1651 4382 τὸν
1709 4327 1834 4382 ναὸν
1883 4330 2016 4382 Θεοῦ

367 4428 724 4503 φθαρήσεται.
775 4420 998 4476 Δύναται
1048 4417 1106 4474 δέ
1154 4440 1239 4481 τις
1266 4417 1357 4472 καὶ
1410 4416 1637 4503 αἰσχρὸς
1663 4414 2017 4503 ἀσελγαίνειν,

2115 3442 2174 3496 in
2227 3457 2472 3513 regnum
2531 3441 2810 3497 caelorum
2869 3443 3146 3498 subtilius
3178 3460 3242 3498 ac
3268 3443 3490 3498 erudite
3545 3441 3760 3498 intelli-

2116 3530 2312 3602 gendi,
2337 3547 2448 3584 non
2478 3531 2867 3600 pravojsensu
2909 3531 3308 3603 rusticiusque
3328 3548 3392 3587 ac
3415 3530 3632 3587 carnali
3665 3531 3761 3585 in-

2118 3618 2374 3674 tellectu.
2401 3623 2524 3673 Non
2554 3619 2709 3674 enim
2745 3620 2820 3673 ita
2847 3620 3067 3676 dictum
3099 3625 3207 3689 est,
3241 3637 3346 3676 nec
3392 3621 3452 3676 in
3501 3623 3586 3676 eis
3631 3637 3758 3693 qua)

2117 3707 2258 3763 foris
2307 3712 2447 3762 sunt
2489 3706 2649 3762 salus
2693 3707 2882 3778 posita
2929 3713 3040 3774 cet,
3079 3710 3200 3765 sive
3255 3709 3358 3766 illa
3407 3709 3593 3766 multa
3640 3711 3762 3766 sive

2118 3812 2304 3867 pauca
2325 3796 2464 3864 sint,
2487 3795 2607 3852 sive
2638 3813 2808 3868 parva
2844 3798 2964 3852 sive
2997 3815 3228 3869 magna,
3255 3800 3374 3856 sive
3402 3799 3577 3856 laude
3607 3800 3765 3856 clara

2119 3886 2240 3941 sive
2273 3885 2545 3955 obscura,
2576 3886 2698 3941 sive
2755 3887 2998 3958 probata
3045 3887 3166 3942 sive
3215 3890 3494 3960 reproba;
3547 3890 3648 3945 sed
3699 3891 3758 3944 in

2121 3973 2301 4030 animi
2371 3975 2603 4040 virtute,
2665 3975 2798 4041 fide,
2857 3991 2959 4046 spe
3024 3981 3082 4030 et
3146 3975 3450 4046 cbaritate,
3509 3978 3765 4033 fraterno

2122 4079 2342 4133 amore,
2367 4068 2423 4118 et
2453 4064 2719 4130 scientia,
2752 4068 2808 4117 et
2841 4066 3315 4129 mansuetudine,
3346 4069 3404 4120 et
3454 4067 3766 4134 modestia,

2121 4157 2178 4207 et
2233 4150 2494 4220 veritate,
2543 4169 2792 4222 quorum
2850 4153 3152 4220 praemium
3212 4154 3374 4208 salus
3429 4159 3536 4210 est.
3571 4153 3768 4222 Neque

2123 4239 2279 4294 enim
2312 4239 2464 4294 vivet
2493 4240 2784 4310 quispiam
2819 4242 2973 4311 quod
3008 4241 3252 4313 pulchro
3285 4243 3361 4298 sit
3389 4258 3645 4315 corpore,
3671 4247 3774 4298 aut

2125 4337 2343 4396 contra,
2380 4329 2626 4399 peribit;
2679 4329 2778 4385 sed
2813 4330 2912 4398 qui
2946 4336 3105 4386 caste
3135 4347 3320 4402 exque
3349 4332 3560 4388 divinis
3591 4332 3775 4388 ratio-

2129 4417 2305 4472 nibus
2346 4418 2532 4472 utitur
2574 4434 2849 4473 concesso
2898 4436 3157 4490 corpore.
3191 4421 3240 4474 is
3269 4420 3457 4486 vivet;
3511 4421 3610 4491 qui
3641 4437 3775 4477 vero

366 4502 462 4570 καὶ
491 4512 661 4574 καλὸς
707 4513 1028 4586 σωφρονεῖνο
1080 4503 1222 4564 Οὐδὲ
1267 4503 1428 4581 ἰσχὺς
1475 4502 1564 4558 καὶ
1616 4504 1868 4575 σώματος
1926 4502 2002 4575 μέ-

2129 4506 2228 4562 Βοί
2251 4505 2533 4576 templum
2567 4507 2910 4580 corrumpit,
2935 4508 3307 4578 disperdetur
3327 4509 3627 4580 (d).Potest
3645 4526 3778 4565 vero

371 4614 536 4680 γεθος
568 4604 846 4670 ζωοποιεῖ,
879 4595 1004 4652 οὐδὲ
1032 4600 1138 4651 τῶν
1177 4591 1360 4669 μελῶν
1393 4590 1544 4648 οὐδὲν
1572 4589 1862 4680 ἀπολλύειν
1897 4588 2023 4645 ἀλλ’

2133 4594 2268 4665 quis
2297 4594 2470 4648 etiam
2505 4596 2787 4650 deformis
2819 4596 3121 4668 indulgere
3153 4597 3402 4665 libidini,
3436 4603 3494 4653 et
3523 4599 3622 4670 qui
3657 4598 3782 4671 pul«

375 4679 418 4760 ἦ·
444 4689 665 4752 τούτοις
721 4687 876 4762 ψυχὴ
935 4686 1198 4762 χρωμένη
1251 4683 1352 4775 τὴν·
1401 4681 1576 4775 αἰτίαν
1628 4679 1710 4758 ἐφ’
1769 4680 2002 4775 tamtam.

2135 4682 2274 4738 cher
2317 4683 2413 4744 sit.
2449 4683 2682 4736 studere
2735 4685 3009 4738 castitati.
3043 4685 3240 4756 Neque
3270 4687 3450 4742 robur
3481 4689 3782 4758 molesque

376 4779 700 4856 παρέχεται.
732 4776 992 4854 ’Υπόφερε
1035 4776 1191 4849 γοῦν,
1223 4770 1378 4846 φησὶ,
1425 4770 1722 4844 παιόμενος
1750 4769 1813 4824 τὸ
1861 4771 2028 4844 πρόσ-

382 4889 554 4925 ωπον·
609 4866 741 4941 ὅπερ
787 4863 1006 4920 δύναται
1047 4861 1159 4918 καὶ·
1183 4859 1411 4937 ἶ’σχυρός
1441 4882 1526 4924 τις
1573 4856 1645 4913 ὤν
1677 4857 1765 4913 καὶ
1798 4858 2028 4912 εὐεκτῶν

385 4959 680 5013 έπακοῦσαι
717 4999 733 5024 ,

467 5471 531 5535 »ιι
568 5469 628 5520 ρ.
661 5463 770 5520 935
800 5462 911 5535 En.
941 5458 1252 5535 P_OTTER.

363 5589 368 5592 .
403 5525 719 5612 (chatth.
751 5551 804 5607 v,
838 5534 944 5602 39;
979 5533 1120 5589 Luc.
1150 5547 1225 5600 τι,
1256 5525 1364 5597 29’;
1386 5525 1447 5585 ἸΙ
1479 5528 1610 5584 Cor.
1642 5543 1720 5594 x1,
1751 5525 1842 5580 20.

1328 5457 1405 5529 (α)
1438 5454 1643 5529 Matth.
1668 5453 1847 5529 vr,‘2Ai
1877 5470 1890 5524 ;
1923 5468 2026 5523 x11,
2059 5451 2150 5521 35,
2182 5452 2271 5508 34.
2348 5451 2426 5524 (b)
2460 5451 2662 5510 Matth.
2683 5455 2812 5525 v,3.

2138 4787 2202 4826 ac
2227 4772 2542 4842 proceritas
2565 4773 2821 4842 corporis
2845 4773 3021 4828 vitam
3045 4775 3428 4840 atferunt,nec
3452 4777 3784 4831 membrum

2143 4860 2378 4931 aliquod
2415 4861 2514 4914 dat
2545 4861 2899 4930 perniciem;
2952 4863 3051 4916 sed
3114 4879 3348 4918 causam
3383 4865 3441 4918 in
3470 4869 3790 4937 utrumque

806 4954 897 5010 καὶ
970 4951 1136 5008 πάλιν
1198 4948 1476 5014 ἀσθενικός
1533 4968 1615 5009 τις
1671 4947 1744 5000 ὧν
1803 4944 1996 5019 ἀκρασί

2142 4948 2377 5020 praabet,
2413 4965 2539 5020 quae
2591 4949 2684 5004 his
2733 4952 2932 5005 anima
2981 4952 3182 5006 utitur.
3208 4953 3464 5019 Sustine,
3497 4953 3711 5026 inquit,
3742 4954 3793 5009 si

383 5047 615 5123 γνώμης
671 5038 1020 5118 παραϐῆναι.
1083 5039 1237 5094 Οὕτω
1292 5038 1383 5092 καὶ
1435 5035 1642 5110 ἄπορός
1703 5055 1799 5123 τις⁸
1830 5034 1895 5088 αὖ
1943 5033 2032 5123 καί.

388 5118 547 5198 ἆϐιος
598 5131 841 5208 εὑρεθείη
887 5131 1010 5186 ποτ’
1057 5127 1116 5183 ἂν
1159 5126 1369 5201 μεθύων
1401 5129 1521 5188 ταῖς
1577 5121 1912 5195 ἐπιθυμίαις,
1943 5118 2033 5174 καὶ

344 5226 643 5299 ,χρήμασι
699 5221 996 5290 πλούσιος,
1052 5220 1239 5294 νήφων
1292 5217 1382 5271 καὶ
1438 5213 1742 5289 πτωχεύων
1794 5209 2033 5282 ἡδονῶν,

384 5298 783 5385 πεπεισμένος,
839 5309 1095 5378 συνετὸς,
1150 5305 1423 5381 καθαρὸς,
1479 5301 1914 5376 κεκολασμένος.
1971 5298 2037 5356 Ei’

2143 5037 2274 5105 quis
2301 5043 2357 5091 te
2379 5037 2438 5091 in
2465 5037 2667 5092 faciem
2702 5040 2871 5093 cedit
2891 5040 2961 5110 (e)
2990 5057 3005 5106 ;
3055 5039 3147 5093 cui
3181 5045 3237 5094 et
3264 5041 3545 5096 robustus
3576 5048 3632 5097 et
3661 5059 3798 5113 pro-

2146 5140 2319 5195 spera
2351 5130 2520 5180 utens
2555 5125 2886 5182 valetudine
2918 5128 3201 5183 obaudire
3232 5135 3461 5198 potest;
3510 5135 3564 5186 et
3595 5135 3800 5186 contra

2148 5213 2283 5285 quis
2314 5213 2610 5282 infirmus,
2647 5217 2862 5270 mentis
2894 5216 3218 5288 petulantia
3241 5219 3371 5288 ejus
3401 5226 3804 5293 transgressor

2146 5317 2292 5357 esse.
2321 5301 2416 5356 Sic
2447 5310 2501 5356 et
2537 5319 2744 5358 rursus
2788 5319 3004 5374 egenus
3051 5305 3290 5376 quidam
3324 5311 3380 5362 et
3410 5306 3602 5379 inops,
3636 5308 3800 5382 cupi-

2888 5455 2960 5528 (c)
2993 5455 3216 5513 Ibid.6.
3294 5458 3374 5532 (d)
3405 5460 3426 5514 Ι
3456 5458 3584 5516 Cor.
3607 5477 3691 5532 III,
3715 5461 3804 5520 17.

477 5703 587 5779 (26)
619 5700 1053 5787 Μαθηματικῶς.
1086 5678 1680 5787 Ροηθίπνευματικῶς,
1701 5694 1811 5782 aut
1841 5685 2264 5766 μιμαλημένῶς.
2294 5658 2458 5746 FBtL.
