4078 6146
351 313 459 372 623
1564 319 1979 376 CLEMENTIS

2099 317 2520 374 .BXANDRINI
3658 321 3764 380 621

350 442 640 499 ditatibus
664 441 861 499 ebrius
889 442 1196 513 exstiterit,
1231 443 1449 516 quique
1496 443 1732 515 divitiis,
1765 443 1988 510 afﬂuat,

2114 437 2293 494 τοίνυν
2345 437 2456 494 ἐστὶ
2511 441 2574 495 τὸ
2633 439 2932 514 ζησόμενον
2997 441 3235 515 μάλιστα
3285 442 3378 499 καὶ
3447 447 3668 520 πρῶτον
3728 449 3764 519 ἡ

352 532 584 588 sobrius
614 539 668 588 et
697 546 918 603 egenus
947 531 1310 603 voluptatum
1342 549 1360 588 :
1394 549 1604 606 nempe
1632 531 1988 606 obsequendi

2111 527 2291 601 ψυχὴ,
2337 527 2429 582 καὶ
2476 527 2601 604 περὶ
2644 527 2846 601 ταύτην
2895 528 3060 604 ἀρετὴ
3119 530 3215 604 μὶν
3271 524 3520 607 φυομένη
3581 535 3763 610 σώζει,

354 621 572 688 animo,
618 620 882 690 sedulus,
911 621 1205 687 cordatus,
1243 621 1522 692 mundus,
1556 622 1902 695 castigatus.
1937 620 1988 676 Si

2110 614 2272 669 κακία
2329 614 2387 671 δὲ
2435 621 2674 680 θανατοῖ·
2729 615 2900 687 δῆλον
2933 616 3044 690 ἤδη
3078 624 3284 698 σαφῶς,
3341 622 3425 677 ὅτι
3483 621 3620 694 αὕτη
3675 626 3765 681 καὶ

351 709 534 781 igitur
553 710 710 781 quod
733 709 1109 781 potissimum
1134 710 1510 783 primumque
1529 711 1710 768 vitam
1732 715 1823 767 est
1843 709 1988 766 habi‘

2111 705 2474 780 πτωχεύουσα
2523 708 2599 763 ὧν
2648 705 2708 762 ἂν
2739 727 2824 770 τις
2875 708 2978 764 ὑπὸ
3024 708 3270 766 πλούτου
3301 714 3414 785 (27)
3445 709 3766 792 διαφθείρει,

352 803 575 866 turum,
604 799 798 855 anima
849 806 955 866 est,
1007 800 1176 871 eique
1223 801 1401 856 vitam
1450 805 1707 872 prastat,
1740 817 1869 874 qua
1918 798 1988 854 ill:

2114 793 2368 864 σώζεται,
2400 795 2490 850 καὶ
2521 794 2834 852 πλουτοῦσα
2863 798 3095 868 τούτων,
3144 799 3218 855 ὧν
3268 797 3538 877 ἐπιτρίϐει
3595 802 3769 860 πλοῦ-

351 888 541 944 virtus
571 888 735 959 quasi
787 889 1129 945 adnascitur
1173 894 1350 962 atque
1399 907 1596 948 comes
1649 895 1758 961 est,
1793 889 1988 947 vitiurr

2110 903 2228 953 τος,
2263 888 2603 948 θανατοῦται.
2657 885 2760 943 Καὶ
2823 885 3018 960 μηκέτι
3065 891 3320 962 ζητῶμεν
3353 887 3612 967 ἀλλαχοῦ
3666 894 3764 964 τὴν

356 981 549 1033 autem
583 978 763 1033 vitam
795 978 1067 1050 perimit;
1108 983 1307 1051 aperte
1355 983 1605 1050 constat,
1635 980 1826 1053 ipsam
1876 982 1988 1035 tun:

2113 971 2290 1028 αἰτίαν
2318 978 2416 1028 τυῦ
2463 974 2660 1038 τέλους
2707 974 2853 1046 πλὴν
2889 975 2942 1031 έν
2981 980 3050 1052 τῇ
3079 983 3180 1048 τῆς
3210 980 3399 1054 ψυχῆς
3441 981 3764 1036 καταστάσει

353 1082 556 1123 eorum
587 1081 831 1139 egenam
868 1084 992 1138 qua
1043 1067 1175 1138 quis
1223 1067 1445 1126 divitiis
1477 1068 1810 1140 labefactat,
1843 1069 1988 1124 inco-

2113 1061 2205 1117 καὶ
2261 1058 2491 1119 διαθέσει
2551 1062 2688 1141 πρός
2733 1084 2792 1120 τε
2843 1065 2942 1135 τὴν
2999 1067 3242 1136 ὑπακοὴν
3287 1071 3423 1123 Θεοῦ
3461 1067 3551 1124 καὶ
3601 1080 3766 1135 καθα-

349 1155 580 1211 lumem
605 1154 886 1224 fore;tum
907 1155 981 1212 iis
1002 1156 1349 1213 afﬂuentem
1375 1173 1502 1229 quae
1525 1174 1594 1214 ex
1615 1157 1836 1213 divitiis
1867 1172 1988 1228 pro-

2115 1151 2341 1226 ρότητα,
2385 1153 2526 1229 πρός
2572 1174 2631 1209 τε
2679 1149 2981 1230 παράϐασιν
3015 1154 3252 1212 ἐντολῶν
3280 1156 3371 1212 καὶ
3415 1156 3602 1222 κακίας
3632 1157 3766 1215 συλ-

351 1243 496 1300 clive
516 1243 868 1312 inolescunt,
893 1245 1129 1302 interitu
1155 1247 1552 1317 mergendam.
1577 1248 1691 1302 Nec
1717 1247 1842 1317 jam
1865 1243 2006 1301 alibi
2119 1239 2314 1316 λογήν.

351 1351 532 1407 quam
564 1334 623 1390 in
655 1335 864 1390 animae
897 1333 1026 1406 ipso
1056 1339 1217 1391 statu
1249 1339 1306 1391 et
1337 1335 1661 1406 affectione,
1696 1340 1760 1392 ut
1807 1336 1921 1391 Deo
1963 1333 2325 1406 obsequatur
2372 1335 2771 1406 mundamque
2819 1351 2881 1391 se
2925 1335 3200 1408 praebeat,
3251 1339 3309 1392 et
3355 1341 3421 1393 ut
3471 1340 3769 1412 transgre-

349 1424 563 1480 diendo
597 1423 893 1489 mandata,
925 1423 1130 1479 vitium
1163 1440 1230 1480 ac
1261 1423 1546 1480 malitiam
1579 1423 1834 1497 colligat,
1867 1437 2106 1478 causam
2139 1438 2474 1494 quaeramus
2506 1439 2612 1478 cur
2640 1422 2762 1480 haec
2795 1424 2877 1480 ita
2909 1423 3186 1496 utrinque
3213 1427 3502 1483 eveniant.

421 1512 560 1568 XIX.
593 1511 742 1569 Vere
771 1511 951 1585 igitur
979 1513 1277 1584 probeque
1307 1513 1471 1572 dives
1519 1517 1608 1570 est
1658 1513 1782 1586 qui,
1817 1513 1988 1568 fretus

2182 1512 2280 1566 iO'.
2331 1511 2392 1568 Ὁ
2445 1511 2538 1584 μὶν
2593 1506 2696 1584 ἄρα
2738 1507 2965 1582 ἀληθῶς
3013 1512 3100 1567 καὶ
3147 1511 3334 1576 καλῶς
3371 1512 3513 1570 ἐστιν
3571 1514 3600 1570 6
3655 1520 3767 1572 τῶν

351 1600 672 1657 virtutibus
697 1603 864 1657 estet
897 1601 1098 1672 quavis
1133 1602 1366 1658 fortuna
1396 1605 1598 1658 sancte
1642 1606 1700 1657 et
1751 1601 1864 1656 ﬁde
1913 1598 1988 1656 uti

2109 1598 2313 1674 ἀρετῶν
2371 1598 2659 1670 πλούσιος,
2688 1601 2780 1655 καὶ
2831 1601 2979 1677 πάσῃ
3019 1601 3163 1678 τύχῃ
3192 1604 3432 1678 χρῆσθαι
3461 1603 3626 1669 ὁσίως
3674 1606 3771 1662 καὶ

352 1696 550 1764 potest
582 1709 594 1746 :
627 1690 773 1748 falso
804 1695 999 1747 autem
1031 1691 1211 1762 dives,
1242 1692 1342 1764 qui
1375 1709 1549 1750 carne
1581 1691 1742 1749 dives
1775 1695 1883 1760 est,
1916 1690 1988 1746 vi-

2109 1691 2316 1750 πιστῶς
2347 1685 2667 1762 δυνάμενοςο
2698 1689 2726 1744 6
2760 1686 2817 1744 δὲ
2845 1689 3020 1756 νόθως
3047 1689 3341 1761 πλούσιος,
3376 1694 3403 1749 6
3431 1693 3568 1750 κατᾶ
3597 1694 3771 1772 σάρκα

353 1785 596 1853 tamque
637 1780 941 1838 transtulit
965 1782 1039 1837 ad
1071 1781 1416 1838 exteriorem
1450 1782 1840 1839 substantiam
1874 1796 1988 1852 qua

2115 1775 2400 1848 πλούσιος,
2450 1779 2541 1834 καὶ
2571 1780 2669 1850 τήν
2701 1780 2846 1850 ζωὴν
2880 1779 2954 1843 εἰς
2978 1782 3077 1851 τὴν
3107 1780 3208 1853 ἔξω
3237 1786 3428 1850 κτῆσιν
3475 1805 3768 1858 μετενηνο-

352 1869 610 1944 praeterit
666 1875 841 1943 atque
899 1870 1115 1940 interit,
1166 1887 1231 1927 ac
1286 1873 1639 1943 quandoque
1669 1871 1730 1926 in
1761 1870 1988 1927 alterius

2113 1867 2231 1942 χὼς
2257 1869 2356 1939 τήν
2390 1870 2813 1945 παρερχομένην
2864 1871 2952 1925 καὶ
3007 1871 3393 1950 φθειρομένην,
3444 1873 3531 1928 καί
3564 1870 3774 1933 ἄλλοτε

351 1976 597 2016 censum
646 1959 880 2027 transit,
923 1964 980 2016 et
1036 1960 1109 2016 ad
1167 1963 1492 2016 extremum
1553 1959 1776 2018 nullius
1834 1958 1988 2031 plani

2115 1953 2294 2011 ἄλλου
2316 1944 2633 2032 γινομένην,
2657 1957 2746 2013 καὶ
2777 1956 2829 2014 ἐν
2858 1963 2938 2031 τῷ
2957 1944 3101 2015 τέλει
3132 1944 3367 2033 μηδενὸς
3393 1959 3773 2036 μηδαμῆᾸΙά-

348 2049 601 2104 exsistit.
658 2048 721 2113 >14
771 2053 996 2105 Rursus
1050 2051 1250 2106 eadem
1302 2049 1527 2105 ratione
1573 2057 1656 2105 est
1718 2054 1776 2105 et
1826 2064 1988 2104 verus

2105 2042 2190 2099 λιν
2225 2046 2288 2100 αὗ
2317 2047 2404 2101 καὶ
2439 2047 2576 2102 κατὰ
2603 2047 2694 2102 τὸν
2727 2047 2888 2103 αὐτὸν
2907 2049 3112 2122 τρόπον
3144 2049 3237 2104 καὶ
3257 2051 3478 2126 γνήσιος
3506 2053 3767 2128 πτωχὸς,

348 2155 592 2210 pauper,
619 2142 676 2194 et
722 2138 962 2210 spurius
992 2137 1144 2194 alius
1173 2137 1422 2210 falsique
1471 2137 1728 2195 nominis
1776 2153 1988 2211 pauper

2103 2134 2193 2189 καὶ
2224 2134 2383 2199 νόθος
2416 2133 2589 2199 ἄλλος
2617 2137 2845 2212 πτωχὸς
2891 2139 2982 2192 καὶ
3013 2135 3396 2213 ψευδώνυμοςθ
3442 2140 3470 2195 6
3501 2140 3597 2214 μὲν
3627 2143 3773 2197 κατὰ

347 2227 576 2283 exsistit
619 2244 632 2282 :
677 2245 924 2299 quorum
959 2244 1170 2300 nempe
1199 2226 1352 2283 alius
1383 2243 1603 2301 pauper
1648 2228 1858 2300 spiritu
1909 2226 1994 2299 ﬁt,

347 2318 500 2388 quod
523 2319 614 2373 est
635 2317 959 2390 proprium,
985 2316 1137 2373 alius
1169 2316 1432 2373 saeculari
1469 2318 1646 2384 fastu,
1669 2319 1822 2388 quod
1857 2316 1994 2372 alie-

347 2423 512 2463 num.
538 2407 739 2464 Mundi
762 2406 942 2478 igitur
967 2407 1114 2463 fastu
1141 2407 1405 2478 pauperi,
1435 2423 1499 2462 ac
1529 2407 1626 2478 qui
1657 2407 1819 2464 dives
1842 2407 1995 2463 vitiis

347 2499 566 2564 sit,non
592 2497 692 2568 qui
715 2497 926 2568 spiritu
950 2502 1261 2568 pauper,et
1281 2497 1606 2551 secundum
1634 2501 1811 2551 Deum
1835 2494 1994 2552 dives

349 2585 978 2656 exsistat,Recede,ait,
1003 2585 1073 2639 ab
1097 2583 1208 2653 his,
1233 2601 1380 2656 quas
1402 2584 1462 2639 in
1487 2584 1683 2640 animo
1707 2583 1995 2657 possides,

349 2674 557 2730 alienis
588 2673 984 2742 facultatibus,
1000 2678 1063 2728 ut
1085 2674 1305 2729 mundo
1327 2674 1500 2730 corde
1525 2675 1775 2731 evadens
1798 2674 1996 2730 videas

350 2767 534 2819 Deum
559 2780 574 2832 ;
607 2762 763 2835 quod
796 2767 852 2818 et
881 2761 995 2818 alia
1031 2761 1337 2818 verborum
1370 2763 1554 2818 forma
1583 2766 1694 2829 est,
1718 2768 1783 2818 ut
1812 2762 1994 2818 intres

348 2851 407 2907 in
431 2868 678 2924 regnum
710 2850 1008 2907 coelorum.
1035 2853 1300 2916 Quonam
1323 2857 1455 2908 vero
1488 2852 1660 2908 modo
1682 2851 1753 2907 ab
1785 2851 1869 2907 eis
1901 2867 1994 2907 re-

347 2941 645 2996 cesseris?
691 2940 1029 2996 Vendendo.
1063 2939 1208 3003 Quid
1242 2939 1425 3010 ergo?
1471 2941 1553 2994 Ita
1605 2939 1880 2995 nimirum
1931 2945 1996 2996 ut

345 3030 698 3102 praediorum
733 3029 919 3102 pretio
951 3029 1258 3101 pecuniam
1291 3028 1581 3099 recipias?
1600 3032 1822 3100 Nempe
1855 3047 1994 3101 opes

342 3119 554 3190 opibus
576 3117 1266 3184 commutando,conﬂata
1291 3134 1419 3189 quae
1441 3118 1500 3172 in
1524 3117 1726 3174 oculos
1747 3119 1996 3176 incurrit

343 3207 713 3264 substantia?
733 3208 1136 3279 Nequaquam.
1160 3207 1267 3262 Sed
1291 3207 1372 3261 ita
1392 3211 1453 3262 ut
1472 3207 1598 3263 loco
1620 3223 1842 3278 earum,
1867 3225 1992 3280 qua

2101 2230 2316 2301 πνεῦμα
2346 2227 2592 2302 πτωχὸς,
2624 2228 2687 2282 τὸ
2728 2226 2892 2300 ἴδιον,
2925 2231 2953 2285 6
3003 2225 3061 2284 δὲ
3106 2231 3244 2285 κατὰ
3287 2232 3521 2305 κόσμον,
3567 2231 3629 2286 τὸ
3660 2231 3770 2289 ἀλ·

2103 2315 2347 2390 λότριον.
2383 2318 2479 2388 Τῷ
2527 2315 2595 2385 δὴ
2651 2316 2790 2372 κατὰ
2837 2316 3043 2391 κόσμον
3091 2323 3306 2394 πτωχῷ
3362 2319 3453 2374 καὶ
3509 2317 3773 2394 πλουσίῳ

2100 2405 2236 2459 κατά
2265 2406 2332 2459 τὰ
2360 2404 2530 2475 πάθη,
2563 2405 2591 2461 ὁ
2623 2408 2734 2479 (27)
2757 2405 2894 2462 κατὰ
2919 2410 3136 2480 πνεῦμα
3161 2407 3225 2462 οὐ
3257 2408 3485 2484 πτωχὸς
3505 2409 3597 2463 καὶ
3625 2409 3773 2465 κατᾶ

2102 2492 2228 2547 Θεὸν
2261 2490 2550 2562 πλούσιος,
2579 2493 2906 2566 ’Δπόστηθι,
2931 2495 3089 2572 φησὶ,
3135 2499 3244 2550 τῶν
3290 2497 3652 2572 ὑπαρχόντων
3703 2496 3771 2554 ἐν

2099 2583 2171 2654 τῇ
2215 2585 2394 2658 ψυχῇ,
2424 2604 2520 2637 σου
2549 2582 2840 2658 κτημάτων
2865 2581 3200 2657 ἀλλοτρίων,
3248 2582 3361 2657 ἵνα,
3407 2587 3641 2662 καθαρὸς
3694 2589 3774 2661 τῇ

2101 2668 2295 2745 καρδίᾳ
2342 2670 2655 2746 γενόμενος,
2702 2670 2829 2748 ἴδῃς
2873 2674 2964 2728 τὸν
2995 2673 3148 2729 Θεόν“
3191 2675 3324 2751 ὅπερ
3356 2675 3446 2729 καὶ
3479 2671 3549 2729 δι’
3582 2675 3774 2747 ἑτέρας

2102 2768 2288 2837 φωνῆς
2321 2760 2482 2833 ἐστιν,
2516 2758 2778 2826 εἰσελθεῖν
2811 2761 2887 2826 εἰς
2931 2765 3031 2833 τήν
3090 2763 3371 2839 βασιλείαν
3419 2767 3528 2819 τῶν
3584 2765 3770 2840 οὖρα-

2101 2853 2230 2907 νῶν.
2272 2851 2369 2905 Καὶ
2418 2855 2536 2913 πῶς
2586 2849 2761 2905 αὐτῶν
2811 2850 3087 2926 ἀποστῇς;
3138 2853 3432 2924 Πωλήσας.
3492 2852 3561 2910 Τί
3613 2853 3764 2924 οὖν,

2103 2941 2366 3015 χρήματα
2421 2937 2540 2994 ἀντὶ
2589 2941 2884 3012 κτημάτων
2945 2936 3138 3015 λάϐῃς,
3199 2939 3470 2997 ἀντίδοσιν
3504 2941 3760 2998 πλούτου

2102 3027 2653 3105 προσποιησάμενος,
2705 3026 3050 3105 ἐξαργυρίσας
3099 3031 3201 3100 τὴν
3252 3030 3478 3109 φανερὰν
3529 3028 3756 3101 οὖσίανς

2102 3113 2394 3190 Οὐδαμῶς.
2438 3113 2616 3173 Ἀλλά
2661 3115 2778 3171 ἀντί
2824 3118 2930 3172 τῶν
2990 3119 3271 3195 προτέρων
3328 3116 3754 3195 ἐνυπᾶρχόντων

2101 3209 2170 3280 τῇ
2225 3207 2493 3280 ψυχῇδῆν
2559 3208 2728 3260 σῶσαι
2786 3206 2993 3274 ποθεῖς,
3053 3205 3503 3282 ἀντεισαγόμενος
3558 3203 3756 3284 ἕτερον

343 3296 540 3352 animo
567 3302 700 3352 ante
731 3297 981 3365 inerant,
1006 3312 1179 3367 quem
1210 3311 1339 3352 esse
1367 3295 1593 3351 salvum
1629 3295 1817 3367 cupis,
1840 3296 1985 3353 alias

2099 3293 2336 3350 πλοῦτον
2393 3293 2645 3358 θεοποιὸν
2693 3293 2784 3349 καὶ
2845 3296 2987 3364 ζωῆς
3041 3296 3288 3370 χορηγὸν
3347 3293 3594 3360 αἰωνίου,
3658 3295 3764 3360 τὰς

344 3386 578 3442 divitias
609 3385 843 3442 deificas
863 3385 1114 3457 vitaeque
1140 3389 1366 3440 aeterna;
1401 3385 1658 3456 pararias
1687 3387 1780 3457 (ex
1811 3386 1994 3442 divini

347 3474 568 3531 scilicet
599 3475 822 3530 ratione
853 3473 1116 3530 mandati
1148 3478 1450 3530 consertes
1497 3473 1680 3529 animi
1730 3474 1994 3548 affectus)

347 3563 604 3632 inferas;
655 3580 757 3635 pro
810 3563 1024 3634 quibus
1056 3562 1166 3618 erit
1189 3562 1296 3618 tibi
1330 3578 1550 3618 merces
1581 3579 1646 3617 ac
1678 3572 1995 3634 perpetuus

350 3652 538 3708 honor
556 3656 614 3708 et
633 3651 793 3708 salus
824 3657 1154 3723 aeternaque
1186 3651 1569 3722 incorruptio.
1593 3652 1658 3706 In
1687 3650 1845 3706 hunc
1876 3668 1996 3708 mo-

347 3742 488 3796 dum
509 3745 664 3797 recte
684 3740 887 3796 vendis
909 3756 1037 3812 quae
1061 3739 1349 3812 possides,
1374 3739 1561 3794 multa
1589 3739 1693 3795 illa
1713 3743 1770 3795 et
1788 3756 1992 3811 super-

345 3828 484 3896 ﬂua,
516 3835 574 3886 et
602 3846 728 3902 quae
759 3829 866 3884 tibi
897 3827 1109 3885 coelum
1143 3828 1482 3899 occludunt,
1517 3844 1651 3883 cum
1683 3828 1802 3884 illis
1833 3845 1991 3886 com-

343 3923 602 3986 mutans,
624 3934 751 3990 quae
783 3917 1035 3974 salutem
1068 3916 1274 3972 afferre
1301 3916 1547 3990 possint.
1586 3916 1690 3972 Illa
1741 3917 1993 3974 habeant

341 4008 558 4064 carnali
591 4007 706 4064 ritu
741 4023 1028 4081 pauperes
1049 4011 1105 4062 et
1135 4007 1235 4078 qui
1267 4005 1360 4061 his
1390 4005 1728 4076 indigeant:
1763 4011 1827 4062 tu
1857 4024 1990 4064 vero

338 4096 704 4170 spiritalibus
726 4113 929 4154 eorum
950 4095 1076 4152 loco
1099 4095 1342 4166 receptis
1373 4094 1618 4162 divitiis,
1640 4095 1987 4154 thesaurum

336 4184 397 4240 in
431 4185 593 4242 caelis
624 4185 867 4242 habeas.

407 4274 527 4331 XX.
549 4279 685 4332 Hinc
709 4291 811 4347 per
839 4273 1244 4345 metaphoram
1278 4272 1433 4329 dicta
1482 4289 1598 4330 non
1652 4273 1987 4348 intelligens

333 4362 430 4419 ille
454 4363 657 4420 multis
679 4363 944 4435 pecuniis
967 4361 1228 4434 locuples
1249 4368 1306 4418 et
1325 4362 1499 4418 homo
1521 4361 1763 4436 legalis;
1801 4379 1988 4435 neque

333 4456 399 4506 ut
448 4452 634 4523 possit
670 4452 827 4507 idem
875 4455 930 4506 et
979 4466 1201 4524 pauper
1228 4467 1357 4507 esse
1388 4456 1444 4506 et
1476 4452 1658 4521 dives,
1690 4459 1743 4508 et
1777 4452 1987 4509 habere

331 4541 609 4612 pecunias
639 4547 695 4596 et
722 4556 837 4595 non
886 4539 1119 4610 habere,
1148 4556 1373 4596 necnon
1406 4540 1491 4596 uti
1544 4541 1755 4597 saeculo
1781 4545 1838 4598 et
1870 4559 1983 4598 non

329 4632 436 4699 uti,
466 4630 609 4686 abiit
637 4629 824 4685 tristis
846 4633 902 4684 et
924 4645 1198 4701 moerens,
1223 4629 1419 4686 relicta
1438 4630 1572 4686 vitae
1597 4635 1773 4698 sorte,
1799 4647 1977 4703 quam

327 4718 699 4774 solummodo
729 4734 962 4789 cupere,
995 4733 1063 4773 ac
1113 4735 1225 4773 non
1273 4718 1448 4774 etiam
1478 4720 1710 4792 assequi
1747 4721 1975 4791 potuit;

328 4806 427 4878 qui
462 4806 573 4862 sibi
606 4807 884 4862 nimirum
931 4808 1084 4879 quod
1135 4807 1387 4862 arduum
1436 4812 1583 4876 erat,
1615 4807 1983 4881 impossibile

325 4896 936 4951 reddiderit.Arduum
961 4912 1213 4968 namque
1233 4912 1299 4951 ac
1321 4895 1561 4951 difﬁcile
1585 4913 1700 4952 non
1725 4897 1982 4953 circum-

325 4985 457 5040 duci
493 4985 758 5039 animum
792 4988 847 5039 et
869 4984 1231 5051 labefactari,
1268 4983 1637 5039 afﬂuentium
1690 4984 1980 5041 bonorum

323 5073 644 5146 ﬂoridaque
672 5074 863 5146 specie
887 5075 1182 5145 praestigio
1206 5089 1380 5144 prope
1405 5073 1815 5144 obrepentium
1839 5090 1980 5130 con-

320 5165 526 5234 spicuo
559 5180 738 5219 censu
771 5179 837 5218 ac
868 5162 1087 5218 divitiis
1115 5179 1130 5230 ;
1181 5179 1294 5218 non
1354 5167 1554 5217 tamen
1611 5161 1980 5234 impossibile

320 5269 452 5307 cum
486 5252 579 5308 his
609 5255 789 5319 etiam
823 5251 1084 5306 nancisci
1116 5250 1389 5318 salutem,
1415 5250 1626 5321 siquis
1652 5251 1821 5308 abiis
1847 5253 1978 5325 opi-

391 5378 454 5441 ›ι‹
486 5379 551 5431 Ρ.
582 5376 688 5432 936
718 5376 835 5432 ΕΙ).
868 5374 1164 5432 POT'TER.

388 5496 804 5570 (27)ι]λούτου.
835 5497 1044 5553 Τούτου
1076 5517 1188 5556 ms.
1224 5501 1393 5555 FELL.

385 5568 526 5644 (277")
566 5571 747 5644 Yertit
775 5571 1067 5644 interpres
1120 5571 1320 5644 quasi
1357 5571 1599 5644 legisset
1628 5568 1687 5631 ὅς
1721 5569 1966 5644 (subau-

318 5639 532 5700 diendo
571 5639 730 5713 ιστι).
789 5639 1066 5714 Klotiius,
1115 5639 1176 5700 in
1235 5639 1488 5698 editione
1530 5647 1656 5698 sua
1689 5639 1988 5716 Lipsiana'
2029 5652 2040 5676 ‘

2106 3383 2242 3438 κατὰ
2285 3383 2383 3452 τὴν
2434 3380 2660 3452 ἐντολὴν
2711 3385 2805 3438 τοῦ
2836 3387 2970 3438 Θεοῦ
3028 3379 3313 3448 διαθέσεις·
3365 3384 3478 3448 ἀνθ’
3533 3385 3609 3439 ὧν
3670 3404 3764 3439 σοι

2102 3469 2376 3544 περιέσται
2430 3471 2622 3545 μισθὸς
2673 3471 2762 3526 καὶ
2811 3471 2950 3541 τιμή
3008 3469 3286 3542 διηνεκὴς,
3344 3471 3435 3527 καὶ
3487 3473 3765 3547 σωτηρία,

2101 3559 2192 3615 καί
2223 3559 2443 3622 αἰώνιος
2473 3560 2760 3633 ἆφθαρσία.
2793 3556 2952 3617 Οὕτω
2998 3557 3184 3623 καλῶς
3216 3557 3424 3623 πωλεῖς
3474 3561 3540 3615 τὰ
3591 3559 3768 3638 ὑπάρο

2104 3668 2296 3725 χοντα,
2327 3649 2394 3704 τὰ
2437 3647 2623 3704 πολλὰ
2663 3647 2752 3703 καὶ
2801 3651 3051 3725 περισσὰ,
3110 3649 3200 3704 καὶ
3248 3647 3613 3705 ἀποκλείοντά
3671 3671 3762 3706 σοι

2099 3736 2230 3801 τοὺς
2282 3735 2566 3814 οὐρανοὺς,
2625 3735 3266 3811 ἀντικαταλλασσόμενος
3312 3738 3489 3794 αὐτῶν
3527 3739 3595 3794 τὰ
3641 3743 3767 3796 σῶ-

2102 3847 2188 3881 σαι
2221 3823 2512 3899 δυνάμενα.
2555 3826 2767 3882 Ἐκεῖνα
2801 3823 3073 3901 ἐχέτωσαν
3125 3827 3177 3881 οἱ
3237 3827 3484 3902 σαρκικοὶ
3531 3828 3766 3904 πτωχοὶ

2100 3915 2190 3972 καὶ
2235 3916 2444 3972 τούτων
2492 3912 2762 3989 δεόμενοι·
2807 3915 2869 3970 σὺ
2919 3912 2977 3970 δὲ
3023 3916 3116 3971 τὸν
3146 3917 3513 3990 πνευματικὸν
3574 3915 3763 3973 πλοῖ’)-

2096 4027 2190 4061 τοε
2258 3999 2565 4061 ἀντιλαϐὼν
2633 3998 2786 4080 ἔχοις
2845 4003 2909 4060 ἃν
2964 4001 3075 4076 ἤδη
3138 4004 3413 4083 θησαυρὸν
3470 4004 3524 4062 ἐν
3584 4005 3764 4082 οὖρα-

2098 4115 2237 4151 νοις.

2171 4274 2244 4329 K'.
2295 4274 2476 4329 Ταῦτα
2511 4271 2586 4344 μὴ
2619 4269 2817 4333 συνιεὶς
2863 4271 2998 4326 κατά
3025 4270 3256 4348 τρόπον,
3302 4273 3331 4327 6
3375 4271 3768 4349 πολυχρήμα-

2093 4383 2188 4425 τος
2235 4360 2325 4416 καὶ
2372 4357 2598 4433 ἔννομος
2655 4356 2965 4435 ἄνθρωπος,
3019 4357 3160 4433 μηδὲ
3211 4359 3360 4424 ὅπως
3394 4361 3422 4416 6
3452 4360 3614 4424 αὐτὸς
3663 4362 3767 4418 καὶ

2094 4451 2320 4528 πτωχὸς
2369 4446 2590 4504 δύναται
2647 4449 2775 4503 εἶναι
2834 4446 2924 4504 καὶ
2981 4446 3272 4517 πλούσιος,
3331 4449 3423 4505 καὶ
3480 4445 3626 4526 ἔχειν
3688 4451 3768 4507 τὰ

2095 4541 2359 4616 χρήματα
2409 4535 2498 4592 καὶ
2553 4538 2629 4610 μὴ
2692 4531 2863 4613 ἔχειν,
2913 4535 3004 4592 καὶ
3054 4538 3404 4615 χρῆσθαιτῷ
3436 4539 3629 4612 κόσμῳ
3659 4540 3764 4595 καί

2100 4628 2176 4702 μή
2235 4628 2496 4703 χρῆσθαι,
2551 4623 2766 4695 ἀπῆλθε
2821 4625 3048 4701 στυγνὸς
3103 4627 3189 4681 καὶ
3250 4628 3525 4705 κατηφὴς,
3566 4625 3760 4683 λιπὼν

2087 4722 2190 4786 τήν
2248 4717 2393 4786 τάξιν
2453 4717 2556 4780 τῆς
2624 4718 2793 4785 ζωῆς,
2823 4716 2889 4783 ἧς
2920 4713 3202 4788 ἐπιθυμεῖν
3236 4715 3424 4789 μόνον,
3455 4713 3585 4770 ἀλλ’
3613 4716 3762 4794 οὖχῖ

2091 4806 2178 4862 καὶ
2231 4809 2420 4879 τυχεῖν
2467 4800 2725 4872 ἠδύνατο,
2769 4802 2834 4857 τὸ
2881 4800 3147 4858 δύσκολον
3197 4805 3435 4875 ποιήσας
3481 4800 3758 4861 ἀδύνατον

2092 4893 2253 4956 αὐτὸς
2285 4893 2480 4964 ἑαυτῷ.
2514 4889 2788 4946 Δόσκολον
2815 4891 2916 4967 γὰρ
2965 4891 3032 4962 ἦν
3069 4893 3145 4965 μὴ
3197 4893 3568 4969 περιάγεσθαι,
3605 4891 3764 4967 μηδὲ

2091 4980 2548 5060 καταστρέφεσθαι
2633 4981 2730 5050 τήν
2803 4982 2988 5056 ψυχήν
3069 4983 3174 5037 ἀπὸ
3248 4987 3355 5037 τῶν
3430 4980 3764 5058 προσόντων

2092 5069 2272 5150 ἀϐρῶν
2331 5075 2409 5144 τῷ
2462 5065 2735 5144 προδήλῳ
2775 5067 3004 5142 πλούτῳ
3033 5071 3120 5125 καὶ
3169 5070 3413 5144 ἀνθηρῶν
3439 5071 3764 5148 γοητευμά-

2087 5179 2213 5220 των⁴
2265 5160 2363 5216 οὐκ
2412 5156 2672 5214 ἀδύνατον
2726 5155 2784 5213 δὲ
2831 5158 2919 5213 καὶ
2970 5157 3229 5233 ἐντούτῳ
3259 5155 3520 5216 λαϐέσθαι
3564 5179 3764 5232 σωτη-

2091 5252 2232 5327 ρίας,
2291 5249 2341 5305 εἴ
2385 5269 2468 5310 τις
2519 5247 2704 5303 ἑαυτὸν
2759 5247 2865 5304 ἀπὸ
2911 5252 3011 5304 τοῦ
3042 5247 3306 5319 αἰσθητοῦ
3349 5247 3595 5306 πλούτου
3656 5247 3766 5326 ἐπι

2079 5519 2176 5557 an.
2215 5499 2372 5567 1832,
2409 5497 2768 5570 particulam
2801 5495 2863 5550 οὗ
2898 5497 3250 5570 repudiavit,
3284 5498 3368 5554 ita
3421 5503 3488 5570 ut
3546 5496 3575 5551 6
3605 5497 3763 5554 κατὰ

2077 5571 2300 5647 melius
2336 5567 2582 5647 πτωχὸς-
2609 5567 2782 5647 καὶ-κ.
2817 5573 2878 5626 Θ.
2899 5567 2987 5647 χεῖ
3005 5570 3164 5627 verbi
3195 5569 3528 5644 sequuntis,
3578 5570 3754 5647 φησι,

2054 5639 2416 5716 “subjectum
2440 5639 2682 5701 evadat.-
2703 5640 2866 5702 Eorr.
2897 5639 3145 5702 Panos.
