4078 6146
374 319 487 380 625

1538 318 1753 375 LIBER
1790 318 1960 387 QUIB
1997 318 2217 375 DIVEB
2251 320 2656 377 SALVETUR.

3692 320 3801 378 626

373 447 468 504 τὸν
518 444 720 517 νοητὸν
777 444 869 501 καὶ
927 439 1270 509 θεοδίδακτον
1329 440 1645 518 μεταγάγοι,
1704 442 1796 497 καὶ
1868 440 2032 516 μάθοι

2145 443 2258 500 bus
2290 461 2414 516 qua:
2446 446 2505 501 in
2558 461 2802 504 sensum
2831 447 3069 515 cadunt,
3127 449 3199 505 ad
3231 464 3329 505 eas
3370 463 3434 505 se
3462 448 3797 521 transferat,

376 542 494 600 τοῖς
522 532 847 611 ἀδιαφόροις
877 534 1111 609 χρῆσθαι
1143 532 1330 595 καλῶς
1357 531 1449 587 καὶ
1505 528 1681 601 ἰδίως,
1710 532 1801 586 καὶ
1849 530 1926 593 ὡς
1974 529 2037 587 ἃν

376 625 453 690 είς
484 626 631 695 ζωὴν
662 624 883 679 αἰώνιον
913 623 1153 698 ὁρμῷτο.
1182 622 1287 677 Καὶ
1319 621 1370 674 οἳ
1405 619 1642 694 μαθηταὶ
1692 617 1750 675 δὲ
1789 622 1851 676 τὸ
1892 624 2040 698 πρῶ-

373 736 467 772 τον
500 715 601 790 μὲν
629 715 723 769 καὶ
771 711 928 767 αὐτοὶ
982 708 1251 786 περιδεεῖς
1298 710 1390 766 καὶ
1439 707 1815 784 καταπληγεῖς
1872 707 2038 784 γεγό-

374 826 551 861 νασιν.
606 801 958 863 Ἀκούσαντες
1000 801 1054 855 τί
1101 799 1345 872 δήποτε;
1376 798 1481 875 ἆρά
1532 820 1594 874 γε
1643 797 1726 853 ὅτι
1773 800 2038 873 χρήματα

376 894 471 950 καὶ
505 892 663 948 αὐτοὶ
712 891 998 961 ἐκέκτηντο
1047 885 1484 959 πολλάςἈλλὰ
1539 886 1629 942 καὶ
1683 886 1816 942 αὐτά
1872 891 2038 942 ταῦτα

380 984 452 1039 τὰ
477 979 727 1037 δικτύδια
781 978 867 1034 καὶ
926 976 1209 1055 ἄγκιστρα,
1240 977 1329 1032 καὶ
1386 977 1450 1030 τά
1496 975 1794 1051 ὑπηρετικᾶ
1846 975 2035 1052 σκαφί-

378 1071 477 1128 ’δια
524 1071 738 1148 ἀφῆκαν
784 1066 975 1139 πάλαι,
1010 1068 1143 1144 ἅπερ
1188 1068 1255 1137 ἦν
1317 1065 1500 1128 αὐτοῖς
1536 1067 1696 1138 μόνα.
1730 1065 1793 1120 Τί
1820 1063 1909 1119 οὗν
1940 1084 2039 1144 φο-

383 1155 642 1231 ϐηθέντες
675 1157 891 1232 Λέγουσι
923 1174 937 1187 ·
974 1179 1002 1207 ‹‹
1034 1155 1128 1217 Τίς
1182 1152 1403 1209 δύναται
1456 1155 1693 1223 σωθῆναι
1722 1172 1735 1223 ;
1770 1180 1797 1205 ››
1840 1150 2034 1216 Καλῶς

376 1247 641 1319 ἤκουσαν,
701 1248 788 1301 καί
854 1246 928 1307 ὡς
994 1245 1255 1319 μαθηταὶ,
1313 1244 1410 1299 τοῦ
1480 1237 1871 1319 παραϐολικῶς
1946 1241 2035 1297 καὶ

376 1336 609 1414 ἀσαφῶς
642 1333 937 1411 λεχθέντος
972 1334 1075 1389 ὑπὸ
1112 1337 1209 1389 τοῦ
1260 1332 1479 1407 Κυρίου,
1509 1332 1598 1387 καὶ
1649 1327 1882 1406 ᾔσθοντο
1938 1334 2036 1386 τοῦ

376 1424 581 1500 βάθους
606 1426 716 1478 τῶν
750 1421 957 1498 λόγων.
984 1423 1181 1478 Ἕνεκα
1225 1422 1322 1495 μὲν
1371 1419 1462 1476 οῦν
1517 1419 1820 1496 χρημάτων
1869 1420 2034 1490 ἀκτη-

379 1513 647 1587 μοσύνης,
680 1509 965 1576 εὐέλπιδες
992 1510 1127 1580 ἦσαν
1186 1511 1322 1587 πρὸς
1378 1509 1647 1585 σωτηρίαν
1684 1528 1696 1542 ο
1731 1507 1919 1578 ἐπειδὴ
1980 1505 2037 1563 δὲ

381 1600 682 1678 συνῄδεσαν
715 1600 937 1664 ἑαυτοῖς
1000 1602 1170 1674 μήπω
1220 1601 1288 1654 τὰ
1342 1597 1487 1670 πάθη
1540 1597 1725 1654 τέλεον
1786 1599 2036 1652 ἀποτιθε-

392 1693 568 1767 μένοις
597 1691 948 1767 (ἀρτιμαθεῖς
994 1691 1094 1767 γὰρ
1154 1690 1287 1758 ἦσαν
1346 1690 1437 1743 καὶ
1496 1689 1689 1743 νεωστὶ
1747 1688 1883 1763 πρὸς
1937 1691 2034 1742 τοῦ

391 1785 644 1853 Σωτῆρος
706 1774 1229 1852 ἠνδρολογημένοι),
1290 1780 1561 1851 περισσῶς
1617 1773 2034 1847 ἐξεπλήττοντο,

2150 549 2278 604 quae
2310 534 2369 590 in
2404 540 2595 590 mente
2645 536 3081 608 intelliguntur,
3138 542 3367 609 Deoque
3412 538 3658 594 docente
3690 556 3795 593 no—

2150 626 2434 691 scuntur;
2469 624 2809 696 noveritque
2836 627 3002 696 ibene
3034 626 3119 682 uti
3170 626 3286 682 illis
3320 643 3445 698 quas
3477 625 3796 699 promiscui

2149 728 2295 768 usus
2326 718 2464 767 sunt
2486 715 2844 785 propriaque
2867 715 2947 769 illi
2972 716 3219 782 ratione,
3246 720 3303 770 et
3333 720 3397 770 ut
3426 716 3609 771 animi
3639 715 3795 771 desi.

2150 800 2311 855 derio
2331 801 2400 855 ad
2430 802 2612 857 vitam
2636 806 2912 857 aeternam
2937 804 3213 859 enitatur.
3242 804 3391 871 Quin
3416 808 3471 860 et
3494 805 3795 875 discipuli,

2148 888 2232 944 illi
2252 889 2489 960 quidem
2515 890 2773 961 primum
2799 892 3007 947 timore
3024 892 3356 963 perculsiac
3378 892 3610 948 attoniti
3632 897 3792 949 sunt.

2148 975 2270 1038 Quo
2300 993 2507 1048 nempe
2535 979 2735 1033 audito
2757 977 2783 1032 ?
2802 977 2952 1034 Num
2987 981 3143 1051 quod
3176 980 3290 1052 ipsi
3321 997 3555 1053 quoque
3577 980 3795 1038 multas

2148 1064 2425 1135 pecunias
2454 1065 2792 1120 habebant?
2822 1067 3039 1122 Verum
3063 1067 3189 1140 ipso
3220 1086 3457 1141 quoque
3488 1068 3621 1126 vilia
3652 1071 3797 1126 retia

2147 1151 2473 1223 hamosque
2523 1171 2587 1209 ac
2636 1156 2982 1227 piscatorias
3014 1158 3262 1228 scaphas
3309 1158 3783 1230 lintresquejam

2145 1241 2282 1296 olim
2317 1241 2693 1313 reliquerant,
2718 1262 2842 1315 quae
2866 1245 3126 1301 solaillis
3145 1246 3202 1301 in
3230 1263 3406 1302 censu
3436 1252 3620 1303 erant.
3645 1247 3793 1311 Quid

2146 1345 2283 1402 ergo
2311 1332 2583 1387 timentes
2598 1331 2783 1387 aiunt:
2800 1355 2826 1383 ‹‹
2846 1333 2910 1387 Et
2923 1334 3057 1405 quis
3071 1340 3261 1406 potest
3277 1336 3476 1390 salvus
3491 1336 3611 1390 fieri
3626 1337 3732 1409 (a)?
3761 1359 3787 1388 1»

2146 1418 2423 1476 Praeclare
2457 1421 2781 1492 audierant,
2814 1426 2870 1477 et
2900 1422 3275 1496 utdiscipuli,
3308 1425 3461 1496 quod
3496 1442 3598 1497 per
3623 1443 3794 1497 para-

2147 1507 2339 1564 bolam
2364 1526 2659 1582 sensuque
2689 1512 3027 1567 obscuriore
3059 1530 3092 1567 a
3131 1512 3372 1569 Domino
3404 1516 3627 1570 dictum
3662 1516 3787 1571 fue-

2145 1603 2257 1665 rat,
2318 1616 2381 1653 ac
2440 1600 2742 1655 sententias
2804 1600 3176 1656 altitudinem
3234 1602 3659 1659 intellexerant.
3722 1605 3792 1660 Et

2146 1686 2377 1756 quidem
2410 1689 2562 1759 quod
2588 1690 2797 1744 attinet
2818 1690 2889 1745 ad
2922 1691 3305 1762 pecuniarum
3332 1691 3786 1758 abdicationem,

2142 1787 2206 1852 »ιιι
2235 1777 2386 1832 bona
2414 1794 2515 1848 spe
2546 1780 2971 1856 consequentiae
2993 1779 3199 1835 salutis
3232 1781 3357 1837 treti
3388 1786 3556 1838 erant
3585 1807 3599 1851 ;
3632 1784 3784 1854 quod

386 1866 469 1922 καὶ
500 1865 871 1942 ἀπεγίνωσκον
926 1863 1148 1927 έαυτοὺς
1207 1860 1359 1920 οὐδέν
1387 1885 1440 1919 τι
1469 1866 1631 1933 ἦττον
1676 1862 1883 1919 ἐκείνου
1939 1868 2032 1918 τοῦ

2145 1883 2280 1922 vero
2311 1866 2561 1921 necdum
2598 1883 2660 1921 se
2691 1868 2941 1938 perfecte
2985 1869 3228 1925 affectus
3269 1870 3528 1943 vitiaque
3557 1871 3788 1927 exuisse

383 1954 827 2032 πολυχρημάτου
881 1954 971 2009 καὶ
1022 1950 1209 2015 δεινῶς
1243 1959 1343 2023 τῆς
1373 1954 1618 2024 κτήσεως
1675 1953 2032 2028 περιεχουμέ-

2147 1955 2259 2011 sibi
2290 1955 2505 2011 conscii
2538 1960 2701 2010 erant
2729 1955 2970 2027 (quippe
3006 1974 3191 2029 nuper
3229 1958 3543 2031 disciplina
3572 1960 3787 2015 imbuti

381 2066 496 2114 νου,
527 2042 596 2114 ἥν
658 2064 723 2118 γε
774 2043 1058 2118 προέκρινε
1118 2048 1264 2112 ζωῆς
1322 2041 1567 2097 αἰωνίου.
1600 2041 1784 2112 ’Ἄξιον
1836 2040 1930 2096 οὖν
1967 2041 2032 2111 ἦν

2147 2059 2463 2116 recensque
2484 2060 2517 2097 a
2538 2043 2836 2099 Salvatore
2851 2045 2906 2098 in
2935 2045 3215 2100 familiam
3234 2046 3443 2119 asciti),
3463 2064 3642 2119 supra
3664 2065 3787 2104 mo-

379 2138 494 2195 τοῖς
558 2134 830 2206 μαθηταῖς
890 2126 1064 2209 φόϐου
1112 2131 1332 2199 παντὸς,
1367 2130 1530 2186 εἶκαὶ
1566 2131 1593 2185 6
1624 2132 1889 2206 χρήματα
1944 2152 2032 2186 κε-

2146 2136 2285 2189 dum
2320 2133 2533 2188 animis
2564 2132 2814 2204 perculsi
2847 2138 3036 2202 erant,
3059 2151 3345 2206 suamque
3375 2135 3486 2208 ipsi
3510 2135 3785 2206 salutem,

380 2220 650 2295 κτημένος
712 2221 802 2276 καὶ
852 2220 880 2274 6
933 2224 1040 2276 τῶν
1098 2224 1284 2284 παθῶν
1336 2215 1526 2295 ἔγκυος
1583 2215 1677 2291 ὢν,
1711 2218 2032 2291 ἐπλούτουν,

2146 2224 2303 2278 haud
2337 2238 2507 2278 secus
2539 2238 2602 2277 ac
2626 2221 2821 2277 divitis
2852 2222 3009 2277 illius
3059 2222 3327 2280 habentis
3359 2223 3577 2279 multas
3609 2241 3788 2297 pecu-

380 2311 467 2368 καὶ
526 2309 684 2365 αὐτοὶ
759 2307 1161 2386 παραπλησίως
1240 2306 1677 2379 ἀπελαθήσονται
1762 2308 2031 2384 οὐρανῶν.

2148 2314 2297 2379 nias,
2330 2312 2567 2382 direque
2596 2312 2792 2367 animo
2826 2312 2905 2366 rei
2939 2311 3216 2367 familiari
3247 2312 3464 2367 addicti
3498 2314 3698 2385 (quam
3733 2319 3791 2369 et

381 2400 634 2463 Ἀπαθῶν
668 2400 772 2476 γὰρ
804 2398 893 2454 καὶ
936 2399 1183 2473 καθαρῶν
1227 2401 1421 2473 ψυχῶν
1484 2396 1623 2452 ἐστιν
1674 2399 1709 2467 ἡ
1762 2399 2032 2475 σωτηφία.

2145 2400 2274 2455 vitae
2323 2404 2546 2455 internas
2599 2398 2974 2470 praetulerat),
3018 2398 3076 2453 in
3104 2399 3431 2471 desperatis
3471 2399 3786 2468 habebant,

380 2493 585 2560 Magno
638 2489 837 2561 itaque
883 2488 1003 2544 illis
1036 2489 1245 2544 timore
1296 2489 1543 2561 dignum
1594 2488 1903 2544 videbatur
1948 2506 1962 2544 :
2007 2488 2058 2545 si
2108 2494 2235 2545 tum
2285 2489 2335 2545 is
2384 2487 2483 2561 qui
2536 2487 2813 2560 pecunias
2862 2487 3119 2554 haberet,
3172 2490 3295 2542 tum
3343 2488 3441 2558 qui
3482 2488 3788 2546 affectibus

380 2576 660 2651 gravidus
707 2580 885 2640 esset,
928 2574 987 2629 in
1038 2574 1286 2629 divitum
1349 2590 1529 2630 censu
1587 2574 1839 2630 habendi
1897 2576 2115 2643 essent,
2146 2575 2379 2647 ipsique
2430 2573 2671 2645 perinde
2714 2588 2893 2646 regno
2943 2573 3222 2629 ccelorum
3255 2573 3524 2645 ejiciendi
3574 2575 3783 2631 forent.

382 2666 629 2721 Animas
660 2664 816 2721 enim
848 2664 1146 2720 immunes
1176 2664 1248 2719 ab
1281 2662 1588 2719 affectibus
1622 2678 1687 2719 ac
1718 2664 1848 2718 labe
1877 2680 2056 2736 puras
2088 2668 2287 2719 manet
2316 2662 2500 2720 salus.

451 2781 581 2838 ΚΝ.
611 2780 674 2837 Ὁ
722 2776 779 2833 δὲ
818 2775 1020 2854 Κύριος
1077 2776 1426 2852 ἀποκρίνεται
1458 2797 1470 2811 ο
1505 2802 1534 2830 ι(
1568 2778 1717 2833 Διότι
1766 2778 1826 2833 τὸ
1856 2776 1908 2833 ἐν
1944 2779 2035 2834 ἁν-

389 2870 627 2944 θρώποις
682 2865 944 2923 ἀδύνατον
997 2864 1221 2922 δυνατὸν
1262 2871 1399 2940 Θεῷ.
1434 2864 1669 2922 »Πάλιν
1724 2869 1812 2922 καὶ
1871 2872 2034 2923 τοῦτο

396 2956 635 3035 μεγάλης
691 2956 882 3035 σοφίας
945 2956 1136 3029 μεστόν
1197 2955 1338 3011 ἐστιν
1373 2975 1386 2988 ⁸
1436 2955 1518 3011 ὅτι
1574 2958 1690 3011 καθ’
1720 2956 1877 3012 αὐτὸν
1938 2956 2031 3029 μὲν

386 3047 564 3102 ἀσκῶν
609 3046 701 3101 καὶ
760 3042 1189 3118 διαπονούμενος
1229 3044 1484 3100 ἀπάθειαν
1533 3042 1843 3120 ἄνθρωπος,
1876 3043 2031 3101 οὐδὶν

382 3136 521 3191 ἀνύει
557 3155 570 3169 ⁸
619 3134 711 3190 έάν
770 3132 827 3189 δὲ
883 3133 1107 3210 γένηται
1166 3131 1338 3203 δῆλος
1369 3134 1784 3207 ὑπερεπιθυμῶν
1836 3135 2032 3190 τούτου

381 3227 466 3282 καὶ
501 3220 930 3293 διεσπουδακὼς,
962 3227 1028 3297 τῇ
1057 3224 1341 3299 προσθήκῃ
1386 3229 1486 3292 τῆς
1537 3227 1633 3277 τοῦ
1690 3227 1824 3279 Θεοῦ
1874 3221 2030 3278 δυνά-

387 3335 528 3388 μεως
557 3314 913 3390 περιγίνεται.
946 3311 1320 3385 Βουλομέναις
1353 3312 1449 3385 μὲν
1496 3312 1599 3388 γὰρ
1651 3313 1678 3366 6
1727 3314 1855 3374 Θεὸς
1912 3319 2029 3376 ταῖς

385 3406 588 3478 ψυχαῖς
628 3406 944 3458 συνεπιπνεῖ
976 3421 988 3436 ·
1023 3400 1069 3455 εί
1121 3398 1179 3456 δὲ
1236 3400 1531 3493 ἀποσταῖεν
1564 3407 1665 3470 τῆς
1695 3401 2030 3477 προθυμίας,
2065 3427 2107 3493 C

380 3494 469 3547 καὶ
502 3493 565 3549 τὸ
592 3489 745 3547 δοθὲν
778 3492 839 3546 ἐκ
865 3494 998 3546 Θεοῦ
1028 3494 1240 3562 πνεῦμα
1290 3488 1613 3558 συνεστάλη.
1645 3491 1721 3546 Τὸ
1785 3490 1878 3561 μὶν
1932 3491 2033 3566 γὰρ

380 3578 605 3644 ἄκοντας
637 3581 855 3650 σώζειν,
889 3579 999 3635 ἐστὶ
1035 3580 1365 3655 βιαζομένου
1389 3597 1403 3610 ⁸
1434 3579 1497 3633 τὸ
1546 3576 1605 3633 δὲ
1652 3579 2029 3654 αἱρουμένους,

381 3669 775 3746 χαριζομένου.
804 3666 945 3727 Οὐδὲ
973 3673 1079 3724 τῶν
1111 3664 1485 3733 καθευδόντων
1514 3667 1602 3722 κοὶ
1654 3665 2031 3743 βλακευόντων

381 3758 522 3815 ἐστὶν
554 3762 591 3830 ἡ
630 3757 884 3835 βασιλεία
910 3762 1007 3814 τοῦ
1065 3761 1225 3825 Θεοῦ,
1257 3754 1385 3812 ἀλλ’
1418 3780 1448 3810 ‹‹
1482 3756 1534 3811 οἱ
1587 3756 1799 3832 βιασταὶ
1856 3758 2032 3832 ἁρπά-

381 3853 559 3918 ζουσιν
586 3848 780 3920 αὐτήν.
814 3870 843 3900 ››
875 3847 1022 3918 Αὕτη
1056 3848 1157 3923 γὰρ
1189 3845 1353 3919 μόνον
1394 3845 1486 3922 βία
1532 3843 1706 3915 καλὴ,
1737 3846 1868 3902 Θεὸν
1914 3845 2035 3921 βιά-

377 3939 591 4006 σασθαι,
623 3937 716 3993 καὶ
772 3938 918 4009 παρά
975 3940 1108 3992 Θεοῦ
1168 3935 1313 4005 ζωὴν
1372 3936 1629 4011 ἁρπάσαι.
1661 3935 1722 3993 Ὀ
1771 3932 1829 3990 δι
1870 3937 2035 4011 γνοὺς

376 4025 503 4089 τοὺς
539 4021 799 4103 βεϐαίως,
834 4023 1047 4100 μᾶλλον
1081 4022 1140 4079 δὲ
1173 4023 1367 4100 βιαίως
1413 4024 1831 4098 ἀντεχομένους,
1880 4045 2035 4080 συνε-

376 4114 652 4191 χώρησεν,
684 4115 787 4186 εἶξε
814 4135 829 4149 ⁸
861 4114 1043 4190 χαίρει
1071 4113 1174 4189 γάρ
1206 4113 1234 4167 6
1279 4113 1409 4175 Θεὸς
1456 4113 1523 4167 τὰ
1571 4117 1796 4168 τοιαῦτα
1849 4116 2035 4183 ἡττώ-

381 4224 563 4278 μενος.
596 4205 894 4280 Τοιγάρτοι
922 4203 1132 4259 τούτων
1162 4200 1395 4266 ἀκούσας
1425 4202 1452 4257 ὁ
1484 4203 1748 4276 μακάριος
1810 4203 2032 4277 Πέτρος,

376 4294 409 4349 6
460 4291 741 4361 ἰκλεκτὸς,
800 4291 829 4346 6
888 4290 1175 4367 ἐξαίρετος,
1227 4292 1255 4346 6
1311 4294 1528 4366 πρῶτος
1582 4294 1691 4345 τῶν
1753 4293 2032 4365 μαθητῶν,

380 4382 510 4457 ὗπὶρ
543 4382 606 4438 οὔ
643 4380 814 4453 μόνον
844 4381 934 4436 καὶ
964 4381 1159 4436 ἑαυτοῦ
1185 4381 1278 4436 τὸν
1312 4381 1479 4456 φόρον
1513 4381 1541 4435 ὁ
1574 4381 1770 4455 Σωτήρ
1802 4380 2031 4453 έκτελεῖ,

375 4472 592 4547 ταχέως
636 4470 849 4547 ἥρπασε
898 4470 989 4525 καὶ
1037 4464 1299 4524 συνέλαϐε
1327 4468 1419 4524 τὸν
1452 4466 1645 4544 λόγον.
1680 4469 1778 4524 Καὶ
1808 4471 1861 4524 τί
1924 4492 2033 4549 φη-

376 4579 498 4629 σιν;
539 4585 560 4612 ι
593 4557 705 4617 Ἴδε
729 4561 896 4631 ἡμεῖς
932 4559 1218 4637 ἀφήκαμεν
1266 4558 1464 4628 πάντα,
1485 4560 1577 4612 καὶ
1632 4557 2032 4629 ἠκολουθήσα-

380 4649 474 4723 μέν
503 4671 613 4705 σοι.
649 4670 674 4702 ε
707 4648 783 4703 Τὰ
812 4645 872 4703 δὲ
901 4650 1076 4703 πάντα
1106 4648 1151 4702 εἰ
1188 4649 1283 4720 μὶν
1325 4648 1392 4703 τὰ
1417 4650 1671 4721 κτήματα
1722 4646 1790 4703 τά
1841 4649 2033 4704 ἑαυτοῦ

378 4736 544 4815 λέγει,
599 4736 861 4812 τέσσαρας
909 4731 1145 4798 ὀϐολοὺς
1195 4733 1325 4798 ἴσως
1376 4740 1474 4791 τοῦ
1527 4735 1660 4792 ὅλου
1707 4734 2023 4792 καταλιπὼν

2216 2782 2362 2836 841
2396 2780 2545 2836 XXI.
2580 2780 2861 2836 Dominus
2890 2796 3021 2835 vero
3072 2780 3412 2852 respondit:
3446 2802 3474 2831 (ι
3507 2781 3667 2844 Quod
3700 2786 3791 2837 est

2143 2868 2513 2941 impossibile
2535 2871 2689 2941 apud
2705 2869 2996 2938 homines,
3016 2875 3105 2926 est
3120 2869 3397 2941 possibile
3409 2869 3525 2926 Deo
3544 2869 3644 2942 (b).
3670 2890 3697 2919 »
3722 2871 3791 2925 Et

2144 2959 2252 3014 hoc
2286 2976 2493 3014 rursus
2526 2976 2750 3028 magna
2792 2960 3091 3030 sapientiaa
3124 2959 3362 3030 plenum
3395 2965 3523 3014 est:
3572 2960 3791 3015 idcirco

2144 3047 2424 3103 nimirum
2449 3049 2602 3119 quod
2636 3048 2810 3104 homo
2841 3048 2966 3119 ipse
2988 3065 3021 3102 a
3046 3064 3129 3114 se,
3154 3065 3381 3120 suaque
3403 3048 3620 3105 virtute
3649 3065 3789 3120 ope-

2144 3153 2267 3192 ram
2304 3152 2549 3207 ponens,
2582 3137 2942 3207 studensque
2965 3152 3031 3191 ac
3050 3135 3325 3192 laborans
3348 3141 3413 3192 ut
3434 3137 3790 3209 compressis

2142 3226 2448 3281 alfectibus
2480 3223 2781 3295 tranquilli
2814 3225 2996 3280 animi
3015 3225 3136 3289 tiat,
3173 3225 3313 3280 nihil
3345 3226 3479 3280 inde
3512 3231 3784 3297 praestat:

2141 3315 2232 3369 sin
2266 3319 2462 3369 autem
2494 3314 2625 3383 ejus
2656 3312 2947 3369 desiderio
2995 3312 3399 3369 vehementius
3430 3313 3785 3381 inardescat,

2144 3402 2624 3472 diligentiamque
2656 3416 2889 3456 omnem
2942 3400 3241 3466 adhibeat,
3273 3402 3553 3471 adjuncta
3579 3401 3662 3456 illi
3696 3402 3752 3456 di
3774 3433 3786 3442 -

2144 3491 2281 3546 vina
2306 3492 2524 3545 virtute
2541 3491 2743 3545 evadet
2767 3494 3026 3545 votorum
3051 3505 3313 3561 compos.
3345 3494 3497 3545 Deus
3530 3505 3785 3561 namque

2143 3578 2475 3634 volentibus
2498 3579 2708 3633 animis
2731 3579 2973 3650 aspirat.
2994 3578 3094 3633 Sin
3118 3584 3314 3634 autem
3337 3596 3371 3635 a
3401 3585 3589 3651 coepta
3613 3580 3795 3636 animi

2143 3665 2443 3722 alacritate
2476 3667 2885 3732 abscesserint,
2917 3666 3094 3722 etiam
3127 3667 3299 3723 datus
3332 3685 3363 3724 a
3393 3667 3509 3725 Deo
3539 3669 3790 3742 spiritus

2144 3754 2531 3811 contrahitur.
2581 3756 2786 3811 Invitis
2815 3756 2969 3812 enim
3015 3757 3266 3813 salutem
3298 3758 3523 3824 afferre,
3550 3760 3677 3831 ejus
3707 3762 3797 3815 est

2144 3845 2245 3916 qui
2274 3845 2392 3900 vim
2427 3846 2630 3901 afferat
2657 3845 3021 3914 ;volentibus
3039 3851 3232 3901 autem
3254 3845 3437 3903 libero
3461 3849 3642 3903 animi
3671 3865 3800 3919 pro-

2145 3934 2354 4007 posito,
2389 3935 2515 4006 ejus
2540 3934 2640 4006 qui
2671 3934 3328 4006 liberaliterindulgeat.
3357 3936 3471 3991 Nec
3502 3936 3796 3992 dormien-

2144 4024 2292 4081 tium
2323 4030 2381 4079 et
2412 4025 2469 4078 in
2502 4023 2728 4081 deliciis
2754 4025 3051 4095 agentium
3074 4030 3163 4080 est
3192 4040 3440 4096 regnum
3471 4024 3749 4081 caelorum
3778 4043 3793 4093 ;

2146 4136 2173 4165 ‹‹
2210 4115 2309 4169 sed
2335 4113 2568 4169 violenti
2587 4113 2825 4185 rapiunt
2848 4115 2948 4186 (ε).
2981 4112 3146 4170 illud.
3171 4119 3303 4169 Haec
3326 4115 3478 4170 enim
3495 4114 3621 4170 sola
3642 4115 3796 4171 bona

2142 4202 2438 4269 violentia,
2472 4202 2588 4259 Deo
2611 4203 2726 4258 vim
2753 4204 2984 4273 inferre,
3014 4208 3190 4275 atque
3217 4221 3250 4258 a
3275 4204 3391 4259 Deo
3423 4204 3603 4260 vitam
3634 4220 3799 4273 rape-

2144 4307 2223 4346 re.
2261 4291 2370 4356 Qui
2418 4296 2613 4348 autem
2647 4292 2809 4348 novit
2838 4308 2958 4359 eos,
3014 4293 3114 4363 qui
3144 4300 3379 4349 strenue
3409 4310 3474 4350 ac
3525 4292 3796 4362 ﬁrmiter,

2143 4382 2261 4438 imo
2294 4384 2395 4453 qui
2427 4381 2708 4438 violenter
2737 4382 2817 4437 rei
2848 4381 3216 4449 incumbant,
3242 4383 3372 4453 eius
3401 4382 3629 4455 copiam
3656 4382 3797 4438 facit

2144 4470 2457 4542 ceditque;
2486 4472 2701 4543 gaudet
2729 4470 2884 4525 enim
2916 4479 3065 4526 Deus
3093 4471 3150 4525 in
3185 4472 3276 4527 his
3298 4488 3360 4527 se
3382 4471 3554 4527 vinci.
3592 4473 3795 4541 Itaque

2146 4576 2281 4615 cum
2316 4559 2437 4615 haec
2463 4559 2723 4615 audisset
2739 4559 2946 4616 beatus
2973 4560 3198 4626 Petrus,
3223 4560 3443 4616 electus
3476 4558 3573 4614 ille
3591 4564 3647 4614 et
3670 4560 3790 4614 exi-

2145 4649 2325 4718 mius,
2375 4649 2601 4719 primus
2647 4646 2743 4703 ille
2786 4647 3234 4719 discipulorum,
3289 4664 3392 4720 pro
3424 4664 3541 4720 quo
3590 4664 3705 4703 uno
3735 4652 3794 4702 et

2145 4738 2339 4808 seipse
2362 4738 2642 4792 Dominus
2664 4736 2950 4792 tributum
2973 4738 3173 4808 pendit
3192 4738 3292 4810 (d);
3314 4753 3643 4795 sermonem
3659 4752 3791 4791 con-

377 4808 883 4902 μεγαλύνεται,καὶ
922 4825 1129 4880 τούτων
1163 4824 1408 4896 ἀνταξίαν
1458 4824 1767 4901 ἀποφαίνων
1819 4825 1877 4880 ἂν
1930 4825 2022 4881 λά·

2146 4828 2336 4883 festim
2364 4827 2559 4899 rapuit
2584 4827 2818 4898 vimque
2848 4829 2977 4897 ejus
3000 4808 3462 4899 comprehendit.
3487 4826 3635 4890 Quid
3657 4844 3789 4882 vero

375 4926 463 4979 θοι
488 4915 592 4985 τὴν
627 4912 905 4990 βασιλείαν
935 4918 1043 4969 τῶν
1075 4912 1313 4988 οὐρανῶν
1355 4914 1401 4969 εί
1451 4911 1508 4968 δὲ
1551 4914 1685 4989 ἅπερ
1734 4915 1865 4989 ἄχρι
1927 4919 2021 4969 νῦν

2145 4917 2212 4972 ιίι
2232 4916 2258 4970 ?
2281 4938 2308 4964 ‹‹
2341 4917 2483 4972 Ecce
2517 4932 2621 4973 nos
2654 4915 2997 4987 reliquimus
3019 4917 3239 4987 omnia,
3272 4920 3329 4971 et
3358 4916 3545 4972 secuti
3576 4932 3787 4972 sumus

374 5002 634 5080 ἰλέγομεν
677 5003 745 5059 τὰ
793 5000 1002 5058 παλαιὰ
1050 5004 1117 5058 τὰ
1144 5004 1421 5075 κτήματα,
1454 5000 1542 5056 καὶ
1592 5002 1801 5078 ψυχικὰ
1856 5004 2021 5073 voc-:5-

379 5113 523 5166 ματα
548 5090 976 5168 ἀπορρίψαντες,
1004 5087 1221 5146 ἕπονται
1268 5092 1384 5145 κατ’
1416 5087 1574 5164 ἷ¹χνος
1631 5095 1711 5163 τῷ
1768 5087 2020 5146 διδασκά-

370 5179 478 5254 λῳ,
506 5182 655 5236 vo'urc’
682 5182 978 5236 ἀνάπτοιτο
1029 5177 1136 5249 ἤδη
1195 5184 1313 5242 τοῖς
1369 5176 1421 5232 έν
1465 5178 1721 5253 οὐρανοῖς
1752 5178 2019 5258 έγγραφη-

371 5270 649 5343 σομένοις.
701 5267 861 5327 Οὕτω
901 5268 1003 5344 γὰρ
1060 5267 1379 5331 ἀκολουθεῖν
1440 5261 1610 5329 ὅντως
1664 5271 1743 5338 τῷ
1800 5273 2022 5342 Σωτῆρι

370 5356 777 5434 ἀναμαρτησίαν
804 5356 893 5413 καὶ
925 5355 1248 5427 τελειότητα
1274 5356 1374 5425 τήν
1424 5353 1632 5411 ἐκείνου
1684 5355 2020 5433 μετερχόμε-

2129 5010 2186 5061 te
2216 5005 2305 5078 (e).
2335 5028 2361 5055 ››
2387 5006 2561 5061 Porro
2585 5006 2805 5076 omnia,
2830 5006 2877 5061 si
2903 5022 2967 5061 ea
2990 5007 3145 5062 dicat
3170 5021 3293 5077 quae
3316 5005 3375 5060 in
3394 5022 3569 5061 censu
3595 5005 3746 5061 habe
3765 5020 3789 5031 '

2133 5095 2253 5161 bat,
2283 5093 2507 5150 relictis
2529 5094 2796 5166 forsitan,
2812 5112 2939 5167 quae
2956 5098 3072 5149 tota
3091 5094 3429 5149 substantia
3450 5098 3625 5163 esset,
3645 5110 3789 5166 qua-

2135 5187 2265 5238 tuor
2322 5183 2532 5253 obolis,
2599 5184 2907 5256 magniﬁce
2966 5181 3269 5254 glorietur,
3322 5183 3789 5254 imprudensque

2136 5270 2383 5344 dignum
2419 5272 2631 5327 horum
2667 5270 2970 5344 praemium
3005 5272 3309 5344 vicemque
3339 5287 3581 5342 regnum
3611 5269 3786 5326 coelo-

2131 5376 2263 5415 rum
2315 5361 2677 5433 pronuntiet.
2708 5362 2767 5416 Si
2812 5368 3004 5418 autem
3060 5377 3207 5433 quas
3240 5362 3529 5418 hactenus
3562 5375 3785 5418 memo-

478 5563 769 5639 3153937
824 5563 937 5639 EQ.
989 5562 1293 5623 POTTER.
1326 5561 1406 5635 (al
1436 5560 1611 5633 Marc.
1659 5562 1715 5634 x',
1765 5561 1854 5619 26.
1889 5562 1962 5636 (b)
2025 5565 2032 5622 l

2146 5603 2159 5620 .
2208 5581 2373 5634 xvm,
2424 5564 2518 5633 27,
2574 5564 2646 5637 (ο)
2677 5565 2879 5624 Matth.
2911 5582 2990 5635 χι,
3046 5567 3134 5624 12‘.
3165 5567 3242 5639 (ἀ)
3270 5566 3478 5628 Matth.
3510 5582 3650 5638 xvu,
3687 5569 3780 5625 26.

369 5635 449 5711 (ε)
477 5635 686 5697 Matth.
715 5651 837 5707 xxx,
861 5635 951 5693 28.
