4078 6146
315 318 425 375 627

1560 317 1970 378 amans
2007 293 2511 372 amabam

3627 296 3740 370 623

315 441 604 511 ravimus,
635 445 928 502 veteribus
959 449 1370 519 spiritualibus
1393 449 1560 522 quasi
1586 447 1969 505 facultatibus

2092 464 2198 511 νον,
2256 445 2345 498 καὶ
2404 445 2538 517 πρὸς
2583 441 2791 511 ἐκείνην
2843 440 3022 516 ὥσπερ
3078 439 3381 516 κάτοπτρον
3438 444 3736 513 κοσμῶντα

315 530 617 602 animique
647 533 1082 604 egritudinibus
1113 544 1289 610 atque
1321 540 1475 594 vitiis
1512 537 1804 610 projectis,
1840 551 1967 589 ma-

321 617 490 689 gistri
522 622 768 691 vestigia
798 631 1163 694 sequuntur;
1201 628 1256 681 id
1283 643 1412 682 vero
1444 628 1565 698 jam
1603 625 1718 680 illis
1751 640 1967 679 conne-

2078 532 2169 586 καὶ
2223 531 2558 607 ῥυθμίζοντα
2611 532 2710 600 τὴν
2761 531 2972 605 ψυχὴν,
3014 528 3104 584 καὶ
3161 528 3331 584 πάντα
3380 526 3468 583 διὰ
3515 530 3732 584 πάντων

2081 620 2288 692 ὁμοίως
2320 618 2650 686 διατεθέντα.

319 713 458 774 ctat,
507 710 604 780 qui
655 709 816 766 caelis
867 714 1198 771 ascribencli
1258 721 1416 772 sunt.
1462 716 1553 771 b‘ic
1601 717 1757 771 enim
1789 728 1987 768 revera
2043 717 2362 781 praestatur
2413 720 2476 767 ut
2523 712 2882 768 Salvatorem
2948 715 3251 781 sequatur,
3305 709 3402 778 qui
3451 708 3614 764 illius
3674 708 3745 764 ab

320 797 480 852 omni
513 799 837 854 immunem
862 818 1012 858 noxa
1040 804 1216 860 vitam
1240 805 1393 861 colat
1423 822 1488 860 ac
1523 805 1956 875 perfectionem,
1991 798 2210 870 quique
2241 800 2299 856 in
2332 800 2491 856 illam
2561 801 2720 857 velut
2767 799 3072 872 speculum
3105 799 3436 854 contuendo
3476 799 3741 852 animum

323 892 594 959 perornet
617 897 1066 962 componatque,
1117 911 1182 948 ac
1233 896 1290 949 in
1339 894 1614 950 omnibus
1655 907 1823 963 pares
1853 888 1940 944 illi
1972 903 2165 943 mores
2197 906 2438 960 prorsus
2471 891 2700 946 induat.

395 981 459 1044 ›ι‹
492 976 652 1033 XXII.
690 997 716 1030 ιι
741 980 1118 1051 Rsspondens
1166 990 1362 1039 autem
1391 984 1590 1052 Josus,
1625 983 1743 1036 ait:
1795 983 1974 1036 Amen

334 1065 466 1121 dico
511 1066 697 1134 vobis,
729 1068 829 1139 qui
881 1070 1184 1141 reliquerit
1227 1073 1484 1144 propria,
1531 1078 1588 1126 et
1620 1074 1890 1141 parentes
1923 1071 1979 1122 et

335 1153 544 1208 fratres
574 1159 626 1210 et
663 1157 941 1226 pecunias
973 1166 1209 1230 prOpter
1240 1177 1332 1215 me
1362 1165 1418 1215 et
1459 1165 1688 1230 propter
1723 1158 1979 1227 Evange-

331 1241 476 1297 lium
502 1243 738 1315 recipiet
765 1247 982 1301 centies
1012 1253 1242 1302 tantum
1260 1249 1360 1319 (α).
1381 1270 1408 1296 ››
1430 1250 1500 1302 At
1533 1262 1721 1318 neque
1747 1247 1853 1300 hoc
1879 1260 1979 1298 vos

330 1333 546 1397 turbet,
580 1347 684 1387 nec
715 1335 870 1403 quod
903 1335 1095 1390 adhuc
1127 1336 1466 1390 durioribus
1499 1336 1686 1390 verbis
1718 1334 1830 1388 alio
1855 1332 1980 1386 loco

333 1419 556 1475 editum
588 1425 714 1475 est:
750 1443 777 1470 ‹‹
813 1424 921 1487 Qui
973 1440 1086 1478 non
1137 1424 1260 1478 odit
1292 1430 1512 1494 patrem
1546 1431 1602 1478 et
1646 1431 1890 1476 matrem
1926 1424 1982 1474 et

339 1507 514 1571 ﬁlios,
547 1508 740 1563 adhuc
783 1515 980 1564 autem
1012 1516 1069 1566 et
1100 1513 1352 1566 animam
1407 1529 1596 1577 suam,
1647 1528 1760 1565 non
1795 1515 1986 1581 potest

341 1612 472 1651 esse
486 1612 649 1652 meus
671 1597 996 1669 discipulus
1012 1599 1144 1671 (12).»
1167 1599 1291 1654 Non
1313 1601 1467 1654 enim
1492 1601 1761 1671 praecepit
1783 1597 1982 1653 odium

359 1685 746 1740 eldivortium
779 1704 812 1741 a
841 1687 1208 1743 charissimis
1258 1689 1409 1744 Deus
1443 1689 1622 1760 pacis,
1657 1689 1758 1758 qui
1788 1693 1845 1742 et
1874 1687 1986 1740 ini-

351 1773 538 1829 micos
586 1775 822 1844 diligere
864 1777 1088 1845 jubeat.
1142 1780 1302 1841 Quod
1337 1780 1384 1832 si
1432 1777 1652 1832 inimici
1703 1775 1983 1847 diligendi

343 1867 504 1931 sunt,
540 1863 663 1934 pari
717 1863 892 1918 etiam
925 1865 1146 1920 ratione
1190 1867 1262 1920 ab
1309 1868 1394 1920 eis
1442 1865 1833 1930 ascendendo,
1881 1865 1982 1935 qui

339 1955 478 2005 sunt
501 1967 708 2020 genere
730 1953 1200 2022 conjunctissimi
1225 1970 1238 2008 :
1259 1961 1360 2010 aut
1383 1955 1430 2009 si
1454 1955 1588 2010 odio
1620 1954 1872 2008 habendi
1896 1957 1980 2007 af-

345 2039 494 2093 ﬁnes
510 2041 827 2108 etcognati,
852 2042 1057 2112 potiori
1083 2043 1308 2098 ratione
1341 2043 1688 2114 rejiciendos
1711 2043 1983 2097 inimicos

341 2129 749 2185 descendendo
782 2132 929 2186 ratio
961 2132 1182 2187 edocet.
1216 2133 1464 2189 Proinde
1496 2133 1609 2188 alia
1640 2132 1815 2187 aliam
1849 2149 1980 2187 sen-

338 2219 824 2291 tentiamiliquido
849 2222 1119 2276 destruit.
1144 2225 1217 2278 At
1236 2240 1350 2278 non
1375 2225 1618 2280 invicem
1645 2224 1982 2290 destruunt,

347 2323 537 2380 neque
569 2308 687 2364 ulla
710 2326 770 2364 re
788 2311 1191 2381 adversantur,
1212 2321 1312 2366 aut
1334 2311 1416 2367 vel
1441 2330 1615 2383 prope
1645 2313 1979 2367 destruunt.

348 2395 427 2451 Ex
457 2399 660 2453 eodem
695 2400 911 2470 quippe
943 2399 1151 2454 aﬁectu
1200 2405 1255 2454 et
1284 2401 1504 2470 animo,
1537 2402 1861 2472 eademque
1891 2417 1979 2455 re-

336 2484 714 2557 gulapatrem
738 2487 870 2542 odio
886 2486 1096 2542 habeat
1118 2491 1370 2544 amando
1393 2489 1724 2557 inimicum,
1749 2489 1849 2559 qui
1878 2503 1982 2543 nec

334 2572 643 2629 inimicum
695 2574 1031 2640 ulciscatur,
1087 2593 1275 2647 neque
1328 2584 1551 2649 patrem
1587 2579 1718 2649 plus
1751 2577 1980 2632 Christo

332 2670 621 2718 vereatur.
654 2665 718 2718 In
747 2664 846 2720 illo
879 2666 1115 2736 quidem
1138 2667 1312 2722 verbo
1333 2669 1532 2722 odium
1567 2673 1786 2723 resecat
1807 2672 1862 2722 et
1882 2683 1980 2722 vo-

339 2749 626 2806 luntatem
681 2751 964 2808 inferendi
1016 2754 1192 2819 mala,
1226 2755 1283 2808 in
1335 2756 1443 2811 hoc
1475 2771 1608 2810 vero
1642 2755 1886 2810 nimiam
1919 2758 1978 2810 in

339 2840 687 2909 conjunctos
717 2843 1113 2909 reverentiam,
1137 2845 1275 2897 dum
1297 2843 1418 2900 haec
1451 2843 1627 2900 saluti
1659 2845 1896 2900 officiat.
1919 2845 1980 2900 Si

349 2927 758 2998 ergoinfidelis
787 2929 1041 3001 cuipiam
1077 2937 1240 3002 pater
1257 2939 1358 2987 aut
1387 2933 1543 2988 ﬁlius
1565 2938 1667 2988 aut
1688 2935 1866 2988 frater
1885 2951 1980 2988 ex-

349 3015 584 3082 stiterit,
607 3021 781 3088 atque
801 3017 1012 3074 horum
1044 3020 1284 3088 quilibet
1316 3021 1443 3076 fidei
1467 3023 1708 3092 vitisque
1739 3024 1796 3077 in
1822 3023 1980 3079 cmlis

350 3106 778 3176 consequentiae
815 3106 1299 3179 impedimentum
1334 3110 1706 3181 praestiterit;
1743 3111 1877 3167 huic
1909 3131 1981 3169 ne

2162 983 2276 1034 ΚΒ.
2327 1002 2348 1030 ι
2388 979 2729 1054 Ἀποκριθεὶς
2784 976 2841 1033 δὲ
2871 979 2899 1032 6
2928 980 3139 1048 Ἰησοῦς
3198 977 3340 1032 εἶπεν
3369 995 3381 1008 ·
3425 977 3606 1048 Ἀμὴν
3654 977 3743 1030 λέ-

2085 1087 2166 1142 γω
2205 1068 2355 1140 ὑμῖν,
2387 1068 2445 1128 ’ὸς
2479 1067 2537 1122 ἃν
2572 1069 2682 1142 ἀφῇ
2707 1069 2774 1122 τὰ
2807 1065 2937 1135 ἴδια,
2969 1066 3059 1122 καὶ
3088 1070 3269 1141 γονεῖς
3312 1064 3404 1120 καὶ
3445 1063 3740 1142 ἀδελφοὺς,

2086 1155 2177 1210 καὶ
2205 1159 2466 1230 χρήματα
2496 1153 2672 1210 ἕνεκεν
2704 1155 2840 1229 ἐμοῦ
2867 1156 2958 1210 καὶ
3005 1153 3180 1210 ἕνεκεν
3229 1159 3326 1210 τοῦ
3375 1153 3740 1229 Βῦαγγελίου,

2090 1243 2438 1318 ἀπολήψεται
2471 1244 2967 1318 ὲκατομπλασίονα.
2987 1268 3014 1297 ii
3038 1244 3217 1302 Ἀλλά
3252 1241 3393 1316 μηδὲ
3419 1245 3567 1298 τοῦθ’
3600 1245 3743 1316 ὑμᾶς

2091 1329 2513 1404 ἐπιταρασσέτω,
2551 1332 2690 1406 μηδὶ
2727 1335 2788 1389 τὸ
2819 1333 2894 1389 ἔτι
2927 1332 3294 1408 σκληρότερον
3326 1331 3583 1408 ἀλλαχοῦ
3619 1339 3743 1396 ταῖς

2093 1426 2299 1493 φωναῖς
2329 1421 2765 1497 ἐξενηνεγμένον,
2798 1445 2826 1474 ‹‹
2857 1425 2954 1483 ⁸ος
2995 1422 3058 1476 οὐ
3101 1426 3250 1495 μισεῖ
3277 1419 3482 1497 πατέρα
3509 1421 3597 1475 καὶ
3637 1443 3742 1493 μη-

2090 1511 2238 1584 τέρα,
2271 1510 2360 1564 καὶ
2411 1508 2630 1580 παῖδας,
2663 1511 2885 1586 προσέτι
2917 1509 2975 1565 δὲ
2997 1511 3084 1565 καὶ
3134 1511 3234 1579 τὴν
3287 1511 3473 1585 ψυχὴν
3522 1509 3744 1578 ἑαυτοῦ,

2095 1597 2226 1670 ἐμὸς
2265 1601 2514 1671 μαθητὴς
2548 1601 2678 1654 εἶναι
2731 1600 2793 1654 ού
2843 1597 3083 1655 δύναται.
3119 1624 3145 1650 ››
3178 1598 3250 1653 Οὐ
3291 1599 3395 1674 γὰρ
3444 1598 3744 1673 εἰσηγεῖται

2098 1692 2256 1758 μῖσος
2288 1687 2375 1742 καὶ
2410 1686 2655 1744 διάλυσιν
2684 1689 2788 1743 ἀπὸ
2821 1693 2927 1743 τῶν
2959 1688 3234 1762 φιλτάτων
3276 1688 3304 1742 6
3359 1690 3460 1752 τῆς
3515 1687 3748 1760 σῗρήνης

2094 1777 2245 1845 Θεὸς,
2277 1775 2306 1830 6'
2329 1797 2389 1852 γε
2419 1777 2509 1831 καὶ
2539 1777 2668 1839 τοὺς
2700 1777 2930 1852 ἐχθροὺς
2971 1777 3192 1852 ἀγαπᾷνκ
3228 1780 3526 1850 παραινῶν.
3559 1775 3624 1833 Ei
3685 1773 3747 1831 δὲ

2094 1863 2219 1925 τοὺς
2254 1864 2485 1939 ἐχθροὺς
2517 1865 2848 1940 ἀγαπητέον,
2881 1863 3142 1940 ἀνάλογον
3175 1865 3265 1920 ἀπ’
3295 1864 3505 1919 ἐκείνων
3533 1864 3748 1920 ἀνιόντι

2093 1953 2184 2006 καὶ
2213 1952 2339 2014 τοὺς
2369 1953 2644 2028 ἐγγυτάτω
2674 1956 2864 2028 γένους
2895 1973 2908 1986 ·
2941 1956 2976 2025 ἢ
3019 1953 3063 2009 εί
3116 1954 3372 2026 μισητέον
3422 1953 3547 2015 τοῦς
3604 1953 3748 2029 πρὸς

2094 2039 2344 2112 αἵματος,
2404 2042 2546 2098 πολὺ
2609 2041 2822 2115 μᾶλλον
2863 2042 2992 2104 τοὺς
3042 2041 3274 2118 ἐχθροὺς
3328 2037 3742 2097 ἀποϐάλλεσθαι

2093 2131 2292 2184 κατιὼν
2328 2132 2356 2185 6
2389 2130 2554 2205 λόγος
2586 2129 2850 2186 διδάσκει.
2881 2133 3042 2186 Ὥστε
3072 2129 3358 2201 ἀλλήλους
3399 2131 3752 2204 ἀναιροῦντες

2091 2216 2398 2293 ἐλέγχοιντ’
2424 2217 2486 2274 ἂν
2516 2222 2568 2275 οἱ
2601 2219 2782 2295 λόγοι.
2816 2219 2976 2276 Ἀλλ’
3008 2218 3121 2274 οὐδ’
3151 2219 3484 2294 ἀναιροῦσιν,
3516 2216 3629 2274 οὐδ’
3653 2219 3753 2294 έγ-

2088 2306 2185 2383 γύς
2217 2327 2229 2340 ·
2279 2309 2386 2362 ἀπὸ
2439 2309 2539 2383 γὰρ
2587 2311 2684 2377 τῆς
2722 2309 2889 2377 αὐτῆς
2943 2309 3170 2384 γνώμης
3192 2309 3281 2364 καὶ
3315 2307 3602 2370 διαθέσεως
3649 2309 3747 2362 καὶ

2088 2395 2174 2450 ἐπὶ
2205 2401 2285 2468 τῷ
2316 2396 2463 2469 αἱ)τῷ
2496 2397 2609 2471 ὅρῳ
2639 2400 2842 2473 πατέρα
2877 2398 3064 2470 μισοίη
3112 2419 3196 2462 τις
3241 2396 3302 2452 ἂν
3353 2397 3550 2472 ἐχθρὸν
3601 2399 3746 2474 ἀγα-

2086 2489 2227 2551 πῶν,
2261 2485 2289 2539 6
2332 2488 2473 2557 μήτε
2519 2485 2714 2560 ἐχθρὸν
2761 2487 3127 2560 ἀμυνόμενος,
3165 2488 3304 2558 μήτε
3359 2488 3566 2561 πατέρα
3605 2488 3747 2561 Χρι-

2088 2577 2216 2627 στοῦ
2248 2573 2414 2629 πλέον
2448 2571 2790 2648 αἰδούμενος.
2829 2575 2914 2630 Ἐν
2947 2574 3138 2647 έκείνῳ
3174 2575 3271 2645 μὲν
3309 2575 3409 2650 γὰρ
3457 2578 3538 2646 τῷ
3587 2573 3750 2647 λόγῳ

2091 2667 2249 2735 μῖσος
2283 2663 2530 2719 ἐκκόπτει
2568 2663 2660 2717 καὶ
2690 2664 3039 2734 κακοπυιίαν,
3072 2661 3125 2717 έν
3159 2661 3337 2736 τούτῳ
3369 2660 3427 2717 δὲ
3471 2663 3572 2730 τὴν
3602 2664 3749 2737 πρὸς

2087 2752 2153 2805 τὰ
2208 2751 2485 2828 σύντροφα
2543 2749 2838 2821 δυσωπίαν,
2873 2752 2919 2806 εἰ
2967 2751 3201 2827 βλάπτοι
3245 2753 3382 2827 πρὸς
3441 2753 3748 2826 σωτηρίαν.

2092 2839 2155 2897 Et
2190 2845 2324 2915 γοῦν
2361 2839 2518 2904 ἄθεος
2556 2840 2642 2911 εἴη
2669 2843 2774 2897 τινὶ
2806 2843 3012 2912 πατὴρ,
3045 2841 3080 2909 ἢ
3128 2841 3264 2909 υἱὸς,
3297 2840 3332 2909 ἢ
3385 2838 3647 2915 ἀδελφὸς,
3680 2862 3758 2896 κα

2089 2928 2324 3002 κώλυμα
2365 2937 2465 2998 τῆς
2513 2930 2748 2993 πίστεως
2791 2932 3029 3006 γένοιτο,
3059 2929 3152 2984 καὶ
3201 2927 3465 3003 ἐμπόδιον
3497 2936 3599 2999 τῆς
3628 2928 3752 2985 ἅνω

2093 3024 2261 3088 ζωῆς,
2293 3019 2472 3091 τούτῳ
2519 3020 2596 3091 μή
2647 3021 3020 3094 συμφερέσθω,
3057 3015 3198 3091 μηδὲ
3245 3018 3567 3091 ὁμονοείτω,
3595 3017 3757 3074 ἀλλὰ

2090 3110 2189 3176 τὴν
2223 3110 2487 3181 σαρκικήν
2520 3107 2830 3178 οἴκειότητα
2861 3106 2952 3163 διὰ
2973 3111 3071 3176 τὴν
3117 3109 3489 3181 πνευματικὴν
3541 3106 3752 3182 ἔχθραν

337 3195 688 3262 consentiat,
728 3200 828 3250 aut
860 3211 994 3250 cum
1044 3195 1144 3251 illo
1193 3199 1563 3255 concordiam
1617 3201 1848 3266 habeat,
1877 3205 1974 3257 sed
2007 3191 2050 3257 C
2092 3194 2424 3258 διαλυσάτω.

347 3281 634 3354 spiritalis
647 3282 966 3339 inimicitias
979 3301 1156 3340 causa
1173 3288 1466 3342 carnalem
1492 3289 1987 3345 necessitudinem

344 3371 551 3426 diluat.

412 3460 584 3516 XXII.
620 3461 758 3517 Rem
791 3462 1105 3518 arbitratur
1145 3462 1265 3519 litis
1313 3481 1442 3520 esse
1470 3467 1982 3523 contestationem-

344 3549 492 3603 Hinc
541 3551 776 3619 quidem
811 3551 1074 3607 videatur
1119 3559 1321 3609 astans
1351 3560 1514 3625 pater
1544 3557 1771 3611 dicere:
1806 3580 1832 3606 ‹‹
1870 3559 1984 3629 Ego

352 3641 410 3690 te
439 3639 853 3708 proseminavi,
907 3641 1156 3695 enutrivi
1185 3658 1198 3706 ;
1232 3658 1474 3712 sequere
1505 3659 1618 3712 me,
1654 3646 1984 3716 pariterque

340 3723 543 3796 inique
575 3741 700 3798 age,
737 3745 838 3783 nec
869 3729 1080 3784 Christi
1107 3729 1219 3800 legi
1274 3735 1617 3802 obsequere,
1652 3756 1678 3781 ››
1712 3750 1776 3785 ac
1805 3736 1982 3804 quid-

340 3812 480 3883 quid
498 3814 657 3869 aliud
677 3816 762 3870 vir
777 3817 1506 3888 blasphemusetmortuus
1526 3827 1732 3875 natura
1753 3824 1978 3879 dixerit.

338 3900 591 3958 Aliunde
616 3921 749 3959 vero
790 3907 925 3961 audi
959 3906 1316 3962 Salvatorem
1345 3925 1357 3961 :
1385 3929 1412 3958 ‹‹
1441 3909 1555 3965 Ean
1588 3917 1642 3963 te
1677 3925 1978 3981 regenera-

339 3991 414 4056 vi,
447 3993 547 4062 qui
581 3995 731 4050 male
759 4012 793 4050 a
824 3997 1044 4052 mundo
1073 3997 1279 4051 mortis
1311 3997 1542 4052 victima
1575 3999 1786 4053 fuisses
1818 4003 1980 4070 geni-

334 4083 471 4134 tus:
505 4082 560 4134 in
585 4081 916 4139 libertatem
937 4086 1184 4154 asserui,
1209 4087 1429 4149 sanavi,
1465 4087 1703 4142 redemi.
1732 4088 1844 4159 Ego
1877 4089 1976 4144 Dei

336 4165 472 4224 boni
506 4171 690 4241 patris
722 4173 828 4228 tibi
862 4173 1087 4229 vultum
1106 4176 1410 4230 ostendam
1438 4193 1451 4230 :
1484 4175 1602 4230 noli
1627 4182 1848 4247 patrem
1880 4195 1976 4233 vo-

332 4271 465 4312 care
497 4275 674 4329 super
704 4266 918 4316 terram
946 4279 958 4317 :
1013 4264 1225 4316 mortui
1254 4265 1540 4335 sepeliant
1570 4270 1836 4321 mortuos
1861 4283 1874 4321 :
1911 4275 1973 4322 tu

331 4359 466 4400 vero
491 4363 582 4401 me
604 4349 1187 4418 sequere;sublimem
1212 4352 1368 4407 enim
1388 4352 1595 4406 ducam
1622 4353 1680 4407 in
1711 4356 1968 4426 requiem

333 4447 700 4503 arcanorum,
733 4443 791 4492 et
815 4454 942 4510 qua:
973 4455 1145 4494 nemo
1175 4440 1367 4510 eloqui
1404 4446 1598 4510 queat.
1645 4442 1929 4497 bonorum
1957 4461 1971 4509 ;

332 4536 463 4592 quae
495 4523 698 4580 oculus
720 4543 833 4581 non
866 4528 1031 4595 vidit,
1062 4545 1166 4583 nec
1196 4529 1355 4583 auris
1407 4532 1626 4597 audiat,
1656 4548 1761 4586 nec
1784 4534 1839 4586 in
1875 4550 1975 4588 cor
2008 4553 2052 4618 D

331 4608 591 4667 hominis
623 4617 1016 4671 ascenderunt
1045 4618 1137 4688 (ε),
1171 4617 1229 4672 in
1258 4635 1388 4689 quae
1419 4618 1755 4674 desiderant
1786 4623 1976 4692 angeli

330 4700 690 4770 prospicere,
739 4709 796 4758 et
835 4706 1026 4760 videre
1071 4723 1199 4777 quae
1242 4707 1576 4777 preparavit
1630 4714 1777 4764 Ueus
1830 4711 1980 4765 bona

329 4790 552 4842 auctis
567 4793 1136 4865 sequediligentibus
1150 4795 1509 4867 ﬁliis(d).Ego
1525 4799 1724 4852 nutriti
1737 4815 1805 4852 us
1819 4805 1980 4869 tuus,

336 4876 438 4946 qui
454 4880 746 4951 meipsum
765 4898 974 4952 panem
996 4884 1306 4953 praebeam.
1329 4887 1618 4956 quemiqui
1636 4889 1978 4956 gustaverit,

336 4985 508 5026 nemo
540 4970 729 5025 adhuc
764 4973 972 5026 mortis
1003 4973 1327 5042 periculum
1362 4973 1567 5040 faciet;
1601 4975 1700 5045 qui
1735 4975 1977 5030 fundam

329 5060 588 5129 quotidie
622 5065 821 5130 potum
856 5061 1333 5116 immortalitatis.
1385 5063 1500 5132 Ego
1534 5064 1809 5134 magister
1839 5065 1978 5120 ccelo

334 5147 600 5204 celsioris
632 5151 907 5204 doctrinae
939 5166 1004 5204 ac
1036 5149 1377 5221 disciplinae.
1407 5155 1513 5205 Pro
1547 5156 1602 5206 te
1633 5168 1766 5205 cum
1792 5159 1978 5209 morte

327 5250 618 5294 certamen
645 5238 946 5305 desudavi,
972 5255 1038 5294 ac
1059 5240 1229 5306 cujus
1263 5255 1395 5293 reus
1423 5257 1600 5310 pcenaa
1625 5257 1754 5295 eras
1777 5241 1848 5296 ob
1874 5259 1973 5312 pa-

325 5328 476 5382 trata
507 5327 719 5382 delicta
745 5329 974 5398 Deoque
1006 5331 1279 5397 negatam
1301 5327 1478 5381 ﬁdem
1511 5335 1568 5382 et
1598 5328 1973 5386 incredulita-

321 5411 399 5470 tis
423 5416 657 5482 crimen,
689 5432 796 5487 ego
827 5415 1062 5472 exsolvi.
1099 5437 1126 5466 ››
1153 5415 1260 5481 Qui
1294 5415 1401 5471 hos
1443 5417 1715 5487 utrinque
1746 5433 1972 5476 sermo-

2166 3463 2288 3517 Kl".
2323 3461 2565 3534 Νόμισον
2593 3460 2728 3516 εἶναι
2757 3462 2821 3517 τὸ
2864 3467 3092 3537 πρᾶγμα
3140 3459 3500 3518 διαδικασίαν.
3533 3463 3595 3521 Ὀ
3640 3464 3744 3536 μὲν

2091 3553 2272 3624 πατήρ
2307 3572 2390 3606 σοι
2418 3548 2642 3605 δοκείτω
2672 3552 2951 3626 παρεστὼς
2998 3550 3170 3624 λέγειν
3209 3569 3223 3584 ⁶
3257 3573 3278 3601 ι
3313 3551 3452 3628 Ἐγὼ
3516 3549 3747 3629 ἔσπειρα

2091 3639 2180 3694 καὶ
2229 3635 2425 3715 ἔθρεψα
2458 3657 2472 3672 ⁸
2504 3638 2795 3695 ἀκολούθει
2857 3660 2972 3713 μοι,
3027 3641 3113 3695 καὶ
3165 3637 3455 3712 συναδίκει,
3503 3643 3592 3697 καὶ
3659 3645 3742 3716 μή

2091 3729 2283 3783 πείθου
2311 3734 2392 3800 τῷ
2414 3733 2644 3805 Χριστοῦ
2664 3731 2821 3802 νόμῳ
2837 3748 2850 3762 °
2869 3751 2892 3781 ii
2913 3729 3004 3783 καί
3026 3728 3124 3784 ὅσα
3145 3728 3204 3784 ἂν
3232 3729 3374 3784 εἴποι
3403 3729 3744 3806 βλάσφημος

2084 3814 2379 3890 ἄνθρωπος
2410 3817 2499 3872 καὶ
2530 3838 2720 3891 νεκρος
2747 3821 2813 3891 τῇ
2847 3818 3021 3895 φύσει.
3045 3820 3335 3893 Ἑτέρωθεν
3370 3817 3427 3874 δὲ
3458 3817 3617 3875 ἄκοτε
3642 3826 3750 3876 τοῦ

2093 3913 2358 3981 Σωτῆρος
2392 3925 2404 3940 ⁸
2443 3930 2467 3961 a
2500 3906 2642 3981 Ἐγώ
2684 3928 2740 3962 σε
2784 3907 3108 3981 ἁνεγέννησα
3150 3913 3330 3970 κακῶς
3381 3908 3484 3964 ὑπὸ
3529 3909 3748 3982 κόσμου

2088 3996 2227 4070 πρὸς
2257 3999 2480 4050 θάνατον
2512 3996 2879 4071 γεγενημένον
2908 4015 2919 4027 ·
2940 3995 3593 4073 ἠλευθέρωσα,ίασάμην,
3616 3997 3750 4054 ἐλυ-

2087 4085 2568 4160 τρωσάμην.⁷Εγώ
2600 4105 2685 4139 σοι
2707 4083 2862 4158 δείξω
2889 4089 3022 4140 Θεοῦ
3053 4087 3256 4160 πατρὸς
3288 4085 3493 4160 ἀγαθοῦ
3521 4087 3750 4160 πρόσω-

2087 4193 2188 4228 πον
2216 4191 2228 4203 ·
2267 4176 2342 4246 μὴ
2375 4173 2532 4230 κάλει
2559 4179 2766 4246 σεαυτῷ
2796 4175 3002 4249 πατέρα
3034 4175 3123 4230 ἐπὶ
3153 4181 3259 4250 γῆς
3281 4192 3294 4206 ·
3321 4177 3374 4230 οἱ
3403 4175 3585 4250 νεκροὶ
3613 4176 3751 4240 τοὺς

2087 4263 2310 4335 νεκροὺς
2367 4259 2712 4317 θαπτέτωσαν
2747 4281 2760 4294 °
2789 4262 2853 4316 σὺ
2915 4261 2973 4317 δέ
3025 4283 3122 4336 μοι
3181 4262 3473 4319 ἀκολούθει
3509 4283 3522 4298 ·
3568 4264 3750 4334 ἀνάξῶ

2085 4353 2191 4426 γάρ
2223 4373 2280 4406 σε
2309 4351 2386 4412 εἰς
2419 4353 2712 4406 ἀνάπαυσιν
2762 4351 3012 4427 ἀῤῥήτων
3063 4357 3157 4407 καῖ
3203 4350 3448 4407 ἀλέκτων
3504 4352 3744 4428 ἀγαθῶν,

2085 4441 2117 4494 ἃ
2146 4442 2220 4512 μὴ
2254 4438 2537 4516 ὀφθαλμὸς
2566 4437 2695 4508 εἶδε,
2732 4443 2872 4512 μήτε
2902 4441 2994 4502 οὖς
3033 4439 3258 4510 ἤκουσε,
3295 4442 3436 4512 μήτε
3479 4441 3568 4496 έπὶ
3615 4461 3750 4516 καρ-

2087 4527 2200 4583 δίαν
2249 4530 2550 4603 ἀνθρώπων
2600 4524 2789 4598 ἀνέϐη,
2836 4528 2910 4588 εἷς
2979 4529 3011 4582 ἃ
3079 4527 3438 4601 ἐπιθυμοῦσιν
3512 4527 3745 4604 ἄγγελοι

2089 4618 2425 4692 παρακύψαι,
2476 4618 2564 4672 καὶ
2619 4615 2749 4672 ἰδεῖν
2811 4619 2944 4693 ἅπερ
3023 4617 3316 4691 ἡτοίμασεν
3364 4619 3393 4672 ὁ
3445 4618 3576 4680 Θεὸς
3624 4625 3746 4681 τοῖς

2092 4709 2271 4780 ἁγίοις
2328 4707 2500 4779 ἀγαθᾶ
2553 4707 2643 4760 καὶ
2697 4712 2814 4768 τοῖς
2866 4711 3116 4783 φιλοῦσιν
3147 4706 3305 4762 αὑτὸν
3334 4709 3564 4768 τέκνοις.
3596 4706 3743 4782 Ἐγώ

2092 4817 2188 4851 σου
2218 4797 2468 4872 τροφεὺς,
2493 4792 2652 4870 ἄρτον
2687 4795 2918 4867 ἐμαυτὸν
2952 4793 3154 4859 διδοὺς,
3187 4795 3249 4850 οὗ
3279 4795 3612 4869 γευσάμενος
3642 4795 3740 4849 οὐ-

2091 4885 2200 4947 δεὶς
2233 4884 2309 4939 ἔτι
2331 4890 2518 4957 πεῖραν
2554 4884 2782 4947 θανάτου
2815 4879 3103 4956 λαμϐάνει,
3132 4883 3221 4938 καὶ
3253 4883 3407 4956 πόμα
3443 4884 3563 4938 καθ’
3593 4885 3740 4956 ὴμέ-

2091 4995 2183 5049 ραν
2236 4971 2476 5034 ἐνδιδοὺς
2535 4973 2842 5040 ἀθανασίας,
2876 4974 3020 5047 Ἐγὼ
3075 4970 3402 5033 διδάσκαλος
3445 4973 3741 5046 ὑπερουρα-

2087 5065 2216 5118 νίων
2245 5060 2626 5135 παιδευμάτων
2654 5081 2666 5094 ·
2707 5061 2839 5120 ὑπὲρ
2889 5066 2985 5116 σοῦ
3032 5061 3166 5137 πρὸς
3219 5062 3312 5116 τὸν
3339 5061 3573 5124 ’θάνατον
3605 5057 3737 5129 διη-

2087 5173 2407 5228 γωνισαμην
2439 5151 2530 5206 καὶ
2559 5152 2652 5206 τὸν
2684 5151 2775 5205 σὸν
2836 5150 3040 5223 έξέτισα
3099 5149 3347 5220 θάνατον,
3379 5149 3436 5204 ὃν
3497 5147 3734 5226 ὥφειλες

2087 5240 2174 5298 ἐπὶ
2205 5247 2322 5303 τοῖς
2353 5240 2877 5314 προημαρτημένοις
2909 5239 2998 5294 καὶ
3027 5242 3096 5313 τῇ
3128 5239 3265 5316 πρὸς
3294 5238 3425 5294 Θεὸν
3452 5237 3733 5309 ἀπιστίᾳ.»

2085 5330 2308 5387 Τούτων
2339 5333 2450 5384 τῶν
2476 5327 2655 5404 λόγων
2683 5327 3013 5402 ἑκατέρωθεν
3049 5325 3360 5396 διακούσας,
3393 5327 3525 5403 ὑπὲρ
3573 5347 3730 5402 σεαυο

2081 5425 2179 5475 τοῦ
2227 5417 2469 5487 δίκασον,
2500 5417 2590 5473 καὶ
2635 5417 2735 5486 τὴν
2781 5420 2962 5494 ψῆφον
3009 5415 3188 5492 ἔνεγκε
3226 5421 3296 5492 τῇ
3328 5420 3524 5472 σαυτοῦ
3553 5436 3736 5486 σωτη-

427 5629 490 5692 ›ι‹
519 5635 580 5688 r.
612 5631 720 5686 938
752 5631 860 5688 ED.
891 5589 1192 5689 POTTER.
1229 5634 1304 5703 (α)
1335 5633 1510 5689 Mare.
1542 5650 1601 5700 χ,
1629 5634 1699 5689 29
1731 5635 1806 5706 (ι)
1831 5636 1970 5696 Luc.

2092 5626 3437 5709 326.03)[Cor.ii,9.(d)lPet.i,12.5
3595 5597 3600 5600 ’
3673 5673 3681 5680 .

3769 2271 3816 2340 -/
