4078 6146
400 315 511 374 029

1555 314 1772 370 LIBER
1807 311 1976 377 QUIS
2011 311 2230 368 DIVES
2266 313 2669 373 SALVBTUR.

3699 313 3810 369 630

397 439 508 513 ρὶᾳ.
541 436 655 495 Κᾶν
685 433 925 515 ἀδελφὸς
956 435 1124 510 ὃμοια
1175 433 1339 513 λέγῃ,
1390 433 1485 490 κᾶν
1518 436 1729 509 τέκνον,
1759 434 1856 490 κᾶν
1887 435 2022 508 γυνή

2165 452 2270 492 nes
2298 437 2525 506 audias,
2557 455 2662 511 pro
2691 442 2748 494 te
2780 437 2908 510 ipse
2933 443 3055 495 esto
3077 437 3279 510 judex,
3325 435 3648 512 inquetuze
3680 454 3805 496 rem

395 524 494 584 κᾶν
535 529 809 596 ὁστισοῦν,
869 526 977 601 πρὸ
1032 523 1246 580 πάντων
1303 523 1359 580 ἐν
1417 525 1502 580 σοὶ
1562 523 1794 601 Χριστῦς
1827 526 1854 580 6
1885 528 2020 580 νικῶ

2162 523 2370 581 salutis
2393 525 2538 582 ferto
2569 527 2944 582 sententiam.
2979 531 3046 581 Et
3074 526 3122 582 si
3157 527 3332 582 frater
3355 526 3574 583 similia
3604 527 3806 600 loqua-

391 609 547 671 ἔστωσ
587 615 722 691 ὑπὲρ
755 617 852 670 σοῦ
881 615 986 690 γὰρ
1007 613 1357 688 ἀγωνίζεται.

465 885 587 940 KA'.
651 880 876 937 Δύνασαι
931 879 1021 935 καὶ
1068 883 1175 935 τῶν
1237 883 1545 957 χρημάτων
1601 879 1921 954 ἐπίπροσθεν
1972 881 2041 935 εἴ·

394 992 508 1028 ναι.
551 973 791 1046 Φράσον·
825 994 852 1023 ‹‹
883 968 982 1024 Ναὶ
1014 969 1115 1024 οὑκ
1142 970 1335 1047 ἀπάγει
1387 991 1455 1043 με
1511 971 1754 1046 Χριστὸσ
1778 977 1879 1040 τῆς
1911 971 2042 1040 κτή-

397 1082 558 1133 σεως,
590 1062 620 1115 6
651 1060 844 1135 Κύριος
897 1057 960 1114 ού
1004 1063 1212 1137 φθονεῖ.
1243 1083 1270 1112 ››
1329 1058 1489 1116 Ἀλλ’
1519 1061 1648 1134 ὁρᾷς
1679 1060 1896 1115 σεαυτὸν
1945 1061 2042 1129 ἠτ-

395 1150 645 1224 τώμερον
697 1149 784 1203 ὑπ’
829 1148 1004 1204 αὐτῶν
1063 1147 1154 1203 καὶ
1210 1147 1676 1224 ἀνατρεπόμενον;
1726 1150 1910 1226 Ἄφες,
1955 1147 2040 1224 ῥί-

2159 617 2276 682 tur,
2311 617 2369 670 et
2399 614 2446 671 si
2480 615 2657 683 ﬁlius,
2694 618 2748 671 et
2780 615 2829 671 si
2855 632 3019 678 uxor.
3047 619 3102 670 et
3147 615 3196 670 si
3247 615 3436 686 quivis
3466 615 3637 687 alius,
3669 621 3802 673 ante

2155 709 2220 773 ›ι‹
2245 720 2448 760 omnes
2473 704 2742 760 Christus
2775 705 2834 760 in
2855 709 2912 759 te
2943 707 3165 773 vincat;
3217 704 3436 776 quippe
3484 705 3655 776 cujus
3705 706 3802 763 ille

2157 793 2348 866 gratia
2378 793 2434 848 in
2469 809 2704 849 arenam
2739 793 3078 849 descendat.

2226 880 2423 936 XXIV-
2447 884 2614 937 Potes
2636 885 2693 938 et
2722 882 2986 953 pecuniis
3009 897 3319 955 opponere.
3343 881 3530 938 Dicito
3555 900 3567 938 :
3599 903 3620 934 ι
3647 883 3799 940 Sane

2153 987 2269 1025 non
2301 975 2458 1026 vetat
2487 971 2754 1027 Christus
2803 988 2874 1027 ne
2919 971 3322 1044 possessiones
3375 971 3646 1039 habeam,
3674 989 3794 1028 non

2149 1059 2369 1116 invidet
2403 1062 2702 1118 Dominus.
2731 1084 2757 1111 »
2782 1065 2852 1117 At
2879 1063 3044 1118 vides
3077 1062 3311 1118 illarum
3359 1066 3416 1118 te
3462 1052 3616 1116 vinci
3657 1061 3793 1118 libi-

2150 1148 2310 1214 dine,
2341 1153 2398 1204 et
2427 1167 2460 1205 a
2493 1151 2700 1206 mentis
2737 1155 2894 1207 statu
2943 1168 3011 1206 ea
3059 1155 3117 1206 te
3165 1149 3493 1206 dimoveri?
3531 1150 3788 1218 Dimitte,

392 1241 519 1312 ψον,
578 1237 833 1310 μίσησον,
886 1237 1173 1308 ἀπόταξαι,
1231 1235 1382 1316 φύγε.
1446 1261 1475 1290 ‹‹
1507 1235 1611 1292 Κᾶν
1645 1238 1673 1293 6
1723 1235 1895 1308 δέξιός
1942 1259 2023 1292 σοι

2148 1236 2385 1309 projice,
2418 1239 2750 1311 odiofhabe,
2782 1239 3152 1306 abrenuntia,
3195 1239 3350 1310 fuge.
3385 1262 3412 1288 «
3446 1239 3515 1294 Et
3554 1239 3602 1294 si
3647 1240 3790 1294 dex-

394 1325 682 1404 ὀφθαλμὸς
714 1326 1044 1401 σκανδαλίζῃ
1073 1347 1152 1396 σε,
1179 1351 1206 1377 ››
1229 1323 1442 1401 ταχέως
1470 1351 1498 1379 ι(
1531 1322 1760 1402 ἔκκοψον
1789 1326 1971 1385 αὐτόν.
2004 1352 2032 1380 »

389 1416 767 1490 Αἱρετώτερον
827 1413 1222 1491 ὲτεροφϐἄλμῳ
1283 1413 1534 1491 βασιλεία
1593 1420 1749 1488 Θεοῦ,
1807 1415 1843 1485 ἢ
1905 1414 2033 1471 ὁλο-

389 1501 586 1579 κλήρῳ
618 1504 684 1559 τὸ
741 1506 870 1578 πῦρ.
923 1501 1028 1558 Κᾶν
1077 1502 1222 1578 χεὶρ,
1267 1499 1362 1559 κᾶν
1408 1507 1564 1572 ποῦς,
1617 1505 1715 1558 κᾶν
1762 1505 1796 1572 ἡ
1855 1505 2032 1578 ψυχὴ,

2144 1329 2234 1382 ter
2264 1327 2466 1383 oculus
2497 1327 2856 1384 scandalizat
2887 1332 2962 1398 te,
2999 1350 3026 1378 »
3060 1344 3235 1398 quam
3285 1328 3544 1399 primum
3576 1350 3604 1376 «
3648 1344 3786 1383 erue

2143 1432 2277 1472 eum
2296 1419 2397 1485 (a).
2425 1439 2452 1466 »
2512 1417 2716 1473 Melius
2777 1421 2864 1472 est
2907 1433 3042 1472 cum
3085 1416 3334 1473 unoculo
3383 1431 3629 1488 regnum
3665 1416 3787 1485 Dei,

2109 1516 2321 1576 ‘quam
2354 1505 2580 1579 integro
2615 1506 2789 1579 ignis.
2822 1506 2948 1560 Sive
2980 1505 3058 1562 sit
3092 1522 3327 1577 manus,
3361 1505 3483 1560 sive
3515 1522 3638 1577 pes,
3663 1505 3782 1562 sive

393 1593 619 1667 μίσησον
679 1592 868 1664 αὐτήν.
928 1597 1025 1651 "Av
1102 1592 1204 1668 γὰρ
1283 1591 1503 1648 ἐνταῦθα
1555 1590 1830 1664 ἀπόληται
1898 1593 2023 1669 ὑπὲρ

2141 1594 2362 1660 anima,
2421 1594 2574 1650 habe
2630 1595 2784 1651 odio.
2845 1595 2906 1650 Si
2963 1595 3120 1651 enim
3179 1594 3274 1649 hic
3331 1593 3546 1649 Christi
3605 1611 3785 1650 causa

395 1686 638 1758 χριστοῦ,
669 1682 783 1738 ἐκεῖ
813 1683 1058 1758 ζωογονή
1068 1703 1234 1738 σεται.

457 1862 570 1918 KE'.
618 1859 834 1932 Ταύτης
881 1857 939 1916 δὲ
987 1859 1194 1933 ὁμοίως
1242 1857 1428 1935 ἔχεται
1485 1861 1583 1928 τῆς
1645 1858 1874 1933 γνώμης
1932 1858 2023 1914 καὶ

386 1950 446 2006 τὸ
473 1949 762 2023 ἑπόμενον·
799 1974 828 2002 ‹‹
859 1950 972 2008 Νῦν
1023 1950 1075 2004 ἐν
1118 1954 1199 2023 τῷ
1246 1953 1420 2025 καιρῷ
1456 1948 1638 2021 τούτῷ
1686 1947 1884 2024 ἀγροὺς
1934 1950 2022 2004 καί

386 2040 649 2114 χρήματα
696 2037 788 2094 καὶ
836 2037 1014 2102 οἰκίας
1080 2037 1171 2094 καὶ
1221 2035 1490 2112 ἀδελφοὺς
1552 2038 1628 2110 μὴ
1690 2035 1837 2112 ἔχειν
1892 2039 2026 2110 μετά

385 2126 670 2202 διωγμῶν.
726 2152 746 2178 ι
781 2124 920 2185 Οὔτε
960 2126 1064 2203 γὰρ
1113 2126 1496 2202 ἀχρημάτους,
1548 2123 1672 2180 οὔτε
1727 2125 2023 2194 ἀνεστίους,

378 2214 501 2272 οὔτε
525 2214 862 2295 ἀναδέλφους
895 2215 984 2272 ἐπὶ
1031 2217 1130 2286 τήν
1176 2217 1320 2285 ζωὴν
1375 2212 1554 2284 καλεῖ,
1588 2214 1700 2270 ἐπεὶ
1735 2215 1824 2269 καὶ
1857 2213 2024 2270 πλου-

374 2304 523 2370 σίους
573 2304 861 2376 κέκληκεν’
911 2303 1038 2363 ἀλλ’
1089 2303 1147 2359 6'v
1199 2306 1402 2380 τρόπον
1453 2305 1882 2380 προειρήκαμεν,
1933 2305 2019 2358 καὶ

375 2391 644 2466 ἀδελφοὺς
687 2395 806 2449 κατ’
855 2393 1041 2464 αὐτὸν,
1096 2391 1278 2469 ὥσπερ
1333 2393 1532 2467 Πέτρον
1583 2394 1696 2466 μετ’
1743 2389 2022 2466 Ἀνδρέου,

373 2483 464 2538 καὶ
497 2477 754 2541 Ἰάκωϐον
794 2483 928 2556 μετά
975 2482 1230 2540 Ἰωάννου
1277 2481 1406 2544 τοὺς
1461 2476 1750 2537 Ζεϐεδαίου
1802 2479 2023 2551 παῖδας,

378 2569 509 2627 ἀλλ’
557 2571 926 2645 ὁμονοοῦντας
973 2569 1251 2641 ἀλλήλοις
1293 2592 1351 2626 τε
1396 2569 1486 2626 καὶ
1537 2575 1771 2646 Χριστῷ.
1835 2571 1913 2628 Τὸ
1967 2568 2024 2626 δὲ

379 2684 409 2714 ‹‹
447 2661 582 2735 μετά
613 2659 873 2738 διωγμῶν
905 2684 933 2714 ››
966 2665 1136 2717 ταῦτα
1165 2659 1364 2716 ἕκαστα
1407 2659 1552 2736 ἔχειν
1600 2658 2021 2734 ἀποδοκιμάζει.

377 2750 634 2826 Διωγμὸς
667 2747 726 2805 δὲ
768 2751 797 2805 6
851 2748 944 2824 μέν
994 2771 1076 2812 τις
1131 2747 1322 2820 ἔξωθεν
1373 2749 1723 2825 περιγίνεται,
1772 2752 1878 2804 τῶν
1925 2750 2020 2804 ἀν-

383 2841 614 2916 θρώπων
646 2839 682 2908 ἢ
724 2836 798 2894 δι’
845 2833 1069 2914 ἔχθραν,
1100 2839 1136 2910 ἢ
1171 2836 1260 2893 διὰ
1307 2837 1526 2916 φθόνον,
1558 2840 1592 2909 ἢ
1626 2835 1716 2892 διὰ
1762 2836 2021 2915 φιλοκέρ-

392 2925 561 2995 δειαν,
617 2930 650 2999 ἢ
709 2929 828 2984 κατ’
883 2926 1153 3004 ἐνέργειαν
1211 2923 1536 2996 διαϐολικὴν
1611 2927 1740 2990 τοὺς
1798 2927 2022 2991 πιστοὺς

386 3014 742 3073 ἐλαυνόντων·
778 3018 806 3072 6
837 3014 894 3071 δὲ
923 3013 1320 3092 χαλεπώτατος
1349 3013 1560 3070 ἔνδοθέν
1593 3013 1707 3069 ἐστι
1755 3011 2020 3089 διωγμὸς,

378 3103 429 3176 ἐξ
459 3104 624 3176 αὐτῆς
666 3104 874 3178 ἑκάστῳ
917 3111 1016 3175 τῆς
1055 3108 1241 3180 ψυχῆς
1285 3099 1768 3179 προπεμπόμενος,
1819 3103 2023 3176 λυμαι-

377 3173 614 3267 νομένης
643 3195 748 3250 ὑπὸ
779 3173 1080 3268 ἐπιθυμιῶν
1329 3173 1436 3248 ’καὶ
1471 3173 1698 3263 -ὴδονῶν
1745 3173 2016 3248 ποικίλων
2050 3173 2093 3240 c

376 3283 462 3338 καὶ
496 3281 719 3360 φαύλων
756 3281 994 3338 ἐλπίδων
1041 3282 1130 3337 καὶ
1178 3285 1429 3360 φθαρτῶν
1475 3281 2016 3356 ὀνειροποκημάτων·

377 3370 502 3426 ὅταν
529 3371 609 3426 ἀεὶ
641 3376 749 3428 τῶν
798 3367 1068 3428 πλειόνων
1123 3367 1448 3448 όρεγομένη,
1496 3370 1586 3425 καὶ
1628 3369 1882 3426 λυσσῶσα
1915 3371 2019 3426 ὑπὸ

373 3459 576 3535 ἀγρίων
636 3459 880 3536 ἐρώτων,
937 3462 1027 3516 καὶ
1085 3458 1403 3536 φλεγομένη
1471 3459 1708 3532 καθάπερ
1775 3460 2021 3535 κέντροις

375 3547 410 3617 ἢ
444 3548 630 3624 μύωψι
667 3549 785 3612 τοῖς
832 3548 1212 3623 προκειμένοις
1268 3549 1408 3622 αὐτῇ
1465 3547 1710 3616 πάθεσιν,
1765 3547 2018 3619 ἐξαιμάσ-

373 3656 534 3706 σηται
562 3637 700 3712 πρὸς
753 3634 989 3698 σπουδὰς
1051 3633 1344 3710 μανιώδεις
1373 3635 1464 3690 καὶ
1517 3640 1665 3703 ζωῆς
1709 3634 2016 3711 ἀπόγνωσιν

373 3724 462 3779 καὶ
494 3728 632 3779 Θεοῦ
684 3723 1101 3802 καταφρόνησιν.
1155 3720 1331 3785 Οῦτος
1365 3723 1393 3778 6
1425 3720 1671 3798 διωγμὸς
1723 3722 2019 3800 βαρύτερος

375 3813 465 3868 καὶ
487 3812 898 3889 χαλεπώτερος,
941 3811 1156 3877 ἔνδοθεν
1197 3811 1546 3886 ὁρμώμενος,
1605 3811 1685 3867 ἀεὶ
1732 3814 1926 3881 συνὼν,
1959 3813 2016 3868 6'v

378 3899 505 3957 οὐδὲ
533 3903 776 3980 ἐκφυγεῖν
819 3904 849 3958 6
879 3899 1216 3973 διωκόμενος
1265 3899 1504 3956 δύναται·
1548 3901 1641 3955 τὸν
1670 3901 1772 3976 γὰρ
1821 3901 2016 3977 ἐχθρὸν

379 3991 429 4046 ὲν
463 3992 638 4064 ἑαυτῷ
665 3993 910 4068 περιάγει
961 3994 1263 4066 πανταχοῦ.
1323 3989 1482 4046 Οὕτω
1539 3989 1629 4044 καὶ
1681 3991 1950 4065 πὺρωσις,
1983 3995 2018 4062 ἡ

379 4081 473 4152 μὶν
533 4078 726 4150 ἔξωθεν
772 4080 1194 4156 προσπίπτουσα
1260 4075 1559 4152 δοκμασίαν
1613 4081 2018 4154 κατεργάζεται,

375 4171 411 4240 ἡ
444 4166 503 4224 δὲ
542 4164 755 4233 ἔνδοθεν
806 4170 1030 4233 θάνατον
1083 4165 1488 4244 διαπράττεται.
1541 4167 1640 4224 Καὶ
1689 4167 1961 4242 πόλεμος,
1993 4171 2022 4225 6

381 4257 474 4331 μὲν
507 4256 736 4320 ἐπακτὸς
785 4255 987 4334 ῥᾳδίως
1035 4255 1384 4325 καταλύεται,
1441 4257 1470 4311 6
1524 4253 1582 4312 δὲ
1637 4255 1689 4312 ἐν
1738 4261 1807 4331 τῇ
1867 4261 2020 4334 ψυχῇ

383 4347 546 4423 μέχρι
580 4347 809 4411 θανάτου
835 4351 1281 4422 παραμετρεῖται.
1343 4347 1498 4402 Μετά
1555 4343 1806 4420 διωγμοῦ
1834 4353 2020 4402 τοιοῦο

379 4457 475 4491 του
514 4435 756 4492 πλοῦτον
795 4435 882 4491 ἐάν
941 4430 1076 4512 ἔχῃς
1133 4436 1223 4490 τὸν
1286 4434 1563 4505 αἰσθητὸν,
1622 4433 1716 4489 κᾶν
1753 4433 2021 4512 ἀδελφοὺς

2140 1682 2316 1738 etiam
2351 1692 2563 1754 pereat,
2595 1683 2792 1740 futuro
2822 1699 2942 1740 aevo
2973 1684 3044 1739 ad
3067 1683 3242 1739 vitam
3272 1683 3657 1756 reparandam
3681 1699 3780 1739 ex-

2057 1807 2104 1869 s
2137 1776 2356 1869 ερεοέεξ

2207 1861 2359 1917 842
2392 1860 2562 1916 XXV.
2624 1861 2790 1917 Hunc
2849 1878 3089 1918 sensum
3146 1861 3365 1918 habent
3421 1866 3478 1920 et
3523 1880 3648 1935 qua
3680 1880 3772 1920 se-

2133 1955 2441 2023 quuntur:
2481 1973 2500 1998 -
2539 1954 2724 2017 Nunc,
2772 1950 2827 2006 in
2882 1956 3146 2023 tempore
3193 1951 3324 2017 hoc,
3367 1968 3561 2025 agros,
3595 1969 3768 2026 pecu-

2136 2040 2314 2106 niam,
2350 2040 2554 2094 domos
2586 2047 2640 2094 et
2672 2040 2878 2095 fratres
2910 2057 3024 2094 non
3056 2040 3270 2094 habere
3319 2057 3452 2095 cum
3500 2058 3775 2113 persecu-

2132 2127 2508 2200 tionihus(b).
2547 2150 2566 2176 ι
2602 2127 2803 2200 Neque
2832 2129 2986 2184 enim
3020 2136 3180 2184 vocat
3205 2129 3276 2184 ad
3309 2129 3485 2185 vitam
3536 2131 3635 2202 qui
3669 2147 3772 2204 pe-
3869 2137 3871 2139 ’

2133 2217 2306 2272 cunia
2336 2221 2589 2288 careant,
2619 2217 2719 2288 qui
2750 2217 2876 2273 sine
2934 2216 3054 2273 lare
3103 2221 3160 2272 et
3209 2221 3382 2284 tecto,
3415 2219 3516 2290 qui
3568 2221 3775 2278 fratres

2134 2305 2328 2362 nullos
2358 2305 2631 2372 habeant,
2664 2322 2796 2362 cum
2838 2306 3126 2362 vocaverit
3156 2307 3330 2362 etiam
3365 2307 3573 2365 divites
3601 2330 3611 2375 ;
3646 2311 3769 2379 sed,

2133 2399 2198 2450 ut
2227 2411 2406 2464 supra
2436 2394 2714 2464 diximus,
2749 2395 2956 2450 fratres
2988 2411 3222 2467 quoque
3254 2395 3413 2451 illius
3445 2397 3636 2454 cultos
3661 2415 3780 2456 mo-

2133 2484 2318 2551 ribus,
2343 2483 2520 2541 veluti
2537 2487 2770 2540 Petrum
2795 2488 2852 2539 et
2872 2485 3182 2555 Andream,
3228 2501 3453 2541 necnon
3495 2487 3777 2544 Jacobum

2132 2577 2188 2629 et
2230 2573 2515 2629 Joannem
2547 2573 2806 2628 Zehedaai
2864 2572 3056 2641 ﬁlios;
3113 2590 3310 2630 verum
3346 2575 3498 2630 inter
3530 2593 3592 2631 se
3641 2593 3778 2632 con-

2131 2663 2334 2718 cordes
2357 2667 2416 2718 et
2445 2678 2577 2717 cum
2599 2661 2850 2718 Christo.
2877 2661 3158 2718 Caeterum
3181 2662 3416 2736 singula
3437 2663 3559 2722 haac
3581 2688 3610 2716 «
3642 2682 3775 2722 cum

2127 2751 2634 2824 persecutionibus
2669 2774 2695 2800 »
2743 2750 2955 2808 habere
2999 2768 3112 2806 non
3155 2752 3382 2823 probat.
3444 2753 3774 2810 Persecutio

2131 2856 2264 2896 vero
2295 2839 2407 2895 alia
2437 2841 2668 2912 quidem
2723 2840 3050 2896 forinsecus
3098 2841 3369 2911 obtingit,
3421 2859 3770 2915 persequen-

2129 2929 2290 2985 tibus
2321 2927 2662 2985 hominibus
2691 2928 2886 2984 fideles
2920 2934 2977 2984 et
3007 2928 3096 2984 vel
3118 2930 3438 2986 inimicitia;
3461 2947 3659 2999 causa,
3685 2932 3770 2988 vel

2129 3020 2383 3085 invidiae,
2431 3019 2517 3074 vel
2567 3019 2736 3088 lucri,
2783 3019 2869 3075 vel
2914 3021 3293 3091 suggestione
3343 3022 3649 3078 diabolica.
3699 3025 3771 3079 At

2131 3109 2476 3182 gravissima
2510 3109 2837 3180 persecutio
2871 3115 2984 3175 est,
3018 3126 3144 3179 quae
3195 3111 3380 3164 oritur
3411 3110 3770 3168 intrinsecus

2131 3215 2200 3254 ex
2257 3199 2384 3270 ipsa
2437 3198 2724 3268 cujusque
2783 3198 3001 3263 anima,
3061 3198 3372 3268 depravata
3404 3200 3600 3272 impiis
3632 3203 3775 3257 desi-

2129 3287 2308 3343 deriis
2342 3287 2630 3357 variisque
2661 3285 3077 3356 voluptatibus,
3108 3302 3329 3342 necnon
3364 3287 3629 3358 improba
3670 3307 3774 3362 spe

2129 3376 2522 3446 inanibusque
2551 3374 2885 3440 insomniis;
2908 3392 3034 3446 quae
3067 3374 3234 3446 plura
3257 3392 3485 3444 semper
3515 3376 3768 3433 habendi

2128 3465 2448 3536 cupiditate
2476 3468 2531 3518 et
2564 3463 2768 3518 ferinis
2799 3463 3101 3518 amoribus
3135 3463 3358 3527 rabida,
3395 3469 3768 3537 mtuansque,

2129 3553 2374 3622 objectis
2424 3550 2581 3606 velut
2630 3550 2887 3607 stimulis
2934 3550 3289 3622 aculeisque,
3340 3552 3669 3624 affectibus,
3703 3574 3770 3613 ac

2127 3639 2491 3705 libidinibus,
2525 3644 2861 3694 cruentetur
2880 3641 2950 3694 ad
2986 3640 3204 3694 furiosa
3229 3641 3531 3709 studia,ad
3559 3644 3765 3718 despe-

2129 3729 2372 3785 randam
2433 3728 2681 3784 salutem
2735 3728 2950 3799 Deique
2998 3730 3372 3801 spretionem.
3435 3732 3766 3792 Persecutio

2129 3817 2251 3873 hac
2281 3817 2512 3890 gravior
2541 3821 2630 3871 est
2646 3820 2702 3872 et
2731 3817 3014 3882 acerbior,
3033 3834 3100 3872 ex
3132 3818 3324 3874 animo
3347 3820 3473 3892 ipso
3496 3840 3765 3894 prcrum-

2129 3923 2294 3980 pene,
2325 3922 2674 3978 semperque
2729 3922 3003 3978 praesens,
3054 3922 3229 3976 quam
3264 3924 3368 3964 nec
3406 3912 3622 3968 evitare
3661 3931 3767 3985 po-

2127 3999 2243 4051 test
2272 3996 2373 4066 qui
2405 3994 2504 4050 illa
2535 3995 2830 4066 appetitur
2863 4012 2875 4050 :
2911 3995 3122 4067 quippe
3179 3995 3276 4065 qui
3339 3997 3563 4054 hostem
3605 4004 3764 4057 omni

2129 4085 2255 4141 loco
2286 4085 2345 4139 in
2379 4085 2596 4156 seipse
2647 4084 3040 4140 circumferat.
3092 4084 3374 4140 Similiter
3418 4088 3594 4145 etiam
3642 4107 3769 4163 quae

2130 4173 2492 4230 extrinsecus
2519 4172 2853 4242 adhibetur,
2885 4173 3146 4229 incensio
3179 4191 3246 4229 ac
3272 4178 3535 4248 tentatio,
3561 4180 3774 4250 proba-

2129 4263 2348 4318 tionem
2395 4266 2706 4332 operatur;
2772 4279 2898 4334 quaa
2955 4279 3088 4318 vero
3169 4265 3492 4321 intresecus
3566 4269 3772 4342 oritur,

2131 4358 2377 4408 mortem
2429 4351 2674 4406 inducit.
2728 4351 2945 4406 Bellum
3001 4368 3233 4424 quoque
3289 4355 3680 4413 accidentario
3709 4377 3775 4416 ac

2130 4441 2288 4498 velut
2312 4457 2450 4495 casu
2483 4445 2721 4496 externo
2751 4449 2954 4512 agente
2983 4442 3324 4512 conflatum,
3358 4444 3528 4501 facile
3557 4447 3775 4504 dissol-

379 4526 512 4591 τοὺς
553 4527 690 4602 πρὸς
739 4523 972 4599 α’ίματος
1019 4525 1109 4580 καὶ
1160 4527 1227 4579 τά
1264 4523 1410 4580 ἄλλα
1449 4521 1708 4599 ἐνάχυρα,
1763 4525 2023 4582 κατάλιπε

2137 4529 2309 4596 vitur;
2344 4531 2498 4600 quod
2543 4533 2736 4584 autem
2789 4529 2899 4600 ipsi
2951 4529 3144 4584 animo
3177 4531 3351 4599 inest,
3401 4534 3470 4588 ad
3525 4541 3772 4594 mortem

378 4617 478 4684 τήν
539 4615 749 4670 τούτων
817 4614 1157 4690 παγκτησίαν
1232 4614 1331 4682 τὴν
1407 4611 1496 4668 ἐπὶ
1571 4618 1744 4686 κακῷ,
1803 4613 2023 4690 εῗρήνην

382 4708 594 4776 σεαυτῷ
649 4705 956 4780 παράσχες,
1015 4701 1414 4777 ἐλευθερώθητι
1481 4699 1728 4777 διωγμοῦ
1792 4709 2026 4780 μακροῦ,

2134 4634 2325 4690 usque
2354 4618 2705 4681 extenditur.
2754 4618 2896 4672 Cum
2926 4617 3028 4672 tali
3065 4619 3244 4690 igitur
3279 4624 3683 4692 persecutione
3723 4627 3772 4682 si

2137 4707 2400 4762 carnales
2422 4704 2657 4760 divitias
2689 4705 2928 4770 habeas,
2958 4706 3006 4761 si
3040 4706 3248 4762 fratres
3280 4711 3545 4767 carnales
3575 4717 3631 4768 et
3660 4714 3776 4771 alia

384 4794 734 4868 ἀπστράφηθι
783 4793 922 4868 πρὸς
964 4791 1027 4847 τὸ
1085 4789 1415 4867 Εὔα-[γέλων
1465 4791 1558 4846 ἀπ’
1609 4790 1845 4860 ἐκείνων,
1900 4792 2023 4849 ἑλοῦ

2140 4795 2411 4866 pignora;
2445 4810 2680 4849 omnem
2704 4794 2852 4850 hanc
2875 4795 3304 4866 possessionem
3323 4814 3685 4872 censumque
3714 4804 3774 4860 in

382 4882 473 4936 τὸν
508 4887 744 4954 Σωτῆρα
798 4881 904 4956 πρὸ
964 4881 1203 4949 πάντων,
1260 4879 1354 4934 τὸν
1408 4885 1508 4948 τῆς
1572 4885 1671 4948 σῆς
1725 4884 2023 4958 συνήγορον

2141 4883 2360 4939 malum
2394 4885 2694 4939 cedentem
2729 4884 3010 4956 relinque,
3042 4885 3149 4939 tibi
3181 4885 3305 4957 ipse
3333 4904 3532 4959 pacem
3568 4893 3776 4964 prmbe,

383 4970 473 5024 καὶ
517 4967 872 5044 παράκλητον
925 4971 1133 5043 ψυχῆς,
1190 4969 1282 5023 τὸν
1340 4974 1441 5036 τῆς
1494 4967 1721 5043 ἀπείρου
1771 4969 2023 5043 πρύτανιν

2141 4971 2367 5045 prolixa
2407 4972 2654 5027 liberare
2704 4973 3125 5042 persecutione,
3165 4975 3236 5028 ad
3288 4975 3661 5050 Evangelium
3709 4983 3780 5037 ab

387 5065 555 5130 ζωῆς.
617 5084 639 5110 ι
687 5060 762 5114 Τὰ
815 5057 918 5133 γὰρ
980 5057 1294 5134 βλεπόμενα
1345 5056 1669 5129 πρόσκαιρα·
1722 5059 1790 5114 τὰ
1846 5057 1903 5114 δὲ
1957 5061 2023 5132 μὶ

2145 5061 2261 5117 illis
2291 5067 2644 5129 convertere,
2667 5079 2779 5133 praa
2811 5062 3082 5116 omnibus
3103 5061 3460 5119 Salvatorem
3485 5066 3783 5139 elige,tue

387 5147 706 5223 βλεπόμενα
735 5147 931 5202 αἰώνια
944 5190 956 5203 .

999 5171 1026 5198 ››
1076 5147 1174 5201 Καὶ
1223 5145 1276 5201 ἐν
1331 5146 1425 5218 μὶν
1477 5149 1556 5216 τῷ
1584 5147 1813 5220 παρόντι
1847 5147 2023 5222 χρόνᾳ

2145 5153 2452 5220 patronum
2490 5166 2555 5203 ac
2578 5149 2852 5204 solatium
2875 5149 3460 5226 animaanullumque
3485 5154 3655 5212 ﬁnem
3691 5159 3790 5216 ha-

382 5237 653 5311 ὡκύμορα
680 5235 771 5291 καὶ
819 5229 1070 5304 ἀϐέϐαια,
1118 5234 1171 5290 ἐν
1198 5237 1280 5306 τῷ
1321 5231 1609 5309 ἐρχομένῳ
1641 5230 1697 5288 δὲ
1729 5237 1841 5305 ζωή
1894 5234 2023 5290 ἐστιι

2147 5237 2353 5292 δίιυινω
2370 5237 2739 5308 praebitorem
2767 5237 2917 5292 vitaa.
2937 5260 2964 5288 «
2997 5241 3130 5304 Quae
3146 5239 3302 5293 enim
3325 5241 3618 5313 videntur,
3645 5251 3757 5304 tem
3774 5279 3792 5290 -

383 5324 519 5380 αἰών
534 5345 636 5388 ιος.

379 5510 608 5726 ΪΞΡ.
639 5595 748 5651 939
776 5593 888 5651 ne.
914 5580 1218 5653 POTTER.
1329 5594 1393 5656 ›ι‹
1419 5599 1482 5651 p.
1511 5593 1619 5650 940
1647 5591 1759 5650 ED.
1787 5557 2021 5651 pom

419 5704 441 5740 .
468 5704 562 5726 Ἡνο

2007 5392 2014 5396 ν
2073 5346 2084 5354 ·
2148 5325 2370 5399 poralia
2392 5331 2550 5390 sunt;
2585 5343 2710 5396 quae
2743 5331 2936 5382 autem
2971 5343 3087 5382 non
3106 5327 3397 5398 videntur,
3413 5336 3628 5390 aeterna
3651 5337 3741 5408 (c).
3763 5359 3791 5389 »

381 5415 447 5472 Et
483 5416 544 5472 in
573 5413 1102 5489 praesentiquidem
1162 5415 1226 5480 ὥ
1271 5416 1535 5486 tempore
1588 5413 1812 5471 caduca
1855 5423 1997 5472 sunt
2035 5414 2315 5487 nullaque
2364 5414 2644 5471 ﬁrmitate
2692 5414 2870 5484 fulta;
2903 5415 2962 5472 in
2997 5415 3194 5473 futuro
3227 5423 3424 5475 autem
3456 5426 3674 5484 aeterna
3703 5435 3791 5487 est

2027 5569 2096 5653 R.
2165 5564 2173 5570 ’
2203 5594 2282 5667 (a)
2316 5593 2514 5650 Matth.
2548 5610 2601 5666 v,
2633 5595 2723 5650 29.
2837 5595 2912 5668 (b)
2943 5595 3122 5655 Marc.
3153 5613 3248 5670 xx,
3277 5599 3368 5656 30.
3480 5604 3552 5676 (ο)
3575 5604 3624 5663 ΙΙ
3655 5607 3786 5670 Cor.
