4078 6146
322 293 424 350 631

1556 293 1962 352 CLEMENTIS
1997 291 2504 349 ALEXANDR-INI

3631 295 3740 353 632

395 417 593 475 XXVI.
625 439 652 469 ι(
683 417 868 473 Erunt
927 417 1098 489 primi
1149 417 1476 484 novissimi,
1524 422 1581 473 et
1615 414 1968 488 inovissimi,

2160 415 2271 482 κζ’.
2305 438 2333 466 ‹‹
2365 417 2614 471 Ἔσονται
2647 415 2698 470 οἱ
2728 419 2938 491 πρῶτοι
2984 413 3228 492 ἔσχατοι,
3271 415 3362 472 καὶ
3413 415 3465 472 οἳ
3513 412 3742 494 ἔσχατοι

329 508 504 581 primi
526 508 850 579 (a).oMulta
879 508 970 562 hic
1000 507 1165 562 locus
1200 507 1375 562 habet
1409 505 1818 563 reconditioris
1841 521 1978 559 sen-

330 615 434 654 sus
465 603 521 652 et
550 613 674 668 quae
706 601 914 668 egeant
935 594 1354 667 explicatione;
1387 613 1504 651 non
1538 601 1738 650 tamen
1776 595 1846 649 de
1879 592 1977 647 illo

333 686 860 758 impraesentiarum
875 685 1528 756 vertiturquaestioNon
1549 686 1706 739 enim
1731 685 1800 739 ad
1826 682 1980 738 solos

336 776 545 830 divites
574 778 819 844 spectat,
854 775 954 829 sed
992 775 1060 828 ad
1095 790 1300 829 omnes
1333 774 1504 846 plane
1559 774 1828 829 homines
1879 771 1979 844 qui

334 862 467 919 ﬁdei
499 863 676 918 semel
710 878 920 917 nomen
955 863 1182 917 dedere.
1216 865 1416 932 Itaque
1469 861 1606 916 huic
1660 863 1833 916 modo
1881 876 1980 915 su-

337 952 754 1025 persedeamus
785 949 1032 1021 quaesito
1062 968 1074 1006 :
1113 953 1262 1021 quod
1298 954 1490 1006 autem
1529 950 1858 1020 subjectum
1891 965 1984 1001 ar-

336 1046 616 1114 gumento
646 1044 736 1096 est
765 1041 844 1095 ita
876 1041 1344 1095 demonstratum
1388 1039 1660 1105 arbitror,
1698 1043 1761 1094 ut
1807 1037 1985 1092 satis-

339 1131 560 1186 factum
621 1129 697 1184 sit
747 1129 893 1183 datae
952 1129 1119 1196 fidei;
1180 1129 1335 1199 quod
1371 1144 1581 1200 nempe
1615 1128 1878 1184 Salvator
1910 1123 1980 1180 ad

338 1219 500 1290 ipsas
532 1217 764 1272 divitias
798 1218 953 1289 quod
985 1218 1191 1272 attinet
1212 1216 1501 1289 longeque
1526 1217 1816 1288 copiosam
1844 1217 1983 1271 sub-

341 1307 640 1372 stantiam,
672 1307 884 1361 divites
907 1305 1067 1361 nullo
1117 1306 1284 1361 modo
1307 1305 1620 1362 excluserit
1651 1309 1753 1360 aut
1774 1304 1856 1359 eis
1891 1321 1984 1360 sa-

341 1398 524 1453 lutem
548 1396 963 1464 intercluserit,
998 1396 1048 1451 si
1081 1397 1255 1453 modo
1291 1397 1520 1468 possint
1558 1413 1624 1451 ac
1668 1395 1848 1451 velint
1903 1396 1986 1448 di-

342 1486 493 1542 vinis
531 1486 815 1541 inclinare
875 1486 1191 1552 mandatis,
1236 1485 1533 1556 vitamque
1583 1501 1748 1540 suam
1811 1483 1985 1538 rebus

344 1574 742 1646 temporaneis
772 1574 1097 1644 praeferant,
1134 1590 1358 1630 necnon
1391 1573 1520 1629 ﬁxis
1569 1572 1626 1628 in
1675 1571 1986 1628 Dominum

2087 506 2318 576 πρῶτοι.
2358 527 2380 554 ι
2415 506 2592 560 Τοῦτο
2633 503 2917 578 πολύχουν
2965 505 3060 576 μὲν
3116 505 3224 560 ἐστι
3281 507 3418 561 κατᾶ
3471 507 3573 576 τὴν
3605 507 3737 563 ὑπό-

2090 611 2239 644 νοιαν
2273 593 2363 646 καὶ
2397 593 2487 647 τὸν
2520 593 2784 670 σοφισμὸν
2820 597 2952 667 (28),
2992 593 3054 648 ού
3105 596 3212 666 μὴν
3263 589 3315 649 ἕν
3364 615 3428 670 γε
3472 599 3553 668 τῷ
3599 616 3740 666 παρ-

2091 678 2204 734 όντι
2237 681 2334 750 τήν
2384 683 2608 752 ζήτησιν
2659 681 2896 738 ἀπαιτεῖ.
2930 682 3008 739 Ού
3038 684 3140 758 γὰρ
3190 683 3353 755 μόνον
3407 683 3556 758 ῥέπει
3605 685 3742 760 πρὸς

2088 767 2214 830 τοὺς
2263 768 2728 844 πολυκτήμονας,
2775 769 2902 826 ἀλλ’
2950 769 3141 834 ἀπλῶς
3195 772 3332 846 πρὸς
3385 772 3619 835 ἅπαντας
3649 773 3740 829 άν-

2092 855 2368 930 θρώπους,
2409 859 2536 922 τοὺς
2564 858 2740 913 πίστει
2795 859 3036 932 καθάπαξ
3095 859 3318 922 ἑαυτοὺς
3375 858 3739 925 ἐπιδιδόντας.

2089 953 2246 1001 Ὥστε
2276 951 2437 1001 τοῦτο
2498 949 2591 1021 μὶν
2645 948 2944 1004 ἀνακείσθω
3002 949 3069 1004 τὰ
3122 953 3236 1005 νῦνο
3277 950 3338 1004 τὸ
3370 947 3428 1005 δὲ
3477 971 3538 1026 γε
3593 971 3737 1026 προ-

2090 1035 2339 1108 κείμενον
2367 1039 2505 1109 ἡμῖν
2537 1038 2689 1110 οἶμαι
2743 1035 2909 1111 μηδὲν
2941 1059 2993 1092 τι
3044 1036 3379 1115 ἐνδεέστερον
3422 1046 3522 1110 τῆς
3574 1039 3744 1116 ἐπαγ-

2092 1122 2279 1200 γελίας
2319 1122 2617 1202 δεδεῖχθαι,
2652 1126 2735 1182 ὅτι
2766 1125 2891 1189 τοὺς
2938 1126 3238 1192 πλουσῖους
3294 1126 3487 1184 οὐδένα
3539 1130 3745 1206 τρόπον

2094 1217 2122 1270 ὁ
2155 1217 2352 1290 Σωτὴρ
2400 1219 2517 1272 κατ’
2567 1217 2729 1272 αὐτόν
2783 1237 2844 1293 γε
2888 1217 2982 1274 τόν
3029 1219 3272 1275 πλοῦτον
3305 1220 3395 1276 καὶ
3427 1222 3527 1290 τήν
3581 1242 3744 1298 περι-

2094 1298 2274 1373 ϐολὴν
2302 1309 2404 1370 τῆς
2451 1307 2697 1376 κτήσεως
2745 1306 3155 1375 ἀποκέκλεικεν,
3205 1305 3324 1364 οὐδ’
3378 1311 3566 1374 αὐτοῖς
3595 1311 3746 1366 ἀπο-

2091 1393 2420 1468 τετάφρευκε
2476 1395 2574 1462 τήν
2631 1394 2927 1470 σωτηρίαν,
2979 1395 3032 1451 εἷ’
3054 1418 3115 1473 γε
3163 1395 3413 1453 δύναιντο
3470 1401 3556 1455 καὶ
3609 1401 3744 1474 βού-

2093 1482 2277 1538 λοιντο
2313 1482 2640 1538 ὑποκύπτειν
2681 1485 2782 1553 τὴν
2823 1485 3024 1541 ἑαυτῶν
3077 1485 3247 1556 ζωὴν,
3295 1491 3393 1542 τοῦ
3443 1492 3577 1543 Θεοῦ
3623 1493 3749 1554 ταῖς

2096 1568 2363 1641 ἐντολαῖς,
2407 1573 2496 1626 καὶ
2544 1577 2652 1628 τῶν
2691 1574 3034 1649 προσκαίρων
3086 1580 3401 1652 προτιμῷεν
3457 1577 3550 1632 καὶ
3610 1575 3749 1652 βλε-

349 1663 702 1729 luminibus,
733 1664 860 1734 ejus
893 1668 955 1717 ut
985 1664 1119 1718 boni
1151 1663 1558 1736 gubernatoris
1583 1666 1794 1717 nutum
1823 1661 1968 1716 avidi

2097 1682 2249 1716 ποιεν
2303 1664 2439 1737 πρὸς
2498 1663 2590 1718 τὸν
2646 1665 2842 1739 Κύριον
2903 1667 3078 1722 ἀτενεῖ
3131 1671 3212 1739 τῷ
3285 1665 3586 1742 βλέμματι,
3643 1689 3751 1724 κα-

351 1752 775 1825 exspectatione
804 1753 1127 1820 attendant,
1183 1752 1319 1822 quid
1371 1751 1532 1821 velit,
1575 1751 1713 1822 quid
1760 1751 1964 1821 jubeat

2100 1751 2266 1825 θάπερ
2326 1751 2400 1813 εἰς
2460 1752 2658 1828 ἀγαθοῦ
2709 1749 3038 1827 κυϐερνήτου
3092 1760 3262 1829 νεῦμα
3319 1753 3658 1830 δεδορκότες,
3690 1759 3748 1812 τὶ

354 1841 495 1914 quid
527 1843 778 1910 mandet,
812 1858 989 1913 quam
1014 1839 1138 1897 suis
1167 1841 1362 1896 nautis
1385 1841 1483 1896 dat
1511 1846 1792 1896 tesseram
1821 1856 1834 1907 ;
1874 1855 1989 1910 quo

347 1931 584 1986 tandem
616 1935 673 1984 et
701 1931 854 1985 unde
885 1947 1119 1985 cursum
1137 1927 1981 2001 navigationisjintendat.Quid

342 2018 497 2073 enim
531 2022 731 2090 peccat
761 2017 975 2090 aliquis
1024 2023 1126 2073 aut
1175 2024 1364 2085 nocet,
1418 2018 1573 2089 quod
1626 2021 1759 2072 ante
1808 2017 1983 2072 fidem

337 2112 668 2179 susceptam
702 2107 965 2162 animum
999 2107 1283 2164 adhibens
1309 2123 1569 2179 ususque
1601 2106 1978 2177 parcimonia,

332 2202 565 2268 quanta:
589 2196 971 2251 sufﬁciantad
997 2196 1304 2251 honestam
1327 2196 1460 2250 vitae
1493 2196 1978 2251 sustentationem

326 2285 441 2340 sibi
474 2284 778 2341 facultates
811 2284 1078 2356 paravit?
1127 2289 1250 2354 aut,
1306 2286 1460 2358 quod
1513 2285 1686 2340 etiam
1723 2301 1755 2339 a
1809 2284 1980 2356 culpa

322 2375 605 2429 remotius
637 2379 745 2445 est,
780 2377 828 2430 si
859 2374 1054 2430 statim
1089 2391 1121 2430 a
1155 2379 1266 2430 Deo
1303 2375 1593 2446 praebente
1618 2374 1974 2438 animam,in

320 2463 563 2518 domum
594 2464 882 2535 ejusmodi
909 2463 1215 2518 hominum
1235 2479 1539 2535 genusque
1562 2463 1864 2534 copiosum
1891 2463 1974 2517 in-

324 2553 664 2622 ductusest,
689 2558 896 2623 potens
927 2553 1152 2608 scilicet
1185 2552 1430 2622 pecunia
1475 2557 1532 2606 et
1575 2552 1794 2607 divitiis
1825 2569 1972 2623 prae-

330 2640 534 2696 stans?
582 2641 640 2695 Si
674 2641 830 2697 enim
861 2643 1084 2710 ejectus
1131 2640 1247 2696 vita
1276 2646 1385 2705 est,
1419 2641 1572 2711 quod
1620 2659 1730 2695 non
1765 2647 1974 2712 sponte

333 2744 442 2783 sua
472 2729 624 2784 inter
653 2729 886 2784 divitias
926 2735 1100 2784 natus
1149 2734 1237 2783 est
1284 2729 1563 2798 injuriam
1614 2733 1766 2784 certe
1793 2747 1826 2784 a
1857 2729 1973 2785 Deo

332 2819 599 2873 Creatore
629 2818 868 2889 patitur,
901 2818 1258 2890 temporaria
1305 2818 1539 2890 quidem
1591 2820 1974 2889 prosperitate

331 2907 606 2974 donatus,
639 2907 756 2963 vita
787 2912 980 2962 autem
1005 2912 1220 2962 teterna
1244 2908 1816 2978 privatus.Quorsum
1841 2925 1973 2964 vero

333 3012 575 3068 prorsus
601 3013 748 3068 opus
779 3001 903 3052 erat
931 3013 1070 3068 opes
1117 3013 1148 3051 e
1194 3003 1346 3052 terra
1395 2996 1704 3066 pullulare,
1737 2997 1782 3050 si
1819 3015 1970 3052 mor-

329 3090 448 3140 tem
478 3085 796 3156 important
816 3086 1064 3157 ejusque
1094 3089 1360 3140 auctores
1393 3086 1722 3141 exsistunt?
1745 3087 1800 3140 Si
1836 3087 1970 3158 quis

2102 1837 2379 1916 βούλεται,
2410 1841 2463 1895 τί
2517 1843 2860 1916 προστάσσει,
2917 1843 2969 1898 τί
2990 1845 3265 1917 σημαίνει,
3311 1845 3364 1899 τί
3401 1841 3593 1902 δίδωσι
3622 1852 3746 1910 τοῖς

2095 1929 2260 1983 αὑτοῦ
2288 1929 2507 1992 ναύταις
2537 1931 2599 1986 τὸ
2630 1933 2902 2006 σύνθημα,
2945 1938 3049 1988 ποῦ
3080 1933 3168 1988 καὶ
3217 1933 3376 1989 πόθεν
3425 1937 3518 1991 τὸν
3565 1935 3744 2012 ὅρμον

2093 2016 2504 2094 ἐπαγγέλλεται.
2560 2020 2612 2074 τί
2667 2021 2767 2096 γὰρ
2826 2019 3002 2076 ἀδικεῖ
3051 2044 3156 2095 τις,
3190 2023 3235 2077 εἰ
3292 2024 3582 2101 προσέχων
3637 2027 3744 2095 τήν

2090 2108 2343 2182 γνώμην,
2375 2109 2463 2162 καὶ
2495 2107 2816 2186 φειδόμενος
2861 2112 2966 2186 πρὸ
2994 2118 3097 2181 τῆς
3144 2112 3398 2182 πίστεως,
3449 2115 3569 2190 βίον
3619 2115 3748 2170 ἱκα-

2087 2196 2174 2251 νὸν
2208 2194 2522 2267 συνελέξατο
2556 2219 2570 2268 ;
2617 2200 2651 2269 ἢ
2680 2199 2772 2253 καὶ
2801 2200 2864 2254 τὸ
2893 2200 3092 2255 τούτου
3143 2199 3357 2275 μᾶλλον
3405 2201 3749 2280 ἀνέγκλητον

2088 2285 2131 2339 εἰ
2191 2283 2346 2349 εύθὺς
2399 2286 2502 2340 ὑπό
2549 2291 2644 2342 τοῦ
2702 2293 2834 2343 Θεοῦ
2910 2290 3011 2358 τὴν
3077 2292 3262 2365 ψυχὴν
3315 2290 3602 2365 νέμοντος,
3662 2292 3747 2357 εἷς

2087 2374 2232 2429 οἶκον
2291 2374 2554 2429 τοιούτων
2626 2377 2922 2452 ἀνθρώπων
2980 2378 3270 2452 εἰσῳκίσθη
3335 2377 3488 2455 γένος
3564 2382 3748 2460 ἀμφι-

2088 2461 2277 2541 λαφὲς,
2309 2469 2426 2528 τοῖς
2481 2467 2762 2540 χρήμασιν
2825 2465 3016 2541 ἰσχύον
3074 2467 3166 2522 καὶ
3212 2472 3292 2539 τῷ
3329 2467 3560 2542 πλούτῳ
3605 2491 3746 2546 κραο

2082 2556 2208 2606 τοῦν
2239 2571 2252 2621 ;
2288 2553 2350 2609 Εἰ
2379 2554 2480 2630 γὰρ
2532 2552 2620 2609 διὰ
2674 2555 2772 2624 τήν
2829 2554 3082 2611 ἀκούσιον
3137 2555 3189 2611 ἐν
3244 2556 3472 2631 πλούτῳ
3524 2558 3735 2633 γένεσιν

2085 2640 2405 2712 ἀπελήλατο
2467 2648 2635 2713 ζωῆς,
2693 2641 2956 2699 ἀδικεῖται
2994 2644 3208 2718 μᾶλλον
3243 2646 3346 2701 ὑπὸ
3399 2651 3497 2702 τοῦ
3548 2668 3732 2722 γεινα-

2087 2731 2251 2802 μένου
2303 2736 2457 2801 Θεοῦ,
2530 2732 2867 2807 προσκαίρου
2927 2734 3020 2806 μὲν
3079 2732 3409 2804 ἡδυπαθείας
3463 2737 3734 2807 κατηξιω-

2087 2819 2271 2891 μὲνος,
2319 2817 2496 2876 ἀϊδίου
2547 2817 2604 2876 δὲ
2657 2827 2803 2891 ζωῆς
2856 2822 3314 2897 ἀπεστερημένος.
3365 2823 3428 2879 Τί
3475 2821 3534 2880 δὶ
3581 2824 3732 2890 ὅλως

2082 2913 2320 2962 πλοῦτον
2380 2909 2549 2985 ἐχρῆν
2602 2910 2663 2964 ἐκ
2717 2917 2818 2985 γῆς
2871 2911 3146 2969 ἀνατεῖλαι
3207 2933 3360 2985 ποτε,
3394 2913 3437 2967 εἰ
3487 2915 3734 2991 χορηγὸς

2079 2995 2169 3050 καὶ
2202 2998 2460 3070 πρόξενός
2489 2998 2599 3054 ἐστι
2647 2998 2877 3054 θανάτου
2911 3019 2924 3070 ;
2973 2999 3136 3055 Ἀλλ’
3163 3001 3208 3056 εἰ
3241 2998 3464 3056 δύναταί
3517 3023 3598 3065 τις
3643 3001 3729 3057 ἐν·

2082 3080 2287 3159 δοτέρω
2317 3090 2423 3139 τῶν
2475 3085 2832 3161 ὑπαρχόντων
2882 3085 3147 3161 κάμπτειν
3191 3095 3292 3158 τῆς
3343 3087 3604 3159 ἐξουσίας,
3635 3091 3735 3145 καὶ

327 3147 784 3244 tamen,quibus
816 3147 999 3228 fultus
1028 3174 1248 3229 divitiis
1279 3181 1389 3241 est,
1421 3175 1491 3228 de
1525 3175 1780 3245 potentia
1802 3147 1968 3231 dece-

2083 3169 2273 3245 μὶἐτρια
2332 3179 2568 3250 φρονεῖν,
2621 3174 2711 3228 καὶ
2769 3182 3087 3251 σωφρονεῖν,
3128 3177 3219 3232 καὶ
3256 3177 3385 3232 Θεὸν
3421 3173 3583 3250 μόνον
3621 3184 3735 3249 ζη-

323 3261 459 3317 dere
489 3261 872 3334 animumque
904 3262 1130 3318 ﬂectere
1180 3267 1407 3334 potest;
1457 3267 1515 3318 et
1559 3263 1820 3318 modeste
1878 3282 1970 3319 sa-

325 3364 461 3420 pere
492 3355 667 3421 atque
700 3350 935 3406 sobrius
965 3367 1114 3417 esse,
1157 3351 1460 3424 Deumque
1496 3369 1677 3407 unum
1712 3369 1969 3423 quaerere

323 3452 389 3491 ac
423 3441 599 3492 Deum
645 3437 938 3505 anhelare,
997 3443 1054 3494 et
1109 3455 1240 3494 cum
1295 3441 1410 3496 Deo
1467 3442 1968 3497 conversationem

324 3525 538 3580 habere
567 3542 579 3581 :
616 3525 705 3580 hic
740 3543 958 3598 pauper
990 3533 1196 3599 priesto
1231 3528 1520 3584 mandatis
1551 3533 1658 3600 est,
1687 3529 1852 3595 liber,
1880 3531 1968 3584 in-

325 3614 538 3680 victus,
582 3615 744 3669 nulla
801 3615 1074 3671 laborans
1123 3617 1490 3689 aegritudine,
1539 3618 1700 3673 nullo
1748 3636 1816 3673 ex
1865 3635 1967 3690 pe-

327 3701 518 3756 cuniis
552 3701 806 3758 vulnere.
838 3705 934 3760 Sin
969 3705 1187 3773 minus,
1223 3730 1248 3756 «
1287 3706 1516 3762 facilius
1559 3707 1818 3762 camelus
1868 3725 1969 3778 per

328 3806 495 3845 acum
532 3791 1093 3865 ingredietur,quam
1122 3794 1281 3850 dives
1313 3796 1601 3866 ejusmodi
1635 3797 1877 3852 intrabit
1906 3797 1964 3852 in

326 3895 569 3949 regnum
602 3880 1026 3954 ccelorum(b).»
1051 3883 1227 3939 Porro
1259 3886 1434 3939 etiam
1451 3885 1627 3940 altius
1658 3885 1961 3958 quidpiam

321 3966 611 4039 signiticet
657 3970 938 4040 camelus,
989 3989 1088 4043 per
1139 3976 1358 4028 arctam
1405 3988 1470 4028 ac
1518 3980 1962 4045 coangustatam

317 4055 467 4112 viam
499 4063 872 4115 antevertens
903 4060 1173 4130 divitem;
1206 4063 1360 4133 quod
1390 4063 1707 4119 Salvatoris
1741 4069 1962 4135 myste-

311 4145 524 4202 terium
558 4148 616 4203 in
653 4148 1021 4219 Expositione
1070 4150 1492 4223 principiorum
1553 4157 1610 4207 et
1651 4152 1957 4224 theologia;

311 4234 650 4292 condiscere
679 4237 830 4293 licet.

383 4324 604 4382 XXVII.
637 4325 850 4382 Verum
880 4343 1242 4399 exponamus
1277 4329 1533 4399 primum
1565 4331 1634 4386 de
1675 4331 1954 4402 parabola

317 4415 469 4484 quod
501 4414 657 4470 illius
690 4416 1073 4489 conspicuum
1117 4424 1226 4488 est,
1259 4423 1313 4473 et
1338 4420 1506 4488 cujus
1563 4421 1752 4491 gratia
1802 4421 1952 4476 dicta

2076 3266 2212 3332 τεῖν,
2251 3262 2341 3316 καὶ
2390 3262 2518 3317 Θεὸν
2561 3262 2835 3335 ἀναπνεῖν,
2887 3264 2976 3319 καὶ
3033 3270 3151 3338 Θεῷ
3209 3264 3728 3342 συμπολιτεύεσθαι,

2077 3350 2301 3423 πτωχὸς
2364 3349 2518 3413 οὗτος
2571 3350 2875 3426 παρέστηκε
2929 3357 3048 3415 ταῖς
3097 3353 3358 3426 ἐντολαῖς,
3419 3354 3732 3430 ἐλεύθερος,

2078 3436 2370 3510 ἀήττητος,
2405 3439 2617 3506 ἄνοσος,
2649 3436 2892 3510 ἄτρωτος
2938 3441 3040 3496 ὑπὸ
3080 3442 3400 3517 χρημάτων.
3437 3443 3500 3500 Εἴ
3532 3441 3590 3498 δὲ
3623 3445 3731 3517 μή,

2080 3550 2106 3577 (ί
2142 3528 2331 3581 θᾶττον
2360 3526 2614 3600 κάμηλος
2643 3525 2751 3585 δια.
2789 3527 3020 3605 βελόνης
3065 3528 3446 3604 εἰσελεύσεται,
3477 3534 3512 3604 ἢ
3546 3533 3576 3588 ὁ
3603 3553 3731 3589 τοι-

2078 3618 2235 3676 οὗτος
2276 3614 2541 3678 πλούσιος
2595 3615 2680 3671 ἐπὶ
2729 3618 2828 3687 τὴν
2895 3617 3168 3696 βασιλείαν
3217 3625 3312 3674 τοῦ
3364 3622 3498 3676 Θεοῦ
3555 3643 3726 3698 παρε-

2078 3701 2346 3761 λεύσεται.
2381 3729 2408 3757 ››
2466 3706 2788 3779 Σημαινὲτω
2839 3709 2932 3780 μὲν
2984 3706 3076 3763 οῦν
3129 3729 3179 3763 τι
3231 3710 3321 3764 καὶ
3376 3708 3722 3786 ὑψηλότερον

2075 3795 2110 3861 ἡ
2141 3792 2421 3866 κάμηλος,
2471 3792 2562 3850 διὰ
2611 3799 2800 3865 στενῆς
2859 3793 2987 3852 ὁδοῦ
3032 3797 3122 3852 καὶ
3173 3795 3549 3872 τεθλιμμένης
3584 3799 3723 3878 φθά·

2074 3902 2240 3936 νουσα
2269 3884 2360 3938 τὸν
2393 3883 2679 3954 πλούσιον,
2712 3886 2843 3954 ὅπερ
2877 3885 2929 3940 ἐν
2980 3893 3046 3956 τῆ
3103 3888 3289 3962 ἀρχῶν
3476 3888 3566 3943 καὶ
3594 3899 3720 3952 θεο-

2076 3968 2266 4045 λογίας
2326 3972 2579 4047 ἐξηγήσει
2633 3975 2932 4048 μυστήριον
2988 3979 3086 4030 τοῦ
3146 3982 3406 4051 Σωτῆρος
3483 3977 3724 4054 ὑπάρχει

2076 4066 2285 4132 μαθεῖν.

2137 4332 2256 4388 ΚΖ’.
2289 4329 2366 4387 Ού
2401 4333 2508 4403 μὴν
2567 4330 2714 4387 ἀλλὰ
2755 4332 2818 4388 τό
2853 4353 2913 4408 γε
2944 4332 3268 4412 φαινόμενον
3323 4338 3566 4409 πρῶτον,
3625 4336 3719 4392 καὶ

2063 4417 2130 4473 δι’
2171 4418 2205 4474 6'
2254 4416 2528 4488 λέλεκται,
2588 4426 2689 4490 τῆς
2748 4415 3075 4494 παραϐολῆς
3139 4424 3489 4498 παρεχέσθω.
3549 4421 3719 4478 Διδα-

316 4503 445 4558 fuit.
470 4505 683 4560 Doceat
706 4504 1022 4578 locupletes
1049 4507 1204 4562 haud
1244 4507 1650 4580 ncgligendam
1676 4509 1944 4578 salutem,

2083 4509 2232 4563 τκὲτω
2260 4509 2352 4570 τῦς
2402 4507 2762 4584 εὐποροῦντας
2811 4509 2886 4571 ὡς
2935 4508 3033 4565 οὐκ
3079 4509 3384 4583 ἀμελητεον
3433 4519 3534 4582 τῆς
3585 4513 3715 4567 ἔαυ-

315 4594 482 4664 quasi
516 4595 644 4665 ejus
668 4597 791 4666 jam
825 4612 957 4666 spes
991 4595 1184 4651 omnis
1232 4595 1349 4652 illis
1399 4596 1632 4652 sublata
1681 4597 1794 4665 sit;
1851 4615 1953 4654 nec

2061 4602 2168 4652 τῶν
2204 4596 2494 4671 σωτηρίας,
2539 4597 2614 4661 ὡς
2661 4595 2770 4668 ἤδη
2819 4599 3422 4673 προκατεγνωσμὲνους,
3455 4598 3579 4656 οὐδὲ
3608 4622 3711 4656 γα-

312 4697 444 4737 vero
477 4699 681 4739 rursus
729 4699 869 4755 opes
925 4685 1126 4757 pelago
1180 4686 1528 4757 mergendas
1578 4692 1679 4741 aut
1728 4688 1952 4758 impro-

2083 4685 2439 4741 ταποντιστέον
2469 4688 2581 4760 (30)
2623 4687 2685 4740 αὖ
2729 4683 2897 4741 πάλιν
2943 4687 3034 4742 τὸν
3075 4686 3334 4758 πλοῦτον,
3373 4686 3496 4744 ο³ύτε
3542 4710 3708 4745 κατα-

310 4772 553 4837 bandas.
589 4773 756 4844 quasi
788 4774 851 4838 ᾖ(
879 4773 1005 4830 vita:
1038 4774 1383 4830 insidiantes
1419 4780 1476 4830 et
1517 4775 1783 4831 inimicas
1810 4795 1821 4831 :
1846 4777 1947 4832 sed

308 4862 678 4933 discendum,
712 4867 1004 4935 quomodo
1033 4882 1222 4936 quave
1245 4868 1470 4922 ratione
1495 4867 1612 4922 illis
1638 4869 1944 4936 utendum,

305 4957 363 5008 et
393 4959 456 5008 ut
487 4955 600 5009 vita
630 4954 1024 5024 comparanda
1054 4954 1145 5009 sit.
1181 4955 1323 5010 Nam
1350 4957 1487 5027 quia
1545 4973 1656 5011 non
1703 4959 1942 5013 omnino

299 5042 448 5114 perit
469 5043 624 5113 quis,
648 5045 863 5097 timens
887 5043 1025 5113 quia
1046 5043 1204 5098 dives
1229 5044 1325 5112 sit,
1351 5062 1455 5099 nec
1481 5045 1718 5100 omnino
1742 5046 1941 5103 salvus

296 5137 407 5200 est,
433 5149 498 5188 ea
520 5133 734 5187 ﬁducia
755 5148 822 5186 ac
845 5148 967 5204 spe,
1003 5149 1117 5204 qua
1141 5149 1200 5187 se
1233 5133 1459 5187 salvum
1498 5135 1615 5188 fore
1649 5134 1891 5189 confidit
1925 5152 1936 5191 :

360 5305 424 5370 ιι(
453 5301 511 5357 P.
544 5302 645 5356 941
681 5301 788 5358 ED.
821 5300 1119 5357 POTTER.
1234 5302 1310 5373 (a)
1341 5302 1517 5359 Marc.
1550 5320 1606 5376 x,
1637 5304 1727 5358 31.

367 5472 812 5552 ’Σοιρισμόψ
855 5479 966 5532 Seu
1013 5473 1377 5552 σαφηνισμόν,
1408 5501 1435 5527 ‹‹
1469 5477 1939 5551 explicationem,

295 5541 833 5602 dil‘ucidati'ouem.»

367 5613 480 5686 (29)
514 5611 609 5664 Καὶ
643 5612 784 5666 θεολ..
813 5618 1000 5688 Hujus
1029 5617 1165 5673 libri
1191 5619 1408 5678 mentio
1452 5620 1702 5680 habetur
1732 5622 1938 5696 Slrom2

2053 5617 2223 5694 Iophi
2256 5618 2578 5691 historiam,
2601 5633 2779 5691 quam
2808 5618 2938 5677 vide
2963 5617 3022 5676 in
3054 5617 3310 5695 Diogene
3336 5617 3580 5694 Laertia.
3602 5669 3624 5696 ε
3659 5659 3712 5696 ,α

2059 4774 2334 4831 δικαστὲον
2397 4777 2470 4837 ὡς
2544 4778 2644 4844 τῆς
2693 4781 2838 4846 ζωῆς
2894 4771 3188 4832 ἐπίϐουλον
3246 4777 3336 4831 καὶ
3408 4776 3704 4851 πολέμιον·

2058 4863 2203 4920 ἀλλᾶ
2237 4865 2505 4938 μαθητὲον
2555 4863 2673 4920 τίνα
2717 4864 2920 4942 τρόπον
2968 4865 3056 4920 καῖ
3107 4869 3224 4927 πῶς
3279 4865 3505 4940 μλούτῳ
3554 4887 3705 4943 χρη-

2055 4957 2229 5020 στέον,
2263 4956 2478 5023 καῖτήν
2538 4956 2683 5025 ζωήν
2740 4955 2988 5024 κτητέον.
3023 4951 3245 5023 Ἐπειδή
3304 4955 3404 5029 κὰρ
3464 4953 3588 5011 οὕτε
3644 4955 3705 5011 ἐκ

2052 5044 2252 5106 παντὸς
2283 5041 2591 5097 ἀπόλλυταί
2640 5063 2742 5110 τις,
2803 5043 2887 5098 ὅτι
2943 5041 3173 5097 πλουτεῖ
3223 5039 3439 5113 δεδιὼς,
3500 5041 3622 5100 οὔτε
3643 5043 3704 5100 ἐκ

2050 5134 2249 5194 παντὸς
2293 5134 2519 5200 σώζεται
2571 5131 2786 5209 θαρρῶν
2843 5132 2933 5187 καὶ
2994 5130 3260 5187 πιστεύων
3319 5133 3396 5195 ὡς
3453 5135 3704 5204 σωθήσε-

1840 5305 1916 5378 (b)
1951 5303 2099 5364 Ibid.
2130 5304 2220 5358 25.

2048 5491 2093 5548 η
2119 5475 2175 5548 3,
2203 5477 2362 5532 FELL.

2122 5525 2772 5632 ῐεξιξῇῐοξταττοντιστέον.
2846 5546 3119 5632 Respicit
3179 5548 3428 5632 antqua
3485 5525 3689 5632 ‘philo-
