4078 6146
390 326 498 384 633

1541 320 1758 376 LIBER
1793 320 1968 386 QUIS
2001 320 2220 376 DIVEB
2255 323 2640 384 BALVBTUB

3698 327 3807 387 63$

391 470 525 506 ται·
577 447 707 527 φέρε
770 443 1029 503 σκεπτέον
1079 443 1147 513 ἥν
1197 463 1318 498 τινα
1363 463 1464 512 την
1514 439 1714 498 ἐλπίδα
1771 441 1959 503 αὐτοῖς
2017 442 2037 495 ὁ

2158 459 2264 517 age
2293 448 2758 518 consideremus,
2798 467 2976 524 quam
3007 451 3126 508 illis
3157 466 3324 524 spem
3368 449 3631 509 Salvator
3659 470 3806 526 prm-

392 540 591 614 Σωτήρ
630 536 980 611 ὑπογράφει,
1011 531 1101 588 καὶ
1153 537 1270 593 πῶς
1332 530 1391 586 ἂν
1452 531 1516 586 τὸ
1571 533 1666 604 μὲν
1725 528 2050 586 ἀνέλπιστον

389 627 652 705 ἐχέγγυον
709 624 943 698 γένοιτο,
995 623 1058 677 τὸ
1129 619 1186 676 δὲ
1253 619 1499 676 ἐλπισθὲν
1561 618 1638 681 είς
1685 625 1875 688 κτῆσιν
1929 617 2054 697 ἀφί-

389 738 568 774 κοιτο.
604 714 774 788 Φησὶν
838 713 931 768 οὗν
981 713 1010 768 ὁ
1062 707 1409 781 διδάσκαλος,
1437 710 1522 770 τίς
1570 711 1606 779 ἡ
1652 708 1882 784 μεγίστη
1944 711 2051 762 τῶν

389 805 661 874 ἐντολῶν,
692 800 1052 874 ἠρωτημένος
1085 816 1097 828 ·
1133 823 1161 852 ‹‹
1198 800 1529 875 Ἀγαπήσεις
1567 798 1657 853 τὸν
1704 795 1904 871 Κύριον
1960 796 2052 850 τὸν

394 894 528 950 Θεόν
591 914 687 948 σου
745 891 795 964 ἐξ
850 888 984 960 ὅλης
1034 894 1134 958 τῆς
1181 890 1368 963 ψυχῆς
1401 908 1518 955 σου,
1553 886 1641 942 καὶ
1673 885 1722 960 ἐξ
1757 883 1895 955 ὅλης
1954 892 2055 954 τῆς

398 981 684 1055 δυνάμεώς
713 1001 827 1036 σου.
858 1000 886 1033 ι
923 975 1142 1047 Ταύτης
1175 977 1347 1050 μείζω
1381 972 1655 1049 μηδεμίαν
1709 975 1937 1044 ἐντολὴν
1991 976 2058 1030 εἴ·

397 1094 486 1129 ναι
522 1093 536 1105 ·
569 1072 658 1126 καὶ
693 1068 840 1144 μάλα
869 1068 1094 1132 εἰκότως
1126 1088 1139 1101 ·
1172 1067 1260 1122 καὶ
1289 1067 1392 1143 γὰρ
1420 1065 1509 1121 καὶ
1541 1065 1666 1140 περὶ
1696 1069 1794 1120 τοῦ
1833 1066 2056 1142 πρώτου

397 1163 489 1220 καὶ
519 1162 640 1235 περὶ
674 1162 769 1215 τοῦ
801 1157 1063 1233 μεγίστου
1091 1154 1494 1232 παρήγγελται,
1522 1154 1685 1210 αὐτοῦ
1743 1160 1848 1210 τοῦ
1893 1162 2054 1215 Θεοῦ,

397 1251 611 1326 Πατρὸς
663 1251 850 1322 ἡμῶν,
883 1244 956 1302 δι’
986 1247 1047 1302 οὗ
1105 1245 1195 1300 καὶ
1239 1243 1428 1322 γέγονε
1483 1247 1572 1300 καὶ
1620 1242 1828 1301 ἔστιτά
1857 1246 2053 1318 πάντα,

392 1341 487 1396 καὶ
545 1339 626 1402 εἷς
685 1338 743 1392 ὃν
787 1338 856 1393 τὰ
908 1337 1194 1409 σωζόμενα
1248 1335 1414 1392 πάλιν
1491 1334 1866 1410 ἐπανέρχεται.
1923 1336 2053 1391 Ὑπὸ

385 1427 586 1484 τούτου
615 1425 797 1482 τοίνυν
829 1425 1328 1502 προαγαπηθέντας
1357 1424 1448 1479 καὶ
1503 1427 1601 1478 τοῦ
1652 1423 1902 1498 γενέσθαι
1958 1445 2055 1479 τυ-

389 1518 590 1594 χόντας
635 1516 746 1592 οὐχ
794 1516 942 1570 ὅσιον
997 1513 1198 1570 ἄλλοτι
1247 1507 1614 1590 πρεσϐύτερον
1648 1511 1796 1588 ἂίγειν
1828 1512 1918 1568 καὶ
1971 1534 2057 1569 τι-

397 1609 705 1681 μιώτερον·
740 1604 1044 1667 ἐκτίνοντας
1099 1604 1272 1677 μόνην
1330 1605 1428 1672 τὴν
1493 1601 1656 1679 χάριν
1712 1601 1913 1674 ταύτην
1963 1626 2056 1676 μι-

399 1696 532 1770 κρὰν
564 1695 650 1750 ἐπὶ
677 1695 980 1770 μεγίστοις,
1009 1689 1151 1749 ἄλλο
1187 1690 1244 1748 δὲ
1287 1689 1585 1765 μηδοτιοῦν
1629 1687 1856 1768 ἔχοντας
1900 1694 2051 1749 ἀνεν-

2165 535 2419 607 scribat;
2455 543 2510 594 et
2542 556 2658 611 qua
2685 540 2822 596 item
2862 543 3086 598 ratione
3110 543 3266 613 quod
3297 547 3461 599 extra
3479 559 3645 615 spem
3678 545 3800 601 fore

2164 623 2414 693 videtur,
2447 627 2708 700 pignoris
2727 629 2851 685 loco
2883 631 3003 702 fiat,
3035 632 3311 703 quodque
3340 631 3442 688 illa
3482 632 3708 700 nititur,
3743 633 3802 689 in

2167 713 2539 784 adeptionem
2561 723 2782 775 evadat.
2820 720 2914 777 Ait
2943 720 3126 791 igitur
3157 721 3458 794 magister,
3492 723 3806 795 interroga-

2167 805 2288 868 tus,
2319 806 2472 875 quod
2502 807 2578 862 sit
2604 808 2927 864 maximum
2946 810 3376 879 mandatorum,
3399 833 3426 860 «
3454 811 3672 883 Diliges
3696 813 3807 868 Do-

2168 891 2391 946 minum
2425 895 2610 950 Deum
2628 913 2696 952 ex
2726 901 2852 952 tota
2881 899 3079 952 anima
3100 903 3219 964 tua,
3250 902 3308 953 et
3335 914 3402 953 ex
3434 903 3556 954 tota
3588 899 3803 956 virtute

2166 983 2267 1035 tua
2289 982 2389 1052 (a).
2421 1003 2442 1030 ‹
2470 983 2585 1038 Hoc
2605 985 2834 1040 nullum
2863 1002 2991 1041 esse
3019 987 3207 1055 majus
3222 988 3585 1056 mandatum;
3610 990 3806 1057 etjure

2168 1069 2406 1139 quidem
2438 1073 2661 1143 optimo
2694 1090 2707 1129 :
2742 1091 2874 1130 nam
2909 1083 2964 1130 et
2992 1075 3063 1130 de
3095 1077 3282 1146 primo
3315 1077 3687 1149 maximoque
3719 1078 3807 1133 la-

2167 1160 2294 1213 tum
2330 1163 2668 1218 mandatum
2699 1168 2808 1234 est,
2841 1165 2913 1220 de
2942 1166 3068 1236 ipso
3118 1165 3396 1222 nimirum
3445 1165 3584 1234 Deo,
3639 1167 3806 1224 Patre

2146 1252 2386 1317 nostro,
2420 1267 2523 1320 per
2542 1267 2715 1322 quem
2741 1253 2892 1308 facta
2916 1258 3055 1308 sunt
3075 1259 3250 1325 atque
3275 1254 3565 1310 exsistunt
3582 1255 3801 1322 omnia,

2165 1342 2223 1390 et
2251 1338 2322 1393 ad
2356 1355 2528 1410 quem
2554 1357 2762 1397 rursus
2791 1347 3163 1399 revertuntur
3183 1361 3310 1416 qum
3341 1345 3488 1400 ﬁunt
3515 1346 3798 1402 salva.Ab

2165 1423 2275 1480 hoc
2307 1426 2488 1498 igitur
2525 1433 2659 1485 ante
2685 1429 2931 1486 dilectos
2978 1436 3035 1486 et
3083 1433 3372 1500 conditos,
3426 1435 3588 1490 nefas
3642 1433 3796 1489 aliud

2166 1514 2397 1584 quidvis
2429 1517 2726 1588 antiquius
2757 1520 2968 1576 ducere
3003 1537 3071 1577 ac
3101 1520 3469 1592 praetantius,
3514 1539 3691 1593 quam
3739 1527 3806 1578 ut

2165 1603 2316 1659 hanc
2347 1605 2632 1663 duntaxat
2660 1610 2927 1680 exiguam
2969 1611 3214 1680 gratiam
3249 1611 3637 1667 maximorum
3671 1628 3798 1668 mu-

2165 1708 2367 1749 nerum
2400 1701 2568 1765 grata
2598 1696 2718 1752 vice
2748 1699 3091 1767 referamus,
3124 1715 3254 1754 cum
3311 1700 3456 1756 nihil
3498 1699 3658 1756 aliud
3701 1717 3803 1756 ex-

405 1784 515 1842 δεεῖ
560 1783 648 1840 καὶ
691 1781 892 1856 τελείῳ
950 1786 1068 1855 Θεῷ
1104 1782 1240 1858 πρὸς
1271 1776 1510 1854 ἀμοιϐὴν
1545 1779 1868 1884 ἐπινοῆσαι·
1905 1783 2037 1884 αύτᾷ

2161 1783 2406 1853 cogitari
2462 1785 2671 1855 possit,
2719 1787 2872 1857 quod
2932 1787 3156 1843 nullius
3202 1789 3392 1860 egenti
3447 1805 3514 1844 ac
3546 1789 3801 1860 perfecto

401 1871 458 1929 δὲ
500 1878 579 1945 τῷ
628 1873 836 1949 ἀγαπᾷν
887 1872 979 1926 τὸν
1037 1871 1245 1946 Πατέρα
1297 1869 1372 1932 εἷς
1405 1869 1607 1924 οἴκιίαν
1641 1869 1797 1944 ἰσχὺν
1830 1873 1920 1926 καὶ
1955 1869 2052 1927 δύ-

397 1983 581 2036 ναμιν,
643 1959 958 2035 ἀφθαρσίαν,
1017 1959 1432 2033 νομιζομένους.
1490 1961 1658 2015 ’Όσον
1713 1960 1814 2034 γὰρ
1874 1961 2052 2035 ἀγαπᾷ

393 2074 477 2118 τις
527 2051 622 2106 τὸν
671 2051 823 2122 Θεὸν,
853 2048 1098 2122 τοσούτῳ
1127 2047 1216 2103 καὶ
1251 2046 1417 2103 πλέον
1450 2045 1712 2124 ἐνδοτέρω
1756 2053 1853 2104 τοῦ
1912 2055 2046 2106 Θεοῦ

392 2136 748 2215 παραδύεται.

459 2316 585 2372 KE'.
635 2315 893 2391 Δευτέραν
940 2311 997 2370 δὲ
1036 2314 1205 2386 τάξει,
1252 2313 1340 2370 καὶ
1395 2312 1548 2370 οὐδέν
1605 2335 1660 2370 τι
1716 2317 2039 2390 μικροτέραν

388 2404 587 2476 ταύτης
621 2405 754 2460 εἶναι
799 2402 966 2479 λέγει,
993 2405 1056 2459 τὸ
1089 2427 1118 2455 ‹‹
1151 2405 1484 2480 Ἀγαπήσεις
1528 2404 1621 2460 τὸν
1661 2405 1902 2477 πλησίον
1943 2426 2038 2461 σου

390 2495 463 2559 ὡς
492 2492 716 2549 σεαυτόν
754 2513 768 2527 ο
802 2516 836 2545 »ι
865 2492 1058 2548 οὐκοῦν
1113 2494 1200 2548 τὸν
1261 2493 1388 2548 Θεὸν
1454 2493 1585 2568 ὑπὲρ
1620 2494 1862 2552 σεαυτόν.
1899 2498 2038 2552 Πυν-

389 2582 690 2657 θανομένου
720 2580 778 2637 δέ
804 2586 901 2637 τοῦ
958 2579 1524 2658 προσδιαλεγομένου,
1553 2605 1581 2633 ››
1612 2581 1708 2645 Τίς
1767 2582 1877 2638 ἐστί
1930 2605 2036 2657 μου

386 2671 665 2744 πλησίον;
721 2671 782 2726 οὺ
834 2669 926 2726 τᾶν
984 2672 1140 2726 αὐτὸν
1190 2671 1395 2745 τρόπον
1453 2668 1738 2736 Ἰουδαίοις
1791 2672 2033 2748 προωρί-

388 2782 516 2817 σατο
565 2760 658 2816 τὸν
709 2760 843 2837 πρὸς
897 2752 1151 2833 αἳματος,
1185 2757 1314 2814 οὐδὲ
1367 2760 1456 2814 τὸν
1493 2758 1754 2831 πολίτην,
1781 2758 1905 2816 οὐδὲ
1940 2763 2031 2817 τὸν

390 2849 765 2925 προσήλυτον,
799 2846 924 2904 οὐδὲ
969 2849 1062 2904 τὸν
1109 2848 1319 2923 ὁμοίως
1372 2848 1863 2924 περιτετμημένον,
1905 2848 2034 2907 ούδέ

389 2939 482 2994 τὸν
513 2940 586 2994 ἐνὶ
615 2939 704 2994 καὶ
729 2939 910 3009 ταύτῷ
938 2937 1094 3012 νόμῳ
1123 2938 1414 3012 χρώμενον
1449 2957 1462 2969 ·
1495 2936 1639 2994 ἀλλά
1687 2936 1886 2996 ἄνωθεν
1935 2963 2032 2996 κα-

387 3022 704 3083 ταϐαίνοντα
730 3025 835 3082 ἀπὸ
866 3023 1234 3103 Ἰερουσαλὴμ
1288 3027 1409 3102 ἄγει
1456 3030 1536 3099 τῷ
1588 3025 1737 3104 λόγῳ
1783 3030 1904 3083 τινὶ
1955 3029 2033 3093 εἷς

384 3116 623 3192 Ἰεριχὼ,
655 3115 952 3171 καὶτοῦτον
989 3113 1254 3171 δείκνυσιν
1287 3115 1391 3170 ὑπὸ
1439 3113 1651 3190 λῃστῶν
1681 3136 2034 3192 συγκεκεντη-

2159 1870 2275 1926 Deo
2307 1873 2549 1943 rependi
2579 1891 2613 1930 a
2643 1874 2812 1930 nobis
2838 1875 3044 1946 possit:
3076 1877 3322 1949 ipsaque
3353 1893 3420 1934 ea
3442 1878 3666 1933 ratione
3683 1895 3802 1950 qua

2157 1959 2387 2016 Patrem
2419 1961 2746 2034 diligimus,
2779 1969 3001 2035 quanta
3031 1965 3217 2021 virtus
3237 1982 3303 2021 ac
3334 1966 3577 2022 facultas
3601 1968 3804 2034 est,in-

2156 2050 2546 2120 corruptionis
2607 2068 2821 2108 munus
2870 2070 3323 2125 consequamur.
3368 2057 3595 2119 Quanto
3640 2056 3799 2112 enim

2153 2136 2254 2209 qui
2286 2138 2542 2210 amplius
2578 2141 2755 2196 Deum
2789 2140 3000 2214 diligit,
3029 2147 3194 2198 tanto
3223 2141 3284 2198 in
3310 2142 3491 2200 Deum
3524 2144 3796 2202 intimius

2151 2225 2321 2296 quasi
2354 2229 2637 2298 pervadit.

2219 2315 2374 2371 848
2406 2317 2666 2375 XXVIII.
2697 2318 2965 2375 Alterum
2997 2323 3194 2376 autem
3227 2319 3453 2386 ordine,
3485 2337 3589 2378 nec
3619 2321 3791 2392 quid-

2147 2417 2325 2474 quam
2351 2405 2542 2476 priore
2573 2407 2773 2462 miuus
2801 2407 2884 2464 ait
2923 2424 3052 2464 esse
3082 2409 3428 2465 mandatum
3463 2426 3476 2464 :
3511 2431 3539 2459 ‹‹
3568 2410 3791 2484 Diliges

2147 2492 2476 2562 proximum
2510 2499 2678 2551 tuum
2697 2497 3120 2569 sicutteipsum
3141 2497 3242 2568 (ὁ).
3267 2518 3295 2548 ››
3317 2498 3466 2570 Ergo
3479 2499 3660 2555 Deum
3681 2516 3788 2556 su-

2144 2595 2252 2656 pra
2275 2581 2554 2654 teipsum.
2588 2584 2967 2642 Percontante
3005 2594 3198 2642 autem
3249 2604 3338 2654 eo,
3393 2604 3649 2659 quocum
3699 2589 3786 2645 illi

2143 2684 2333 2728 sermo
2359 2687 2370 2725 :
2400 2693 2428 2722 «
2446 2672 2656 2745 thuis
2676 2679 2766 2730 est
2788 2690 2954 2731 meus
2978 2675 3418 2748 proximus(c)?»
3442 2694 3554 2734 non
3579 2679 3784 2735 eodem

2146 2760 2336 2829 modo,
2361 2777 2475 2831 quo
2512 2761 2722 2828 Judaei,
2753 2763 3017 2820 deﬁnivit
3047 2764 3403 2835 proximum,
3433 2766 3491 2822 id
3523 2771 3613 2822 est
3643 2783 3786 2824 con-

2143 2849 2514 2919 sanguinem,
2547 2849 2752 2918 civem,
2798 2851 3181 2926 proselytum,
3211 2859 3312 2910 aut
3369 2854 3470 2926 qui
3513 2855 3788 2911 similiter

2141 2935 2525 2994 circumcisus
2555 2939 2634 2995 sit
2656 2940 2744 2996 vel
2778 2957 2896 2997 una
2916 2943 3236 3014 eademque
3266 2943 3394 3015 lege
3422 2945 3648 3012 utitur;
3681 2945 3784 3001 sed

2141 3023 2437 3081 hominem
2467 3027 2714 3097 inducit,
2746 3030 2846 3100 qui
2880 3030 3081 3102 procul
3099 3034 3169 3087 ab
3189 3032 3516 3089 Jerusalem
3540 3035 3784 3089 descen-

2141 3113 2241 3169 dat
2265 3115 2320 3170 in
2351 3115 2584 3173 Jericho
2610 3135 2622 3173 :
2650 3117 2922 3189 huncque
2952 3121 3210 3176 ostendit
3229 3139 3264 3176 a
3294 3122 3621 3178 latronibus
3643 3139 3783 3180 con-

388 3189 572 3277 μένον,
605 3202 932 3281 ἐρριμμένον
966 3202 1243 3276 ἡμίθνητα
1271 3203 1357 3257 ἐπὶ
1386 3189 1493 3268 τῆς
1524 3200 1673 3274 ὁδοῦ,
1699 3189 1803 3260 ὑπὸ
1841 3189 2031 3280 ἱερέως

2151 3200 2391 3270 fossum,
2426 3206 2747 3274 projectum
2781 3207 3126 3264 semivivum
3154 3209 3214 3264 in
3248 3211 3374 3278 via;
3399 3227 3574 3280 quem
3599 3227 3788 3267 sacer-

382 3292 842 3369 παροδευόμενον,
891 3295 995 3349 ὑπὸ
1053 3290 1279 3349 Λευΐτου
1335 3294 1752 3369 παρορώμενον,
1811 3295 1916 3351 ὑπὸ
1975 3293 2037 3352 δὶ

382 3387 479 3439 τοῦ
511 3383 826 3460 Σαμαρίτου
872 3387 970 3438 τοῦ
1012 3379 1462 3455 ἐξωνειδισμένου
1511 3385 1601 3436 καὶ
1655 3383 2037 3461 ἀφωρισμένου

381 3470 808 3546 κατελεούμινον
840 3493 852 3506 ·
885 3472 945 3534 ὃς
978 3471 1109 3548 οὐχὶ
1139 3471 1278 3527 κατά
1304 3469 1506 3546 τύχην,
1537 3471 1612 3535 ὡς
1663 3471 1858 3527 ἐκεῖνοι
1898 3494 2036 3549 παρ-

382 3563 577 3633 ῆλθον,
635 3559 768 3616 ἀΑλ⁹
821 3565 950 3631 ήκεν
1032 3559 1422 3632 ἐσκευασμένος
1481 3560 1555 3614 ὧν
1619 3561 1647 3615 ὁ
1709 3558 2036 3618 κινδυνεύων

382 3649 575 3708 ἐδεῖτο.
629 3652 768 3721 οἷον,
822 3649 1024 3716 ἔλαιον,
1056 3648 1406 3724 ἐπιδέσμους,
1435 3657 1660 3720 κτῆνος,
1713 3651 1903 3724 μισθὸν
1955 3657 2034 3725 τῷ

381 3737 778 3816 πανδοχεῖ,τὸν
815 3741 910 3813 μὲν
938 3737 1046 3810 ἤδη
1081 3737 1492 3813 διδόμενον,τὸν
1511 3737 1567 3794 δὲ
1596 3739 2034 3816 προσυπισχνού-

383 3850 560 3904 μενον.
610 3854 639 3881 ‹‹
691 3828 811 3899 Τίς,
853 3825 978 3904 ἔφη,
1023 3828 1230 3884 τούτων
1287 3827 1470 3906 γέγονε
1543 3827 1780 3900 πλησίον
1838 3834 1915 3901 τῷ
1965 3831 2032 3886 τὰ

380 3915 526 3974 δεινᾶ
564 3917 826 3990 παθόντις
879 3941 907 3970 ››
956 3921 1066 3976 Τοῖ’)
1115 3915 1171 3972 δὲ
1238 3915 1694 3993 ἀποκρινομένου,
1739 3941 1768 3970 ‹‹
1814 3918 1876 3975 Ὀ
1934 3918 2026 3974 τὸν

376 4005 529 4064 ἔλεον
562 4009 699 4083 πρὸς
743 4007 901 4063 αὐτὸν
950 4005 1353 4081 ἐπιδειξάμενος
1388 4026 1400 4039 ·
1433 4008 1526 4062 Καὶ
1581 4007 1643 4062 σὺ
1693 4007 1896 4080 τοίνυν,
1929 4028 2029 4063 πο-

377 4096 606 4172 ρευθεὶς,
640 4095 783 4152 οὕτω
813 4097 984 4170 ποίει,
1020 4121 1048 4149 ››
1081 4098 1155 4159 ὡς
1202 4103 1302 4167 τῆς
1351 4095 1586 4172 ἀγάπης
1616 4097 2026 4173 βλαστανούσης

374 4185 528 4242 εύποι
540 4186 639 4243 ίαν.

444 4276 569 4332 ΚΘ’.
602 4276 691 4333 Ἐν
726 4275 1056 4352 ἀμφοτέραις
1090 4273 1184 4348 μὶν
1215 4273 1305 4329 οὖν
1356 4279 1476 4337 ταῖς
1516 4273 1770 4338 ἐντολαῖς
1807 4276 2024 4351 ἀγάπην

374 4364 673 4439 εἰσηγεῖται
709 4382 721 4397 ’
752 4363 896 4434 τάξει
929 4361 976 4418 δ’
1000 4363 1168 4434 αὐτὴν
1203 4361 1452 4439 διῄρηκε.
1485 4365 1583 4422 Καὶ
1627 4365 1766 4420 ὅπου
1815 4366 1910 4439 μὲν
1958 4366 2024 4421 τὰ

372 4457 615 4528 πρωτεῖα
668 4459 768 4523 τῆς
825 4452 1043 4528 ἀγάπης
1089 4452 1312 4508 ἀνάπτει
1371 4457 1448 4524 τῷ
1500 4458 1635 4526 Θεῷ,
1666 4452 1804 4510 ὅπου
1844 4451 1901 4508 δὲ
1954 4453 2021 4510 τὰ

2149 3293 2256 3346 dos
2289 3297 2613 3362 praetereat,
2636 3292 2838 3350 levites
2861 3296 3180 3368 despiciat;
3211 3297 3622 3354 Samaritanus
3651 3315 3784 3355 vero

2145 3379 2404 3451 (spretus
2427 3381 2521 3436 ille
2541 3399 2606 3436 ac
2623 3384 2988 3454 segregatus)
3022 3385 3426 3440 misericordia
3447 3386 3740 3456 impertiat
3767 3403 3781 3441 :

2144 3469 2302 3524 venit
2321 3477 2515 3524 autem
2549 3487 2664 3525 non
2679 3487 2816 3526 casu
2852 3477 2916 3526 ut
2937 3471 3022 3526 illi
3046 3489 3218 3528 secus
3241 3473 3432 3529 locum
3459 3476 3780 3545 transiens,

2144 3558 2244 3614 sed
2270 3557 2387 3613 illis
2407 3557 2734 3615 instructus
2756 3577 2882 3630 quae
2911 3560 2992 3616 sic
3021 3563 3278 3618 versanti
3322 3563 3381 3618 in
3424 3563 3682 3634 periculo
3713 3580 3782 3621 ac

2142 3645 2431 3702 laboranti
2466 3664 2612 3719 opus
2643 3655 2830 3716 erant,
2862 3658 3002 3721 puta
3021 3649 3779 3724 oleo,a1ligaturis,jumen-

2141 3740 2198 3792 to
2219 3761 2234 3804 ;
2255 3736 2351 3806 qui
2373 3738 2698 3794 mercedem
2721 3738 3039 3795 stabulario
3061 3741 3272 3810 partim
3306 3742 3547 3810 tribuat,
3564 3743 3778 3815 partim

2140 3841 2202 3882 se
2231 3826 2508 3881 daturum
2545 3827 2904 3898 polliceatur.
2935 3851 2954 3877 α
2983 3829 3124 3894 Quis
3160 3828 3392 3900 horum,
3420 3831 3637 3902 inquit,
3669 3832 3780 3888 fuit

2138 3913 2436 3986 proximus
2468 3917 2617 3986 ejus,
2642 3916 2750 3986 ,qui
2782 3918 2912 3973 dira
2951 3933 3163 3989 passus
3195 3918 3330 3973 est?
3361 3940 3389 3968 ιι
3421 3919 3642 3992 Illoque
3685 3935 3776 3976 re-

2135 4005 2476 4075 spondente.
2508 4027 2535 4056 α
2571 4006 2677 4069 Qui
2711 4005 2844 4062 fecit
2873 4007 3334 4063 misericordiam
3379 4008 3436 4063 in
3485 4007 3676 4074 illum,
3711 4009 3776 4066 Et

2134 4096 2222 4160 tu,
2257 4092 2470 4164 inquit,
2501 4096 2669 4164 vade,
2701 4099 2757 4148 et
2779 4095 2866 4149 fac
2898 4094 3170 4150 similiter
3189 4095 3292 4167 (d);
3319 4118 3346 4144 »
3379 4097 3535 4168 quod
3568 4097 3770 4153 videli-

2133 4188 2224 4238 cet
2253 4182 2510 4240 charitas
2535 4183 2929 4240 beneﬁcentiae
2961 4201 3175 4255 parens
3205 4185 3301 4240 sit.

2201 4271 2391 4329 XXIX.
2426 4274 2492 4328 In
2524 4272 2971 4344 utroquaigitur
2991 4274 3268 4329 mandato
3299 4274 3644 4331 charitatem
3662 4276 3762 4330 do-

2131 4367 2406 4418 cumento
2438 4362 2634 4431 tradit,
2661 4362 2865 4417 ordine
2897 4367 3092 4418 tamen
3114 4362 3286 4419 ambo
3319 4363 3438 4419 hinc
3459 4357 3763 4421 distinxit:

2129 4449 2781 4522 primasquecharitatis
2804 4456 2998 4521 partes
3025 4451 3142 4507 Deo
3173 4452 3435 4523 ascribit,
3469 4454 3763 4509 secundas

373 4538 646 4617 δευτερεῖα
695 4542 848 4613 νέμει
899 4545 978 4613 τῷ
1038 4540 1296 4613 πλησίον.
1339 4541 1436 4604 Τίς
1497 4539 1542 4597 δ’
1590 4540 1650 4597 ἂν
1711 4541 1884 4606 ἄλλος
1931 4541 2014 4615 εἴη

2151 4555 2262 4596 rero
2293 4540 2558 4613 proximo
2592 4537 2819 4594 tribuit.
2848 4538 2989 4603 Quis
3019 4556 3153 4595 vero
3176 4539 3334 4596 alius
3384 4541 3558 4596 fuerit
3587 4556 3768 4616 quam

369 4628 518 4701 πλὴν
568 4629 729 4692 αὐτὸς
760 4631 788 4684 ὁ
821 4631 1058 4704 Σωτήρ;
1091 4629 1127 4700 ἢ
1185 4630 1266 4694 τίς
1329 4630 1541 4705 μᾶλλον
1579 4635 1728 4706 ἡμᾶς
1787 4630 2018 4704 ἐλεήσας

369 4717 596 4790 ἐκείνου,
624 4717 754 4782 τοὺς
805 4718 910 4774 ὑπὸ
955 4723 1062 4774 τῶν
1115 4721 1575 4796 κοσμοκρατόρων
1634 4725 1733 4777 τοῦ
1792 4722 2018 4786 σκότους

369 4809 564 4886 ὀλίγου
610 4806 1089 4880 τεθανατωμένους
1137 4814 1253 4871 τοῖς
1303 4805 1538 4872 πολλοῖς
1583 4811 1877 4886 τραύμασι,
1919 4810 2021 4889 φό-

366 4895 505 4966 ϐοις,
556 4897 890 4972 ἐπιθυμίαις,
925 4897 1136 4972 ὀργαῖς,
1180 4897 1402 4969 λύπαις,
1454 4899 1708 4968 ἀπάταις,
1754 4898 2017 4971 ﬂama?“

365 4987 590 5047 Τούτων
623 4985 682 5042 δὲ
710 4990 820 5043 τῶν
849 4988 1177 5062 τραυμάτων
1233 4989 1400 5060 μόνος
1453 4987 1639 5064 ἴατρὸς
1668 4990 1900 5059 Ἰησοῦς,
1934 4989 2020 5045 ἐκ-

360 5078 578 5135 κόπτων
639 5073 809 5150 ἄρδην
859 5075 930 5130 τὰ
956 5075 1099 5146 πάθη
1153 5075 1419 5152 πρόρριζα
1454 5094 1467 5106 ⁶
1497 5075 1608 5152 οὐχ
1654 5075 1833 5153 ὥσπερ
1867 5077 1894 5132 ὁ
1924 5078 2020 5132 νό-

366 5188 464 5241 μος
498 5164 637 5239 ψιλά
662 5165 732 5220 τὰ
756 5162 1192 5236 ἀποτελέσματα,
1223 5165 1350 5226 τοὺς
1397 5163 1636 5239 καρποὺς
1683 5169 1792 5219 τῶν
1843 5186 2021 5238 πονη-

364 5260 470 5333 ρῶν
525 5257 734 5330 φυτῶν,
767 5250 915 5311 ἀλλὰ
958 5253 1058 5320 τὴν
1113 5251 1295 5324 ἀξίνην
1345 5255 1448 5324 τὴν
1499 5251 1692 5309 ἑαυτοῦ
1739 5255 1875 5327 πρὸς
1929 5253 2023 5318 τὰς

363 5343 514 5422 ῥίζας
542 5349 642 5413 τῆς
664 5341 860 5404 κακίας
887 5339 1268 5418 προσαγαγών.
1301 5343 1471 5406 Οὗτος
1505 5343 1533 5398 ὁ
1562 5343 1658 5398 τὸν
1708 5343 1854 5398 οἶνον
1905 5335 2022 5418 (31)

617 5461 722 5520 942
749 5461 862 5518 ED.
899 5456 1200 5522 POTTER.

435 5565 573 5593 ,υσ-

431 5605 762 5728 (suam.
785 5645 1045 5720 Respicit
1074 5643 1192 5704 Luc
1220 5662 1278 5716 κ,
1309 5645 1400 5706 34.

1311 5461 1390 5532 (a)
1420 5460 1620 5518 Matth.
1651 5477 1754 5530 xu,
1785 5461 1874 5530 36,
1905 5461 1998 5533 37,
2031 5461 2122 5519 38.

2129 4629 2255 4700 ipse
2283 4628 2547 4684 Salvator
2566 4629 2592 4683 ‘I
2623 4632 2724 4684 aut
2747 4626 2881 4698 quis
2914 4627 3012 4683 illo
3043 4629 3326 4698 majorem
3344 4629 3512 4685 nobis
3537 4629 3771 4686 miseri-

2129 4717 2386 4773 cordiam
2412 4716 2562 4780 >X<im
2575 4717 2795 4787 pendit,
2819 4733 2852 4771 a
2876 4717 3080 4772 mundi
3104 4717 3325 4773 scilicet
3345 4717 3668 4773 rectoribus
3687 4721 3776 4774 ts-

2128 4807 2444 4862 nebrarum
2478 4805 2571 4861 vix
2618 4822 2732 4861 non
2787 4803 2990 4860 multis
3028 4805 3392 4873 vulneribus,
3424 4806 3771 4876 terroribus,

2130 4895 2458 4961 desileriis,
2480 4894 2798 4963 furoribus,
2843 4894 3213 4964 mmroribus,
3245 4895 3578 4965 fraudibus,
3598 4893 3767 4950 volu-

2129 4985 2394 5058 ptatibus
2442 4983 2702 5040 enecatis
2751 4987 2931 5053 atque
2959 4983 3306 5040 exstinctis?
3335 4989 3558 5040 Horum
3595 5000 3768 5056 porro

2126 5074 2435 5130 vulnerum
2469 5073 2728 5129 medicus
2757 5073 2920 5128 solus
2973 5075 3059 5131 est
3117 5082 3308 5147 Jesus,
3351 5095 3451 5150 qui
3488 5079 3774 5140 radicitus

2127 5167 2270 5221 vitia
2301 5182 2542 5237 prorsus
2561 5167 3019 5235 exscindat,non
3064 5168 3213 5224 sicut
3247 5167 3338 5224 lex
3379 5168 3540 5225 nuda
3567 5168 3772 5226 eﬂ‘ecta

2131 5258 2464 5330 (pravarum
2496 5257 2723 5312 fructus
2752 5257 3135 5329 plantarum),
3167 5259 3268 5314 sed
3309 5257 3408 5329 qui
3441 5258 3568 5328 ipse
3599 5274 3771 5316 suam

2132 5345 2383 5404 securim
2417 5344 2652 5401 malitiae
2682 5344 2979 5402 radicibus
3009 5347 3351 5403 admoverit.
3393 5345 3497 5404 Hic
3522 5351 3631 5418 est,
3663 5347 3767 5420 qui

2236 5462 2312 5536 (b)
2345 5461 2552 5520 Matth.
2585 5478 2722 5534 xm,
2753 5462 2842 5517 39.
2957 5463 3027 5538 (ο)
3057 5462 3192 5522 Luc.
3221 5481 3278 5535 ι,
3304 5465 3395 5522 29.
3507 5464 3586 5539 (d)
3616 5463 3765 5524 Ibid.
