4078 6146
316 319 425 377 635

1536 317 1947 376 ΟιΒΜΒΝΤΙΒ
1990 318 2491 380 Αιωιωειιιιι
2571 353 2575 356 ~

3619 322 3724 380 636

319 446 521 502 vinum
546 445 916 518 (sanguinem
948 444 1081 502 vitis
1129 444 1439 514 Davidicss)
1486 445 1706 502 sanctis
1744 444 1968 500 anima-

2090 443 2166 516 [τὸ
2208 447 2346 518 αἷμα
2373 453 2473 517 τῆς
2503 449 2756 521 ἀμπέλου
2795 455 2897 520 τῆς
2926 444 3136 520 Ἀαϐὶδ)
3183 449 3374 525 ἐκχέας
3423 451 3586 522 ἡμῶν
3636 448 3722 504 ἐπί

323 537 438 592 bus
461 535 802 606 infudit;qui
834 551 902 590 ex
932 535 1256 590 visceribus
1285 535 1539 606 Spiritus
1571 535 1765 590 oleum
1795 533 1969 589 adhi-

325 625 474 690 buit,
505 623 1039 694 abundantiorique
1065 623 1332 692 largitate
1360 623 1588 678 tribuit.
1624 623 1723 678 Hic
1752 626 1842 679 est
1866 621 1969 693 qui

323 713 595 771 sanitatis
625 711 953 784 salutisque
980 712 1346 785 alligaturus,
1368 713 1740 780 charitatem,
1770 713 1966 779 fidem,

326 818 491 874 spem
544 800 892 857 insolubiles
922 802 1132 858 effecit.
1184 802 1287 858 Hic
1343 807 1433 857 est
1488 801 1588 874 qui
1634 801 1872 870 angelos
1915 804 1974 855 et

327 892 694 965 principatus
725 896 782 945 et
807 895 1150 962 potestates,
1184 896 1250 946 ut
1282 891 1450 946 nobis
1483 889 1817 947 ministerio
1849 889 1973 944 fun-

326 987 561 1054 gantur,
595 981 705 1035 sub
737 997 952 1052 magna
985 981 1251 1036 mercede
1279 980 1552 1050 subjecit;
1605 995 1742 1034 nam
1769 984 1826 1034 et
1858 978 1971 1050 ipsi

328 1070 742 1125 liberabuntur
773 1085 805 1123 a
838 1069 1042 1124 mundi
1076 1069 1328 1124 vanitate
1361 1071 1419 1124 in
1466 1069 1813 1124 revelatione
1843 1067 1972 1139 glo-

330 1159 427 1214 ria?
457 1160 710 1214 liliorum
746 1158 859 1213 Dei.
896 1158 1061 1213 Hunc
1091 1158 1275 1230 igitur
1327 1174 1491 1230 aeque
1521 1157 1758 1229 diligere
1801 1173 1972 1225 opor-

329 1254 413 1304 tet
443 1265 509 1303 ac
567 1247 754 1302 Deum
790 1262 805 1303 :
836 1247 1029 1319 diligit
1070 1253 1265 1302 autem
1315 1247 1635 1314 Christum,
1689 1247 1787 1318 qui
1834 1246 1976 1303 facit

327 1339 457 1407 ejus
487 1335 874 1400 voluntatem,
907 1344 1215 1406 servatque
1246 1335 1406 1391 illius
1447 1337 1744 1391 mandata.
1787 1357 1815 1386 ‹‹
1848 1335 1970 1392 Non

327 1427 484 1482 enim
518 1425 713 1481 omnis
746 1425 842 1496 qui
876 1425 1022 1480 dicit
1051 1424 1199 1480 mihi
1235 1441 1248 1479 :
1283 1427 1547 1496 Domine,
1578 1425 1846 1492 Domine,
1881 1425 1970 1481 in-

327 1515 508 1570 trabit
539 1514 596 1568 in
632 1530 876 1585 regnum
909 1513 1207 1581 cmlorum,
1243 1515 1341 1570 sed
1392 1515 1489 1586 qui
1543 1515 1681 1570 facit
1704 1515 1973 1570 volunta-

331 1608 448 1660 tem
482 1603 671 1658 Patris
723 1602 835 1658 mei
860 1603 958 1674 (a).
993 1625 1020 1652 »
1052 1604 1117 1658 Et
1149 1621 1161 1658 :
1201 1625 1228 1654 ‹‹
1277 1603 1423 1671 Quid
1469 1619 1559 1659 me
1601 1604 1824 1670 dicitis,
1861 1609 1972 1660 Do-

337 1693 516 1759 mine,
552 1691 822 1756 Domine,
883 1697 940 1747 et
1004 1709 1118 1748 non
1178 1692 1366 1748 facilis
1397 1709 1524 1763 qua
1556 1693 1686 1748 dico
1710 1694 1822 1763 (b)?
1852 1693 1923 1748 Et
1956 1711 1970 1749 :

2076 533 2171 595 τὰς
2199 539 2541 611 τετρωμένας
2586 540 2790 615 ψυχὰς,
2817 540 2845 594 6
2881 539 2945 594 τὸ
2994 537 3053 594 ἐκ
3098 540 3433 614 σπλάγχνων
3477 536 3724 613 Πνεύμαο

2075 643 2170 685 τος
2247 621 2431 681 ἔλαιον
2518 629 2896 702 προσενεγκὼν
2931 674 2946 700 ,
3006 626 3098 681 καὶ
3151 623 3676 700 ἐπιδαψιλευόμενος
3709 645 3722 659 ⁶

2080 713 2238 774 οὗτος
2270 715 2298 769 6
2327 713 2455 779 τοὺς
2481 722 2581 786 τῆς
2615 716 2792 792 ὑγείας
2841 716 2931 771 καὶ
2985 715 3258 792 σωτηρίας
3308 713 3544 789 δεσμοὺς
3591 713 3724 772 ἀλύ-

2077 821 2204 862 τους
2235 800 2525 874 ἐπιδείξας,
2557 804 2796 881 ἀγάπην,
2828 803 3028 874 πίστιν,
3063 802 3260 860 ἐλπίδα
3287 823 3300 836 ⁸
3337 804 3494 866 οὗτος
3526 805 3556 859 6
3607 801 3728 859 δια-

2079 895 2257 945 κονεῖν
2290 890 2556 967 ἀγγέλους
2583 892 2674 947 καὶ
2717 892 2892 969 ἀρχὰς
2921 893 3012 949 καὶ
3044 892 3287 967 ἐξουσίας
3332 894 3468 964 ἡμῖν
3524 891 3726 947 ὑποτά-

2081 980 2172 1051 ξας
2203 977 2290 1033 ἐπὶ
2325 979 2548 1056 μεγάλῳ
2583 986 2761 1055 μισθῷ
2793 999 2806 1014 ⁶
2837 979 2973 1038 διότι
3014 982 3102 1037 καὶ
3153 981 3308 1036 αὐτοὶ
3358 978 3729 1057 ἐλευθερωθή-

2082 1087 2265 1123 σονται
2309 1069 2415 1124 ἀπὸ
2460 1077 2562 1140 τῆς
2613 1070 2977 1144 ματαιότητος
3025 1075 3120 1126 τοῖ’)
3166 1069 3380 1144 κόσμου
3425 1069 3573 1144 παρὰ
3626 1069 3728 1138 τὴν

2083 1155 2426 1232 ἀποκάλυψιν
2464 1166 2564 1229 τῆς
2611 1157 2773 1231 δόξης
2823 1165 2932 1215 τῶν
2988 1161 3120 1215 υἱῶν
3167 1163 3266 1214 τοῦ
3313 1163 3469 1216 Θεοῦ.
3515 1161 3727 1216 Τοῦτον

2083 1244 2175 1299 οὖν
2207 1247 2416 1321 ἀγαπᾷν
2451 1246 2538 1303 ἴσα
2580 1250 2693 1325 χρὴ
2725 1253 2805 1322 τῷ
2834 1253 2951 1322 Θεῷ
2983 1269 2997 1282 ο
3029 1249 3208 1322 ἀγαπᾷ
3251 1245 3309 1303 δὲ
3357 1247 3590 1322 Χριστὸν
3619 1248 3732 1318 ’1η-

2083 1340 2207 1390 σοῦν
2243 1337 2271 1391 6
2301 1337 2361 1392 τὸ
2389 1336 2606 1412 θέλημα
2650 1339 2815 1394 αὐτοῦ
2861 1343 3035 1394 ποιῶν
3085 1339 3177 1394 καὶ
3222 1337 3514 1416 φυλάσσων
3563 1336 3731 1392 αὐτοῦ

2079 1424 2174 1487 τὰς
2215 1424 2463 1489 ἐντολάς.
2499 1451 2526 1479 ‹‹
2574 1427 2650 1484 Οὐ
2699 1428 2800 1503 γὰρ
2848 1433 2953 1492 πᾶς
2978 1429 3005 1482 6
3039 1425 3213 1503 λέγων
3252 1448 3367 1500 μοι,
3402 1426 3587 1500 Κύριε,
3620 1424 3730 1480 K6-

2083 1534 2188 1588 ριε,
2247 1515 2604 1572 εἰσελεύσεται
2661 1517 2738 1580 εἷς
2793 1518 2894 1586 τὴν
2956 1516 3235 1592 βασιλείαν
3288 1521 3399 1570 τῶν
3458 1515 3730 1592 οὐρανῶν,

2069 1601 2210 1659 ’ἀλλ’
2241 1606 2269 1659 6
2301 1610 2474 1660 ποιῶν
2500 1608 2564 1661 τὸ
2592 1606 2810 1679 θέλημα
2839 1611 2936 1662 τοῦ
2958 1605 3170 1682 Πατρός
3205 1627 3329 1679 μου.
3363 1628 3391 1659 »
3427 1603 3531 1662 Καί
3559 1623 3572 1636 ⁶
3614 1625 3637 1654 ι
3668 1602 3733 1658 Τί

2087 1713 2153 1766 με
2201 1692 2404 1769 λέγετε.
2456 1695 2641 1771 Κύριε,
2695 1695 2887 1771 Κύριε,
2930 1697 3018 1751 καὶ
3055 1695 3116 1751 οὐ
3151 1700 3361 1750 ποιεῖτε
3411 1693 3446 1748 ἃ
3475 1692 3664 1768 λέγω;
3701 1715 3734 1744 ››

333 1781 452 1836 Vos
483 1780 636 1836 beati
668 1780 766 1852 qui
800 1780 1008 1836 videtis
1039 1785 1096 1836 et
1127 1781 1366 1848 auditis,
1397 1798 1526 1853 quas
1550 1783 1840 1853 necjusti,
1867 1799 1972 1839 nec

2090 1781 2182 1836 Καί
2217 1801 2233 1818 ο
2268 1804 2295 1837 ι
2346 1783 2526 1858 Ὑμεῖς
2577 1786 2836 1860 μακάριοι
2891 1785 2942 1839 οἱ
2991 1786 3224 1858 ὁρῶντες
3275 1781 3364 1838 καὶ
3416 1781 3734 1851 ἀκούοντες,

336 1870 634 1943 prophetae
688 1870 966 1926 viderunt
1009 1871 1116 1943 (c);
1178 1893 1206 1920 »

332 1976 400 2015 ea
431 1975 561 2030 quae
590 1959 742 2014 dico.

400 2137 808 2193 XXX.Primus
843 2137 1025 2208 igitur
1056 2137 1150 2192 hic
1175 2142 1284 2205 est,
1318 2138 1737 2211 quiChristum
1762 2139 1973 2211 diligit;

335 2227 634 2282 secundus
682 2225 802 2295 ille,
849 2227 946 2298 qui
999 2227 1128 2297 ejus
1179 2227 1380 2284 lideles
1427 2229 1634 2284 honori
1685 2229 1862 2284 habet
1909 2246 1974 2285 ac

336 2315 474 2370 colit
527 2315 687 2378 Quod
723 2315 877 2370 enim
924 2316 980 2370 in
1013 2315 1372 2386 discipulum
1401 2317 1501 2388 qui
1533 2317 1738 2388 egerit,
1773 2318 1880 2374 hoc
1914 2318 1973 2372 in

331 2421 394 2460 se
447 2405 728 2459 Dominus
761 2405 978 2459 factum
1013 2405 1240 2475 accipit,
1273 2422 1339 2460 ac
1370 2405 1657 2478 quidquid
1693 2406 1835 2464 illud
1887 2413 1976 2464 est

333 2492 444 2547 sibi
469 2493 728 2548 ascribit.
761 2517 789 2542 «
821 2491 1045 2558 Venite,
1070 2493 1379 2562 benedicti,
1411 2495 1600 2550 Patris
1623 2497 1759 2563 mei,
1792 2496 1974 2569 possi-

334 2582 466 2638 dete
499 2587 766 2652 paratum
791 2582 956 2636 vobis
984 2598 1230 2652 regnum
1255 2600 1288 2637 a
1305 2584 1722 2640 constitutione
1744 2586 1973 2643 mundi.

336 2670 562 2726 Esurivi
593 2670 777 2736 enim,
812 2676 869 2724 et
901 2670 1150 2726 dedistis
1181 2671 1324 2726 mihi
1359 2674 1745 2742 manducare;
1794 2675 1972 2745 sitivi,

334 2765 392 2814 et
424 2758 672 2813 dedistis
705 2759 848 2813 mihi
889 2758 1115 2827 bibere;
1174 2759 1387 2831 hospes
1408 2778 1590 2830 eram,
1621 2768 1677 2818 et
1705 2763 1974 2837 collegis-

331 2846 408 2902 tis
442 2862 565 2909 me;
587 2848 866 2914 nudus,et
895 2848 1246 2918 cooperuitis
1279 2865 1403 2917 me;
1438 2850 1730 2919 inﬁrmus,
1762 2858 1820 2908 et
1846 2855 1976 2911 visi-

340 2936 512 2990 tastis
536 2953 664 3002 me;
700 2936 756 2990 in
791 2952 1019 2991 carcere
1049 2942 1294 3004 eram,et
1323 2938 1565 2995 venistis
1584 2943 1654 2996 ad
1681 2958 1790 2998 me.
1816 2945 1977 3000 Tunc

336 3025 776 3096 respondebunt
819 3025 869 3080 ei
901 3026 1072 3095 justi,
1101 3027 1690 3100 dicenteszDomine,
1741 3035 1975 3104 quando

333 3119 390 3169 te
420 3113 673 3169 vidimus
703 3113 1080 3179 esurientem,
1104 3120 1160 3170 et
1183 3115 1450 3186 pavimus
1473 3122 1548 3186 te;
1569 3124 1622 3174 et
1654 3120 1973 3192 sitientem,

334 3207 391 3258 et
413 3201 687 3258 dedimus
735 3203 840 3257 tibi
893 3203 1143 3274 potum?
1198 3205 1440 3268 Quando
1488 3209 1686 3264 autem
1717 3209 1972 3267 vidimus

342 3291 659 3363 hospitem,
692 3296 746 3346 et
783 3290 1129 3363 collegimus
1151 3292 1178 3347 ?
1205 3299 1263 3348 et
1304 3294 1553 3367 nudum,
1586 3302 1643 3352 et
1663 3299 1974 3369 cooperui-

333 3396 472 3435 mus
493 3380 520 3434 ?
542 3385 642 3435 aut
663 3380 898 3450 quando
931 3381 1256 3437 tevidimus
1279 3380 1606 3454 infirmum,
1627 3391 1685 3441 et
1713 3387 1975 3443 visitavi-

337 3467 512 3523 mus?
541 3472 642 3522 aut
674 3467 729 3522 in
766 3484 1015 3536 carcere,
1038 3474 1094 3524 et
1124 3469 1388 3527 venimus
1414 3473 1485 3528 ad
1513 3477 1604 3530 te?
1634 3475 1703 3530 Et
1733 3492 1974 3546 respon-

335 3557 481 3611 dens
512 3572 610 3611 rex
641 3557 794 3612 dicet
824 3556 978 3612 illis:
1005 3562 1188 3613 Amen
1221 3559 1350 3616 dico
1381 3560 1566 3628 vobis,
1601 3564 1861 3633 quandiu
1896 3565 1976 3620 fe-

339 3645 507 3700 cistis
524 3645 620 3699 uni
654 3661 722 3700 ex
753 3645 842 3700 his
873 3645 1150 3702 fratribus
1183 3648 1329 3704 meis
1361 3650 1647 3718 minimis,
1672 3651 1817 3707 mihi
1839 3652 1975 3709 feci-

334 3733 466 3788 stis.
504 3755 532 3782 »
567 3734 788 3789 Rursus
816 3750 948 3789 vero
979 3751 1009 3790 e
1039 3737 1354 3804 contrario,
1379 3740 1449 3794 ad
1468 3755 1566 3795 eos
1588 3740 1691 3811 qui
1721 3742 1838 3796 haec
1863 3759 1976 3797 non

336 3822 712 3894 praebuerunt
733 3839 747 3877 :
769 3844 797 3873 «
822 3826 1002 3879 Arnen
1031 3825 1157 3881 dico
1183 3826 1366 3897 vobis,
1401 3829 1663 3900 quamiiu
1699 3847 1815 3885 non
1843 3831 1977 3887 feci-

337 3911 446 3966 stis
479 3911 577 3966 uni
607 3927 676 3966 ex
708 3911 800 3967 his
835 3913 1116 3978 minimis,
1151 3930 1256 3970 nec
1289 3916 1433 3970 mihi
1457 3917 1980 3990 £ecistis(d).»Alio

337 3998 476 4054 item
502 3997 716 4056 loco:«
739 4001 846 4067 Qui
869 4017 973 4056 vos
1004 4002 1230 4075 recipit,
1283 4020 1375 4060 me
1428 4006 1666 4079 recipit:
1725 4008 1826 4079 qui
1877 4025 1981 4066 vos

341 4105 454 4145 non
477 4089 703 4160 recipit,
738 4106 831 4145 me
861 4091 1084 4163 spernit
1106 4092 1195 4163 (ε).
1223 4114 1250 4141 ››

409 4267 602 4322 XXXI.
631 4267 744 4324 Hos
772 4273 941 4323 vocat
965 4274 1022 4324 et
1052 4269 1206 4327 filios
1231 4277 1286 4327 et
1322 4289 1533 4344 pueros
1557 4278 1614 4330 et
1644 4274 1898 4331 infantes
1928 4279 1986 4330 et

340 4357 645 4427 amicos,et
666 4357 1007 4428 parvulosin
1028 4361 1377 4430 praesenti,si
1392 4379 1526 4418 cum
1541 4363 1983 4420 futuraillorum

340 4446 400 4500 in
433 4445 592 4501 caelis
620 4447 1024 4517 magnitudine
1056 4450 1446 4508 conferantur.
1482 4473 1509 4501 ‹‹
1534 4451 1616 4507 Ne
1647 4459 1986 4509 contemna-

1269 1871 1438 1927 modo
1489 1877 1685 1928 tamen
1719 1873 1976 1929 feceritis

2090 1870 2119 1926 ἃ
2177 1873 2316 1944 μήτε
2375 1869 2602 1941 δίκαιοι,
2661 1876 2799 1948 μήτε
2873 1879 3175 1947 προφῆται,
3227 1896 3256 1924 ››

3315 1870 3404 1928 ἐὰν
3447 1877 3644 1936 ποιῆτε
3699 1869 3737 1925 ’ἆ

2083 1958 2252 2036 λέγω.

2157 2096 2234 2154 Λ’.
2267 2097 2494 2168 Πρῶτος
2530 2096 2625 2170 μὲν
2655 2094 2746 2152 οὖν
2778 2095 2937 2159 οὗτός
2968 2095 3109 2152 ἐστιν
3146 2096 3175 2151 6
3219 2095 3448 2172 Χριστὸν
3481 2093 3734 2169 ἀγαπῶν,

2085 2181 2334 2260 δεύτερος
2378 2182 2436 2239 δὲ
2467 2186 2496 2240 6
2523 2185 2650 2248 τοὺς
2701 2185 2776 2247 εἷς
2823 2185 3026 2241 ἐκεῖνον
3072 2184 3495 2243 πεπιστευκότας
3549 2187 3734 2255 τιμῶν

2082 2267 2172 2328 καὶ
2201 2275 2497 2347 περιέπων.
2527 2275 2589 2327 ⁸0
2617 2273 2718 2350 γὰρ
2748 2272 2809 2329 ἄν
2839 2295 2924 2336 τις
2980 2273 3056 2335 εἷς
3116 2273 3365 2345 μαθητὴν
3416 2270 3736 2349 ἐργάσηται.

2081 2367 2245 2418 τοῦτο
2275 2361 2354 2425 εἷς
2393 2363 2578 2418 ἑαυτὸν
2612 2365 2640 2418 ὁ
2672 2362 2872 2440 Κύριος
2902 2360 3204 2438 ἐκδέχεται,
3237 2360 3328 2417 καὶ
3371 2365 3482 2416 πᾶν
3537 2359 3738 2415 ἐαυτοῦ

2083 2457 2340 2508 ποιεῖται.
2377 2475 2405 2503 ‹‹
2445 2456 2626 2523 Δεῦτε,
2668 2453 2720 2507 οἱ
2769 2449 3134 2528 εὐλογημένοι
3185 2454 3291 2525 τοῦ,
3339 2447 3554 2525 Πατρός
3602 2470 3734 2518 μου,

2083 2539 2541 2617 κληρονομήσατε
2569 2543 2670 2611 τὴν
2700 2542 3114 2614 ἡτοιμασμένην
3145 2540 3270 2614 ὑμῖν
3309 2539 3589 2614 βασιλείαν
3627 2537 3739 2593 ἀπὸ

2084 2625 2397 2700 καταϐολῆς
2455 2634 2551 2685 τοῦ
2607 2629 2836 2704 γόσμου.
2873 2629 3160 2686 Ἐπείνασα
3202 2629 3325 2704 γὰρ,
3355 2627 3446 2682 καὶ
3497 2624 3742 2682 ἐδώκατέ

2087 2740 2182 2794 μοι
2209 2725 2394 2795 φαγεῖν
2431 2739 2442 2751 ·
2478 2716 2730 2794 ἐδίψησα,
2761 2717 2852 2774 καὶ
2884 2715 3122 2773 ἐδώκατέ
3169 2736 3264 2790 μοι
3311 2720 3476 2786 πιεῖν,
3508 2715 3599 2772 καὶ
3646 2714 3736 2786 ξέ-

2084 2829 2176 2871 νος
2208 2807 2384 2882 ἤμην,
2415 2807 2504 2863 καὶ
2537 2805 2863 2884 συνηγάγετέ
2896 2826 2963 2879 με
2995 2825 3007 2838 ·
3041 2805 3244 2880 γυμνὸς
3275 2802 3454 2878 ἥμην,
3487 2803 3575 2860 καὶ
3617 2803 3733 2859 ἐνεσ-

2085 2894 2277 2952 δύσατέ
2310 2917 2376 2970 με
2410 2915 2423 2928 ⁸
2463 2895 2752 2969 ἠσθένησα,
2783 2894 2873 2950 καὶ
2920 2893 3281 2969 ἐπεσκέψασθέ
3327 2913 3395 2967 με
3426 2913 3440 2926 ·
3473 2891 3526 2949 ἐν
3555 2889 3738 2969 φυλα-

2083 2990 2154 3060 κῇ
2183 2984 2360 3060 ἤμην,
2392 2985 2482 3042 καὶ
2529 2983 2725 3055 ἤλθετε
2778 2984 2915 3058 πρὸς
2975 2983 3059 3057 μέ.
3093 2983 3226 3038 Τότε
3271 2981 3735 3060 ἀποκριθήσονται

2087 3077 2233 3148 αὐτῷ
2288 3077 2340 3130 oi.
2398 3073 2622 3141 δίκαιοι,
2655 3073 2906 3149 λέγοντες
2937 3073 3160 3146 ·Κύριε,
3210 3074 3345 3128 πότε
3401 3093 3458 3127 σε
3513 3068 3736 3143 εἷ’δομεν

2005 3155 2048 3225 C
2078 3169 2366 3232 πεινῶντα,
2395 3165 2485 3220 καὶ
2509 3164 2810 3238 ἐθρέψαμεν
2843 3182 2856 3195 ·
2891 3161 2926 3231 ἢ
2961 3159 3224 3236 διψῶντα,
3250 3159 3341 3215 καὶ
3368 3158 3689 3232 ἐποτίσαμεν
3719 3180 3734 3231 ;

2085 3255 2224 3311 Πότε
2277 3251 2336 3308 δὲ
2382 3250 2595 3326 εἷ’δομέν
2643 3271 2701 3306 σε
2748 3247 2916 3322 ξένον,
2945 3250 3035 3306 καὶ
3068 3249 3450 3325 συνηγάγομεν
3487 3267 3500 3282 ⁸
3533 3251 3568 3320 ἢ
3595 3270 3735 3324 γυμα

2085 3346 2199 3412 νὸν,
2225 3344 2316 3399 καὶ
2346 3336 2744 3416 περιεϐάλομεν
2772 3363 2787 3412 ς
2815 3341 2850 3412 ἢ
2900 3339 3033 3394 πότε
3089 3359 3146 3394 σε
3195 3336 3413 3412 εἴδομεν
3443 3337 3734 3395 ἀσθενοῦν-

2083 3455 2170 3507 τα,
2211 3433 2300 3487 καὶ
2349 3431 2798 3504 ἐπεσκεψάμεθας
2849 3427 2884 3498 ἢ
2945 3427 2997 3484 ἐν
3057 3427 3277 3503 φυλακῇ
3332 3426 3422 3482 καὶ
3481 3423 3731 3500 ἤλθομεν

2085 3523 2223 3598 πρὸς
2283 3523 2379 3592 σέ;
2409 3521 2507 3577 Καὶ
2565 3517 2884 3595 ἀποκριθεὶς
2934 3518 2962 3573 6
3025 3515 3278 3592 βασιλεὺς
3338 3513 3451 3592 ἐρεῖ
3505 3515 3732 3579 αὐτοῖς’

2085 3611 2263 3684 Ἀμὴν
2297 3608 2446 3685 λέγω
2481 3609 2630 3682 ὑμῖν,
2663 3605 2744 3684 ἐφ’
2775 3606 2899 3662 ὅσον
2932 3604 3331 3676 ἐποιήσατεένὶ
3376 3604 3586 3660 τούτων
3630 3608 3738 3659 τῶν

2086 3698 2338 3777 ἀδελφῶν
2393 3719 2498 3771 μου
2534 3701 2643 3751 τῶν
2686 3695 3016 3772 ἐλαχίστων,
3048 3694 3174 3768 ἐμοὶ
3217 3693 3524 3765 ἐποιήσατε.
3572 3717 3602 3745 ››
3631 3693 3738 3748 Πά-

2089 3789 2175 3847 λιν
2211 3787 2269 3843 ἐκ
2293 3789 2402 3842 τῶν
2433 3785 2689 3842 ἐναντίων
2723 3786 2860 3862 πρὸς
2903 3783 3030 3847 τοὺς
3083 3787 3250 3839 ταῦτα
3297 3784 3374 3857 μὴ
3427 3782 3741 3859 παρασχόν-

2088 3899 2185 3940 τας
2219 3895 2234 3911 ⁸
2269 3901 2298 3929 ‹‹
2331 3876 2504 3948 Ἀμὴν
2542 3872 2691 3950 λέγω
2725 3875 2874 3948 ὑμῖν,
2906 3874 2988 3951 ἐφ’
3017 3872 3142 3928 ὅσον
3175 3871 3275 3928 οὐκ
3321 3871 3615 3944 ἐποιήσατε
3663 3871 3744 3927 ἐνὶ

2087 3967 2296 4025 τούτων
2353 3969 2461 4021 τῶν
2517 3963 2841 4040 ἐλαχίστων,
2875 3962 2999 4018 οὐδε
3043 3963 3168 4036 ἐμοὶ
3215 3962 3526 4032 ἐποιήσατε.
3563 3985 3591 4013 ››
3641 3961 3744 4016 Καὶ

2091 4054 2347 4130 ἀλλαχοῦ
2380 4072 2392 4085 ·
2427 4078 2454 4105 α
2485 4054 2548 4107 ⁸0
2583 4054 2724 4126 ὑμᾶς
2756 4050 3057 4128 δεχόμενος
3086 4051 3183 4125 ἐμὲ
3230 4049 3448 4126 δέχεται
3484 4069 3496 4082 ·
3523 4051 3552 4105 6
3601 4051 3744 4123 ὑμᾶς

2096 4147 2172 4220 μὴ
2205 4141 2502 4219 δεχόμενος
2529 4141 2628 4216 ἐμὶ
2659 4143 2851 4197 ἀθετεῖ.
2883 4161 2909 4194 ε

2164 4277 2274 4334 AA'
2328 4276 2535 4332 Τούτου
2670 4275 2686 4297 ‘
2751 4276 2773 4331 έ
2986 4276 3004 4330 ὶ
3153 4271 3202 4329 δί
3365 4273 3381 4290 ’
3730 4271 3747 4290 ‘

2282 4322 2295 4336 .
2540 4297 2565 4338 ς
2596 4297 2686 4331 και
2715 4297 2746 4331 τ
2776 4296 2876 4330 κνα
2916 4295 2984 4330 κα
3049 4295 3147 4329 παι
3210 4295 3263 4347 α,
3293 4294 3383 4330 και
3431 4275 3622 4345 νήπια,
3654 4292 3750 4326 και

2093 4366 2286 4447 φίλους
2321 4364 2702 4439 ὀνομάζει,καὶ
2731 4365 2958 4438 μικροὺς
2982 4361 3167 4428 ἐνθάδε
3187 4363 3261 4426 ὡς
3280 4363 3419 4438 πρὸς
3447 4363 3511 4418 τὸ
3537 4357 3749 4447 μέλλον

2096 4445 2208 4512 ἀνω
2272 4455 2492 4530 μέγεθος
2552 4453 2731 4508 αὐτῶν
2762 4473 2773 4486 ·
2810 4476 2839 4505 ‹‹
2870 4452 2960 4521 Μὴ
3018 4452 3486 4529 καταφρονήσητε,
3546 4445 3750 4524 λέγων,

333 4533 433 4599 tis,
464 4533 679 4604 inquit,
735 4552 915 4590 unum
950 4553 1017 4591 ex
1050 4538 1112 4602 is
1144 4537 1234 4592 his
1269 4540 1502 4608 pusillis
1537 4558 1550 4608 ;
1589 4542 1778 4613 angeli
1827 4543 1976 4599 enim

2097 4545 2215 4608 ένὸς
2247 4524 2364 4599 τῶν·
2392 4547 2598 4616 μικρῶν
2630 4541 2839 4596 τούτων
2871 4558 2886 4572 ⁸
2916 4540 3124 4596 τούτων
3146 4524 3246 4615 γάρ
3279 4539 3331 4594 οἱ
3365 4536 3588 4615 ἄγγελοι
3630 4535 3753 4592 δια-

341 4638 545 4678 eorum
575 4639 808 4696 semper
837 4626 1036 4680 vident
1069 4626 1271 4680 faciem
1307 4628 1498 4684 Patris
1530 4630 1667 4698 mei,
1693 4632 1794 4702 qui
1820 4632 1988 4688 estin

342 4711 502 4766 calls
527 4712 617 4783 (Γ).
641 4735 668 4761 ››
691 4711 816 4768 Alio
839 4713 1077 4786 quidem
1110 4713 1234 4772 loco
1261 4733 1274 4771 :
1301 4739 1326 4767 «
1353 4716 1542 4775 Nolite
1565 4719 1990 4792 timere,pusil»

343 4798 437 4854 lus
463 4815 600 4872 grex
626 4817 638 4855 :
665 4800 1022 4873 complacuit
1039 4803 1195 4860 enim
1219 4805 1375 4860 Patri
1398 4807 1538 4863 dare
1557 4808 1724 4865 vobis
1743 4826 1989 4882 regnum

344 4891 742 4964 cmlorum(g).
783 4913 811 4942 υ
864 4894 977 4949 Hac
1021 4894 1153 4966 ipsa
1209 4897 1454 4964 ratione,
1505 4899 1685 4955 etiam
1741 4900 1990 4968 Joanne,

344 4979 445 5051 qui
477 4979 766 5035 maximus
797 4985 887 5036 est
918 4981 1071 5037 inter
1104 4989 1274 5038 natos
1311 4985 1650 5055 mulierum,
1679 4989 1778 5059 qui
1805 4989 1994 5046 minor

339 5074 430 5124 est
460 5069 517 5122 in
553 5085 730 5139 regno
765 5068 1046 5125 ccelorum
1073 5072 1270 5141 (suum
1299 5073 1581 5130 nimirum
1607 5077 1994 5152 discipulum)

343 5158 625 5228 majorem
641 5173 770 5213 esse
787 5157 1038 5215 dicit.Ac
1063 5177 1270 5217 rursus
1299 5179 1311 5216 :
1346 5185 1374 5212 «
1401 5162 1508 5227 Qui
1541 5165 1991 5238 recipitjustum

2099 4635 2300 4695 παντὸς
2355 4630 2621 4710 βλέπουσι
2666 4632 2730 4686 τὸ
2775 4631 3072 4706 πρόσωπον
3127 4632 3225 4683 τοῦ
3282 4628 3492 4703 Πατρός
3540 4647 3645 4701 μου
3696 4625 3754 4682 ἐν

2101 4723 2368 4797 οὐρανοῖς.
2404 4745 2433 4773 ››
2465 4718 2562 4775 Καὶ
2607 4719 2829 4794 ὶτέρωθι
2864 4737 2875 4750 ·
2914 4743 2942 4772 ‹‹
2996 4719 3090 4788 Μὴ
3141 4711 3416 4796 φοϐεῖσθε,
3443 4716 3506 4771 τὸ
3553 4715 3750 4789 μικρὸν

2100 4811 2360 4884 ποίμνιον
2397 4831 2409 4843 ο
2445 4809 2570 4881 ὑμῖν
2604 4807 2709 4884 γὰρ
2740 4805 3043 4878 ηὐδόκησεν
3103 4806 3132 4859 6
3183 4806 3368 4880 Πατὴρ
3416 4799 3754 4878 παραδοῦναι

2101 4901 2200 4969 τὴν
2239 4895 2514 4975 βασιλείαν
2537 4901 2643 4951 τῶν
2676 4895 2943 4970 οὐρανῶν.
2978 4921 2999 4947 ι
3035 4893 3180 4950 Κατᾶ
3225 4893 3293 4948 τὰ
3340 4892 3477 4948 αὐτᾶ
3515 4891 3608 4948 καὶ
3654 4887 3754 4946 τοῦ

2111 4989 2374 5065 μεγίστου
2421 4975 2473 5041 ἐν
2532 4989 2815 5061 γεννητοῖς
2871 4988 3142 5058 γυναικῶν
3177 4979 3450 5054 Ἰωάννου,
3479 4981 3572 5035 τὸν
3624 4977 3756 5034 ἐλά-

2107 5098 2300 5154 χιστον
2360 5074 2414 5131 ἐν
2462 5078 2530 5149 τῇ
2593 5073 2844 5152 βασιλείᾳ
2896 5077 3002 5128 τῶν
3059 5071 3323 5148 οὐρανῶν,
3358 5069 3603 5126 τουτέστι
3659 5066 3753 5122 τὸν

2107 5167 2301 5222 ἑαυτοῦ
2337 5165 2607 5239 μαθητὴν,
2641 5165 2774 5219 εἶναι
2827 5162 2997 5236 μείζω
3044 5160 3212 5238 λέγει.
3243 5160 3344 5216 Καὶ
3377 5155 3544 5214 πάλιν
3580 5177 3594 5191 ·
3636 5181 3666 5209 (ι
3697 5157 3756 5210 ⁸0

342 5252 439 5300 aut
468 5245 816 5316 prophetam
849 5246 907 5300 in
933 5249 1171 5304 nomine
1193 5250 1344 5320 justi
1375 5256 1478 5308 aut
1509 5254 1976 5327 prophetas,illiu:

2109 5254 2416 5333 δεχόμενος
2469 5251 2673 5308 δίκαιον
2705 5253 2741 5323 ἢ
2782 5252 3072 5330 προφήτην
3117 5249 3192 5312 εΐς
3236 5247 3412 5323 ὄνομα
3459 5245 3675 5303 δικαίου
3718 5245 3756 5315 ἢ

412 5486 476 5548 ιι(
507 5484 566 5539 Ρ.
598 5486 707 5540 943
755 5487 869 5542 ED.
915 5488 1212 5546 PO'I‘TER.

343 5553 412 5622 (ἀ)
447 5555 652 5611 Matth.
684 5573 815 5625 xxv,
849 5560 939 5625 34,
972 5576 1138 5631 seqq.

344 5641 424 5696 xi,
460 5624 544 5680 11.

1326 5491 1405 5568 (ει)
1447 5493 1615 5568 Joan.
1663 5514 1778 5568 XIV,
1829 5500 1934 5568 23;
1985 5499 2194 5558 Matth.
2247 5515 2350 5567 vn,
2397 5498 2486 5554 21.

1251 5562 1555 5634 (ε)⁷Μειιὴ.
1589 5585 1646 5640 x,
1681 5562 1788 5642 t0;
1825 5562 1959 5630 Luc.

2091 5573 2176 5630 16.
2287 5562 2357 5643 (r')
2384 5562 2776 5639 Matth.‘xvm,
2800 5567 2897 5652 .10.
2936 5562 2945 5566 ⁷
2993 5569 3084 5653 ,(9)
3116 5562 3253 5624 Luc.
3285 5566 3482 5639 111,32
3504 5584 3520 5637 ;
3543 5563 3751 5625 Matth.

2597 5495 2674 5567 (b)
2708 5495 2951 5568 Luc.vt,
2983 5495 3074 5551 40.
3118 5566 3140 5568 _
3186 5494 3259 5568 (c)
3288 5492 3497 5568 Matth.
3531 5509 3656 5568 ζιιι,
3687 5492 3760 5568 _23
