4078 6146
395 365 506 423 637

1555 365 1770 421 LIBER
1807 363 1980 430 QUIS
2015 362 2237 422 DIVES
2271 369 2676 426 SALVETUR.

3711 367 3821 424 638

391 491 704 568 προφήτου,
735 488 830 543 τὸν
861 485 1085 542 ἐκείνων
1112 487 1304 559 μισθὸν
1340 483 1576 560 λήψεται
1611 504 1625 520 ⁸
1658 487 1688 542 6
1721 484 1778 542 δὶ
1806 487 2026 560 μαθητὴ

2179 494 2506 548 mercedem
2539 493 2796 565 recipiet;
2831 496 2887 548 et
2919 492 3017 565 qui
3051 495 3252 564 potum
3283 490 3508 548 dederit
3525 491 3813 559 discipulo

396 578 619 642 ποτίσας
650 575 729 639 είς
761 572 942 649 ὄνομα
976 576 1222 648 μαθητοῦ
1271 577 1540 650 ποτήριον
1587 577 1806 650 ψυχροῦ
1845 573 2064 644 ὕδατος,

391 669 483 724 τὸν
515 666 709 741 μισθὸν
744 665 845 720 οὐκ
874 663 1157 720 ἀπολέσει.
1195 687 1222 714 ››
1254 663 1464 722 Οὐκοῦν
1499 663 1658 720 οὗτος
1711 663 1874 738 μόνος
1906 665 1934 718 6
1967 685 2061 737 μι-

392 758 522 823 σθὸς
582 754 684 811 οὐκ
741 751 1126 827 ἀπολλύμενός
1176 752 1308 809 ἐστι.
1344 754 1442 807 Καὶ
1492 751 1647 816 αὖθις
1682 771 1694 784 ⁸
1726 777 1755 805 ‹‹
1789 754 2065 824 Ποιήσατε

397 847 528 919 ὑμῖν
582 843 784 923 φίλους
825 843 884 898 ἑκ
939 846 1038 897 τοῦ
1091 846 1370 915 μαμμωνᾶ
1397 848 1498 911 τῆς
1526 839 1759 914 ἀδικίας,
1785 839 1899 912 τίνα,
1934 841 2058 898 ὅταν

397 934 693 1006 ἑκλίπητε,
721 931 968 1006 δέξωνται
1003 931 1142 1004 ὑμᾶς
1175 929 1252 992 εἴς
1288 931 1385 992 τὰς
1438 930 1696 993 αἲωνίους
1747 931 1947 1002 σκηνάς
1979 950 1992 964 ·
2025 953 2052 983 ι

399 1024 559 1104 φύσει
619 1023 713 1097 μὲν
775 1023 978 1076 ἅπασαν
1037 1021 1226 1088 κτῆσιν
1287 1020 1348 1088 ἣν
1390 1019 1552 1084 αὐτός
1607 1041 1690 1082 τις
1751 1018 1830 1097 ἐφ’
1865 1021 2058 1075 ἑαυτοῦ

400 1115 684 1183 κέκτηται,
709 1109 805 1166 οὐκ
859 1106 999 1163 ΐδίαν
1060 1105 1220 1162 οὖσαν
1273 1107 1610 1184 ἀποφαίνων.
1645 1109 1740 1164 Ἐκ
1769 1106 1827 1164 δὲ
1856 1109 2059 1178 ταύτης

399 1208 502 1270 τῆς
530 1198 740 1261 ἀδικίας
771 1197 888 1252 ἐνὸν
936 1198 1028 1252 καὶ
1076 1202 1302 1272 πρᾶγμα
1350 1195 1556 1252 δίκαιον
1607 1197 1927 1274 ἐργάσασθαι
1965 1190 2056 1257 καὶ

395 1291 697 1364 σωτήριον,
728 1285 1029 1342 ἀναπαῦσαί
1065 1307 1187 1340 τινα
1227 1290 1335 1342 τῶν
1376 1284 1613 1361 ἐχόντων
1661 1287 1884 1342 αἰώνιον
1926 1308 2056 1354 σκη-

385 1381 488 1448 νήν
517 1379 669 1455 παρᾶ
693 1381 774 1449 τῷ
800 1377 990 1450 ΙΙατρί.
1023 1378 1168 1448 "Ope:
1213 1379 1429 1447 πρῶτον
1480 1375 1600 1449 μὲν,
1631 1377 1705 1438 ὡς
1753 1377 1853 1431 οὐκ
1892 1377 2052 1432 ἀπαι-

386 1467 600 1532 τεῖσθαί
664 1486 722 1520 σε
765 1462 1111 1534 κεκέλευκεν,
1149 1461 1274 1519 οὐδὲ
1319 1463 1665 1539 ἐνοχλεῖσθαι
1722 1465 2056 1539 περιμένειν,

392 1555 518 1612 ἀλλ’
557 1554 720 1610 αὐτὸν
747 1554 924 1624 ζητεῖν
955 1552 1086 1616 τοὺς
1124 1551 1182 1608 εῦ
1212 1554 1593 1624 πεισομένους,
1625 1553 1806 1623 ἀξίους
1861 1575 1920 1609 τε
1962 1551 2052 1612 3v—

398 1666 496 1707 τας
525 1649 622 1700 τοῦ
650 1650 912 1716 Σωτῆρος
947 1641 1216 1715 μαθητάς.
1253 1642 1435 1704 Καλὸς
1469 1641 1566 1714 μὲν
1600 1640 1690 1696 οὗν
1741 1642 1831 1697 καὶ
1881 1645 1908 1698 ὁ
1955 1648 2053 1698 τοῦ

405 1732 740 1792 Ἀποστόλου
797 1729 969 1805 λόγος
1001 1751 1014 1764 ⁸
1069 1755 1096 1782 ιι
1157 1729 1346 1806 ἱλαρὸν
1406 1732 1510 1806 γὰρ
1570 1727 1735 1800 δότην
1784 1729 1966 1808 ἀγαπᾷ
2020 1733 2048 1787 6

407 1824 558 1895 Θεὸς,
593 1846 621 1873 n
652 1821 920 1926 χαίροντα
959 1825 1038 1892 τῷ
1082 1817 1312 1926 ξιδόναι,
1346 1819 1451 1926 καὶ,
1480 1821 1554 1892 μὴ
1571 1817 1946 1926 ⁵φειδόμενον,
1976 1821 2051 1884 ὡς
2084 1860 2131 1926 Β

402 1913 706 1986 σπείροντα,
725 1908 816 1965 *ίνα
846 1911 1024 1984 (32-3)
1047 1908 1190 1964 οὕτω
1219 1910 1309 1964 καὶ
1337 1907 1546 1984 θερίσῃ,
1567 1906 1699 1984 δίχα
1729 1916 2050 1986 γογγυσμοῦ

396 2000 483 2056 καὶ
541 1998 883 2074 διακρίσεως,
915 2019 1006 2053 και
1065 1995 1273 2068 λύπης,
1329 1998 1420 2052 καὶ
1469 2003 1859 2068 κοινωνοῦντα,
1918 1998 2052 2075 ὅπερ

393 2089 532 2145 ἐστὶν
583 2088 857 2164 εὐεργεσία
907 2087 1091 2162 ἆγαπή
1121 2089 1254 2161 (34).
1288 2086 1552 2162 Κρείττων
1600 2085 1646 2142 δ’
1697 2086 1806 2144 ἐστὶ
1856 2088 2052 2144 τούτου

392 2180 420 2234 6
448 2183 529 2250 τῷ
559 2178 752 2254 Κυρίῳ
779 2176 1108 2252 λελεγμένος
1144 2175 1196 2231 ἐν
1223 2173 1386 2248 ἄλλῳ
1415 2175 1615 2252 χωρίῳ
1648 2195 1661 2209 ⁸
1699 2199 1727 2229 ιι
1759 2177 1923 2233 Παντὶ
1970 2177 2050 2251 τῷ

390 2267 635 2323 αἴτοῦντί
665 2287 724 2322 σε
755 2264 927 2322 δίδου.
965 2289 994 2318 ››
1049 2269 1182 2320 Θεοῦ
1211 2266 1312 2342 γὰρ
1344 2261 1512 2329 ὅντως
1541 2268 1577 2336 ὴ
1605 2267 1831 2337 τοιαύτη
1885 2265 2049 2344 φιλο-

393 2353 570 2434 δωρεά
601 2375 615 2388 ⁸
651 2357 832 2412 οὐτοσῖ
869 2353 927 2410 δὶ
956 2356 984 2410 6
1013 2353 1179 2430 λόγος
1212 2355 1344 2430 ὑπὲρ
1369 2356 1574 2409 ἅπασάν
1625 2354 1738 2410 ἐστι
1764 2353 2046 2426 τελειότη-

388 2467 455 2501 τα
484 2449 622 2520 (35),
659 2443 790 2519 μηδ’
811 2443 1074 2500 αἶ’τεῖσθαι
1107 2442 1444 2517 περιμένειν,
1476 2442 1604 2499 ἀλλ’
1633 2443 1794 2506 αὐτὸς
1842 2445 2046 2516 ἀναζηρ

388 2541 522 2605 τεῖν,
551 2534 698 2597 ὅστις
728 2531 876 2604 ἄξιος
903 2533 960 2588 εὗ
992 2537 1206 2597 παθεῖν.
2007 2561 2014 2572 π

2173 581 2229 636 in
2266 583 2502 638 nomine
2527 582 3056 655 discipulicalicem
3081 598 3246 652 aquae
3269 581 3510 653 frigidas,
3533 597 3648 635 non
3674 596 3808 652 per-

2171 670 2271 727 det
2301 674 2626 728 mercedem
2678 672 2777 744 (0.).
2814 693 2842 720 »
2873 676 3007 726 Haec
3036 671 3217 742 igitur
3269 668 3394 726 sola
3428 685 3650 724 merces
3695 685 3812 726 non

2171 760 2406 832 peribit.
2442 761 2511 816 Et
2541 777 2768 816 rursus:
2807 781 2831 812 α
2857 761 3052 816 Facite
3081 760 3246 816 vobis
3275 759 3493 815 amicos
3522 760 3594 814 de
3626 775 3813 814 mam-

2169 864 2344 904 mona
2372 849 2722 920 iniquitatis,
2755 855 2820 904 ut
2849 865 2984 904 cum
3010 849 3363 916 defeceritis,
3394 848 3680 919 recipiant
3706 865 3812 903 vos

2169 937 2454 993 inaeterna
2473 938 3003 1008 tabernacu|a(b);»
3025 938 3106 992 ita
3133 937 3412 992 nimirum
3438 941 3502 992 ut
3528 937 3814 1008 quidquid

2167 1026 2512 1082 facultatum
2547 1043 2722 1098 penes
2746 1044 2808 1082 se
2839 1027 2970 1098 quis
3002 1027 3322 1099 possideat,
3357 1043 3470 1082 non
3503 1042 3632 1082 esse
3681 1043 3813 1097 pro-

2168 1115 2360 1187 prium
2390 1121 2600 1170 natura
2629 1132 2866 1172 censum
2899 1117 3416 1188 substantiamque
3448 1115 3808 1188 pronuntiet.

2168 1205 2248 1260 Ex
2271 1205 2378 1260 hac
2411 1221 2580 1277 porro
2612 1205 2924 1276 iniquitate
2945 1204 3082 1260 licet
3108 1205 3284 1260 etiam
3319 1222 3440 1260 rem
3477 1207 3703 1275 justam
3743 1221 3810 1260 ac

2167 1293 2485 1349 salutarem
2523 1298 2819 1365 praetare;
2852 1299 2917 1349 ut
2939 1309 3151 1365 nempe
3175 1308 3378 1348 eorum
3398 1292 3650 1364 aliquem
3676 1293 3816 1348 reii-

2166 1383 2286 1437 cias
2318 1389 2492 1452 atque
2523 1386 2841 1449 sustentes,
2869 1383 2967 1453 qui
2989 1388 3265 1437 aeternum
3293 1382 3444 1454 apud
3473 1381 3695 1437 Patrem
3720 1386 3814 1436 ta-

2166 1469 2550 1526 bernaculum
2584 1471 2738 1525 nacti
2773 1476 2928 1526 sunt.
2966 1471 3104 1525 Vide
3133 1470 3384 1542 primum
3426 1470 3662 1541 quidem
3697 1487 3809 1525 non

2157 1559 2416 1630 jussisse
2449 1564 2512 1614 ut
2559 1577 2594 1614 a
2623 1563 2679 1614 te
2709 1559 2853 1628 exigi
2882 1558 3143 1631 patiaris,
3179 1575 3283 1614 nec
3315 1563 3381 1614 ut
3433 1560 3802 1630 importunos

2166 1649 2270 1704 tibi
2308 1649 2426 1704 fore
2458 1664 2674 1719 egenos
2706 1650 2889 1716 sinas;
2924 1649 3024 1703 sed
3075 1653 3140 1704 ut
3177 1653 3241 1703 tu
3293 1649 3419 1720 ipse
3467 1665 3695 1720 quaeras
3741 1649 3802 1703 in

2164 1753 2312 1809 quos
2340 1738 2690 1792 beneficium
2725 1737 2806 1792 sis
2835 1737 3252 1806 collocaturus,
3279 1743 3336 1793 et
3366 1737 3466 1810 qui
3484 1736 3804 1793 Salvatoris

2164 1825 2328 1898 digni
2356 1825 2631 1897 discipuli
2665 1826 2969 1881 exsistant.
3015 1827 3080 1882 Et
3121 1825 3394 1897 praeclare
3441 1827 3681 1896 quidem
3730 1825 3805 1881 ab

2159 1914 2452 1986 Aposiolo,
2479 1914 2761 1970 «hilarem
2814 1915 2973 1970 enim
2996 1915 3257 1970 datorem
3282 1914 3476 1985 diligit
3499 1915 3654 1970 Deus
3670 1915 3800 1986 (6);»

2163 2004 2263 2076 qui
2297 2003 2566 2074 largitate
2595 2002 2943 2070 delectatur,
2979 2019 3083 2059 nec
3100 2003 3448 2059 seminando
3465 2019 3674 2075 parcus
3697 2019 3797 2058 ex-

2161 2092 2353 2157 sistat,
2392 2096 2458 2148 ut
2489 2096 2546 2147 et
2578 2091 2658 2147 ita
2688 2091 2931 2164 parique
2963 2092 3230 2147 ubertate
3260 2097 3458 2159 motat;
3491 2092 3620 2146 sine
3644 2107 3803 2146 mur-

2159 2181 2492 2237 muratione
2523 2184 2581 2236 et
2629 2181 3030 2250 distinctione,
3063 2180 3343 2252 nullaque
3399 2179 3801 2236 mmstitudine

2156 2271 2402 2336 tribuat,
2449 2270 2602 2341 quod
2653 2270 2939 2341 praeclarae
2975 2285 3194 2324 munus
3246 2269 3644 2324 beneﬁcentiae
3686 2272 3798 2323 est.

2155 2360 2273 2416 Hoc
2294 2363 2491 2414 autem
2525 2358 2734 2414 melior
2763 2361 2870 2425 est,
2903 2373 3072 2428 quem
3104 2356 3369 2414 Salvator
3399 2357 3548 2412 dixit
3577 2356 3690 2412 alio
3721 2355 3804 2413 lo-

2153 2465 2219 2504 co
2245 2464 2257 2503 :
2285 2447 2457 2503 Omni
2505 2445 2722 2518 petenti
2761 2451 2840 2516 te,
2886 2446 3238 2518 tribue(d).»
3265 2445 3358 2501 Dei
3387 2461 3642 2516 namque
3661 2461 3793 2502 vere

2151 2535 2509 2603 ejuscemodi
2540 2534 2742 2608 sicque
2763 2533 2950 2590 facilis
2977 2533 3234 2606 largitas.
3263 2534 3546 2590 Caeterum
3570 2533 3790 2589 doctri-

387 2589 465 2684 na
492 2589 805 2684 θεσοῷέὶ
835 2589 1020 2698 major
1071 2589 1161 2680 est
1220 2624 1594 2696 perfectione,
1653 2628 1718 2680 ut
1749 2642 1853 2681 nec
1884 2589 2488 2700 exspectes-hquiaite
2519 2589 2822 2698 efﬂagitat,
2879 2625 2980 2680 sed
3013 2589 3138 2697 ipse
3194 2625 3457 2695 inquiras
3519 2624 3652 2696 quis
3705 2624 3790 2679 di-

387 2734 542 2791 gnus
572 2715 648 2774 sit
675 2716 736 2772 in
769 2731 942 2788 quem
977 2713 1326 2770 beneficium
1360 2715 1647 2770 conferas.

459 2808 583 2862 AB'.
617 2807 846 2862 Ἔπειτα
870 2802 1202 2872 τηλικοῦτον
1237 2803 1425 2876 μισθὸν
1479 2802 1657 2880 ὁρίσαι
1697 2809 1796 2874 τῆς
1843 2825 2036 2860 κοινω-

272 2963 276 2968 I
388 2894 528 2962 νίας,
559 2894 781 2950 αἰώνιον
839 2893 1079 2964 σκηνήνὲ
1131 2889 1176 2946 ὢ
1218 2890 1393 2962 καλῆς
1444 2891 1747 2967 ἐμπορίαςί
1800 2889 1844 2946 ὣ
1889 2894 2037 2957 θείας

387 2983 628 3060 ἆγορᾶςί
662 2987 894 3038 Ὠνεῖται
940 2981 1246 3056 χρημάτων
1294 3002 1376 3043 τις
1428 2981 1746 3058 ἀφθαρσίαν,
1781 2981 1869 3036 καὶ
1909 2980 2035 3046 δοὺς

388 3073 452 3127 τὰ
483 3069 822 3146 διολλύμενα
856 3075 952 3126 τοῦ
995 3066 1229 3144 κόσμου,
1260 3069 1432 3143 μονὴν
1463 3070 1672 3124 τούτων
1717 3069 1938 3125 αἰώνιον
1981 3069 2033 3126 ἐν

386 3160 638 3238 οὐρανοῖς
683 3155 1100 3234 ἀντιλαμϐάνει.
1150 3157 1391 3214 Πλεῦσον
1443 3157 1530 3214 ἐπὶ
1580 3159 1798 3232 ταύτην,
1831 3157 1890 3214 ἂν
1924 3182 2032 3215 σω-

2221 2808 2376 2864 84-1
2405 2805 2630 2863 XXXII.
2665 2805 2883 2861 Deinde
2913 2808 3133 2861 tantam
3165 2809 3422 2861 statuere
3457 2804 3786 2860 mercedem

2147 2895 2524 2970 erogationis,
2555 2899 2836 2950 aeternum
2887 2893 3350 2950 tabernaculum!
3405 2911 3436 2949 ο
3483 2891 3787 2966 pulchram

2149 2983 2617 3056 negotiationem!
2643 3001 2676 3039 ο
2696 2984 2959 3038 divinum
2982 2982 3450 3038 mercimonium!
3477 2981 3633 3038 Emit
3653 2982 3788 3052 quis

2147 3074 2396 3146 pecunia
2454 3071 2978 3144 incorruptionem,
3039 3073 3310 3142 datisque
3361 3070 3557 3127 saeculi
3608 3071 3786 3126 rebus

2147 3179 2272 3234 quas
2306 3162 2621 3228 intereunt,
2653 3160 2873 3231 praemii
2908 3159 3032 3214 loco
3056 3165 3328 3215 aeternam
3352 3159 3410 3214 in
3435 3159 3596 3214 caelis
3621 3175 3786 3214 man-

385 3254 614 3329 φρονῇς,
653 3250 752 3319 τήν
795 3251 1119 3326 πανήγσριν,
1151 3245 1196 3302 ὦ
1243 3246 1492 3304 πλούσιε.
1520 3245 1622 3302 Κᾶν
1671 3246 1780 3322 δὲῃ,
1813 3249 2036 3325 περίελ-

2153 3252 2367 3308 sionem
2403 3250 2626 3322 recipit.
2661 3250 2747 3304 'I‘u
2780 3249 2879 3319 qui
2912 3249 3072 3303 dives
3103 3265 3185 3317 es,
3217 3249 3288 3303 ad
3315 3247 3447 3313 bas,
3504 3249 3554 3301 si
3603 3249 3785 3318 sapis,

385 3342 445 3395 θε
489 3345 592 3415 γῆν
640 3336 775 3408 ὃλην
823 3340 958 3412 (36).
1008 3338 1099 3406 Μὴ
1151 3336 1306 3415 φείσῃ
1367 3334 1630 3392 κινδύνων
1685 3335 1774 3391 καὶ
1832 3338 2036 3410 πόνων,

383 3425 461 3482 ἵν’
491 3426 713 3490 ἐνταῦθα
763 3425 1040 3503 βασιλείαν
1083 3423 1334 3502 οὐράνιον
1383 3424 1678 3500 ἀγοράσῃς.
1718 3424 1787 3481 Τί
1847 3446 1903 3480 σε
1958 3427 2040 3480 Λί-

387 3519 473 3572 θοι
524 3514 797 3592 διαφανεῖς
852 3515 943 3570 καὶ
1003 3511 1310 3590 σμάραγδοι
1363 3517 1620 3568 τοσοῦτον
1671 3513 2034 3589 εὐφραίνουσι,

380 3603 471 3660 καὶ
520 3604 667 3661 οίκία
719 3604 896 3682 τροφή
946 3603 1136 3678 πυρὸς,
1169 3601 1205 3672 ἢ
1263 3601 1469 3678 χρόνου
1517 3603 1789 3676 παίγνιον,
1819 3603 1854 3673 ἢ
1889 3623 2033 3657 σεισ-

382 3698 487 3768 μοῦ
548 3692 852 3770 πάρεργον,
884 3695 920 3761 ἢ
973 3687 1216 3766 ὕϐρισμα
1263 3691 1562 3766 τυράννους
1598 3689 1937 3764 ἐπιθύμησον
1983 3691 2033 3746 ἐν

379 3782 629 3858 οὗρανοῖς
668 3782 886 3852 οἰκῆσαι
932 3781 1021 3836 καὶ
1075 3781 1390 3847 βασιλεῦσαι
1441 3780 1573 3852 μετά
1620 3783 1778 3835 Θεοῦ.
1813 3779 2029 3851 Ταύτην

375 3893 459 3928 σοι
501 3874 605 3942 τὴν
669 3871 950 3948 βασιλείαν
1011 3870 1296 3946 ἄνθρωπος
1349 3867 1510 3924 δώσει
1552 3870 1678 3924 Θεὸν
1711 3868 2028 3944 ἀπομιμού-

377 3980 562 4032 μενος.
595 3959 857 4014 Ἐνταῦθα
908 3959 1076 4032 μικρᾶ
1116 3951 1326 4029 λαϐὼν,
1359 3957 1471 4011 ἐκεῖ
1520 3953 1591 4010 δι’
1621 3957 1766 4011 ὅλων
1814 3956 2027 4012 αἰώνων

372 4047 622 4104 σύνοικόν
665 4069 760 4102 σου
818 4048 1104 4118 ποιήσεται
1141 4065 1153 4078 ⁸
1188 4046 1459 4100 ἱκέτευσον
1503 4043 1596 4100 ’ίνα
1644 4042 1788 4120 λάοῃ
1823 4065 1836 4078 ⁸
1868 4051 2027 4102 σπεῦ-

370 4157 482 4206 σον,
532 4135 834 4213 ἀγωνίασον
868 4155 882 4168 ⁸
927 4129 1208 4211 φοϐήθητι
1261 4135 1336 4208 μή
1386 4154 1442 4188 σε
1493 4133 1754 4210 ἀτιμᾶίσῃ.
1802 4135 1878 4192 Οὐ
1924 4135 2026 4213 γὰρ

369 4211 720 4281 κεκέλευσται
752 4219 969 4292 λαϐεῖν,
1007 4222 1155 4279 ἀλλά
1181 4244 1238 4278 σε
1277 4229 1602 4299 παρασχεῖν.
1631 4223 1708 4282 Οὐ
1756 4225 1864 4296 μὴν
1912 4211 2029 4280 οὐδ’

372 4315 513 4370 εἶπεν
573 4315 601 4369 6
659 4313 857 4378 Κύριος
885 4329 900 4346 ⁸
932 4311 1044 4384 δὸς,
1077 4311 1113 4382 ἢ
1172 4311 1468 4387 παράσχες,
1496 4311 1532 4382 ἢ
1590 4312 1956 4388 εὖεργέτησον,
1988 4316 2023 4385 ἢ

373 4405 647 4478 βοήθησον
683 4421 696 4435 ⁸
755 4402 926 4459 Φίλον
987 4399 1044 4457 δὲ
1093 4401 1341 4471 ποίησαι.
1391 4402 1451 4458 Ὀ
1498 4398 1555 4456 δὲ
1598 4401 1761 4480 φίλος
1807 4403 1909 4458 οὐκ
1965 4403 2024 4458 ἐκ

373 4497 500 4566 μιᾶς
552 4491 777 4561 δόσεως,
835 4489 983 4546 ἀλλὰ
1040 4489 1319 4552 συνουσίας
1377 4497 1606 4567 μακρᾶς.
1661 4489 1800 4548 Οὐδὲ
1849 4491 2015 4567 γὰρὴ

2149 3339 2581 3412 navigationem
2641 3337 2886 3393 institue
2942 3336 3262 3392 nundinas.
3321 3337 3377 3391 Si
3414 3350 3651 3390 necesse
3682 3336 3785 3404 sit,

2146 3433 2362 3484 terram
2396 3442 2631 3483 omnem
2664 3441 2928 3497 peragra.
2961 3424 3044 3479 Ne
3071 3440 3278 3496 parcas
3309 3422 3586 3495 periculis
3607 3439 3673 3477 ac
3698 3421 3783 3476 la-

2146 3517 2408 3580 boribus,
2443 3519 2507 3569 ut
2547 3514 2806 3586 quandiu
2863 3529 3115 3586 presens
3144 3513 3340 3583 agitur
3367 3511 3501 3574 vita,
3554 3527 3784 3567 coemas

2144 3621 2389 3677 regnum
2424 3603 2725 3659 caelorum.
2757 3604 2873 3660 Cur
2899 3607 2954 3658 te
2984 3602 3126 3658 adeo
3159 3605 3418 3656 recreant
3444 3599 3628 3672 lapilli
3655 3615 3784 3671 pre-

2141 3691 2274 3748 tiosi
2307 3697 2365 3748 et
2396 3692 2712 3762 smaragdi,
2747 3691 3077 3760 domusque
3107 3689 3262 3762 ignis
3320 3687 3623 3759 pabulum,
3659 3688 3780 3745 sive

2141 3781 2426 3852 temporis
2457 3779 2798 3850 ludibrium,
2833 3785 2931 3834 aut
2951 3783 3114 3833 terra:
3146 3783 3342 3834 motus
3363 3777 3521 3834 aliud
3549 3773 3779 3849 agentis

2139 3869 2453 3939 excidium,
2486 3873 2587 3925 aut
2615 3869 2846 3941 tyranni
2879 3868 3138 3937 injuria?
3165 3868 3224 3922 in
3258 3868 3404 3922 votis
3435 3867 3644 3923 habeto
3663 3885 3779 3924 cm-

2138 3959 2329 4014 lorum
2370 3958 2773 4013 habitaculum
2807 3962 2865 4012 et
2895 3961 2959 4012 ut
2989 3972 3196 4028 regnes
3219 3973 3352 4011 cum
3377 3960 3506 4010 Deo.
3526 3961 3647 4011 Hoc
3671 3955 3777 4011 tibi

2138 4064 2380 4120 regnum
2415 4047 2590 4102 homo
2614 4047 2795 4112 dabit,
2817 4047 2998 4102 Deum
3019 4045 3281 4100 imitans.
3304 4045 3427 4114 Hic,
3454 4061 3579 4115 quae
3601 4060 3780 4116 parva

2137 4143 2277 4193 sunt
2305 4136 2667 4209 acceptis,ibi
2698 4139 2754 4190 te
2788 4152 2888 4207 per
2917 4135 3115 4190 omnia
3145 4133 3357 4189 saecula
3387 4133 3777 4188 contuberna-

2137 4227 2248 4283 lem
2283 4225 2512 4282 efﬁciet.
2535 4224 2810 4298 Supplica
2830 4223 3178 4296 utaccipiat;
3208 4223 3441 4293 festina,
3466 4221 3776 4288 eniterer‘

2133 4315 2276 4371 time
2309 4331 2381 4370 ne
2409 4320 2465 4369 te
2496 4314 2594 4369 ille
2624 4319 2881 4386 spernat.
2914 4314 3028 4370 Nec
3057 4313 3215 4369 enim
3255 4314 3305 4370 is
3365 4313 3422 4368 in
3474 4310 3772 4367 mandatis

2132 4405 2310 4461 habet
2337 4409 2400 4460 ut
2429 4404 2698 4475 accipiat,
2725 4405 2824 4459 sed
2860 4409 2919 4459 tu
2957 4408 3020 4458 ut
3050 4405 3331 4475 praebeas.
3360 4402 3508 4468 Quin
3540 4417 3613 4456 ne
3659 4399 3770 4455 hoc

2134 4494 2368 4567 quidem
2399 4494 2544 4548 dixit
2577 4493 2878 4561 Dominus,
2914 4495 3068 4558 dato,
3128 4493 3338 4564 praebe,
3392 4489 3776 4546 beneficentia

368 4581 568 4651 πίστις,
604 4578 730 4636 οὐδὲ
760 4583 794 4651 ἡ
829 4580 1032 4654 ἀγάπη,
1063 4578 1185 4634 οὐδὲ
1217 4581 1250 4650 ἡ
1296 4581 1552 4656 καρτερία
1603 4585 1729 4653 μιᾶς
1785 4580 2018 4657 ἡμέρας,

2153 4587 2315 4653 itere,
2350 4583 2561 4638 auxilio
2594 4583 2736 4650 fove,
2771 4582 2896 4636 sed:
2929 4605 2956 4665 cf
2990 4583 3098 4637 Fac
3131 4583 3387 4638 amicum
3421 4581 3514 4651 (ε).
3549 4600 3574 4630 ι
3614 4577 3772 4634 Ami-

367 4669 494 4727 ἀλλ’
524 4695 553 4724 ι‹
587 4671 615 4726 6
655 4669 953 4743 ὑπομείνας
987 4668 1063 4731 εἷς
1095 4666 1276 4734 τέλος,
1311 4669 1470 4730 οὗτος
1503 4671 1825 4740 σωθήσεται.
1864 4695 1890 4721 ››

2128 4688 2232 4727 cus
2265 4675 2482 4738 autem,
2516 4687 2627 4725 non
2680 4689 2797 4726 una
2839 4656 3147 4743 largitione
3206 4687 3309 4726 seu
3367 4685 3633 4734 munere,
3667 4667 3767 4722 sed

365 4761 542 4836 longa
576 4761 976 4817 familiaritate
1008 4764 1339 4832 praestatur.
1373 4765 1510 4815 Nam
1550 4775 1738 4832 neque
1773 4761 1918 4816 fides
1951 4765 2051 4817 aut
2074 4760 2334 4817 charitas
2391 4765 2491 4814 aut
2547 4759 2859 4816 tolerantia
2917 4761 3096 4815 unius
3141 4760 3254 4815 diei
3285 4764 3396 4826 est,
3453 4760 3572 4828 sed,
3607 4779 3636 4808 ‹‹
3669 4757 3767 4829 qui

367 4848 760 4920 perseveravit
785 4863 974 4920 usque
999 4847 1056 4903 in
1091 4848 1292 4916 ﬁnem,
1324 4847 1520 4904 salvus
1540 4849 1753 4921 eritif).
1788 4871 1816 4899 »

439 4941 554 4993 Al".
588 4937 711 4997 Πῶς
772 4936 864 4990 οῦν
925 4936 953 4990 6
1007 4933 1290 5011 ἄνθρωπος
1348 4939 1514 4990 ταῦτα
1572 4933 1802 5006 δίδωσι;
1847 4937 2015 4992 Δώσω

363 5024 462 5099 γὰρ
496 5023 558 5078 οὐ
595 5015 760 5096 μόνον
787 5029 908 5088 τοῖς
938 5023 1144 5102 φίλοις,
1170 5023 1314 5079 ἀλλὰ
1369 5024 1460 5078 καὶ
1509 5029 1628 5085 τοῖς
1675 5023 1860 5101 φίλοις
1905 5029 2014 5079 τῶν

361 5112 558 5189 φίλων.
593 5112 692 5168 Καὶ
751 5112 835 5175 τίς
881 5113 1039 5175 οὗτός
1099 5112 1239 5168 ἐστιν
1292 5114 1320 5167 6
1359 5111 1522 5188 φίλος
1575 5117 1672 5166 τοῦ
1729 5117 1902 5182 Θεοῦ;
1941 5113 2014 5167 Σὺ

365 5202 461 5274 μὲν
523 5202 600 5276 μὴ
658 5207 807 5276 κρῖνε
869 5201 952 5264 τίς
1011 5203 1157 5272 ἄξιος
1209 5203 1247 5273 ἢ
1304 5200 1387 5264 τίς
1444 5201 1657 5273 ἀνάξιος
1691 5221 1704 5235 ⁸
1739 5199 2012 5277 ἐνδέχεται

2195 4937 2446 4994 XXXIII.
2473 4938 2736 5002 Quonam
2770 4937 2953 5010 igitur
2984 4937 3156 4993 modo
3185 4937 3362 4992 homo
3395 4935 3512 4991 hec
3533 4934 3769 4990 tribuit?

2132 5028 2290 5084 Dabo
2321 5028 2474 5082 enim
2509 5044 2622 5082 non
2657 5026 2848 5083 solum
2882 5026 3109 5095 amicis,
3134 5041 3332 5080 verum
3358 5025 3534 5080 etiam
3560 5023 3766 5079 amicis

2125 5117 2471 5171 amicorum.
2506 5117 2856 5188 Ecquisnam
2889 5131 3021 5170 vero
3080 5115 3168 5170 hic
3199 5119 3289 5169 est
3325 5111 3420 5168 Dei
3480 5112 3705 5168 amicus
3736 5112 3765 5166 ‘I

2121 5206 2204 5260 Tu
2241 5207 2477 5278 quidem
2511 5205 2628 5260 noli
2651 5206 2920 5276 judicare
2951 5203 3085 5276 quis
3115 5204 3333 5275 dignus
3363 5207 3464 5258 aut
3483 5201 3766 5273 indignus

429 5323 743 5429 H.943
783 5354 892 5429 ιιι).
951 5354 1254 5429 POTTER.
1291 5355 1373 5426 (a)
1437 5353 1648 5411 Matth.
1681 5371 1738 5423 x,
1773 5354 1970 5426 41.(ὺ)
2029 5360 2039 5409 J

2153 5398 2168 5414 .
2199 5374 2319 5428 xvr,
2347 5358 2382 5412 9
2414 5357 2488 5429 (c)
2547 5357 2599 5412 Il
2629 5357 2758 5412 Cor.
2787 5373 2864 5422 ιχ,
2895 5357 2950 5410 7.
2979 5355 3056 5427 (d)
3088 5355 3208 5411 Luc
3263 5370 3345 5422 vx,
3374 5354 3464 5410 30.
3523 5355 3596 5427 (θ)
3627 5353 3762 5412 Luc.

357 5437 476 5489 ινι,
504 5425 559 5479 9.
593 5425 662 5497 (Γ)
692 5425 900 5482 Matth.
921 5442 989 5494 ex,
1009 5427 1102 5482 22.

637 5591 770 5646 Ἵνα.
803 5594 907 5647 Ms.
935 5591 1112 5648 habet
1135 5588 1228 5645 'lva
1262 5591 1358 5663 μή.
1394 5593 1558 5650 FBLL.

527 5661 545 5732 )
594 5662 806 5732 Δγαθή.
839 5665 970 5729 Mm,
1000 5662 1156 5720 καθά.
1191 5664 1355 5722 FILL.

527 5661 545 5732 )
575 5661 806 5736 ’Ἀγαυή
839 5665 970 5729 Mm,
1000 5662 1156 5720 καθά.
1191 5661 1355 5722 rm.

2186 5596 2296 5738 $35)
2328 5591 2675 5684 Τελειότητα.
2710 5595 2845 5662 Ms.,
2873 5591 3130 5680 βιότητα.
3165 5595 3331 5652 FELL.

2214 5668 2306 5738 36)
2331 5670 2436 5736 Γην
2469 5663 2630 5734 ὃλην,
2665 5667 2801 5737 M8.,
2829 5662 3116 5738 τηνιόλην.
3147 5667 3312 5728 Εειιῑ..

2214 5662 2306 5740 36)
2331 5670 2436 5736 Γῆν
2469 5663 2630 5734 ὅλην,
2665 5667 2801 5737 M8.,
2829 5662 3116 5740 τήνιόλην.
3147 5667 3312 5728 Εειιῑ..
3350 5717 3363 5732 .
3521 5679 3549 5733 ’-
