4078 6146
316 322 428 379 639

1548 336 1961 396 CLBMBN'I'IS
1996 338 2496 396 ALEXANDRIHI

3617 339 3729 397 σισ

317 448 395 503 sit
428 466 441 516 ;
476 450 601 506 fieri
631 452 784 509 enim
814 459 1006 527 potest
1038 462 1103 513 ut
1130 458 1405 531 opinione
1431 465 1533 517 tua
1573 478 1767 518 errore
1796 462 1957 518 laba-

2083 461 2180 536 γάρ
2241 481 2299 515 σε
2353 459 2671 538 διαμαρτεῖν
2715 461 2839 535 περὶ
2870 463 2967 530 τὴν
3011 460 3189 533 δόξαν.
3219 464 3310 525 Ὠς
3340 463 3393 518 δν
3425 458 3723 541 ἀμφιϐόλῳ

316 539 418 593 ris.
452 539 547 595 δίο
577 557 712 597 vero
744 543 801 598 in
833 544 1070 613 proclivi
1103 564 1235 603 cum
1269 549 1347 604 sit
1375 565 1556 617 error,
1587 552 1796 608 melius
1827 553 1958 619 erit,

322 632 385 682 ut
415 633 471 683 et
497 629 754 702 indignis
785 633 1117 692 benefacias
1150 643 1385 710 propter
1413 641 1646 712 dignos,
1677 656 1855 711 quam
1899 645 1963 695 ut

318 715 457 770 dum
491 733 660 773 caves
708 720 1003 791 indignos,
1037 742 1108 781 ne
1139 727 1198 781 in
1255 743 1354 783 eos
1411 729 1649 799 quidem
1683 729 1782 800 qui
1816 733 1963 785 bene

321 812 637 874 merentur,
670 807 916 867 incidas.
952 817 1097 868 Dum
1131 816 1287 870 enim
1321 817 1506 872 nimia
1535 819 1806 874 cautione
1837 825 1961 874 ute-

316 893 419 959 ris,
453 894 782 968 viderisque
814 901 1060 970 probare
1093 905 1334 974 quinam
1360 905 1571 961 merito
1594 923 1775 963 necne
1800 924 1961 963 acce-

316 982 469 1052 pturi
503 982 639 1049 sint,
694 989 982 1060 contingit
1011 996 1077 1045 ut
1097 992 1195 1047 Dei
1220 995 1442 1049 amicos
1464 995 1647 1050 colere
1675 996 1961 1067 negligas;

316 1073 486 1140 cujus
515 1073 817 1143 neglectus
850 1094 1038 1148 paena,
1073 1086 1354 1136 internum
1390 1083 1544 1155 ignis
1604 1084 1958 1155 supplicium

312 1160 563 1217 exsistit.
597 1161 759 1225 Quod
785 1181 915 1221 vero
946 1170 1225 1224 omnibus
1244 1170 1344 1240 qui
1365 1170 1963 1244 indigeantdeinceps

321 1248 602 1318 praebeas,
635 1268 872 1309 necesse
904 1256 1145 1312 omnino
1175 1258 1347 1314 etiam
1381 1260 1635 1331 aliquem
1680 1264 1963 1326 nancisci,

317 1337 417 1408 qui
448 1339 603 1409 apud
655 1340 839 1398 Deum
895 1344 1145 1402 salutem
1204 1348 1511 1404 conciliare
1554 1355 1748 1421 queat.
1776 1372 1805 1399 κ
1836 1350 1963 1406 Noli

320 1425 837 1498 itaquejudicare,
880 1438 946 1487 ut
1006 1451 1119 1489 non
1166 1436 1474 1505 judiceris:
1536 1455 1653 1510 qua
1686 1454 1965 1495 mensura

319 1532 563 1571 mensus
592 1518 793 1590 fueris,
826 1522 1165 1578 remetietur
1196 1525 1325 1581 tibi.
1362 1527 1632 1583 Mensura
1654 1529 1968 1594 bona,con-

319 1604 468 1658 ferta
499 1609 556 1659 et
584 1608 893 1679 coagitata,
925 1615 982 1665 et
1013 1614 1383 1683 superfluens
1415 1617 1692 1671 reddetur
1712 1617 1962 1688 tibi(a).»

318 1691 559 1748 Cunctis
576 1697 734 1765 aperi
759 1697 1000 1770 viscera,
1025 1703 1123 1767 qui
1148 1702 1248 1757 Dei
1271 1704 1694 1776 discipulorum
1720 1722 1966 1762 numero

327 1783 570 1854 ascripti
605 1784 741 1852 sint,
802 1805 917 1843 non
978 1790 1279 1849 fastidiose
1332 1796 1613 1865 conjectis
1644 1796 1702 1850 in
1751 1812 1965 1867 corpus

324 1869 531 1938 oculis,
566 1888 671 1927 nec
704 1875 782 1930 ita
831 1882 894 1931 ut
926 1894 1030 1948 pro
1085 1886 1257 1937 astate
1298 1890 1397 1937 aut
1454 1889 1681 1938 statura
1734 1885 1970 1956 orisque

2072 548 2130 606 δὲ
2162 557 2264 619 τῆς
2293 550 2533 626 ἀγνοίας,
2566 552 2790 624 ἄμεινον
2834 551 2925 606 καὶ
2972 550 3101 615 τοὺς
3155 550 3403 623 ἀναξίους
3450 552 3506 608 εὗ
3545 558 3720 609 ποιεῖν

2071 637 2161 695 διὰ
2203 640 2332 703 τοὺς
2390 639 2593 713 ἀξίους,
2625 641 2662 709 ἢ
2721 639 3136 715 φυλασσόμενος
3189 641 3317 703 τοὺς
3373 644 3540 711 ἧσσον
3590 643 3720 717 ἀγα-

2071 726 2221 795 θοὺς,
2257 724 2399 801 μηδὲ
2426 734 2545 793 τοῖς
2584 727 2905 791 σπουδαίοις
2964 734 3295 806 περιπεσεῖν.
3328 731 3423 787 Ἐκ
3471 731 3566 803 μὲν
3618 732 3720 806 γὰρ

2068 820 2167 871 τοῦ
2225 813 2515 893 φείδεσθαι,
2570 819 2658 873 καὶ
2730 821 3151 894 προσποιεῖσθαι
3225 816 3540 893 δοκιμάζειν
3593 820 3721 883 τούς

2073 902 2317 978 εὐλόγως
2348 906 2383 975 ἢ
2421 907 2496 978 μὴ
2540 906 2912 979 τευξομένονς,
2946 904 3222 981 ἐνδέχεταί
3279 927 3339 961 σε
3394 906 3482 962 καὶ
3540 919 3721 986 θεοφι-

2072 990 2186 1047 λῶν
2221 991 2495 1064 ἀμελῆσαι
2527 1000 2707 1068 τιμῶν
2747 996 2857 1069 (37)
2893 1017 2906 1029 ’
2941 996 3005 1049 οὗ
3058 997 3122 1050 τὸ
3171 993 3451 1068 ἐπιτίμιον
3502 992 3727 1060 κόλασις

2072 1075 2320 1156 ἔμπυρος
2377 1081 2602 1147 αῒώνιος
2633 1104 2646 1119 ·
2682 1083 2743 1139 ἐκ
2800 1083 2857 1140 δὶ
2911 1088 3008 1139 τοῦ
3055 1082 3339 1159 προΐεσθαι
3384 1088 3545 1141 πᾶσιν
3605 1086 3735 1159 ἑξῆς

2070 1175 2188 1231 τοῖς
2219 1170 2546 1245 χρῄζουσιν,
2575 1173 2775 1248 ἀνάγκη
2810 1173 3031 1235 πάντως
3076 1174 3250 1250 εὑρεῖν
3298 1192 3417 1227 τινα
3469 1172 3561 1228 καὶ
3615 1178 3733 1229 τῶν·

2073 1263 2242 1313 σῶσαι
2273 1260 2421 1334 παρὰ
2461 1265 2578 1332 Θεῷ
2635 1259 2968 1335 δυναμένων.
3005 1286 3033 1314 ‹‹
3066 1263 3155 1331 Μὴ
3212 1266 3364 1337 κρῖνε
3407 1261 3611 1331 τοίνυν,
3635 1259 3732 1317 ἵνα

2077 1347 2153 1419 μή
2187 1348 2381 1421 κριθῆς
2417 1366 2428 1379 ·
2464 1347 2509 1420 ᾧ
2544 1348 2726 1424 μέτρῳ
2759 1356 2998 1424 μετρεῖς,
3024 1351 3205 1422 τούτῳ
3249 1351 3341 1405 καὶ
3397 1349 3730 1424 ἀντιμετρη-

2075 1436 2293 1505 θήσεταί
2354 1456 2461 1492 σοι.
2506 1439 2717 1513 Μέτρον
2773 1436 2965 1510 καλὸν,
3014 1438 3371 1513 πεπιεσμένον
3430 1439 3520 1494 καὶ
3571 1459 3728 1494 σεσα-

2076 1522 2361 1596 λευμένον,
2397 1526 2897 1602 ὑπερεκχυνόμενον
2945 1527 3342 1599 ἀποδοθήσεται
3389 1549 3497 1584 σοι.
3529 1550 3560 1581 ιο
3613 1533 3731 1583 Πᾶ-

2076 1641 2157 1675 σιν
2217 1622 2429 1692 ἄνοιξον
2481 1624 2548 1678 τὰ
2604 1623 2898 1702 σπλάγχνα
2952 1632 3071 1689 τοῖς
3121 1630 3218 1681 τοῦ
3263 1630 3400 1682 Θεοῦ
3459 1627 3735 1699 μαθηταῖς

2075 1708 2583 1785 ἀπογεγραμμένοις
2615 1732 2629 1746 ο
2695 1715 2770 1788 μή
2830 1715 2968 1790 πρὸς
3027 1719 3187 1787 σῶμα
3257 1711 3467 1769 ἀπιδὼν
3530 1714 3731 1789 ὑπερο-

2074 1798 2246 1864 πτῶς,
2283 1798 2361 1871 μὴ
2392 1800 2529 1871 πρὸς
2557 1799 2778 1869 ἡλικίαν
2809 1801 3031 1873 ἀμελῶς
3062 1799 3343 1866 διατεθείς.
3376 1799 3525 1872 Μηδ³
3556 1800 3609 1856 εἷ’
3649 1819 3738 1861 τις

2082 1884 2345 1957 ἀκτήμων
2372 1886 2408 1956 ἢ
2442 1885 2695 1957 δυσειδής
2735 1892 2771 1961 ἢ
2818 1889 3044 1960 ἀσθενὴς
3092 1891 3356 1967 φαίνεται,
3386 1890 3525 1965 πρὸς
3568 1894 3739 1945 τοῦτο

324 1961 747 2029 compositione
799 1966 1105 2038 neglectim
1157 1986 1513 2042 quemquam
1574 1972 1874 2028 habueris.
1906 1974 1967 2030 Si

2083 1977 2144 2057 τῇ
2202 1977 2358 2049 ψυχῇ
2419 1974 2749 2053 δυσχεράνῃς
2798 1980 2886 2034 καὶ
2921 1961 3292 2057 ἀποστραφῇς.
3328 1961 3535 2054 Σχῆμα
3584 1979 3741 2034 τούτ’

324 2047 458 2118 quis
484 2049 737 2121 denique
767 2070 1009 2124 egenus,
1042 2074 1366 2128 pannosus,
1398 2061 1703 2131 deformis,
1757 2061 1969 2118 debilis

2083 2056 2220 2117 ἔστιν
2277 2047 2469 2136 ἔξωθεν
2523 2047 2664 2139 ημῖν
2698 2047 3338 2142 ’περιϐεϐλημένον-,πῆς
3518 2066 3737 2141 κόσμον

322 2134 612 2207 videatur,
645 2155 717 2196 ne
748 2140 964 2199 idcirco
992 2144 1194 2217 inique
1228 2148 1377 2204 teras
1407 2154 1510 2205 aut
1538 2151 1969 2207 averseris.Ha-

2083 2134 2326 2225 παρόδου
2360 2134 2649 2232 πρόφασις,
2675 2134 2874 2218 ἵνα-είς
2904 2157 2966 2212 τὸ
2996 2134 3199 2212 κοινὸν⁷
3222 2134 3383 2211 τοῦτο
3434 2134 3739 2226 παιδευτή-

327 2222 490 2279 bitus
524 2225 619 2282 hic
653 2230 822 2286 nobis
852 2234 1109 2291 exterius
1158 2237 1466 2295 adhibitus
1497 2243 1606 2307 est,
1667 2241 1851 2295 nostri
1910 2240 1969 2295 in

2083 2222 2196 2316 ριον
2233 2222 2493 2298 είσελόεῖν
2527 2222 2845 2318 δυνηθῶμεν
2882 2264 2895 2277 ’
2929 2244 3054 2301 ἀλλ’
3080 2241 3233 2300 ἔνδον
3263 2247 3292 2301 6
3320 2246 3558 2322 κρυπτὸς
3589 2222 3740 2301 ἐνοι-

336 2315 621 2372 mundum
656 2319 960 2391 ingressus
981 2326 1230 2397 occasio,
1250 2334 1313 2382 ut
1342 2331 1398 2385 in
1416 2345 1785 2385 communem
1820 2329 1969 2386 hanc

2083 2315 2167 2385 κεῖ
2196 2331 2409 2408 Πατὴρ,
2440 2334 2530 2388 καὶ
2559 2335 2587 2388 6
2615 2315 2814 2389 τούτου
2863 2339 3021 2403 Παῖς,
3053 2336 3081 2389 6
3129 2335 3260 2409 ὑπὲρ
3311 2315 3472 2409 ἡμων
3522 2335 3741 2389 ἀποθα-

325 2402 589 2460 scholam
622 2407 849 2479 ingredi
884 2417 1333 2481 possemus:sed
1368 2417 1842 2473 intusinhabitat
1870 2419 1974 2489 qui

2079 2417 2213 2489 νὼν,
2247 2420 2339 2475 καὶ
2374 2428 2493 2495 μεθ’
2522 2425 2684 2496 ἡμῶν
2713 2424 2960 2487 ἀναστάς.

325 2492 704 2552 absconditus
734 2504 824 2554 est
854 2499 1022 2556 Pater
1041 2507 1098 2558 et
1129 2503 1313 2560 Filius
1342 2507 1492 2577 ejus,
1525 2506 1627 2579 qui
1659 2524 1763 2579 pro
1794 2507 1969 2563 nobis
1992 2514 2263 2565 mortuus
2292 2492 2403 2579 est,
2436 2518 2493 2568 et
2516 2492 2826 2570 nobiscum
2845 2514 3184 2571 resurrexit.

401 2612 637 2669 XXXIV.
675 2616 777 2671 Hic
807 2617 1048 2676 habitus
1079 2623 1265 2678 oculis
1296 2623 1558 2698 obiectus
1591 2630 1837 2682 mortem
1872 2627 1972 2681 de-

330 2701 476 2772 cipit
502 2708 557 2758 et
587 2705 909 2764 diabolum:
936 2711 1150 2781 quibus
1175 2713 1715 2772 nimiruminterior
1739 2716 1975 2787 opulen-

329 2791 412 2845 tia
446 2793 639 2859 (decor
669 2794 914 2869 scilicet)
973 2802 1275 2872 inaspecta
1321 2803 1419 2871 sit;
1457 2809 1513 2859 et
1572 2805 1726 2860 circa
1763 2821 1972 2877 corpu-

329 2879 555 2935 sculum
584 2883 776 2939 furore
797 2886 1188 2960 agitantur,ut
1206 2891 1566 2948 imbecillum
1596 2898 1975 2950 contemnen-

332 2976 437 3038 tes,
471 2970 571 3040 qui
630 2974 702 3027 ad
732 2974 1037 3032 interiores
1094 2979 1396 3053 animique
1443 2984 1804 3038 contuendas
1835 2999 1969 3055 opes

2084 2978 2230 3048 ὄντες
2282 2985 2480 3064 τυφλοὶ
2528 2970 2824 3062 κτημάτων
2866 3003 2880 3022 ⁸

2154 2629 2275 2683 ΛΔ’.
2337 2632 2515 2687 Τοῦτο
2571 2632 2633 2687 τὸ
2692 2637 2889 2707 σχῆμα
2950 2629 3291 2708 βλεπόμενον
3352 2628 3587 2702 ἐξαπατᾷ
3636 2630 3738 2686 τὸν

2083 2717 2310 2780 θάνατον
2341 2720 2553 2775 καὶτὸν
2587 2715 2851 2777 διάϐολον
2889 2740 2902 2753 ·
2957 2722 2987 2776 6
3032 2720 3133 2798 γὰρ
3182 2719 3332 2783 ἰντὸς
3374 2717 3637 2790 πλοῦτος,
3667 2717 3741 2774 τὸ

2081 2805 2313 2876 κάλλος,
2344 2806 2526 2871 αὐτοῖς
2555 2809 2779 2875 ἀθὲατός
2816 2808 2926 2867 ἐστι
2957 2830 2970 2844 ·
3006 2809 3095 2865 καὶ
3157 2807 3437 2883 μαίνονται
3491 2808 3616 2885 περὶ
3668 2807 3740 2863 τὸ

2084 2894 2330 2970 σαρκίον,
2362 2898 2424 2951 οῦ
2478 2902 2911 2979 καταφρονοῦσιν
2970 2899 3046 2963 ὡς
3101 2899 3378 2970 ἀσθενοῦς,
3418 2901 3525 2953 τῶν
3582 2892 3744 2953 ἔνδον

2945 2986 3043 3043 οὐκ
3092 2986 3441 3061 ἐπιστάμενοι
3493 2984 3738 3055 πηλίκον

328 3059 491 3113 cazcit
523 3062 663 3128 sint;
699 3079 809 3117 non
840 3064 1230 3138 intelligentes
1262 3051 1549 3143 quantum
1582 3072 1967 3130 «thesaurum

2083 3073 2205 3128 τινὰ
2236 3097 2264 3127 ‹‹
2304 3051 2572 3153 θησαυρὸν
2620 3051 2683 3132 ’έν
2742 3076 3046 3154 όστρακίνῳ
3100 3051 3336 3132 σκεύει.»
3370 3051 3739 3152 βαστάζομεν,

328 3146 387 3201 in
422 3150 675 3206 testaceo
699 3169 830 3208 vase
862 3154 972 3225 (b)»
1019 3156 1297 3235 feramus,
1346 3159 1444 3216 Dei
1495 3161 1686 3217 Patris
1735 3163 1972 3235 virtute,

327 3235 548 3308 Deique
579 3239 705 3294 Filii
741 3244 1049 3313 sanguine,
1089 3232 1312 3302 necnon
1348 3247 1600 3320 Spiritus
1634 3252 1821 3307 sancti
1846 3269 1975 3308 rore

328 3328 784 3385 communitum.
818 3333 903 3387 Tu
937 3350 1070 3390 vero
1103 3351 1239 3392 cave
1274 3354 1343 3393 ne
1374 3339 1704 3412 decipiaris,
1740 3341 1839 3412 qui
1877 3359 1973 3397 vc-

329 3415 519 3470 ritatis
568 3423 806 3489 gustum
869 3422 1092 3492 feceris,
1156 3442 1496 3498 magnaeque
1553 3429 1975 3503 redemptionis

331 3504 516 3574 pretio
549 3507 765 3577 dignus
801 3510 1037 3568 habitus
1074 3514 1175 3569 sis:
1207 3517 1305 3571 sed
1331 3523 1532 3573 contra
1553 3535 1729 3591 quam
1757 3522 1978 3577 iaciunt

335 3593 548 3662 reliqui
580 3596 871 3665 homines,
906 3618 1045 3674 coge
1078 3604 1183 3660 tibi
1216 3608 1531 3663 exercitum
1562 3610 1872 3682 inermem,
1904 3613 1974 3669 ad

333 3681 486 3737 bella
518 3684 808 3756 ineptum,
835 3689 1112 3746 fundendi
1138 3695 1448 3766 sanguinis
1476 3681 1976 3766 nescium,irava-

333 3786 536 3841 cuum,
558 3773 1106 3848 incontaminatum;
1125 3799 1294 3839 senes
1311 3785 1527 3855 pietate
1544 3793 1979 3864 praestanteswﬁ

336 3861 591 3931 pupillos
624 3863 916 3937 religiosis
947 3871 1229 3936 moribus,
1263 3872 1471 3929 viduas
1524 3861 1977 3936 mansuetudine

332 3947 642 4017 intructas,
675 3952 833 4010 viros
885 3956 1167 4014 charitate
1224 3967 1481 4017 ornatos.
1526 3964 1696 4021 Tales
1756 3968 1976 4026 divitiis

334 4038 475 4105 tuis,
508 4043 858 4116 corporique
890 4050 946 4100 et
978 4048 1174 4101 animo
1204 4049 1309 4103 tibi
1354 4067 1496 4121 para
1522 4054 1977 4129 satellites,quo-

336 4142 465 4181 rum
505 4129 649 4185 Deus
683 4131 1001 4203 imperator
1031 4137 1293 4206 exsistat;
1326 4155 1430 4211 per
1460 4156 1607 4212 quos
1638 4141 1767 4215 ipsa
1796 4163 1977 4221 prope

335 4219 655 4289 mergenda
685 4221 849 4277 navis
878 4229 1155 4295 emergat,
1188 4244 1362 4299 quam
1383 4230 1519 4285 solea
1540 4230 1729 4288 levent
1750 4219 1975 4295 sancto-

335 4321 464 4359 rum
502 4323 724 4379 preces;
757 4311 1077 4383 vigensque
1128 4316 1368 4373 morbus
1426 4320 1752 4393 edometur,
1801 4342 1974 4395 quem

2086 3158 2311 3237 δυνάμει
2370 3168 2504 3219 Θεοῦ
2564 3167 2771 3240 Πατρὸς
2817 3165 2907 3221 καὶ
2960 3163 3148 3239 α’ίματι
3206 3168 3341 3220 Θεοῦ
3396 3160 3595 3225 Παιδὸς
3640 3159 3739 3217 καὶ

2087 3248 2265 3327 δρόσῳ
2336 3252 2650 3327 Πνεύματος
2727 3255 2883 3329 ἁγίου
2946 3253 3499 3330 περιτετειχισμένον.
3557 3249 3741 3308 Ἀλλὰ

2087 3340 2150 3395 σύ
2208 3362 2269 3418 γε
2329 3344 2405 3415 μὴ
2458 3341 2819 3417 ἐξαπατηθῇς,
2854 3343 2882 3398 6
2929 3344 3256 3419 γεγευμένος
3291 3347 3391 3413 τῆς
3447 3340 3740 3414 ἀληθείας,

2085 3430 2174 3485 καὶ
2205 3431 2611 3504 κατηξιωμένὸς
2638 3439 2741 3501 τῆς
2774 3435 3022 3509 μεγάλης
3071 3430 3393 3508 λυτρώσεως
3426 3450 3439 3464 ·
3474 3427 3624 3487 ἀλλὰ
3670 3430 3738 3485 τὸ

2086 3518 2322 3575 ἐναντίον
2371 3524 2489 3583 τοῖς
2545 3518 2741 3583 ἄλλοις
2800 3522 3112 3596 ἀνθρώποις
3168 3523 3375 3592 σεαυτῷ
3437 3517 3736 3591 κατάλεξον

2086 3611 2311 3683 στρατὸν
2373 3608 2605 3679 ἃοπλον,
2665 3609 2972 3683 ἀπόλεμον,
3028 3608 3385 3683 ἀναίμακτον,
3443 3607 3745 3685 ἀόργητον,

2088 3699 2374 3775 ἀμίαντον,
2430 3700 2686 3777 γέροντας
2743 3696 3036 3768 θεοσεϐεῖς,
3097 3697 3363 3778 ὀρφανοὺς
3419 3698 3743 3778 θεοφιλεῖςς,

2087 3791 2266 3866 χήρας
2315 3789 2585 3860 πραότητι
2633 3788 3013 3863 ὡπλισμένας,
3062 3785 3258 3865 ἄνδρας
3309 3786 3490 3863 ἀγάπῃ
3547 3808 3743 3844 una-

2091 3877 2393 3953 μημένους.
2451 3877 2754 3940 Τοιούτους
2821 3879 3017 3948 κτῆσαι
3090 3882 3172 3950 τῷ
3230 3881 3310 3950 σῷ
3364 3876 3591 3949 πλούτῳ
3645 3876 3766 3932 καὶ·

2084 3972 2163 4039 τῷ
2194 3969 2432 4040 σώματι,
2465 3966 2554 4023 καὶ
2583 3971 2653 4041 τῇ
2710 3970 2866 4042 ψυχῇ
2916 3964 3277 4045 δορυφόρους,
3310 3967 3382 4020 ὧν
3442 3971 3747 4040 στρατηγεῖ

2087 4057 2235 4127 Θεὸς,
2269 4054 2339 4112 δι’
2370 4055 2462 4120 οῦς
2518 4055 2609 4111 καὶ
2666 4060 2792 4119 ναῦς
2857 4056 3230 4131 βαπτιζομένη
3262 4054 3597 4135 κουφίζεται,
3634 4055 3746 4129 μό-

2084 4167 2201 4209 ναις
2232 4145 2401 4222 ἁγίων
2433 4146 2624 4221 εὐχαῖς
2652 4140 3064 4221 κυϐερνωμένη,
3095 4146 3184 4200 καὶ
3233 4145 3390 4207 νόσος
3421 4143 3745 4219 ἀκμάζουσα

2086 4233 2404 4308 δαμάζεται,
2436 4239 2638 4310 χειρῶν
2672 4230 2957 4297 ἐπιϐολαῖς
2985 4232 3427 4307 διωκομένη,καὶ
3449 4227 3744 4306 προσϐολὴ

2087 4324 2299 4400 λῃστῶν
2333 4323 2715 4401 ἀφοπλίζεται,
2736 4322 2926 4399 εὐχαῖς
2959 4319 3194 4378 εὐσεϐέσι
3226 4321 3625 4395 σκυλευομένη,
3646 4323 3742 4377 καὶ

335 4394 532 4463 fugent
562 4398 766 4454 crebro
800 4399 1026 4471 injecta;
1060 4419 1365 4473 manus;ac
1394 4407 1690 4466 latronum
1725 4394 1969 4474 incultus

2099 4394 2496 4489 6atpdev-Bia
2527 4394 3209 4490 θραύεται,”ῖπροστάγμασι
3260 4394 3537 4475 συντόνοις
3577 4408 3745 4485 ἐλεγ-

332 4483 577 4540 inermis
609 4487 729 4555 fiat,
765 4489 878 4561 piis
909 4492 1183 4563 precibus
1226 4495 1693 4568 despoliantibus
1727 4518 1741 4559 :
1774 4505 1969 4579 visque

2091 4525 2164 4581 χο
2174 4483 2303 4577 μὲνη
2338 4501 2388 4557 ἰν
2408 4483 2622 4577 ἔργοις.

328 4576 624 4642 postremo
655 4577 987 4634 daemonum
1025 4581 1349 4655 frangatur,
1381 4592 1655 4645 contenta
1688 4576 2310 4667 mandatorumnopera
2339 4610 2405 4649 ac
2440 4576 2646 4648 tenore
2674 4591 2832 4650 iners
2865 4591 3267 4663 comprobata.

401 4689 622 4746 XXXV.
658 4692 729 4747 Hi
761 4711 967 4752 omnes
1022 4697 1242 4756 milites
1295 4718 1360 4757 ac
1390 4706 1664 4762 custodes
1724 4712 1972 4768 strenui.

331 4780 507 4833 Nemo
538 4781 787 4847 otiosus,
821 4798 992 4840 nemo
1024 4786 1271 4844 inutilis.
1303 4789 1405 4846 Hic
1437 4793 1678 4864 quidem
1711 4813 1744 4851 a
1773 4798 1890 4854 Deo
1922 4804 1977 4856 te

332 4870 569 4940 tamque
600 4869 851 4926 salutem
886 4874 1214 4947 efﬂagitare
1243 4883 1459 4951 potest,
1489 4882 1587 4939 ille
1616 4900 1753 4941 vero
1812 4886 1974 4944 labo-

218 4964 221 4967 '
330 4963 555 5013 rantem
589 4960 787 5027 solari;
822 4962 1352 5037 aliuslacrymaset
1372 4972 1629 5039 gemitus
1656 4974 1974 5032 miserante

327 5046 535 5102 affectu
573 5048 629 5103 in
666 5050 748 5103 tui
781 5051 1031 5123 gratiam
1075 5055 1143 5108 ad
1200 5057 1607 5116 universorum
1654 5062 1971 5121 Dominum

328 5132 595 5207 fundere,
629 5137 782 5194 alius
815 5140 1121 5213 quidpiam
1154 5160 1380 5215 eorum,
1412 5164 1543 5218 qua:
1582 5150 1653 5205 ad
1713 5152 1969 5210 salutem

327 5226 664 5282 conducunt
699 5228 925 5297 docere;
957 5230 1106 5286 alter
1136 5232 1317 5290 libere
1348 5237 1661 5295 admonere
1692 5256 1759 5297 ac
1790 5243 1970 5298 corri-

2155 4708 2454 4766 ΛΕ’.Οῦτοι
2471 4705 2666 4769 πάντες
2685 4708 2737 4762 oi.
2770 4709 3095 4782 στρατιῶται
3122 4704 3213 4761 καὶ
3239 4703 3474 4784 φύλακες
3498 4697 3735 4780 βέϐαιοι.

2084 4797 2279 4860 Οὐδεὶς
2310 4797 2507 4872 ἀργὸς,
2535 4794 2715 4859 οὐδεὶς
2745 4796 2992 4872 ἀχρεῖος.
3025 4796 3086 4853 ’0
3120 4796 3214 4868 μὶν
3250 4793 3630 4866 ἃξαιτήσασθαί
3680 4813 3741 4849 σε

2085 4886 2306 4945 δύναται
2336 4887 2483 4962 παρᾶ
2522 4889 2677 4954 Θεοῦ,
2711 4886 2741 4941 6
2794 4882 2851 4940 δὶ
2900 4884 3388 4958 παραμυθήσασθαι
3439 4880 3734 4956 κάμνοντα,

2083 4978 2112 5033 6
2144 4974 2201 5031 δὶ
2234 4973 2493 5051 δακρῦσαι
2522 4974 2613 5029 καὶ
2645 4974 2886 5045 στενάξαι
2916 4976 3211 5046 συμπαθῶς
3260 4971 3391 5046 ὑπὲρ
3442 4975 3537 5027 σοῦ
3592 4971 3734 5046 πρὸς

2080 5067 2172 5121 τὸν
2218 5063 2421 5139 Κύριον
2478 5067 2587 5118 τῶν
2630 5060 2800 5134 ὅλων,
2833 5062 2860 5117 6
2894 5060 2951 5118 δὲ
2996 5059 3202 5133 διδάξαι
3230 5064 3413 5117 τιτῶν
3444 5058 3582 5138 πρὸς
3630 5061 3731 5130 τὴν

2081 5154 2355 5227 σωτηρίαν
2414 5151 2734 5228 χρησίμων,
2766 5151 2795 5206 6
2848 5148 2905 5207 δὲ
2960 5152 3275 5220 νουθετῆσαι
3338 5148 3472 5225 μετᾶ
3514 5147 3730 5227 παῤῥη-

2082 5244 2220 5311 σίας,
2254 5243 2281 5297 ὁ
2332 5238 2390 5297 δὶ
2427 5235 2847 5314 συμϐουλεῦσαι-
2877 5241 2994 5313 μετ’
3027 5238 3235 5301 εὐνοίας
3266 5258 3279 5272 ·
3312 5240 3505 5301 πάντες
3552 5233 3611 5293 δὶ
3640 5259 3727 5316 φι-

393 5428 458 5491 ›ι‹
489 5426 547 5481 Ρ.
581 5427 688 5482 945
718 5427 826 5485 ED.
860 5428 1157 5487 POTTER.
1192 5432 1269 5507 (α)
1301 5433 1508 5492 Matth.
1542 5451 1643 5508 vn,
1683 5442 1733 5497 t:
1768 5438 1909 5498 Luc.
1940 5457 1969 5496 ν

2083 5441 2142 5498 Β.
2174 5439 2252 5514 (ὁ)
2285 5438 2337 5498 II
2367 5439 2497 5499 Cor.
2524 5456 2603 5512 Iv,
2632 5439 2687 5497 7.

390 5620 517 5694 (3’7)
545 5620 759 5693 Τιμῶν.
790 5627 989 5685 Scribe
1014 5627 1195 5683 τινῶν.
