  <div class='ocr_page' id='page_1' title='image "/cluster/home/n/w/nwhite01/storage/ocr_20150623/9/mdp.39015008686282/328.png"; bbox 0 0 4078 6146; ppageno 0'>
   <div class='ocr_carea' id='block_1_1' title="bbox 354 317 469 379">
    <p class='ocr_par' dir='ltr' id='par_1_1' title="bbox 354 317 469 379">
     <span class='ocr_line' id='line_1_1' title="bbox 354 317 469 379; baseline 0.017 -3"><span class='ocrx_word' id='word_1_1' title='bbox 354 317 469 379; x_wconf 73' lang='grc' dir='ltr'>οιι</span> 
     </span>
    </p>
   </div>
   <div class='ocr_carea' id='block_1_2' title="bbox 1515 307 2626 375">
    <p class='ocr_par' dir='ltr' id='par_1_2' title="bbox 1515 307 2626 375">
     <span class='ocr_line' id='line_1_2' title="bbox 1515 307 2626 375; baseline -0.001 -9"><span class='ocrx_word' id='word_1_2' title='bbox 1515 308 1730 367; x_wconf 67' lang='lat' dir='ltr'>LIBER</span> <span class='ocrx_word' id='word_1_3' title='bbox 1765 307 1939 375; x_wconf 65' lang='lat' dir='ltr'>QUI!</span> <span class='ocrx_word' id='word_1_4' title='bbox 1974 309 2188 367; x_wconf 73' lang='lat' dir='ltr'>DIVIB</span> <span class='ocrx_word' id='word_1_5' title='bbox 2223 310 2626 370; x_wconf 73' lang='lat' dir='ltr'>BALVETUB.</span> 
     </span>
    </p>
   </div>
   <div class='ocr_carea' id='block_1_3' title="bbox 3666 319 3777 376">
    <p class='ocr_par' dir='ltr' id='par_1_3' title="bbox 3666 319 3777 376">
     <span class='ocr_line' id='line_1_3' title="bbox 3666 319 3777 376; baseline 0 -1"><span class='ocrx_word' id='word_1_6' title='bbox 3666 319 3777 376; x_wconf 77' lang='grc'>642</span> 
     </span>
    </p>
   </div>
   <div class='ocr_carea' id='block_1_4' title="bbox 368 428 2034 512">
    <p class='ocr_par' dir='ltr' id='par_1_4' title="bbox 368 428 2016 512">
     <span class='ocr_line' id='line_1_4' title="bbox 368 428 2016 512; baseline -0.007 -14"><span class='ocrx_word' id='word_1_7' title='bbox 368 445 480 500; x_wconf 84' lang='grc' dir='ltr'>λεῖν</span> <span class='ocrx_word' id='word_1_8' title='bbox 508 438 760 509; x_wconf 78' lang='grc' dir='ltr'>ἀληθῶς,</span> <span class='ocrx_word' id='word_1_9' title='bbox 799 433 1043 502; x_wconf 84' lang='grc' dir='ltr'>ἀδόλως,</span> <span class='ocrx_word' id='word_1_10' title='bbox 1083 428 1327 512; x_wconf 75' lang='grc' dir='ltr'>ἀφόϐως,</span> <span class='ocrx_word' id='word_1_11' title='bbox 1380 432 1760 507; x_wconf 85' lang='grc' dir='ltr'>ἀνυποκρίτος,</span> <span class='ocrx_word' id='word_1_12' title='bbox 1800 429 2016 487; x_wconf 86' lang='grc' dir='ltr'>ἀκπλα-</span> 
     </span>
    </p>
   </div>
   <div class='ocr_carea' id='block_1_5' title="bbox 2151 428 3777 512">
    <p class='ocr_par' dir='ltr' id='par_1_5' title="bbox 2151 434 3777 507">
     <span class='ocr_line' id='line_1_5' title="bbox 2151 434 3777 507; baseline 0.007 -18"><span class='ocrx_word' id='word_1_13' title='bbox 2151 450 2289 503; x_wconf 67' lang='lat' dir='ltr'>iere,</span> <span class='ocrx_word' id='word_1_14' title='bbox 2322 434 2466 491; x_wconf 82' lang='lat' dir='ltr'>alter</span> <span class='ocrx_word' id='word_1_15' title='bbox 2495 435 2773 492; x_wconf 88' lang='lat' dir='ltr'>benevole</span> <span class='ocrx_word' id='word_1_16' title='bbox 2800 436 3116 493; x_wconf 98' lang='lat' dir='ltr'>consilium</span> <span class='ocrx_word' id='word_1_17' title='bbox 3149 437 3289 496; x_wconf 89' lang='lat' dir='ltr'>dare</span> <span class='ocrx_word' id='word_1_18' title='bbox 3320 457 3335 507; x_wconf 90' lang='lat'><strong>;</strong></span> <span class='ocrx_word' id='word_1_19' title='bbox 3369 456 3575 498; x_wconf 88' lang='lat' dir='ltr'>omnes</span> <span class='ocrx_word' id='word_1_20' title='bbox 3606 445 3777 502; x_wconf 88' lang='lat' dir='ltr'>deni-</span> 
     </span>
    </p>
   </div>
   <div class='ocr_carea' id='block_1_6' title="bbox 367 519 2019 598">
    <p class='ocr_par' dir='ltr' id='par_1_6' title="bbox 367 519 2019 598">
     <span class='ocr_line' id='line_1_6' title="bbox 367 519 2019 598; baseline -0.008 -11"><span class='ocrx_word' id='word_1_21' title='bbox 367 530 584 598; x_wconf 86' lang='grc' dir='ltr'>κεύτως,</span> <span class='ocrx_word' id='word_1_22' title='bbox 620 524 937 587; x_wconf 82' lang='grc' dir='ltr'>ἀπλάστως.</span> <span class='ocrx_word' id='word_1_23' title='bbox 964 525 1033 579; x_wconf 75' lang='grc' dir='ltr'>’Ὠ</span> <span class='ocrx_word' id='word_1_24' title='bbox 1078 522 1313 598; x_wconf 85' lang='grc' dir='ltr'>γλυκεῖα</span> <span class='ocrx_word' id='word_1_25' title='bbox 1362 520 1617 597; x_wconf 74' lang='grc' dir='ltr'>θεραπεία</span> <span class='ocrx_word' id='word_1_26' title='bbox 1664 519 1972 598; x_wconf 78' lang='grc' dir='ltr'>φιλούντων</span> <span class='ocrx_word' id='word_1_27' title='bbox 2005 519 2019 575; x_wconf 83' lang='lat' dir='ltr'>l</span> 
     </span>
    </p>
   </div>
   <div class='ocr_carea' id='block_1_7' title="bbox 371 605 2021 692">
    <p class='ocr_par' dir='ltr' id='par_1_7' title="bbox 371 605 2021 692">
     <span class='ocr_line' id='line_1_7' title="bbox 371 605 2021 692; baseline -0.007 -17"><span class='ocrx_word' id='word_1_28' title='bbox 371 618 413 675; x_wconf 84' lang='grc' dir='ltr'><strong><em>ὤ</em></strong></span> <span class='ocrx_word' id='word_1_29' title='bbox 447 618 705 692; x_wconf 89' lang='grc' dir='ltr'>μακάριοι</span> <span class='ocrx_word' id='word_1_30' title='bbox 753 612 997 670; x_wconf 83' lang='grc' dir='ltr'>διάνοιαι</span> <span class='ocrx_word' id='word_1_31' title='bbox 1044 611 1388 688; x_wconf 74' lang='grc' dir='ltr'>θαῤῥούντων</span> <span class='ocrx_word' id='word_1_32' title='bbox 1424 613 1436 667; x_wconf 92' lang='lat' dir='ltr'>l</span> <span class='ocrx_word' id='word_1_33' title='bbox 1490 605 1534 664; x_wconf 84' lang='grc' dir='ltr'>ὤ</span> <span class='ocrx_word' id='word_1_34' title='bbox 1563 610 1742 672; x_wconf 83' lang='grc' dir='ltr'>πίστις</span> <span class='ocrx_word' id='word_1_35' title='bbox 1786 610 2021 683; x_wconf 81' lang='grc' dir='ltr'>εἰλικρι-</span> 
     </span>
    </p>
   </div>
   <div class='ocr_carea' id='block_1_8' title="bbox 366 697 2020 779">
    <p class='ocr_par' dir='ltr' id='par_1_8' title="bbox 366 697 2020 779">
     <span class='ocr_line' id='line_1_8' title="bbox 366 697 2020 779; baseline -0.007 -15"><span class='ocrx_word' id='word_1_36' title='bbox 366 709 465 778; x_wconf 77' lang='grc' dir='ltr'>νὴς</span> <span class='ocrx_word' id='word_1_37' title='bbox 494 704 627 763; x_wconf 84' lang='grc' dir='ltr'>Θεὸν</span> <span class='ocrx_word' id='word_1_38' title='bbox 655 703 816 779; x_wconf 86' lang='grc' dir='ltr'>μόνον</span> <span class='ocrx_word' id='word_1_39' title='bbox 847 699 1108 758; x_wconf 84' lang='grc' dir='ltr'>δεδιότων</span> <span class='ocrx_word' id='word_1_40' title='bbox 1134 702 1147 756; x_wconf 85' lang='lat' dir='ltr'>l</span> <span class='ocrx_word' id='word_1_41' title='bbox 1176 698 1220 755; x_wconf 81' lang='grc' dir='ltr'><strong>ὣ</strong></span> <span class='ocrx_word' id='word_1_42' title='bbox 1252 699 1435 775; x_wconf 85' lang='grc' dir='ltr'>λόγων</span> <span class='ocrx_word' id='word_1_43' title='bbox 1467 697 1699 769; x_wconf 83' lang='grc' dir='ltr'>ἀλήθεια</span> <span class='ocrx_word' id='word_1_44' title='bbox 1723 699 1872 769; x_wconf 86' lang='grc' dir='ltr'>παρὰ</span> <span class='ocrx_word' id='word_1_45' title='bbox 1902 702 2020 761; x_wconf 86' lang='grc' dir='ltr'>τοῖς</span> 
     </span>
    </p>
   </div>
   <div class='ocr_carea' id='block_1_9' title="bbox 372 783 2021 873">
    <p class='ocr_par' dir='ltr' id='par_1_9' title="bbox 372 783 2021 873">
     <span class='ocr_line' id='line_1_9' title="bbox 372 783 2021 873; baseline -0.007 -21"><span class='ocrx_word' id='word_1_46' title='bbox 372 796 662 873; x_wconf 79' lang='grc' dir='ltr'>ψεύσασθαι</span> <span class='ocrx_word' id='word_1_47' title='bbox 698 794 775 867; x_wconf 78' lang='grc' dir='ltr'>μὴ</span> <span class='ocrx_word' id='word_1_48' title='bbox 806 788 1127 865; x_wconf 67' lang='grc' dir='ltr'>δυναμένοις</span> <span class='ocrx_word' id='word_1_49' title='bbox 1162 791 1176 847; x_wconf 85' lang='lat' dir='ltr'>l</span> <span class='ocrx_word' id='word_1_50' title='bbox 1210 787 1255 843; x_wconf 84' lang='grc' dir='ltr'><strong>ὣ</strong></span> <span class='ocrx_word' id='word_1_51' title='bbox 1284 787 1491 849; x_wconf 83' lang='grc' dir='ltr'>κάλλος</span> <span class='ocrx_word' id='word_1_52' title='bbox 1523 783 1695 863; x_wconf 73' lang='grc' dir='ltr'>ἔργων</span> <span class='ocrx_word' id='word_1_53' title='bbox 1725 788 1873 861; x_wconf 85' lang='grc' dir='ltr'>παρά</span> <span class='ocrx_word' id='word_1_54' title='bbox 1899 792 2021 849; x_wconf 87' lang='grc' dir='ltr'>τοῖς</span> 
     </span>
    </p>
   </div>
   <div class='ocr_carea' id='block_1_10' title="bbox 374 876 2021 958">
    <p class='ocr_par' dir='ltr' id='par_1_10' title="bbox 374 876 2021 958">
     <span class='ocr_line' id='line_1_10' title="bbox 374 876 2021 958; baseline -0.008 -16"><span class='ocrx_word' id='word_1_55' title='bbox 374 887 489 958; x_wconf 79' lang='grc' dir='ltr'>Θεῷ</span> <span class='ocrx_word' id='word_1_56' title='bbox 534 882 803 940; x_wconf 74' lang='grc' dir='ltr'>διακονεῖν</span> <span class='ocrx_word' id='word_1_57' title='bbox 861 879 1269 952; x_wconf 68' lang='grc' dir='ltr'>πεπεισμένοις,</span> <span class='ocrx_word' id='word_1_58' title='bbox 1317 877 1520 931; x_wconf 80' lang='grc' dir='ltr'>πείθειν</span> <span class='ocrx_word' id='word_1_59' title='bbox 1572 877 1728 942; x_wconf 85' lang='grc' dir='ltr'>Θεὸν,</span> <span class='ocrx_word' id='word_1_60' title='bbox 1776 876 2021 951; x_wconf 83' lang='grc' dir='ltr'>ἆρεσκειν</span> 
     </span>
    </p>
   </div>
   <div class='ocr_carea' id='block_1_11' title="bbox 365 962 2023 1047">
    <p class='ocr_par' dir='ltr' id='par_1_11' title="bbox 365 962 2023 1047">
     <span class='ocr_line' id='line_1_11' title="bbox 365 962 2023 1047; baseline -0.008 -15"><span class='ocrx_word' id='word_1_61' title='bbox 365 980 518 1047; x_wconf 74' lang='grc' dir='ltr'>Θεῷ,</span> <span class='ocrx_word' id='word_1_62' title='bbox 547 974 615 1029; x_wconf 74' lang='grc' dir='ltr'>οὗ</span> <span class='ocrx_word' id='word_1_63' title='bbox 647 968 842 1046; x_wconf 74' lang='grc' dir='ltr'>σαρκὸς</span> <span class='ocrx_word' id='word_1_64' title='bbox 871 972 968 1038; x_wconf 85' lang='grc' dir='ltr'>τῆς</span> <span class='ocrx_word' id='word_1_65' title='bbox 996 971 1097 1033; x_wconf 80' lang='grc' dir='ltr'>σῆς</span> <span class='ocrx_word' id='word_1_66' title='bbox 1139 968 1397 1030; x_wconf 83' lang='grc' dir='ltr'>ἅπτεσθαι</span> <span class='ocrx_word' id='word_1_67' title='bbox 1432 968 1443 1022; x_wconf 83' lang='grc' dir='ltr'>ί</span> <span class='ocrx_word' id='word_1_68' title='bbox 1502 963 1714 1035; x_wconf 79' lang='grc' dir='ltr'>λαλεῖν,</span> <span class='ocrx_word' id='word_1_69' title='bbox 1745 962 1911 1034; x_wconf 76' lang='grc' dir='ltr'>ἀλλὰ,</span> <span class='ocrx_word' id='word_1_70' title='bbox 1942 968 2023 1037; x_wconf 80' lang='grc' dir='ltr'>τῷ</span> 
     </span>
    </p>
   </div>
   <div class='ocr_carea' id='block_1_12' title="bbox 384 1056 1581 1140">
    <p class='ocr_par' dir='ltr' id='par_1_12' title="bbox 384 1056 1581 1140">
     <span class='ocr_line' id='line_1_12' title="bbox 384 1056 1581 1140; baseline -0.005 -23"><span class='ocrx_word' id='word_1_71' title='bbox 384 1060 600 1140; x_wconf 80' lang='grc' dir='ltr'>βασιλεῖ</span> <span class='ocrx_word' id='word_1_72' title='bbox 622 1065 731 1116; x_wconf 80' lang='grc' dir='ltr'>τῶν</span> <span class='ocrx_word' id='word_1_73' title='bbox 762 1057 972 1114; x_wconf 76' lang='grc' dir='ltr'>αΐώνων</span> <span class='ocrx_word' id='word_1_74' title='bbox 1003 1057 1060 1111; x_wconf 79' lang='grc' dir='ltr'>ὶν</span> <span class='ocrx_word' id='word_1_75' title='bbox 1092 1056 1178 1110; x_wconf 84' lang='grc' dir='ltr'>σοὶ</span> <span class='ocrx_word' id='word_1_76' title='bbox 1208 1058 1581 1111; x_wconf 76' lang='grc' dir='ltr'>κατοικοῦντι.</span> 
     </span>
    </p>
   </div>
   <div class='ocr_carea' id='block_1_13' title="bbox 2132 524 3773 597">
    <p class='ocr_par' dir='ltr' id='par_1_13' title="bbox 2132 524 3773 597">
     <span class='ocr_line' id='line_1_13' title="bbox 2132 524 3773 597; baseline 0.008 -20"><span class='ocrx_word' id='word_1_77' title='bbox 2132 540 2245 593; x_wconf 92' lang='lat' dir='ltr'>que</span> <span class='ocrx_word' id='word_1_78' title='bbox 2266 540 2417 595; x_wconf 91' lang='lat' dir='ltr'>vere,</span> <span class='ocrx_word' id='word_1_79' title='bbox 2451 526 2581 581; x_wconf 90' lang='lat' dir='ltr'>sine</span> <span class='ocrx_word' id='word_1_80' title='bbox 2594 525 2749 594; x_wconf 89' lang='lat' dir='ltr'>dolo,</span> <span class='ocrx_word' id='word_1_81' title='bbox 2775 524 2938 581; x_wconf 88' lang='lat' dir='ltr'>nullo</span> <span class='ocrx_word' id='word_1_82' title='bbox 2960 524 3191 597; x_wconf 82' lang='lat' dir='ltr'>timore,</span> <span class='ocrx_word' id='word_1_83' title='bbox 3216 527 3378 584; x_wconf 91' lang='lat' dir='ltr'>nulla</span> <span class='ocrx_word' id='word_1_84' title='bbox 3396 530 3773 590; x_wconf 76' lang='lat' dir='ltr'>simulatione</span> 
     </span>
    </p>
   </div>
   <div class='ocr_carea' id='block_1_14' title="bbox 2129 613 3773 683">
    <p class='ocr_par' dir='ltr' id='par_1_14' title="bbox 2129 613 3773 683">
     <span class='ocr_line' id='line_1_14' title="bbox 2129 613 3773 683; baseline 0.007 -17"><span class='ocrx_word' id='word_1_85' title='bbox 2129 617 2302 667; x_wconf 87' lang='lat' dir='ltr'>autve</span> <span class='ocrx_word' id='word_1_86' title='bbox 2357 614 2721 677; x_wconf 74' lang='lat' dir='ltr'>adulatione,</span> <span class='ocrx_word' id='word_1_87' title='bbox 2780 613 3041 683; x_wconf 86' lang='lat' dir='ltr'>nihilque</span> <span class='ocrx_word' id='word_1_88' title='bbox 3096 614 3228 670; x_wconf 80' lang='lat' dir='ltr'>ﬁcte</span> <span class='ocrx_word' id='word_1_89' title='bbox 3280 633 3497 674; x_wconf 90' lang='lat' dir='ltr'>amare.</span> <span class='ocrx_word' id='word_1_90' title='bbox 3528 620 3773 678; x_wconf 91' lang='lat' dir='ltr'>Odulce</span> 
     </span>
    </p>
   </div>
   <div class='ocr_carea' id='block_1_15' title="bbox 2131 701 3775 782">
    <p class='ocr_par' dir='ltr' id='par_1_15' title="bbox 2131 701 3775 782">
     <span class='ocr_line' id='line_1_15' title="bbox 2131 701 3775 782; baseline 0.006 -25"><span class='ocrx_word' id='word_1_91' title='bbox 2131 701 2456 757; x_wconf 88' lang='lat' dir='ltr'>amicorum</span> <span class='ocrx_word' id='word_1_92' title='bbox 2485 702 2854 773; x_wconf 81' lang='lat' dir='ltr'>obsequium!</span> <span class='ocrx_word' id='word_1_93' title='bbox 2888 719 2921 757; x_wconf 91' lang='grc' dir='ltr'>ο</span> <span class='ocrx_word' id='word_1_94' title='bbox 2953 704 3117 758; x_wconf 85' lang='lat' dir='ltr'>beata</span> <span class='ocrx_word' id='word_1_95' title='bbox 3148 706 3385 761; x_wconf 86' lang='lat' dir='ltr'>servitia</span> <span class='ocrx_word' id='word_1_96' title='bbox 3415 724 3640 779; x_wconf 89' lang='lat' dir='ltr'>eorum,</span> <span class='ocrx_word' id='word_1_97' title='bbox 3674 713 3775 782; x_wconf 86' lang='lat' dir='ltr'>qui</span> 
     </span>
    </p>
   </div>
   <div class='ocr_carea' id='block_1_16' title="bbox 2134 790 3773 867">
    <p class='ocr_par' dir='ltr' id='par_1_16' title="bbox 2134 790 3773 867">
     <span class='ocr_line' id='line_1_16' title="bbox 2134 790 3773 867; baseline 0.009 -24"><span class='ocrx_word' id='word_1_98' title='bbox 2134 791 2350 845; x_wconf 82' lang='lat' dir='ltr'>fiducia</span> <span class='ocrx_word' id='word_1_99' title='bbox 2382 791 2642 862; x_wconf 80' lang='lat' dir='ltr'>polleant</span> <span class='ocrx_word' id='word_1_100' title='bbox 2673 790 2685 845; x_wconf 87' lang='lat' dir='ltr'>l</span> <span class='ocrx_word' id='word_1_101' title='bbox 2721 808 2754 846; x_wconf 95' lang='lat' dir='ltr'>o</span> <span class='ocrx_word' id='word_1_102' title='bbox 2777 792 3009 847; x_wconf 89' lang='lat' dir='ltr'>sincera</span> <span class='ocrx_word' id='word_1_103' title='bbox 3037 792 3184 848; x_wconf 83' lang='lat' dir='ltr'>ﬁdes</span> <span class='ocrx_word' id='word_1_104' title='bbox 3214 810 3417 850; x_wconf 91' lang='lat' dir='ltr'>eorum</span> <span class='ocrx_word' id='word_1_105' title='bbox 3450 798 3547 867; x_wconf 89' lang='lat' dir='ltr'>qui</span> <span class='ocrx_word' id='word_1_106' title='bbox 3581 799 3773 857; x_wconf 88' lang='lat' dir='ltr'>solum</span> 
     </span>
    </p>
   </div>
   <div class='ocr_carea' id='block_1_17' title="bbox 2138 878 3777 960">
    <p class='ocr_par' dir='ltr' id='par_1_17' title="bbox 2138 878 3777 960">
     <span class='ocr_line' id='line_1_17' title="bbox 2138 878 3777 960; baseline 0.007 -26"><span class='ocrx_word' id='word_1_107' title='bbox 2138 884 2323 934; x_wconf 88' lang='lat' dir='ltr'>Deum</span> <span class='ocrx_word' id='word_1_108' title='bbox 2355 879 2605 936; x_wconf 84' lang='lat' dir='ltr'>timeant</span> <span class='ocrx_word' id='word_1_109' title='bbox 2635 878 2648 934; x_wconf 82' lang='grc' dir='ltr'>ί</span> <span class='ocrx_word' id='word_1_110' title='bbox 2684 896 2716 934; x_wconf 94' lang='lat' dir='ltr'>o</span> <span class='ocrx_word' id='word_1_111' title='bbox 2747 881 3055 935; x_wconf 81' lang='lat' dir='ltr'>verborum</span> <span class='ocrx_word' id='word_1_112' title='bbox 3108 883 3319 937; x_wconf 85' lang='lat' dir='ltr'>veritas</span> <span class='ocrx_word' id='word_1_113' title='bbox 3352 887 3507 955; x_wconf 89' lang='lat' dir='ltr'>apud</span> <span class='ocrx_word' id='word_1_114' title='bbox 3540 901 3641 944; x_wconf 91' lang='lat' dir='ltr'>eos</span> <span class='ocrx_word' id='word_1_115' title='bbox 3671 890 3777 960; x_wconf 88' lang='lat' dir='ltr'>qui</span> 
     </span>
    </p>
   </div>
   <div class='ocr_carea' id='block_1_18' title="bbox 2078 967 3785 1049">
    <p class='ocr_par' dir='ltr' id='par_1_18' title="bbox 2078 967 3785 1049">
     <span class='ocr_line' id='line_1_18' title="bbox 2078 967 3785 1049; baseline 0.006 -28"><span class='ocrx_word' id='word_1_116' title='bbox 2078 999 2087 1006; x_wconf 90' lang='lat'><strong>-</strong></span> <span class='ocrx_word' id='word_1_117' title='bbox 2134 967 2373 1023; x_wconf 89' lang='lat' dir='ltr'>mentiri</span> <span class='ocrx_word' id='word_1_118' title='bbox 2407 984 2522 1023; x_wconf 91' lang='lat' dir='ltr'>non</span> <span class='ocrx_word' id='word_1_119' title='bbox 2558 968 2823 1039; x_wconf 77' lang='lat' dir='ltr'>possunt!</span> <span class='ocrx_word' id='word_1_120' title='bbox 2858 984 2890 1024; x_wconf 93' lang='grc' dir='ltr'>ο</span> <span class='ocrx_word' id='word_1_121' title='bbox 2924 969 3145 1038; x_wconf 85' lang='lat' dir='ltr'>puchra</span> <span class='ocrx_word' id='word_1_122' title='bbox 3177 970 3408 1027; x_wconf 89' lang='lat' dir='ltr'>illorum</span> <span class='ocrx_word' id='word_1_123' title='bbox 3444 978 3785 1049; x_wconf 86' lang='lat' dir='ltr'>opera,qui-</span> 
     </span>
    </p>
   </div>
   <div class='ocr_carea' id='block_1_19' title="bbox 2135 1056 3782 1129">
    <p class='ocr_par' dir='ltr' id='par_1_19' title="bbox 2135 1056 3782 1129">
     <span class='ocr_line' id='line_1_19' title="bbox 2135 1056 3782 1129; baseline 0.007 -18"><span class='ocrx_word' id='word_1_124' title='bbox 2135 1057 2244 1112; x_wconf 88' lang='lat' dir='ltr'>bus</span> <span class='ocrx_word' id='word_1_125' title='bbox 2271 1056 2660 1113; x_wconf 89' lang='lat' dir='ltr'>constitutum</span> <span class='ocrx_word' id='word_1_126' title='bbox 2692 1062 2781 1113; x_wconf 88' lang='lat' dir='ltr'>est</span> <span class='ocrx_word' id='word_1_127' title='bbox 2810 1062 2876 1111; x_wconf 91' lang='lat' dir='ltr'>ut</span> <span class='ocrx_word' id='word_1_128' title='bbox 2906 1058 3020 1113; x_wconf 91' lang='lat' dir='ltr'>Deo</span> <span class='ocrx_word' id='word_1_129' title='bbox 3050 1059 3408 1129; x_wconf 81' lang='lat' dir='ltr'>ministrent,</span> <span class='ocrx_word' id='word_1_130' title='bbox 3441 1063 3625 1121; x_wconf 86' lang='lat' dir='ltr'>Deum</span> <span class='ocrx_word' id='word_1_131' title='bbox 3677 1068 3782 1127; x_wconf 87' lang='lat' dir='ltr'>ﬂe-</span> 
     </span>
    </p>
   </div>
   <div class='ocr_carea' id='block_1_20' title="bbox 382 1144 3772 1223">
    <p class='ocr_par' dir='ltr' id='par_1_20' title="bbox 382 1144 3772 1223">
     <span class='ocr_line' id='line_1_20' title="bbox 382 1144 3772 1223; baseline 0.001 -13"><span class='ocrx_word' id='word_1_132' title='bbox 382 1158 555 1223; x_wconf 86' lang='lat' dir='ltr'>ctant,</span> <span class='ocrx_word' id='word_1_133' title='bbox 594 1153 702 1207; x_wconf 81' lang='lat' dir='ltr'>Dec</span> <span class='ocrx_word' id='word_1_134' title='bbox 734 1149 1018 1221; x_wconf 83' lang='lat' dir='ltr'>placeant,</span> <span class='ocrx_word' id='word_1_135' title='bbox 1052 1163 1169 1203; x_wconf 90' lang='lat' dir='ltr'>non</span> <span class='ocrx_word' id='word_1_136' title='bbox 1220 1160 1454 1202; x_wconf 89' lang='lat' dir='ltr'>carnem</span> <span class='ocrx_word' id='word_1_137' title='bbox 1514 1149 1678 1200; x_wconf 89' lang='lat' dir='ltr'>tuam</span> <span class='ocrx_word' id='word_1_138' title='bbox 1735 1144 1968 1214; x_wconf 89' lang='lat' dir='ltr'>impuro</span> <span class='ocrx_word' id='word_1_139' title='bbox 2027 1159 2226 1200; x_wconf 89' lang='lat' dir='ltr'>amore</span> <span class='ocrx_word' id='word_1_140' title='bbox 2252 1145 2633 1219; x_wconf 84' lang='lat' dir='ltr'>contingant!</span> <span class='ocrx_word' id='word_1_141' title='bbox 2670 1151 2737 1201; x_wconf 92' lang='lat' dir='ltr'>ut</span> <span class='ocrx_word' id='word_1_142' title='bbox 2793 1146 3131 1218; x_wconf 86' lang='lat' dir='ltr'>loquantur,</span> <span class='ocrx_word' id='word_1_143' title='bbox 3166 1149 3247 1205; x_wconf 86' lang='lat' dir='ltr'>ita</span> <span class='ocrx_word' id='word_1_144' title='bbox 3288 1154 3480 1209; x_wconf 85' lang='lat' dir='ltr'>tamen</span> <span class='ocrx_word' id='word_1_145' title='bbox 3513 1159 3579 1211; x_wconf 92' lang='lat' dir='ltr'>ut</span> <span class='ocrx_word' id='word_1_146' title='bbox 3633 1172 3772 1213; x_wconf 89' lang='lat' dir='ltr'>cum</span> 
     </span>
    </p>
   </div>
   <div class='ocr_carea' id='block_1_21' title="bbox 386 1233 2140 1313">
    <p class='ocr_par' dir='ltr' id='par_1_21' title="bbox 386 1233 2140 1313">
     <span class='ocr_line' id='line_1_21' title="bbox 386 1233 2140 1313; baseline -0.006 -14"><span class='ocrx_word' id='word_1_147' title='bbox 386 1257 513 1313; x_wconf 85' lang='lat' dir='ltr'>rege</span> <span class='ocrx_word' id='word_1_148' title='bbox 545 1237 918 1306; x_wconf 70' lang='lat' dir='ltr'>saeculorum,</span> <span class='ocrx_word' id='word_1_149' title='bbox 952 1236 1055 1309; x_wconf 88' lang='lat' dir='ltr'>qui</span> <span class='ocrx_word' id='word_1_150' title='bbox 1086 1236 1144 1290; x_wconf 91' lang='lat' dir='ltr'>in</span> <span class='ocrx_word' id='word_1_151' title='bbox 1176 1239 1234 1291; x_wconf 87' lang='lat' dir='ltr'>te</span> <span class='ocrx_word' id='word_1_152' title='bbox 1262 1234 1509 1301; x_wconf 89' lang='lat' dir='ltr'>habitet,</span> <span class='ocrx_word' id='word_1_153' title='bbox 1543 1249 1874 1290; x_wconf 79' lang='lat' dir='ltr'>sermonem</span> <span class='ocrx_word' id='word_1_154' title='bbox 1910 1233 2140 1289; x_wconf 83' lang='lat' dir='ltr'>habeat.</span> 
     </span>
    </p>
   </div>
   <div class='ocr_carea' id='block_1_22' title="bbox 449 1318 2028 1396">
    <p class='ocr_par' dir='ltr' id='par_1_22' title="bbox 449 1318 2028 1396">
     <span class='ocr_line' id='line_1_22' title="bbox 449 1318 2028 1396; baseline -0.006 -13"><span class='ocrx_word' id='word_1_155' title='bbox 449 1328 557 1396; x_wconf 71' lang='lat' dir='ltr'>AC.</span> <span class='ocrx_word' id='word_1_156' title='bbox 592 1325 795 1388; x_wconf 81' lang='grc' dir='ltr'>Πάντες</span> <span class='ocrx_word' id='word_1_157' title='bbox 824 1322 919 1378; x_wconf 74' lang='grc' dir='ltr'>οὖν</span> <span class='ocrx_word' id='word_1_158' title='bbox 964 1323 1018 1377; x_wconf 73' lang='grc' dir='ltr'>οἱ</span> <span class='ocrx_word' id='word_1_159' title='bbox 1060 1320 1268 1393; x_wconf 83' lang='grc' dir='ltr'>πιστοὶ,</span> <span class='ocrx_word' id='word_1_160' title='bbox 1318 1319 1504 1387; x_wconf 86' lang='grc' dir='ltr'>καλοὶ,</span> <span class='ocrx_word' id='word_1_161' title='bbox 1562 1325 1905 1395; x_wconf 82' lang='grc' dir='ltr'>θεοπρεπεῑς,</span> <span class='ocrx_word' id='word_1_162' title='bbox 1936 1318 2028 1374; x_wconf 86' lang='grc' dir='ltr'>καὶ</span> 
     </span>
    </p>
   </div>
   <div class='ocr_carea' id='block_1_23' title="bbox 377 1406 2025 1489">
    <p class='ocr_par' dir='ltr' id='par_1_23' title="bbox 377 1406 2025 1489">
     <span class='ocr_line' id='line_1_23' title="bbox 377 1406 2025 1489; baseline -0.005 -17"><span class='ocrx_word' id='word_1_163' title='bbox 377 1423 474 1487; x_wconf 91' lang='grc' dir='ltr'>τῆς</span> <span class='ocrx_word' id='word_1_164' title='bbox 499 1411 874 1489; x_wconf 82' lang='grc' dir='ltr'>προσηγορίας</span> <span class='ocrx_word' id='word_1_165' title='bbox 897 1410 1059 1484; x_wconf 78' lang='grc' dir='ltr'>ἄξιοι,</span> <span class='ocrx_word' id='word_1_166' title='bbox 1091 1409 1158 1478; x_wconf 80' lang='grc' dir='ltr'>ἢν</span> <span class='ocrx_word' id='word_1_167' title='bbox 1192 1408 1372 1484; x_wconf 81' lang='grc' dir='ltr'>ὥσπερ</span> <span class='ocrx_word' id='word_1_168' title='bbox 1405 1406 1649 1482; x_wconf 88' lang='grc' dir='ltr'>διάδημα</span> <span class='ocrx_word' id='word_1_169' title='bbox 1673 1406 2025 1483; x_wconf 76' lang='grc' dir='ltr'>περίκεινται.</span> 
     </span>
    </p>
   </div>
   <div class='ocr_carea' id='block_1_24' title="bbox 379 1495 2031 1577">
    <p class='ocr_par' dir='ltr' id='par_1_24' title="bbox 379 1495 2031 1577">
     <span class='ocr_line' id='line_1_24' title="bbox 379 1495 2031 1577; baseline -0.005 -17"><span class='ocrx_word' id='word_1_170' title='bbox 379 1505 451 1564; x_wconf 79' lang='grc' dir='ltr'>Ού</span> <span class='ocrx_word' id='word_1_171' title='bbox 482 1505 594 1577; x_wconf 85' lang='grc' dir='ltr'>μὴν</span> <span class='ocrx_word' id='word_1_172' title='bbox 626 1500 755 1557; x_wconf 75' lang='grc' dir='ltr'>ἀλλ’</span> <span class='ocrx_word' id='word_1_173' title='bbox 773 1500 909 1556; x_wconf 76' lang='grc' dir='ltr'>εἲσὶν</span> <span class='ocrx_word' id='word_1_174' title='bbox 932 1498 1042 1570; x_wconf 78' lang='grc' dir='ltr'>ἤδη</span> <span class='ocrx_word' id='word_1_175' title='bbox 1073 1500 1216 1560; x_wconf 72' lang='grc' dir='ltr'>τινες</span> <span class='ocrx_word' id='word_1_176' title='bbox 1240 1499 1328 1553; x_wconf 88' lang='grc' dir='ltr'>καὶ</span> <span class='ocrx_word' id='word_1_177' title='bbox 1350 1502 1460 1553; x_wconf 83' lang='grc' dir='ltr'>τῶν</span> <span class='ocrx_word' id='word_1_178' title='bbox 1485 1496 1756 1552; x_wconf 80' lang='grc' dir='ltr'>ἐκλεκτῶν</span> <span class='ocrx_word' id='word_1_179' title='bbox 1776 1495 2031 1553; x_wconf 70' lang='grc' dir='ltr'>ἐκλεκτό-</span> 
     </span>
    </p>
   </div>
   <div class='ocr_carea' id='block_1_25' title="bbox 383 1586 2034 1668">
    <p class='ocr_par' dir='ltr' id='par_1_25' title="bbox 383 1586 2034 1668">
     <span class='ocr_line' id='line_1_25' title="bbox 383 1586 2034 1668; baseline -0.005 -19"><span class='ocrx_word' id='word_1_180' title='bbox 383 1614 549 1668; x_wconf 81' lang='grc' dir='ltr'>τεροι,</span> <span class='ocrx_word' id='word_1_181' title='bbox 576 1592 667 1647; x_wconf 78' lang='grc' dir='ltr'>καὶ</span> <span class='ocrx_word' id='word_1_182' title='bbox 695 1590 946 1663; x_wconf 80' lang='grc' dir='ltr'>τοσούτῳ</span> <span class='ocrx_word' id='word_1_183' title='bbox 970 1586 1185 1663; x_wconf 79' lang='grc' dir='ltr'>μᾶλλον</span> <span class='ocrx_word' id='word_1_184' title='bbox 1211 1590 1373 1657; x_wconf 76' lang='grc' dir='ltr'>ἧττον</span> <span class='ocrx_word' id='word_1_185' title='bbox 1406 1589 1548 1660; x_wconf 81' lang='lat'>(37&quot;)</span> <span class='ocrx_word' id='word_1_186' title='bbox 1580 1586 1844 1659; x_wconf 72' lang='grc' dir='ltr'>ἐπίσημοι</span> <span class='ocrx_word' id='word_1_187' title='bbox 1896 1587 2034 1661; x_wconf 86' lang='grc' dir='ltr'>πρὸς</span> 
     </span>
    </p>
   </div>
   <div class='ocr_carea' id='block_1_26' title="bbox 2209 1322 3784 1403">
    <p class='ocr_par' dir='ltr' id='par_1_26' title="bbox 2209 1322 3784 1403">
     <span class='ocr_line' id='line_1_26' title="bbox 2209 1322 3784 1403; baseline 0.008 -25"><span class='ocrx_word' id='word_1_188' title='bbox 2209 1324 2358 1380; x_wconf 73' lang='lat'>845</span> <span class='ocrx_word' id='word_1_189' title='bbox 2388 1322 2637 1380; x_wconf 86' lang='lat' dir='ltr'>XXXVI.</span> <span class='ocrx_word' id='word_1_190' title='bbox 2699 1323 2915 1379; x_wconf 86' lang='lat' dir='ltr'>Omnes</span> <span class='ocrx_word' id='word_1_191' title='bbox 2944 1323 3142 1395; x_wconf 85' lang='lat' dir='ltr'>itaque</span> <span class='ocrx_word' id='word_1_192' title='bbox 3202 1326 3426 1397; x_wconf 79' lang='lat' dir='ltr'>ﬁdeles,</span> <span class='ocrx_word' id='word_1_193' title='bbox 3461 1332 3649 1403; x_wconf 86' lang='lat' dir='ltr'>probi,</span> <span class='ocrx_word' id='word_1_194' title='bbox 3691 1335 3784 1389; x_wconf 83' lang='lat' dir='ltr'>di-</span> 
     </span>
    </p>
   </div>
   <div class='ocr_carea' id='block_1_27' title="bbox 2137 1412 3784 1490">
    <p class='ocr_par' dir='ltr' id='par_1_27' title="bbox 2137 1412 3784 1490">
     <span class='ocr_line' id='line_1_27' title="bbox 2137 1412 3784 1490; baseline 0.008 -24"><span class='ocrx_word' id='word_1_195' title='bbox 2137 1412 2410 1484; x_wconf 88' lang='lat' dir='ltr'>vinisque</span> <span class='ocrx_word' id='word_1_196' title='bbox 2442 1413 2705 1468; x_wconf 90' lang='lat' dir='ltr'>moribus</span> <span class='ocrx_word' id='word_1_197' title='bbox 2738 1412 3015 1478; x_wconf 74' lang='lat' dir='ltr'>instituti,</span> <span class='ocrx_word' id='word_1_198' title='bbox 3048 1420 3218 1484; x_wconf 88' lang='lat' dir='ltr'>atque</span> <span class='ocrx_word' id='word_1_199' title='bbox 3248 1433 3316 1472; x_wconf 91' lang='lat' dir='ltr'>ea</span> <span class='ocrx_word' id='word_1_200' title='bbox 3344 1418 3504 1490; x_wconf 82' lang='lat' dir='ltr'>digni</span> <span class='ocrx_word' id='word_1_201' title='bbox 3551 1439 3784 1479; x_wconf 89' lang='lat' dir='ltr'>nuncu-</span> 
     </span>
    </p>
   </div>
   <div class='ocr_carea' id='block_1_28' title="bbox 2141 1500 3786 1580">
    <p class='ocr_par' dir='ltr' id='par_1_28' title="bbox 2141 1500 3786 1580">
     <span class='ocr_line' id='line_1_28' title="bbox 2141 1500 3786 1580; baseline 0.007 -25"><span class='ocrx_word' id='word_1_202' title='bbox 2141 1500 2401 1573; x_wconf 88' lang='lat' dir='ltr'>patione,</span> <span class='ocrx_word' id='word_1_203' title='bbox 2434 1516 2550 1572; x_wconf 86' lang='lat' dir='ltr'>qua</span> <span class='ocrx_word' id='word_1_204' title='bbox 2580 1500 2740 1555; x_wconf 84' lang='lat' dir='ltr'>velut</span> <span class='ocrx_word' id='word_1_205' title='bbox 2768 1501 3101 1557; x_wconf 85' lang='lat' dir='ltr'>diademate</span> <span class='ocrx_word' id='word_1_206' title='bbox 3130 1518 3348 1561; x_wconf 87' lang='lat' dir='ltr'>corona</span> <span class='ocrx_word' id='word_1_207' title='bbox 3376 1506 3594 1580; x_wconf 83' lang='lat' dir='ltr'>inclyta</span> <span class='ocrx_word' id='word_1_208' title='bbox 3624 1513 3786 1566; x_wconf 88' lang='lat' dir='ltr'>redi-</span> 
     </span>
    </p>
   </div>
   <div class='ocr_carea' id='block_1_29' title="bbox 2144 1588 3887 1668">
    <p class='ocr_par' dir='ltr' id='par_1_29' title="bbox 2144 1588 3887 1668">
     <span class='ocr_line' id='line_1_29' title="bbox 2144 1588 3887 1668; baseline 0.009 -26"><span class='ocrx_word' id='word_1_209' title='bbox 2144 1589 2272 1643; x_wconf 90' lang='lat' dir='ltr'>miti</span> <span class='ocrx_word' id='word_1_210' title='bbox 2332 1592 2491 1644; x_wconf 87' lang='lat' dir='ltr'>sunt.</span> <span class='ocrx_word' id='word_1_211' title='bbox 2528 1588 2834 1645; x_wconf 86' lang='lat' dir='ltr'>Enimvero</span> <span class='ocrx_word' id='word_1_212' title='bbox 2864 1606 2981 1645; x_wconf 93' lang='lat' dir='ltr'>non</span> <span class='ocrx_word' id='word_1_213' title='bbox 3013 1592 3228 1647; x_wconf 87' lang='lat' dir='ltr'>desunt</span> <span class='ocrx_word' id='word_1_214' title='bbox 3254 1594 3351 1664; x_wconf 91' lang='lat' dir='ltr'>qui</span> <span class='ocrx_word' id='word_1_215' title='bbox 3383 1599 3439 1651; x_wconf 90' lang='lat' dir='ltr'>et</span> <span class='ocrx_word' id='word_1_216' title='bbox 3478 1598 3604 1668; x_wconf 83' lang='lat' dir='ltr'>jam</span> <span class='ocrx_word' id='word_1_217' title='bbox 3638 1601 3791 1657; x_wconf 88' lang='lat' dir='ltr'>inter</span> <span class='ocrx_word' id='word_1_218' title='bbox 3884 1632 3887 1635; x_wconf 57' lang='grc' dir='ltr'>ν</span> 
     </span>
    </p>
   </div>
   <div class='ocr_carea' id='block_1_30' title="bbox 386 1673 2034 1762">
    <p class='ocr_par' dir='ltr' id='par_1_30' title="bbox 386 1673 2032 1753">
     <span class='ocr_line' id='line_1_30' title="bbox 386 1673 2032 1753; baseline -0.005 -16"><span class='ocrx_word' id='word_1_219' title='bbox 386 1684 473 1738; x_wconf 82' lang='grc' dir='ltr'>τὸν</span> <span class='ocrx_word' id='word_1_220' title='bbox 505 1678 698 1753; x_wconf 78' lang='grc' dir='ltr'>λιμένα</span> <span class='ocrx_word' id='word_1_221' title='bbox 727 1679 905 1735; x_wconf 68' lang='grc' dir='ltr'>ἰκτοῦ</span> <span class='ocrx_word' id='word_1_222' title='bbox 942 1676 1228 1738; x_wconf 77' lang='grc' dir='ltr'>κλύδωνος</span> <span class='ocrx_word' id='word_1_223' title='bbox 1250 1680 1349 1732; x_wconf 78' lang='grc' dir='ltr'>τοῦ</span> <span class='ocrx_word' id='word_1_224' title='bbox 1401 1676 1615 1748; x_wconf 85' lang='grc' dir='ltr'>κόσμου</span> <span class='ocrx_word' id='word_1_225' title='bbox 1663 1673 2032 1737; x_wconf 81' lang='grc' dir='ltr'>νεωλκοῦντες</span> 
     </span>
    </p>
   </div>
   <div class='ocr_carea' id='block_1_31' title="bbox 2151 1673 3791 1762">
    <p class='ocr_par' dir='ltr' id='par_1_31' title="bbox 2151 1676 3791 1762">
     <span class='ocr_line' id='line_1_31' title="bbox 2151 1676 3791 1762; baseline 0.009 -31"><span class='ocrx_word' id='word_1_226' title='bbox 2151 1679 2367 1733; x_wconf 86' lang='lat' dir='ltr'>electos</span> <span class='ocrx_word' id='word_1_227' title='bbox 2399 1678 2606 1744; x_wconf 84' lang='lat' dir='ltr'>majori</span> <span class='ocrx_word' id='word_1_228' title='bbox 2636 1676 2836 1732; x_wconf 86' lang='lat' dir='ltr'>electis</span> <span class='ocrx_word' id='word_1_229' title='bbox 2897 1681 3236 1750; x_wconf 81' lang='lat' dir='ltr'>praestantia</span> <span class='ocrx_word' id='word_1_230' title='bbox 3292 1682 3575 1756; x_wconf 81' lang='lat' dir='ltr'>fulgeant,</span> <span class='ocrx_word' id='word_1_231' title='bbox 3604 1705 3791 1762; x_wconf 92' lang='lat' dir='ltr'>eoque</span> 
     </span>
    </p>
   </div>
   <div class='ocr_carea' id='block_1_32' title="bbox 394 1761 2034 1843">
    <p class='ocr_par' dir='ltr' id='par_1_32' title="bbox 394 1763 2034 1843">
     <span class='ocr_line' id='line_1_32' title="bbox 394 1763 2034 1843; baseline -0.006 -16"><span class='ocrx_word' id='word_1_232' title='bbox 394 1771 602 1833; x_wconf 74' lang='grc' dir='ltr'>έαυτοὺς</span> <span class='ocrx_word' id='word_1_233' title='bbox 626 1770 719 1826; x_wconf 82' lang='grc' dir='ltr'>καὶ</span> <span class='ocrx_word' id='word_1_234' title='bbox 768 1768 1130 1842; x_wconf 70' lang='grc' dir='ltr'>ἐπανάγοντες</span> <span class='ocrx_word' id='word_1_235' title='bbox 1176 1765 1262 1821; x_wconf 76' lang='grc' dir='ltr'>ἐπ’</span> <span class='ocrx_word' id='word_1_236' title='bbox 1311 1764 1573 1843; x_wconf 75' lang='grc' dir='ltr'>ἀσφαλές·</span> <span class='ocrx_word' id='word_1_237' title='bbox 1607 1764 1670 1820; x_wconf 81' lang='grc' dir='ltr'>ού</span> <span class='ocrx_word' id='word_1_238' title='bbox 1703 1763 2034 1840; x_wconf 86' lang='grc' dir='ltr'>βουλόμενοι</span> 
     </span>
    </p>
   </div>
   <div class='ocr_carea' id='block_1_33' title="bbox 2151 1761 3788 1843">
    <p class='ocr_par' dir='ltr' id='par_1_33' title="bbox 2151 1761 3788 1842">
     <span class='ocr_line' id='line_1_33' title="bbox 2151 1761 3788 1842; baseline 0.009 -21"><span class='ocrx_word' id='word_1_239' title='bbox 2151 1766 2338 1838; x_wconf 85' lang='lat' dir='ltr'>magis</span> <span class='ocrx_word' id='word_1_240' title='bbox 2365 1766 2624 1822; x_wconf 86' lang='lat' dir='ltr'>illustres</span> <span class='ocrx_word' id='word_1_241' title='bbox 2645 1768 2784 1833; x_wconf 88' lang='lat' dir='ltr'>sint,</span> <span class='ocrx_word' id='word_1_242' title='bbox 2810 1783 2923 1834; x_wconf 91' lang='lat' dir='ltr'>quo</span> <span class='ocrx_word' id='word_1_243' title='bbox 2956 1768 3201 1825; x_wconf 88' lang='lat' dir='ltr'>velutad</span> <span class='ocrx_word' id='word_1_244' title='bbox 3230 1778 3465 1842; x_wconf 88' lang='lat' dir='ltr'>portum</span> <span class='ocrx_word' id='word_1_245' title='bbox 3491 1790 3559 1831; x_wconf 82' lang='lat' dir='ltr'>ex</span> <span class='ocrx_word' id='word_1_246' title='bbox 3581 1761 3788 1835; x_wconf 83' lang='lat' dir='ltr'>mundi</span> 
     </span>
    </p>
   </div>
   <div class='ocr_carea' id='block_1_34' title="bbox 393 1852 2030 1934">
    <p class='ocr_par' dir='ltr' id='par_1_34' title="bbox 393 1852 2030 1934">
     <span class='ocr_line' id='line_1_34' title="bbox 393 1852 2030 1934; baseline -0.004 -18"><span class='ocrx_word' id='word_1_247' title='bbox 393 1858 564 1916; x_wconf 78' lang='grc' dir='ltr'>δοκεῖν</span> <span class='ocrx_word' id='word_1_248' title='bbox 595 1861 769 1934; x_wconf 74' lang='grc' dir='ltr'>ἅγιοι,</span> <span class='ocrx_word' id='word_1_249' title='bbox 827 1856 924 1913; x_wconf 76' lang='grc' dir='ltr'>κᾶν</span> <span class='ocrx_word' id='word_1_250' title='bbox 980 1852 1106 1931; x_wconf 77' lang='grc' dir='ltr'>εἷ’πῃ</span> <span class='ocrx_word' id='word_1_251' title='bbox 1163 1876 1269 1922; x_wconf 89' lang='grc' dir='ltr'>τις,</span> <span class='ocrx_word' id='word_1_252' title='bbox 1326 1855 1737 1929; x_wconf 78' lang='grc' dir='ltr'>αἰσχυνόμενοι·</span> <span class='ocrx_word' id='word_1_253' title='bbox 1789 1852 1842 1909; x_wconf 81' lang='grc' dir='ltr'>ἐν</span> <span class='ocrx_word' id='word_1_254' title='bbox 1879 1854 2030 1930; x_wconf 85' lang='grc' dir='ltr'>βάθει</span> 
     </span>
    </p>
   </div>
   <div class='ocr_carea' id='block_1_35' title="bbox 386 1941 2034 2026">
    <p class='ocr_par' dir='ltr' id='par_1_35' title="bbox 386 1941 2034 2026">
     <span class='ocr_line' id='line_1_35' title="bbox 386 1941 2034 2026; baseline -0.005 -22"><span class='ocrx_word' id='word_1_255' title='bbox 386 1951 615 2026; x_wconf 81' lang='grc' dir='ltr'>γνώμης</span> <span class='ocrx_word' id='word_1_256' title='bbox 683 1946 1124 2023; x_wconf 74' lang='grc' dir='ltr'>ἀποκρύπτοντες</span> <span class='ocrx_word' id='word_1_257' title='bbox 1186 1945 1253 1999; x_wconf 84' lang='grc' dir='ltr'>τὰ</span> <span class='ocrx_word' id='word_1_258' title='bbox 1323 1941 1672 2014; x_wconf 87' lang='grc' dir='ltr'>ἀνεκλάλητα</span> <span class='ocrx_word' id='word_1_259' title='bbox 1737 1944 2034 2018; x_wconf 76' lang='grc' dir='ltr'>μυστήρια,</span> 
     </span>
    </p>
   </div>
   <div class='ocr_carea' id='block_1_36' title="bbox 382 2032 2035 2110">
    <p class='ocr_par' dir='ltr' id='par_1_36' title="bbox 382 2032 2035 2110">
     <span class='ocr_line' id='line_1_36' title="bbox 382 2032 2035 2110; baseline -0.007 -15"><span class='ocrx_word' id='word_1_260' title='bbox 382 2040 469 2095; x_wconf 84' lang='grc' dir='ltr'>καὶ</span> <span class='ocrx_word' id='word_1_261' title='bbox 496 2040 602 2107; x_wconf 76' lang='grc' dir='ltr'>τὴν</span> <span class='ocrx_word' id='word_1_262' title='bbox 661 2036 836 2092; x_wconf 78' lang='grc' dir='ltr'>αὐτῶν</span> <span class='ocrx_word' id='word_1_263' title='bbox 897 2032 1163 2109; x_wconf 79' lang='grc' dir='ltr'>εὐγένειαν</span> <span class='ocrx_word' id='word_1_264' title='bbox 1225 2032 1692 2110; x_wconf 74' lang='grc' dir='ltr'>ὁπερηφανοῦντες</span> <span class='ocrx_word' id='word_1_265' title='bbox 1733 2034 1785 2088; x_wconf 76' lang='grc' dir='ltr'>έν</span> <span class='ocrx_word' id='word_1_266' title='bbox 1841 2032 2035 2104; x_wconf 87' lang='grc' dir='ltr'>κόςμῳ</span> 
     </span>
    </p>
   </div>
   <div class='ocr_carea' id='block_1_37' title="bbox 387 2118 2033 2203">
    <p class='ocr_par' dir='ltr' id='par_1_37' title="bbox 387 2118 2033 2203">
     <span class='ocr_line' id='line_1_37' title="bbox 387 2118 2033 2203; baseline -0.005 -22"><span class='ocrx_word' id='word_1_267' title='bbox 387 2128 705 2203; x_wconf 78' lang='grc' dir='ltr'>βλέπεσθαι.</span> <span class='ocrx_word' id='word_1_268' title='bbox 757 2123 850 2187; x_wconf 79' lang='grc' dir='ltr'>οὓς</span> <span class='ocrx_word' id='word_1_269' title='bbox 882 2123 910 2179; x_wconf 87' lang='grc' dir='ltr'>ὸ</span> <span class='ocrx_word' id='word_1_270' title='bbox 942 2120 1109 2198; x_wconf 86' lang='grc' dir='ltr'>λόγος</span> <span class='ocrx_word' id='word_1_271' title='bbox 1138 2146 1166 2173; x_wconf 86' lang='lat'><strong>«</strong></span> <span class='ocrx_word' id='word_1_272' title='bbox 1200 2126 1317 2198; x_wconf 77' lang='grc' dir='ltr'>φῶς</span> <span class='ocrx_word' id='word_1_273' title='bbox 1362 2124 1461 2176; x_wconf 79' lang='grc' dir='ltr'>τοῦ</span> <span class='ocrx_word' id='word_1_274' title='bbox 1503 2122 1715 2194; x_wconf 86' lang='grc' dir='ltr'>κόσμου</span> <span class='ocrx_word' id='word_1_275' title='bbox 1758 2122 1848 2175; x_wconf 82' lang='grc' dir='ltr'>καὶ</span> <span class='ocrx_word' id='word_1_276' title='bbox 1896 2118 2033 2182; x_wconf 75' lang='grc' dir='ltr'>ἅλας</span> 
     </span>
    </p>
   </div>
   <div class='ocr_carea' id='block_1_38' title="bbox 380 2208 2033 2290">
    <p class='ocr_par' dir='ltr' id='par_1_38' title="bbox 380 2208 2033 2290">
     <span class='ocr_line' id='line_1_38' title="bbox 380 2208 2033 2290; baseline -0.004 -20"><span class='ocrx_word' id='word_1_277' title='bbox 380 2223 482 2285; x_wconf 82' lang='grc' dir='ltr'>τῆς</span> <span class='ocrx_word' id='word_1_278' title='bbox 506 2218 615 2290; x_wconf 83' lang='grc' dir='ltr'>γῆς</span> <span class='ocrx_word' id='word_1_279' title='bbox 647 2237 676 2265; x_wconf 82' lang='lat'><strong>»</strong></span> <span class='ocrx_word' id='word_1_280' title='bbox 723 2211 900 2268; x_wconf 88' lang='grc' dir='ltr'>καλεῖ.</span> <span class='ocrx_word' id='word_1_281' title='bbox 948 2211 1102 2265; x_wconf 80' lang='grc' dir='ltr'>Τοῦτ’</span> <span class='ocrx_word' id='word_1_282' title='bbox 1163 2209 1297 2266; x_wconf 70' lang='grc' dir='ltr'>ἐστὶ.</span> <span class='ocrx_word' id='word_1_283' title='bbox 1345 2210 1408 2264; x_wconf 85' lang='grc' dir='ltr'>τὸ</span> <span class='ocrx_word' id='word_1_284' title='bbox 1453 2209 1689 2283; x_wconf 85' lang='grc' dir='ltr'>σπέρμα,</span> <span class='ocrx_word' id='word_1_285' title='bbox 1735 2208 1892 2264; x_wconf 79' lang='grc' dir='ltr'>εἰκὼν</span> <span class='ocrx_word' id='word_1_286' title='bbox 1943 2209 2033 2264; x_wconf 83' lang='grc' dir='ltr'>καὶ</span> 
     </span>
    </p>
   </div>
   <div class='ocr_carea' id='block_1_39' title="bbox 381 2296 2033 2379">
    <p class='ocr_par' dir='ltr' id='par_1_39' title="bbox 381 2296 2033 2379">
     <span class='ocr_line' id='line_1_39' title="bbox 381 2296 2033 2379; baseline -0.005 -19"><span class='ocrx_word' id='word_1_287' title='bbox 381 2305 654 2379; x_wconf 77' lang='grc' dir='ltr'>ὁμοίωσις</span> <span class='ocrx_word' id='word_1_288' title='bbox 686 2306 840 2371; x_wconf 79' lang='grc' dir='ltr'>Θεοῦ,</span> <span class='ocrx_word' id='word_1_289' title='bbox 872 2299 963 2356; x_wconf 83' lang='grc' dir='ltr'>καί</span> <span class='ocrx_word' id='word_1_290' title='bbox 1008 2300 1196 2356; x_wconf 83' lang='grc' dir='ltr'>τέκνον</span> <span class='ocrx_word' id='word_1_291' title='bbox 1237 2297 1401 2355; x_wconf 79' lang='grc' dir='ltr'>αύτοῦ</span> <span class='ocrx_word' id='word_1_292' title='bbox 1448 2300 1691 2375; x_wconf 92' lang='grc' dir='ltr'>γνήσιον,</span> <span class='ocrx_word' id='word_1_293' title='bbox 1745 2298 1837 2353; x_wconf 88' lang='grc' dir='ltr'>καὶ</span> <span class='ocrx_word' id='word_1_294' title='bbox 1893 2296 2033 2369; x_wconf 90' lang='grc' dir='ltr'>κλη-</span> 
     </span>
    </p>
   </div>
   <div class='ocr_carea' id='block_1_40' title="bbox 380 2387 2036 2468">
    <p class='ocr_par' dir='ltr' id='par_1_40' title="bbox 380 2387 2036 2468">
     <span class='ocr_line' id='line_1_40' title="bbox 380 2387 2036 2468; baseline -0.004 -18"><span class='ocrx_word' id='word_1_295' title='bbox 380 2394 645 2468; x_wconf 84' lang='grc' dir='ltr'>ρονόμον,</span> <span class='ocrx_word' id='word_1_296' title='bbox 676 2391 859 2467; x_wconf 80' lang='grc' dir='ltr'>ὥσπερ</span> <span class='ocrx_word' id='word_1_297' title='bbox 920 2389 1008 2445; x_wconf 82' lang='grc' dir='ltr'>έπί</span> <span class='ocrx_word' id='word_1_298' title='bbox 1063 2409 1186 2444; x_wconf 90' lang='grc' dir='ltr'>τινα</span> <span class='ocrx_word' id='word_1_299' title='bbox 1237 2387 1488 2460; x_wconf 77' lang='grc' dir='ltr'>ξενιτείαν</span> <span class='ocrx_word' id='word_1_300' title='bbox 1543 2387 1766 2443; x_wconf 78' lang='grc' dir='ltr'>ἐνταῦθα</span> <span class='ocrx_word' id='word_1_301' title='bbox 1814 2387 2036 2461; x_wconf 85' lang='grc' dir='ltr'>πεμπό-</span> 
     </span>
    </p>
   </div>
   <div class='ocr_carea' id='block_1_41' title="bbox 382 2475 2036 2559">
    <p class='ocr_par' dir='ltr' id='par_1_41' title="bbox 382 2475 2036 2559">
     <span class='ocr_line' id='line_1_41' title="bbox 382 2475 2036 2559; baseline -0.006 -20"><span class='ocrx_word' id='word_1_302' title='bbox 382 2504 551 2559; x_wconf 86' lang='grc' dir='ltr'>μενον</span> <span class='ocrx_word' id='word_1_303' title='bbox 609 2482 715 2537; x_wconf 84' lang='grc' dir='ltr'>ύπὸ</span> <span class='ocrx_word' id='word_1_304' title='bbox 775 2481 1022 2556; x_wconf 81' lang='grc' dir='ltr'>μεγάλης</span> <span class='ocrx_word' id='word_1_305' title='bbox 1074 2477 1397 2550; x_wconf 77' lang='grc' dir='ltr'>οἰκονομίας</span> <span class='ocrx_word' id='word_1_306' title='bbox 1449 2478 1540 2531; x_wconf 83' lang='grc' dir='ltr'>καὶ</span> <span class='ocrx_word' id='word_1_307' title='bbox 1601 2475 1895 2552; x_wconf 63' lang='grc' dir='ltr'>ἀναλογίας</span> <span class='ocrx_word' id='word_1_308' title='bbox 1938 2480 2036 2531; x_wconf 79' lang='grc' dir='ltr'>τοῦ</span> 
     </span>
    </p>
   </div>
   <div class='ocr_carea' id='block_1_42' title="bbox 380 2564 2035 2647">
    <p class='ocr_par' dir='ltr' id='par_1_42' title="bbox 380 2564 2035 2647">
     <span class='ocr_line' id='line_1_42' title="bbox 380 2564 2035 2647; baseline -0.006 -18"><span class='ocrx_word' id='word_1_309' title='bbox 380 2573 623 2647; x_wconf 81' lang='grc' dir='ltr'>Πατρὸς,</span> <span class='ocrx_word' id='word_1_310' title='bbox 657 2567 727 2625; x_wconf 83' lang='grc' dir='ltr'>δι’</span> <span class='ocrx_word' id='word_1_311' title='bbox 753 2571 815 2625; x_wconf 74' lang='grc' dir='ltr'>οὗ</span> <span class='ocrx_word' id='word_1_312' title='bbox 856 2568 945 2623; x_wconf 79' lang='grc' dir='ltr'>καὶ</span> <span class='ocrx_word' id='word_1_313' title='bbox 973 2569 1041 2623; x_wconf 69' lang='grc' dir='ltr'>τὰ</span> <span class='ocrx_word' id='word_1_314' title='bbox 1069 2568 1270 2645; x_wconf 80' lang='grc' dir='ltr'>φανερὰ</span> <span class='ocrx_word' id='word_1_315' title='bbox 1315 2571 1406 2621; x_wconf 81' lang='grc' dir='ltr'>καὶ</span> <span class='ocrx_word' id='word_1_316' title='bbox 1436 2566 1503 2620; x_wconf 79' lang='grc' dir='ltr'>τὰ</span> <span class='ocrx_word' id='word_1_317' title='bbox 1550 2564 1726 2643; x_wconf 80' lang='grc' dir='ltr'>ἀφανῆ</span> <span class='ocrx_word' id='word_1_318' title='bbox 1758 2568 1856 2620; x_wconf 78' lang='grc' dir='ltr'>τοῦ</span> <span class='ocrx_word' id='word_1_319' title='bbox 1904 2564 2035 2622; x_wconf 86' lang='grc' dir='ltr'>κόσ-</span> 
     </span>
    </p>
   </div>
   <div class='ocr_carea' id='block_1_43' title="bbox 384 2651 2037 2736">
    <p class='ocr_par' dir='ltr' id='par_1_43' title="bbox 384 2651 2037 2736">
     <span class='ocr_line' id='line_1_43' title="bbox 384 2651 2037 2736; baseline -0.005 -20"><span class='ocrx_word' id='word_1_320' title='bbox 384 2684 498 2736; x_wconf 92' lang='grc' dir='ltr'>μου</span> <span class='ocrx_word' id='word_1_321' title='bbox 526 2657 1014 2733; x_wconf 72' lang='grc' dir='ltr'>δεδημιούργηταιο</span> <span class='ocrx_word' id='word_1_322' title='bbox 1049 2657 1117 2712; x_wconf 72' lang='grc' dir='ltr'>τὰ</span> <span class='ocrx_word' id='word_1_323' title='bbox 1155 2657 1249 2729; x_wconf 75' lang='grc' dir='ltr'>μὲν</span> <span class='ocrx_word' id='word_1_324' title='bbox 1297 2655 1374 2717; x_wconf 82' lang='grc' dir='ltr'>εἷς</span> <span class='ocrx_word' id='word_1_325' title='bbox 1417 2652 1693 2725; x_wconf 81' lang='grc' dir='ltr'>δουλείαν,</span> <span class='ocrx_word' id='word_1_326' title='bbox 1740 2654 1810 2708; x_wconf 81' lang='grc' dir='ltr'>τὰ</span> <span class='ocrx_word' id='word_1_327' title='bbox 1852 2651 1911 2709; x_wconf 72' lang='grc' dir='ltr'>δὲ</span> <span class='ocrx_word' id='word_1_328' title='bbox 1959 2653 2037 2716; x_wconf 83' lang='grc' dir='ltr'>είς</span> 
     </span>
    </p>
   </div>
   <div class='ocr_carea' id='block_1_44' title="bbox 383 2745 2040 2822">
    <p class='ocr_par' dir='ltr' id='par_1_44' title="bbox 383 2745 2040 2822">
     <span class='ocr_line' id='line_1_44' title="bbox 383 2745 2040 2822; baseline -0.006 -15"><span class='ocrx_word' id='word_1_329' title='bbox 383 2750 640 2822; x_wconf 76' lang='grc' dir='ltr'>ἄσκησιν,</span> <span class='ocrx_word' id='word_1_330' title='bbox 670 2748 739 2803; x_wconf 78' lang='grc' dir='ltr'>τὰ</span> <span class='ocrx_word' id='word_1_331' title='bbox 770 2745 828 2803; x_wconf 76' lang='grc' dir='ltr'>δὲ</span> <span class='ocrx_word' id='word_1_332' title='bbox 858 2746 935 2810; x_wconf 71' lang='grc' dir='ltr'>εἷς</span> <span class='ocrx_word' id='word_1_333' title='bbox 994 2748 1229 2819; x_wconf 86' lang='grc' dir='ltr'>μάθησιν</span> <span class='ocrx_word' id='word_1_334' title='bbox 1290 2745 1470 2799; x_wconf 77' lang='grc' dir='ltr'>αὐτῶν</span> <span class='ocrx_word' id='word_1_335' title='bbox 1528 2746 1663 2814; x_wconf 88' lang='grc'>(38)·</span> <span class='ocrx_word' id='word_1_336' title='bbox 1722 2745 1810 2798; x_wconf 82' lang='grc' dir='ltr'>καὶ</span> <span class='ocrx_word' id='word_1_337' title='bbox 1864 2745 2040 2798; x_wconf 80' lang='grc' dir='ltr'>πάντα</span> 
     </span>
    </p>
   </div>
   <div class='ocr_carea' id='block_1_45' title="bbox 2142 1854 3786 1931">
    <p class='ocr_par' dir='ltr' id='par_1_45' title="bbox 2142 1854 3786 1931">
     <span class='ocr_line' id='line_1_45' title="bbox 2142 1854 3786 1931; baseline 0.009 -22"><span class='ocrx_word' id='word_1_338' title='bbox 2142 1854 2396 1927; x_wconf 86' lang='lat' dir='ltr'>procella</span> <span class='ocrx_word' id='word_1_339' title='bbox 2425 1854 2653 1926; x_wconf 90' lang='lat' dir='ltr'>seipsos</span> <span class='ocrx_word' id='word_1_340' title='bbox 2684 1856 3038 1925; x_wconf 85' lang='lat' dir='ltr'>subducant,</span> <span class='ocrx_word' id='word_1_341' title='bbox 3070 1875 3281 1931; x_wconf 90' lang='lat' dir='ltr'>resque</span> <span class='ocrx_word' id='word_1_342' title='bbox 3310 1878 3449 1918; x_wconf 88' lang='lat' dir='ltr'>suas</span> <span class='ocrx_word' id='word_1_343' title='bbox 3508 1865 3566 1921; x_wconf 90' lang='lat' dir='ltr'>in</span> <span class='ocrx_word' id='word_1_344' title='bbox 3589 1870 3786 1925; x_wconf 89' lang='lat' dir='ltr'>tutum</span> 
     </span>
    </p>
   </div>
   <div class='ocr_carea' id='block_1_46' title="bbox 2143 1945 3791 2025">
    <p class='ocr_par' dir='ltr' id='par_1_46' title="bbox 2143 1945 3791 2025">
     <span class='ocr_line' id='line_1_46' title="bbox 2143 1945 3791 2025; baseline 0.007 -24"><span class='ocrx_word' id='word_1_345' title='bbox 2143 1945 2448 2017; x_wconf 86' lang='lat' dir='ltr'>recipiant:</span> <span class='ocrx_word' id='word_1_346' title='bbox 2482 1945 2581 2016; x_wconf 91' lang='lat' dir='ltr'>qui</span> <span class='ocrx_word' id='word_1_347' title='bbox 2612 1945 2798 2000; x_wconf 87' lang='lat' dir='ltr'>sancti</span> <span class='ocrx_word' id='word_1_348' title='bbox 2833 1945 3011 2001; x_wconf 88' lang='lat' dir='ltr'>videri</span> <span class='ocrx_word' id='word_1_349' title='bbox 3045 1947 3273 2015; x_wconf 91' lang='lat' dir='ltr'>nolunt;</span> <span class='ocrx_word' id='word_1_350' title='bbox 3302 1967 3368 2005; x_wconf 89' lang='lat' dir='ltr'>ac</span> <span class='ocrx_word' id='word_1_351' title='bbox 3400 1953 3449 2007; x_wconf 92' lang='lat' dir='ltr'>si</span> <span class='ocrx_word' id='word_1_352' title='bbox 3481 1956 3616 2025; x_wconf 88' lang='lat' dir='ltr'>quis</span> <span class='ocrx_word' id='word_1_353' title='bbox 3640 1974 3791 2013; x_wconf 78' lang='lat' dir='ltr'>nun~</span> 
     </span>
    </p>
   </div>
   <div class='ocr_carea' id='block_1_47' title="bbox 2141 2034 3792 2111">
    <p class='ocr_par' dir='ltr' id='par_1_47' title="bbox 2141 2034 3792 2111">
     <span class='ocr_line' id='line_1_47' title="bbox 2141 2034 3792 2111; baseline 0 -21"><span class='ocrx_word' id='word_1_354' title='bbox 2141 2034 2461 2106; x_wconf 90' lang='lat' dir='ltr'>cupaverit,</span> <span class='ocrx_word' id='word_1_355' title='bbox 2491 2034 2859 2089; x_wconf 78' lang='lat' dir='ltr'>erubescant:</span> <span class='ocrx_word' id='word_1_356' title='bbox 2895 2035 2996 2105; x_wconf 90' lang='lat' dir='ltr'>qui</span> <span class='ocrx_word' id='word_1_357' title='bbox 3029 2036 3148 2091; x_wconf 91' lang='lat' dir='ltr'>imo</span> <span class='ocrx_word' id='word_1_358' title='bbox 3182 2038 3307 2109; x_wconf 89' lang='lat' dir='ltr'>ipso</span> <span class='ocrx_word' id='word_1_359' title='bbox 3331 2047 3563 2111; x_wconf 90' lang='lat' dir='ltr'>pectore</span> <span class='ocrx_word' id='word_1_360' title='bbox 3587 2045 3792 2103; x_wconf 82' lang='lat' dir='ltr'>inell&#39;a-</span> 
     </span>
    </p>
   </div>
   <div class='ocr_carea' id='block_1_48' title="bbox 2144 2122 3788 2198">
    <p class='ocr_par' dir='ltr' id='par_1_48' title="bbox 2144 2122 3788 2198">
     <span class='ocr_line' id='line_1_48' title="bbox 2144 2122 3788 2198; baseline 0.008 -19"><span class='ocrx_word' id='word_1_361' title='bbox 2144 2123 2288 2179; x_wconf 88' lang='lat' dir='ltr'>bilia</span> <span class='ocrx_word' id='word_1_362' title='bbox 2318 2122 2597 2195; x_wconf 81' lang='lat' dir='ltr'>mysteria</span> <span class='ocrx_word' id='word_1_363' title='bbox 2637 2123 3022 2191; x_wconf 87' lang='lat' dir='ltr'>abscondant,</span> <span class='ocrx_word' id='word_1_364' title='bbox 3080 2141 3370 2198; x_wconf 89' lang='lat' dir='ltr'>suamque</span> <span class='ocrx_word' id='word_1_365' title='bbox 3419 2130 3788 2193; x_wconf 88' lang='lat' dir='ltr'>nobilitatem</span> 
     </span>
    </p>
   </div>
   <div class='ocr_carea' id='block_1_49' title="bbox 2143 2210 3793 2281">
    <p class='ocr_par' dir='ltr' id='par_1_49' title="bbox 2143 2210 3793 2281">
     <span class='ocr_line' id='line_1_49' title="bbox 2143 2210 3793 2281; baseline 0.008 -14"><span class='ocrx_word' id='word_1_366' title='bbox 2143 2213 2425 2268; x_wconf 88' lang='lat' dir='ltr'>humanis</span> <span class='ocrx_word' id='word_1_367' title='bbox 2456 2210 2644 2267; x_wconf 89' lang='lat' dir='ltr'>oculis</span> <span class='ocrx_word' id='word_1_368' title='bbox 2707 2212 2882 2281; x_wconf 89' lang='lat' dir='ltr'>objici</span> <span class='ocrx_word' id='word_1_369' title='bbox 2917 2217 3315 2270; x_wconf 85' lang='lat' dir='ltr'>contemnant.</span> <span class='ocrx_word' id='word_1_370' title='bbox 3347 2216 3465 2274; x_wconf 90' lang='lat' dir='ltr'>Hos</span> <span class='ocrx_word' id='word_1_371' title='bbox 3510 2220 3793 2281; x_wconf 89' lang='lat' dir='ltr'>nimirum</span> 
     </span>
    </p>
   </div>
   <div class='ocr_carea' id='block_1_50' title="bbox 2143 2300 3791 2382">
    <p class='ocr_par' dir='ltr' id='par_1_50' title="bbox 2143 2300 3791 2382">
     <span class='ocr_line' id='line_1_50' title="bbox 2143 2300 3791 2382; baseline 0.008 -26"><span class='ocrx_word' id='word_1_372' title='bbox 2143 2301 2445 2372; x_wconf 83' lang='lat' dir='ltr'>Scriptura</span> <span class='ocrx_word' id='word_1_373' title='bbox 2473 2323 2502 2351; x_wconf 86' lang='lat'><strong>«</strong></span> <span class='ocrx_word' id='word_1_374' title='bbox 2538 2300 2736 2355; x_wconf 91' lang='lat' dir='ltr'>lumen</span> <span class='ocrx_word' id='word_1_375' title='bbox 2763 2301 2967 2354; x_wconf 90' lang='lat' dir='ltr'>mundi</span> <span class='ocrx_word' id='word_1_376' title='bbox 2991 2306 3047 2357; x_wconf 90' lang='lat' dir='ltr'>et</span> <span class='ocrx_word' id='word_1_377' title='bbox 3070 2302 3155 2358; x_wconf 89' lang='lat' dir='ltr'>sal</span> <span class='ocrx_word' id='word_1_378' title='bbox 3174 2309 3340 2361; x_wconf 61' lang='lat' dir='ltr'>terra;</span> <span class='ocrx_word' id='word_1_379' title='bbox 3363 2312 3791 2382; x_wconf 87' lang='lat' dir='ltr'>«vocat(a).Hoc</span> 
     </span>
    </p>
   </div>
   <div class='ocr_carea' id='block_1_51' title="bbox 2143 2387 3793 2472">
    <p class='ocr_par' dir='ltr' id='par_1_51' title="bbox 2143 2387 3793 2472">
     <span class='ocr_line' id='line_1_51' title="bbox 2143 2387 3793 2472; baseline 0.009 -28"><span class='ocrx_word' id='word_1_380' title='bbox 2143 2404 2355 2460; x_wconf 87' lang='lat' dir='ltr'>nempe</span> <span class='ocrx_word' id='word_1_381' title='bbox 2381 2404 2578 2446; x_wconf 83' lang='lat' dir='ltr'>semen</span> <span class='ocrx_word' id='word_1_382' title='bbox 2610 2387 2733 2459; x_wconf 88' lang='lat' dir='ltr'>(Dei</span> <span class='ocrx_word' id='word_1_383' title='bbox 2762 2387 2987 2444; x_wconf 84' lang='lat' dir='ltr'>scilicet</span> <span class='ocrx_word' id='word_1_384' title='bbox 3014 2390 3209 2462; x_wconf 85' lang='lat' dir='ltr'>imago</span> <span class='ocrx_word' id='word_1_385' title='bbox 3238 2397 3296 2448; x_wconf 91' lang='lat' dir='ltr'>et</span> <span class='ocrx_word' id='word_1_386' title='bbox 3324 2396 3664 2472; x_wconf 90' lang='lat' dir='ltr'>similitudo,</span> <span class='ocrx_word' id='word_1_387' title='bbox 3698 2419 3793 2459; x_wconf 85' lang='lat' dir='ltr'>ve-</span> 
     </span>
    </p>
   </div>
   <div class='ocr_carea' id='block_1_52' title="bbox 2148 2476 3793 2561">
    <p class='ocr_par' dir='ltr' id='par_1_52' title="bbox 2148 2476 3793 2561">
     <span class='ocr_line' id='line_1_52' title="bbox 2148 2476 3793 2561; baseline 0.009 -28"><span class='ocrx_word' id='word_1_388' title='bbox 2148 2495 2330 2549; x_wconf 89' lang='lat' dir='ltr'>raque</span> <span class='ocrx_word' id='word_1_389' title='bbox 2360 2479 2488 2546; x_wconf 86' lang='lat' dir='ltr'>ejus</span> <span class='ocrx_word' id='word_1_390' title='bbox 2520 2476 2712 2544; x_wconf 90' lang='lat' dir='ltr'>proles</span> <span class='ocrx_word' id='word_1_391' title='bbox 2739 2483 2794 2532; x_wconf 91' lang='lat' dir='ltr'>et</span> <span class='ocrx_word' id='word_1_392' title='bbox 2826 2479 3031 2550; x_wconf 68' lang='lat' dir='ltr'>haeres)</span> <span class='ocrx_word' id='word_1_393' title='bbox 3062 2480 3295 2538; x_wconf 86' lang='lat' dir='ltr'>velutin</span> <span class='ocrx_word' id='word_1_394' title='bbox 3319 2486 3587 2544; x_wconf 84' lang='lat' dir='ltr'>exsilium</span> <span class='ocrx_word' id='word_1_395' title='bbox 3609 2492 3793 2561; x_wconf 89' lang='lat' dir='ltr'>quod-</span> 
     </span>
    </p>
   </div>
   <div class='ocr_carea' id='block_1_53' title="bbox 2146 2565 3793 2649">
    <p class='ocr_par' dir='ltr' id='par_1_53' title="bbox 2146 2565 3793 2649">
     <span class='ocr_line' id='line_1_53' title="bbox 2146 2565 3793 2649; baseline 0.01 -28"><span class='ocrx_word' id='word_1_396' title='bbox 2146 2568 2279 2621; x_wconf 90' lang='lat' dir='ltr'>dam</span> <span class='ocrx_word' id='word_1_397' title='bbox 2314 2582 2380 2621; x_wconf 87' lang='lat' dir='ltr'>ac</span> <span class='ocrx_word' id='word_1_398' title='bbox 2407 2565 2944 2637; x_wconf 83' lang='lat' dir='ltr'>peregrinationem</span> <span class='ocrx_word' id='word_1_399' title='bbox 2974 2584 3188 2641; x_wconf 89' lang='lat' dir='ltr'>magno</span> <span class='ocrx_word' id='word_1_400' title='bbox 3208 2571 3396 2631; x_wconf 86' lang='lat' dir='ltr'>Patris</span> <span class='ocrx_word' id='word_1_401' title='bbox 3415 2581 3793 2649; x_wconf 85' lang='lat' dir='ltr'>propensiore</span> 
     </span>
    </p>
   </div>
   <div class='ocr_carea' id='block_1_54' title="bbox 2146 2654 3797 2726">
    <p class='ocr_par' dir='ltr' id='par_1_54' title="bbox 2146 2654 3797 2726">
     <span class='ocr_line' id='line_1_54' title="bbox 2146 2654 3797 2726; baseline 0.009 -16"><span class='ocrx_word' id='word_1_402' title='bbox 2146 2654 2392 2711; x_wconf 89' lang='lat' dir='ltr'>consilio</span> <span class='ocrx_word' id='word_1_403' title='bbox 2426 2671 2802 2726; x_wconf 88' lang='lat' dir='ltr'>congruaque</span> <span class='ocrx_word' id='word_1_404' title='bbox 2831 2656 2917 2711; x_wconf 92' lang='lat' dir='ltr'>eis</span> <span class='ocrx_word' id='word_1_405' title='bbox 2951 2658 3175 2714; x_wconf 88' lang='lat' dir='ltr'>ratione</span> <span class='ocrx_word' id='word_1_406' title='bbox 3203 2678 3271 2717; x_wconf 90' lang='lat' dir='ltr'>ac</span> <span class='ocrx_word' id='word_1_407' title='bbox 3301 2670 3459 2721; x_wconf 87' lang='lat' dir='ltr'>sorte</span> <span class='ocrx_word' id='word_1_408' title='bbox 3508 2666 3623 2723; x_wconf 91' lang='lat' dir='ltr'>huc</span> <span class='ocrx_word' id='word_1_409' title='bbox 3658 2671 3797 2725; x_wconf 84' lang='lat' dir='ltr'>mit-</span> 
     </span>
    </p>
   </div>
   <div class='ocr_carea' id='block_1_55' title="bbox 2146 2744 3795 2828">
    <p class='ocr_par' dir='ltr' id='par_1_55' title="bbox 2146 2744 3795 2828">
     <span class='ocr_line' id='line_1_55' title="bbox 2146 2744 3795 2828; baseline 0.01 -29"><span class='ocrx_word' id='word_1_410' title='bbox 2146 2744 2315 2811; x_wconf 88' lang='lat' dir='ltr'>titur;</span> <span class='ocrx_word' id='word_1_411' title='bbox 2348 2759 2464 2816; x_wconf 92' lang='lat' dir='ltr'>quo</span> <span class='ocrx_word' id='word_1_412' title='bbox 2490 2748 2727 2800; x_wconf 90' lang='lat' dir='ltr'>auctore</span> <span class='ocrx_word' id='word_1_413' title='bbox 2758 2745 2963 2801; x_wconf 76' lang='lat' dir='ltr'>mundi</span> <span class='ocrx_word' id='word_1_414' title='bbox 2996 2762 3111 2813; x_wconf 80' lang='lat' dir='ltr'>res,</span> <span class='ocrx_word' id='word_1_415' title='bbox 3143 2752 3267 2805; x_wconf 89' lang='lat' dir='ltr'>tum</span> <span class='ocrx_word' id='word_1_416' title='bbox 3285 2752 3472 2809; x_wconf 90' lang='lat' dir='ltr'>oculis</span> <span class='ocrx_word' id='word_1_417' title='bbox 3494 2758 3795 2828; x_wconf 67' lang='lat' dir='ltr'>expositas,</span> 
     </span>
    </p>
   </div>
   <div class='ocr_carea' id='block_1_56' title="bbox 387 2832 2034 2915">
    <p class='ocr_par' dir='ltr' id='par_1_56' title="bbox 387 2832 2034 2915">
     <span class='ocr_line' id='line_1_56' title="bbox 387 2832 2034 2915; baseline -0.005 -21"><span class='ocrx_word' id='word_1_418' title='bbox 387 2841 594 2915; x_wconf 80' lang='grc' dir='ltr'>μέχρις</span> <span class='ocrx_word' id='word_1_419' title='bbox 625 2838 685 2893; x_wconf 75' lang='grc' dir='ltr'>ἂν</span> <span class='ocrx_word' id='word_1_420' title='bbox 717 2836 945 2900; x_wconf 72' lang='grc' dir='ltr'>ἐνταῦθα</span> <span class='ocrx_word' id='word_1_421' title='bbox 999 2836 1064 2890; x_wconf 86' lang='grc' dir='ltr'>τὸ</span> <span class='ocrx_word' id='word_1_422' title='bbox 1118 2832 1335 2909; x_wconf 81' lang='grc' dir='ltr'>σπέρμα</span> <span class='ocrx_word' id='word_1_423' title='bbox 1378 2834 1531 2907; x_wconf 78' lang='grc' dir='ltr'>μένῃ,</span> <span class='ocrx_word' id='word_1_424' title='bbox 1589 2833 1892 2907; x_wconf 77' lang='grc' dir='ltr'>συνέχεταιο</span> <span class='ocrx_word' id='word_1_425' title='bbox 1946 2832 2034 2887; x_wconf 76' lang='grc' dir='ltr'>καὶ</span> 
     </span>
    </p>
   </div>
   <div class='ocr_carea' id='block_1_57' title="bbox 2151 2832 3795 2915">
    <p class='ocr_par' dir='ltr' id='par_1_57' title="bbox 2151 2832 3795 2909">
     <span class='ocr_line' id='line_1_57' title="bbox 2151 2832 3795 2909; baseline 0.01 -21"><span class='ocrx_word' id='word_1_426' title='bbox 2151 2837 2274 2889; x_wconf 86' lang='lat' dir='ltr'>tum</span> <span class='ocrx_word' id='word_1_427' title='bbox 2308 2832 2547 2889; x_wconf 62' lang='lat' dir='ltr'>occulta;</span> <span class='ocrx_word' id='word_1_428' title='bbox 2577 2834 2824 2888; x_wconf 61' lang='lat' dir='ltr'>conditas</span> <span class='ocrx_word' id='word_1_429' title='bbox 2855 2844 3013 2890; x_wconf 85' lang='lat' dir='ltr'>sunt:</span> <span class='ocrx_word' id='word_1_430' title='bbox 3046 2836 3172 2892; x_wconf 68' lang='lat' dir='ltr'>aliis</span> <span class='ocrx_word' id='word_1_431' title='bbox 3205 2840 3438 2909; x_wconf 91' lang='lat' dir='ltr'>quidem</span> <span class='ocrx_word' id='word_1_432' title='bbox 3472 2859 3670 2902; x_wconf 90' lang='lat' dir='ltr'>eorum</span> <span class='ocrx_word' id='word_1_433' title='bbox 3691 2850 3795 2905; x_wconf 88' lang='lat' dir='ltr'>ob-</span> 
     </span>
    </p>
   </div>
   <div class='ocr_carea' id='block_1_58' title="bbox 392 2919 2034 3007">
    <p class='ocr_par' dir='ltr' id='par_1_58' title="bbox 392 2919 1785 3002">
     <span class='ocr_line' id='line_1_58' title="bbox 392 2919 1785 3002; baseline -0.004 -19"><span class='ocrx_word' id='word_1_434' title='bbox 392 2928 752 3002; x_wconf 70' lang='grc' dir='ltr'>συναχθέντος</span> <span class='ocrx_word' id='word_1_435' title='bbox 782 2925 972 2995; x_wconf 80' lang='grc' dir='ltr'>αύτοῦ,</span> <span class='ocrx_word' id='word_1_436' title='bbox 1009 2927 1177 2978; x_wconf 79' lang='grc' dir='ltr'>ταῦτα</span> <span class='ocrx_word' id='word_1_437' title='bbox 1204 2922 1440 2998; x_wconf 85' lang='grc' dir='ltr'>τάχιστα</span> <span class='ocrx_word' id='word_1_438' title='bbox 1469 2919 1785 2991; x_wconf 79' lang='grc' dir='ltr'>λυθήσεται.</span> 
     </span>
    </p>
   </div>
   <div class='ocr_carea' id='block_1_59' title="bbox 2151 2919 3794 3007">
    <p class='ocr_par' dir='ltr' id='par_1_59' title="bbox 2151 2919 3794 3007">
     <span class='ocr_line' id='line_1_59' title="bbox 2151 2919 3794 3007; baseline 0.012 -34"><span class='ocrx_word' id='word_1_439' title='bbox 2151 2919 2371 2992; x_wconf 87' lang='lat' dir='ltr'>sequiis</span> <span class='ocrx_word' id='word_1_440' title='bbox 2402 2921 2631 2989; x_wconf 69' lang='lat' dir='ltr'>deditae,</span> <span class='ocrx_word' id='word_1_441' title='bbox 2664 2919 2790 2977; x_wconf 70' lang='lat' dir='ltr'>aliis</span> <span class='ocrx_word' id='word_1_442' title='bbox 2816 2937 2948 2978; x_wconf 86' lang='lat' dir='ltr'>vero</span> <span class='ocrx_word' id='word_1_443' title='bbox 2977 2922 3241 2994; x_wconf 88' lang='lat' dir='ltr'>ipsorum</span> <span class='ocrx_word' id='word_1_444' title='bbox 3272 2933 3574 2988; x_wconf 80' lang='lat' dir='ltr'>exercendi</span> <span class='ocrx_word' id='word_1_445' title='bbox 3603 2938 3794 3007; x_wconf 89' lang='lat' dir='ltr'>gratia</span> 
     </span>
    </p>
   </div>
   <div class='ocr_carea' id='block_1_60' title="bbox 389 3010 3768 3089">
    <p class='ocr_par' dir='ltr' id='par_1_60' title="bbox 389 3010 3768 3089">
     <span class='ocr_line' id='line_1_60' title="bbox 389 3010 3768 3089; baseline 0.002 -14"><span class='ocrx_word' id='word_1_446' title='bbox 389 3018 629 3075; x_wconf 81' lang='lat' dir='ltr'>excolen</span> <span class='ocrx_word' id='word_1_447' title='bbox 647 3018 840 3089; x_wconf 71' lang='lat' dir='ltr'>itaque</span> <span class='ocrx_word' id='word_1_448' title='bbox 863 3013 1098 3071; x_wconf 87' lang='lat' dir='ltr'>virtutis</span> <span class='ocrx_word' id='word_1_449' title='bbox 1128 3018 1301 3083; x_wconf 86' lang='lat' dir='ltr'>atque</span> <span class='ocrx_word' id='word_1_450' title='bbox 1355 3012 1483 3067; x_wconf 65' lang='lat' dir='ltr'>alia:</span> <span class='ocrx_word' id='word_1_451' title='bbox 1515 3012 1791 3067; x_wconf 66' lang='lat' dir='ltr'>doctrinae</span> <span class='ocrx_word' id='word_1_452' title='bbox 1818 3027 1996 3067; x_wconf 88' lang='lat' dir='ltr'>causa</span> <span class='ocrx_word' id='word_1_453' title='bbox 2025 3010 2379 3066; x_wconf 74' lang='lat' dir='ltr'>constitutas:</span> <span class='ocrx_word' id='word_1_454' title='bbox 2440 3014 2768 3081; x_wconf 91' lang='lat' dir='ltr'>cunctaque</span> <span class='ocrx_word' id='word_1_455' title='bbox 2826 3012 3201 3071; x_wconf 87' lang='lat' dir='ltr'>continentur</span> <span class='ocrx_word' id='word_1_456' title='bbox 3230 3033 3294 3074; x_wconf 90' lang='lat' dir='ltr'>ac</span> <span class='ocrx_word' id='word_1_457' title='bbox 3346 3030 3768 3083; x_wconf 87' lang='lat' dir='ltr'>conservantur</span> 
     </span>
    </p>
   </div>
   <div class='ocr_carea' id='block_1_61' title="bbox 393 3070 3789 3182">
    <p class='ocr_par' dir='ltr' id='par_1_61' title="bbox 393 3070 3789 3182">
     <span class='ocr_line' id='line_1_61' title="bbox 393 3070 3789 3182; baseline -0.008 -16"><span class='ocrx_word' id='word_1_458' title='bbox 393 3070 814 3182; x_wconf 50' lang='grc' dir='ltr'>ἷιῖωὲέἁᾞὲὲηῖιη</span> <span class='ocrx_word' id='word_1_459' title='bbox 846 3102 1079 3160; x_wconf 88' lang='lat' dir='ltr'>mortali</span> <span class='ocrx_word' id='word_1_460' title='bbox 1111 3070 1221 3159; x_wconf 74' lang='lat' dir='ltr'>hoc</span> <span class='ocrx_word' id='word_1_461' title='bbox 1240 3106 1400 3158; x_wconf 87' lang='lat' dir='ltr'>statu</span> <span class='ocrx_word' id='word_1_462' title='bbox 1442 3101 1746 3157; x_wconf 89' lang='lat' dir='ltr'>manserit:</span> <span class='ocrx_word' id='word_1_463' title='bbox 1783 3116 1899 3171; x_wconf 86' lang='lat' dir='ltr'>quo</span> <span class='ocrx_word' id='word_1_464' title='bbox 1930 3099 2172 3156; x_wconf 90' lang='lat' dir='ltr'>collecto</span> <span class='ocrx_word' id='word_1_465' title='bbox 2201 3098 2504 3155; x_wconf 88' lang='lat' dir='ltr'>celerrime</span> <span class='ocrx_word' id='word_1_466' title='bbox 2530 3070 2908 3155; x_wconf 75' lang='lat' dir='ltr'>dissolvenda</span> <span class='ocrx_word' id='word_1_467' title='bbox 2938 3107 3097 3159; x_wconf 89' lang='lat' dir='ltr'>sunt.</span> <span class='ocrx_word' id='word_1_468' title='bbox 3350 3070 3543 3078; x_wconf 40' lang='lat' dir='ltr'>&quot;ﬁ&quot;</span> <span class='ocrx_word' id='word_1_469' title='bbox 3567 3070 3755 3083; x_wconf 46' lang='lat' dir='ltr'>&quot;mu&quot;</span> <span class='ocrx_word' id='word_1_470' title='bbox 3775 3070 3789 3098; x_wconf 89' lang='grc'><strong><em>’</em></strong></span> 
     </span>
    </p>
   </div>
   <div class='ocr_carea' id='block_1_62' title="bbox 467 3187 2034 3269">
    <p class='ocr_par' dir='ltr' id='par_1_62' title="bbox 467 3188 2034 3269">
     <span class='ocr_line' id='line_1_62' title="bbox 467 3188 2034 3269; baseline -0.005 -20"><span class='ocrx_word' id='word_1_471' title='bbox 467 3197 588 3252; x_wconf 84' lang='lat' dir='ltr'>AZ&#39;.</span> <span class='ocrx_word' id='word_1_472' title='bbox 620 3195 680 3249; x_wconf 78' lang='grc' dir='ltr'>Τί</span> <span class='ocrx_word' id='word_1_473' title='bbox 711 3194 818 3269; x_wconf 85' lang='grc' dir='ltr'>γὰρ</span> <span class='ocrx_word' id='word_1_474' title='bbox 848 3194 927 3247; x_wconf 61' lang='lat' dir='ltr'>in</span> <span class='ocrx_word' id='word_1_475' title='bbox 962 3188 1041 3246; x_wconf 88' lang='grc' dir='ltr'>δεὶ</span> <span class='ocrx_word' id='word_1_476' title='bbox 1068 3195 1186 3261; x_wconf 80' lang='grc' dir='ltr'>Θεῷ</span> <span class='ocrx_word' id='word_1_477' title='bbox 1214 3190 1281 3244; x_wconf 78' lang='grc' dir='ltr'>τὰ</span> <span class='ocrx_word' id='word_1_478' title='bbox 1304 3195 1405 3257; x_wconf 87' lang='grc' dir='ltr'>τῆς</span> <span class='ocrx_word' id='word_1_479' title='bbox 1436 3189 1663 3263; x_wconf 78' lang='grc' dir='ltr'>ἀγάπης</span> <span class='ocrx_word' id='word_1_480' title='bbox 1721 3189 1995 3263; x_wconf 81' lang='grc' dir='ltr'>μυστήρια</span> <span class='ocrx_word' id='word_1_481' title='bbox 2028 3213 2034 3255; x_wconf 70' lang='grc' dir='ltr'>ς</span> 
     </span>
    </p>
   </div>
   <div class='ocr_carea' id='block_1_63' title="bbox 2151 3187 3796 3269">
    <p class='ocr_par' dir='ltr' id='par_1_63' title="bbox 2225 3187 3796 3265">
     <span class='ocr_line' id='line_1_63' title="bbox 2225 3187 3796 3265; baseline 0.015 -25"><span class='ocrx_word' id='word_1_482' title='bbox 2225 3195 2289 3258; x_wconf 64' lang='grc' dir='ltr'>»ιι</span> <span class='ocrx_word' id='word_1_483' title='bbox 2318 3187 2594 3244; x_wconf 83' lang='lat' dir='ltr'><strong>XXXVII.</strong></span> <span class='ocrx_word' id='word_1_484' title='bbox 2628 3188 2773 3251; x_wconf 89' lang='lat' dir='ltr'>Quid</span> <span class='ocrx_word' id='word_1_485' title='bbox 2805 3190 2964 3245; x_wconf 86' lang='lat' dir='ltr'>enim</span> <span class='ocrx_word' id='word_1_486' title='bbox 2996 3196 3112 3247; x_wconf 91' lang='lat' dir='ltr'>Deo</span> <span class='ocrx_word' id='word_1_487' title='bbox 3171 3194 3426 3265; x_wconf 88' lang='lat' dir='ltr'>amplius</span> <span class='ocrx_word' id='word_1_488' title='bbox 3459 3207 3796 3262; x_wconf 87' lang='lat' dir='ltr'>necessaria</span> 
     </span>
    </p>
   </div>
   <div class='ocr_carea' id='block_1_64' title="bbox 392 3275 2034 3350">
    <p class='ocr_par' dir='ltr' id='par_1_64' title="bbox 392 3276 2034 3349">
     <span class='ocr_line' id='line_1_64' title="bbox 392 3276 2034 3349; baseline -0.007 -8"><span class='ocrx_word' id='word_1_489' title='bbox 392 3285 499 3341; x_wconf 80' lang='grc' dir='ltr'>Καὶ</span> <span class='ocrx_word' id='word_1_490' title='bbox 543 3283 670 3340; x_wconf 84' lang='grc' dir='ltr'>τότε</span> <span class='ocrx_word' id='word_1_491' title='bbox 719 3280 1070 3344; x_wconf 79' lang='grc' dir='ltr'>έποπτεύσεις</span> <span class='ocrx_word' id='word_1_492' title='bbox 1113 3279 1206 3333; x_wconf 88' lang='grc' dir='ltr'>τὸν</span> <span class='ocrx_word' id='word_1_493' title='bbox 1250 3276 1459 3333; x_wconf 88' lang='grc' dir='ltr'>κόλπον</span> <span class='ocrx_word' id='word_1_494' title='bbox 1507 3282 1606 3332; x_wconf 81' lang='grc' dir='ltr'>τοῦ</span> <span class='ocrx_word' id='word_1_495' title='bbox 1650 3277 1880 3349; x_wconf 86' lang='grc' dir='ltr'>Πατρὸς,</span> <span class='ocrx_word' id='word_1_496' title='bbox 1931 3277 2034 3331; x_wconf 70' lang='grc' dir='ltr'>δνί</span> 
     </span>
    </p>
   </div>
   <div class='ocr_carea' id='block_1_65' title="bbox 2151 3275 3793 3350">
    <p class='ocr_par' dir='ltr' id='par_1_65' title="bbox 2158 3275 3793 3350">
     <span class='ocr_line' id='line_1_65' title="bbox 2158 3275 3793 3350; baseline 0.011 -18"><span class='ocrx_word' id='word_1_497' title='bbox 2158 3275 2463 3332; x_wconf 90' lang='lat' dir='ltr'>charitatis</span> <span class='ocrx_word' id='word_1_498' title='bbox 2495 3276 2805 3347; x_wconf 82' lang='lat' dir='ltr'>mysteria?</span> <span class='ocrx_word' id='word_1_499' title='bbox 2842 3277 3119 3348; x_wconf 89' lang='lat' dir='ltr'>Tuncque</span> <span class='ocrx_word' id='word_1_500' title='bbox 3164 3282 3306 3338; x_wconf 89' lang='lat' dir='ltr'>adeo</span> <span class='ocrx_word' id='word_1_501' title='bbox 3355 3285 3545 3345; x_wconf 87' lang='lat' dir='ltr'>Patris</span> <span class='ocrx_word' id='word_1_502' title='bbox 3593 3293 3793 3350; x_wconf 88' lang='lat' dir='ltr'>sinum</span> 
     </span>
    </p>
   </div>
   <div class='ocr_carea' id='block_1_66' title="bbox 402 3362 2034 3448">
    <p class='ocr_par' dir='ltr' id='par_1_66' title="bbox 402 3362 2029 3448">
     <span class='ocr_line' id='line_1_66' title="bbox 402 3362 2029 3448; baseline -0.006 -21"><span class='ocrx_word' id='word_1_503' title='bbox 402 3371 707 3448; x_wconf 81' lang='grc' dir='ltr'>μονογενὴς</span> <span class='ocrx_word' id='word_1_504' title='bbox 735 3370 860 3431; x_wconf 69' lang='grc' dir='ltr'>Υἱὸς</span> <span class='ocrx_word' id='word_1_505' title='bbox 920 3369 1049 3430; x_wconf 83' lang='grc' dir='ltr'>Θεὸς</span> <span class='ocrx_word' id='word_1_506' title='bbox 1106 3367 1275 3439; x_wconf 89' lang='grc' dir='ltr'>μόνος</span> <span class='ocrx_word' id='word_1_507' title='bbox 1318 3364 1642 3439; x_wconf 72' lang='grc' dir='ltr'>ἐξηγήσατο.</span> <span class='ocrx_word' id='word_1_508' title='bbox 1672 3366 1829 3422; x_wconf 72' lang='grc' dir='ltr'>’Ἐστι</span> <span class='ocrx_word' id='word_1_509' title='bbox 1875 3362 1933 3419; x_wconf 76' lang='grc' dir='ltr'>δὲ</span> <span class='ocrx_word' id='word_1_510' title='bbox 1959 3385 2029 3419; x_wconf 90' lang='grc' dir='ltr'>κα</span> 
     </span>
    </p>
   </div>
   <div class='ocr_carea' id='block_1_67' title="bbox 2151 3362 3797 3448">
    <p class='ocr_par' dir='ltr' id='par_1_67' title="bbox 2160 3363 3797 3445">
     <span class='ocr_line' id='line_1_67' title="bbox 2160 3363 3797 3445; baseline 0.01 -25"><span class='ocrx_word' id='word_1_511' title='bbox 2160 3365 2456 3436; x_wconf 85' lang='lat' dir='ltr'>inspicies,</span> <span class='ocrx_word' id='word_1_512' title='bbox 2490 3379 2661 3435; x_wconf 90' lang='lat' dir='ltr'>quem</span> <span class='ocrx_word' id='word_1_513' title='bbox 2694 3363 2857 3420; x_wconf 82' lang='lat' dir='ltr'>solus</span> <span class='ocrx_word' id='word_1_514' title='bbox 2886 3368 3175 3423; x_wconf 90' lang='lat' dir='ltr'>enarravit</span> <span class='ocrx_word' id='word_1_515' title='bbox 3232 3372 3570 3445; x_wconf 88' lang='lat' dir='ltr'>unigenitus</span> <span class='ocrx_word' id='word_1_516' title='bbox 3613 3380 3797 3437; x_wconf 89' lang='lat' dir='ltr'>Filius</span> 
     </span>
    </p>
   </div>
   <div class='ocr_carea' id='block_1_68' title="bbox 400 3451 2034 3535">
    <p class='ocr_par' dir='ltr' id='par_1_68' title="bbox 400 3452 2027 3533">
     <span class='ocr_line' id='line_1_68' title="bbox 400 3452 2027 3533; baseline -0.005 -16"><span class='ocrx_word' id='word_1_517' title='bbox 400 3461 564 3523; x_wconf 79' lang='grc' dir='ltr'>αὐτὸς</span> <span class='ocrx_word' id='word_1_518' title='bbox 587 3461 616 3515; x_wconf 79' lang='grc' dir='ltr'>ὁ</span> <span class='ocrx_word' id='word_1_519' title='bbox 633 3460 761 3521; x_wconf 85' lang='grc' dir='ltr'>Θεὸς</span> <span class='ocrx_word' id='word_1_520' title='bbox 774 3459 986 3533; x_wconf 83' lang='grc' dir='ltr'>ἀγάπη,</span> <span class='ocrx_word' id='word_1_521' title='bbox 1008 3456 1099 3511; x_wconf 81' lang='grc' dir='ltr'>καὶ</span> <span class='ocrx_word' id='word_1_522' title='bbox 1127 3452 1195 3508; x_wconf 77' lang='grc' dir='ltr'>δι’</span> <span class='ocrx_word' id='word_1_523' title='bbox 1219 3454 1430 3529; x_wconf 80' lang='grc' dir='ltr'>ἀγάπην</span> <span class='ocrx_word' id='word_1_524' title='bbox 1459 3456 1494 3523; x_wconf 81' lang='grc' dir='ltr'><strong>ἡ</strong></span> <span class='ocrx_word' id='word_1_525' title='bbox 1522 3458 1616 3526; x_wconf 68' lang='grc' dir='ltr'>μίν</span> <span class='ocrx_word' id='word_1_526' title='bbox 1647 3452 1887 3527; x_wconf 71' lang='grc' dir='ltr'>ἐθηράθη</span> 
     </span>
    </p>
   </div>
   <div class='ocr_carea' id='block_1_69' title="bbox 2151 3451 3797 3535">
    <p class='ocr_par' dir='ltr' id='par_1_69' title="bbox 2161 3451 3797 3535">
     <span class='ocr_line' id='line_1_69' title="bbox 2161 3451 3797 3535; baseline 0.012 -28"><span class='ocrx_word' id='word_1_527' title='bbox 2161 3451 2337 3507; x_wconf 90' lang='lat' dir='ltr'>Deus.</span> <span class='ocrx_word' id='word_1_528' title='bbox 2372 3452 2472 3506; x_wconf 90' lang='lat' dir='ltr'>Est</span> <span class='ocrx_word' id='word_1_529' title='bbox 2499 3457 2696 3507; x_wconf 88' lang='lat' dir='ltr'>autem</span> <span class='ocrx_word' id='word_1_530' title='bbox 2729 3458 2785 3507; x_wconf 90' lang='lat' dir='ltr'>et</span> <span class='ocrx_word' id='word_1_531' title='bbox 2812 3453 2965 3508; x_wconf 92' lang='lat' dir='ltr'>Deus</span> <span class='ocrx_word' id='word_1_532' title='bbox 2996 3456 3121 3526; x_wconf 89' lang='lat' dir='ltr'>ipse</span> <span class='ocrx_word' id='word_1_533' title='bbox 3151 3458 3427 3530; x_wconf 85' lang='lat' dir='ltr'>charitas,</span> <span class='ocrx_word' id='word_1_534' title='bbox 3456 3480 3571 3535; x_wconf 88' lang='lat' dir='ltr'>qua</span> <span class='ocrx_word' id='word_1_535' title='bbox 3601 3473 3659 3522; x_wconf 89' lang='lat' dir='ltr'>et</span> <span class='ocrx_word' id='word_1_536' title='bbox 3697 3487 3797 3526; x_wconf 87' lang='lat' dir='ltr'>ve-</span> 
     </span>
    </p>
   </div>
   <div class='ocr_carea' id='block_1_70' title="bbox 394 3538 2034 3623">
    <p class='ocr_par' dir='ltr' id='par_1_70' title="bbox 394 3538 2033 3623">
     <span class='ocr_line' id='line_1_70' title="bbox 394 3538 2033 3623; baseline -0.004 -19"><span class='ocrx_word' id='word_1_537' title='bbox 394 3548 502 3609; x_wconf 83' lang='grc' dir='ltr'>Καὶ</span> <span class='ocrx_word' id='word_1_538' title='bbox 529 3548 592 3603; x_wconf 92' lang='grc' dir='ltr'>τό</span> <span class='ocrx_word' id='word_1_539' title='bbox 629 3549 722 3621; x_wconf 74' lang='grc' dir='ltr'>μὶν</span> <span class='ocrx_word' id='word_1_540' title='bbox 758 3543 995 3623; x_wconf 74' lang='grc' dir='ltr'>ἅρῥητον</span> <span class='ocrx_word' id='word_1_541' title='bbox 1028 3542 1217 3615; x_wconf 82' lang='grc' dir='ltr'>αύτοῦ,</span> <span class='ocrx_word' id='word_1_542' title='bbox 1254 3543 1468 3615; x_wconf 81' lang='grc' dir='ltr'>Ηατήρ·</span> <span class='ocrx_word' id='word_1_543' title='bbox 1499 3542 1563 3597; x_wconf 87' lang='grc' dir='ltr'>τὸ</span> <span class='ocrx_word' id='word_1_544' title='bbox 1591 3538 1648 3596; x_wconf 73' lang='grc' dir='ltr'>δὲ</span> <span class='ocrx_word' id='word_1_545' title='bbox 1669 3540 1744 3603; x_wconf 87' lang='grc' dir='ltr'>είς</span> <span class='ocrx_word' id='word_1_546' title='bbox 1775 3543 1913 3613; x_wconf 78' lang='grc' dir='ltr'>ἡμῖν</span> <span class='ocrx_word' id='word_1_547' title='bbox 1941 3542 2033 3609; x_wconf 77' lang='grc'>(40</span> 
     </span>
    </p>
   </div>
   <div class='ocr_carea' id='block_1_71' title="bbox 2151 3538 3799 3623">
    <p class='ocr_par' dir='ltr' id='par_1_71' title="bbox 2163 3541 3799 3621">
     <span class='ocr_line' id='line_1_71' title="bbox 2163 3541 3799 3621; baseline 0.014 -28"><span class='ocrx_word' id='word_1_548' title='bbox 2163 3545 2304 3594; x_wconf 87' lang='lat' dir='ltr'>natu</span> <span class='ocrx_word' id='word_1_549' title='bbox 2329 3555 2504 3611; x_wconf 88' lang='lat' dir='ltr'>prope</span> <span class='ocrx_word' id='word_1_550' title='bbox 2535 3557 2569 3595; x_wconf 93' lang='lat' dir='ltr'>a</span> <span class='ocrx_word' id='word_1_551' title='bbox 2600 3541 2771 3596; x_wconf 87' lang='lat' dir='ltr'>nobis</span> <span class='ocrx_word' id='word_1_552' title='bbox 2801 3545 3008 3613; x_wconf 89' lang='lat' dir='ltr'>captus</span> <span class='ocrx_word' id='word_1_553' title='bbox 3034 3550 3143 3599; x_wconf 91' lang='lat' dir='ltr'>est.</span> <span class='ocrx_word' id='word_1_554' title='bbox 3178 3547 3243 3601; x_wconf 88' lang='lat' dir='ltr'>Et</span> <span class='ocrx_word' id='word_1_555' title='bbox 3299 3550 3533 3621; x_wconf 89' lang='lat' dir='ltr'>quidem</span> <span class='ocrx_word' id='word_1_556' title='bbox 3583 3574 3799 3615; x_wconf 86' lang='lat' dir='ltr'>arcana</span> 
     </span>
    </p>
   </div>
   <div class='ocr_carea' id='block_1_72' title="bbox 396 3627 2034 3713">
    <p class='ocr_par' dir='ltr' id='par_1_72' title="bbox 396 3627 2034 3711">
     <span class='ocr_line' id='line_1_72' title="bbox 396 3627 2034 3711; baseline -0.007 -17"><span class='ocrx_word' id='word_1_557' title='bbox 396 3635 700 3711; x_wconf 70' lang='grc' dir='ltr'>συμπαθὶς,</span> <span class='ocrx_word' id='word_1_558' title='bbox 730 3636 918 3711; x_wconf 82' lang='grc' dir='ltr'>γέγονε</span> <span class='ocrx_word' id='word_1_559' title='bbox 951 3634 1159 3707; x_wconf 81' lang='grc' dir='ltr'>μήτηρ.</span> <span class='ocrx_word' id='word_1_560' title='bbox 1211 3632 1509 3706; x_wconf 83' lang='grc' dir='ltr'>Αγαπήσας</span> <span class='ocrx_word' id='word_1_561' title='bbox 1534 3632 1562 3683; x_wconf 88' lang='grc' dir='ltr'>ὁ</span> <span class='ocrx_word' id='word_1_562' title='bbox 1593 3630 1779 3703; x_wconf 79' lang='grc' dir='ltr'>Πατὴρ</span> <span class='ocrx_word' id='word_1_563' title='bbox 1827 3627 2034 3698; x_wconf 77' lang='grc' dir='ltr'>ἐθηλύν</span> 
     </span>
    </p>
   </div>
   <div class='ocr_carea' id='block_1_73' title="bbox 2151 3627 3800 3713">
    <p class='ocr_par' dir='ltr' id='par_1_73' title="bbox 2162 3628 3800 3713">
     <span class='ocr_line' id='line_1_73' title="bbox 2162 3628 3800 3713; baseline 0.014 -30"><span class='ocrx_word' id='word_1_564' title='bbox 2162 3628 2379 3685; x_wconf 86' lang='lat' dir='ltr'>deitate</span> <span class='ocrx_word' id='word_1_565' title='bbox 2408 3632 2598 3695; x_wconf 88' lang='lat' dir='ltr'>Pater;</span> <span class='ocrx_word' id='word_1_566' title='bbox 2627 3646 2738 3699; x_wconf 94' lang='lat' dir='ltr'>qua</span> <span class='ocrx_word' id='word_1_567' title='bbox 2758 3646 2893 3686; x_wconf 89' lang='lat' dir='ltr'>vero</span> <span class='ocrx_word' id='word_1_568' title='bbox 2916 3647 3023 3687; x_wconf 91' lang='lat' dir='ltr'>nos</span> <span class='ocrx_word' id='word_1_569' title='bbox 3041 3633 3437 3696; x_wconf 86' lang='lat' dir='ltr'>misericordia</span> <span class='ocrx_word' id='word_1_570' title='bbox 3458 3654 3800 3713; x_wconf 84' lang='lat' dir='ltr'>persecutus</span> 
     </span>
    </p>
   </div>
   <div class='ocr_carea' id='block_1_74' title="bbox 396 3717 2034 3800">
    <p class='ocr_par' dir='ltr' id='par_1_74' title="bbox 396 3717 2034 3797">
     <span class='ocr_line' id='line_1_74' title="bbox 396 3717 2034 3797; baseline -0.004 -15"><span class='ocrx_word' id='word_1_571' title='bbox 396 3729 491 3797; x_wconf 86' lang='grc' dir='ltr'>θη·</span> <span class='ocrx_word' id='word_1_572' title='bbox 524 3725 615 3781; x_wconf 84' lang='grc' dir='ltr'>καὶ</span> <span class='ocrx_word' id='word_1_573' title='bbox 669 3722 870 3779; x_wconf 86' lang='grc' dir='ltr'>τούτου</span> <span class='ocrx_word' id='word_1_574' title='bbox 905 3723 1046 3797; x_wconf 88' lang='grc' dir='ltr'>μέγα</span> <span class='ocrx_word' id='word_1_575' title='bbox 1074 3725 1329 3794; x_wconf 86' lang='grc' dir='ltr'>σημεῖον,</span> <span class='ocrx_word' id='word_1_576' title='bbox 1370 3719 1428 3774; x_wconf 76' lang='grc' dir='ltr'>δν</span> <span class='ocrx_word' id='word_1_577' title='bbox 1478 3718 1639 3781; x_wconf 82' lang='grc' dir='ltr'>αὐτὸς</span> <span class='ocrx_word' id='word_1_578' title='bbox 1689 3717 1970 3793; x_wconf 81' lang='grc' dir='ltr'>ἐγέννησεν</span> <span class='ocrx_word' id='word_1_579' title='bbox 2002 3717 2034 3775; x_wconf 61' lang='lat' dir='ltr'>ti</span> 
     </span>
    </p>
   </div>
   <div class='ocr_carea' id='block_1_75' title="bbox 2151 3717 3796 3800">
    <p class='ocr_par' dir='ltr' id='par_1_75' title="bbox 2164 3717 3796 3800">
     <span class='ocr_line' id='line_1_75' title="bbox 2164 3717 3796 3800; baseline 0.013 -27"><span class='ocrx_word' id='word_1_580' title='bbox 2164 3721 2274 3782; x_wconf 89' lang='lat' dir='ltr'>est,</span> <span class='ocrx_word' id='word_1_581' title='bbox 2302 3717 2530 3773; x_wconf 86' lang='lat' dir='ltr'>exstitit</span> <span class='ocrx_word' id='word_1_582' title='bbox 2562 3724 2764 3774; x_wconf 85' lang='lat' dir='ltr'>mater.</span> <span class='ocrx_word' id='word_1_583' title='bbox 2790 3718 2960 3775; x_wconf 91' lang='lat' dir='ltr'>Pater</span> <span class='ocrx_word' id='word_1_584' title='bbox 2978 3720 3295 3795; x_wconf 89' lang='lat' dir='ltr'>diligendo,</span> <span class='ocrx_word' id='word_1_585' title='bbox 3326 3733 3493 3800; x_wconf 90' lang='lat' dir='ltr'>quasi</span> <span class='ocrx_word' id='word_1_586' title='bbox 3520 3735 3796 3792; x_wconf 86' lang='lat' dir='ltr'>feminam</span> 
     </span>
    </p>
   </div>
   <div class='ocr_carea' id='block_1_76' title="bbox 399 3806 2034 3892">
    <p class='ocr_par' dir='ltr' id='par_1_76' title="bbox 399 3806 2034 3888">
     <span class='ocr_line' id='line_1_76' title="bbox 399 3806 2034 3888; baseline -0.006 -17"><span class='ocrx_word' id='word_1_587' title='bbox 399 3818 619 3872; x_wconf 65' lang='grc' dir='ltr'>εαυτοῦ·</span> <span class='ocrx_word' id='word_1_588' title='bbox 649 3812 741 3869; x_wconf 85' lang='grc' dir='ltr'>καὶ</span> <span class='ocrx_word' id='word_1_589' title='bbox 772 3814 801 3868; x_wconf 79' lang='grc' dir='ltr'><strong>ὁ</strong></span> <span class='ocrx_word' id='word_1_590' title='bbox 828 3813 1046 3888; x_wconf 84' lang='grc' dir='ltr'>τεχθεὶς</span> <span class='ocrx_word' id='word_1_591' title='bbox 1093 3809 1143 3883; x_wconf 66' lang='grc' dir='ltr'>ἐξ</span> <span class='ocrx_word' id='word_1_592' title='bbox 1192 3810 1409 3884; x_wconf 84' lang='grc' dir='ltr'>ὀγάπης</span> <span class='ocrx_word' id='word_1_593' title='bbox 1454 3808 1683 3884; x_wconf 87' lang='grc' dir='ltr'>καρπὸς,</span> <span class='ocrx_word' id='word_1_594' title='bbox 1718 3806 1925 3883; x_wconf 78' lang='grc' dir='ltr'>ἀγάπη.</span> <span class='ocrx_word' id='word_1_595' title='bbox 1959 3815 2034 3862; x_wconf 87' lang='grc' dir='ltr'>Δι‹</span> 
     </span>
    </p>
   </div>
   <div class='ocr_carea' id='block_1_77' title="bbox 2151 3806 3802 3892">
    <p class='ocr_par' dir='ltr' id='par_1_77' title="bbox 2163 3806 3802 3892">
     <span class='ocr_line' id='line_1_77' title="bbox 2163 3806 3802 3892; baseline 0.012 -31"><span class='ocrx_word' id='word_1_596' title='bbox 2163 3806 2379 3873; x_wconf 90' lang='lat' dir='ltr'>induit;</span> <span class='ocrx_word' id='word_1_597' title='bbox 2414 3807 2718 3879; x_wconf 88' lang='lat' dir='ltr'>hujusque</span> <span class='ocrx_word' id='word_1_598' title='bbox 2750 3808 2830 3863; x_wconf 91' lang='lat' dir='ltr'>rei</span> <span class='ocrx_word' id='word_1_599' title='bbox 2860 3812 3081 3879; x_wconf 88' lang='lat' dir='ltr'>grande</span> <span class='ocrx_word' id='word_1_600' title='bbox 3111 3811 3394 3872; x_wconf 90' lang='lat' dir='ltr'>indicium</span> <span class='ocrx_word' id='word_1_601' title='bbox 3418 3825 3527 3885; x_wconf 88' lang='lat' dir='ltr'>est,</span> <span class='ocrx_word' id='word_1_602' title='bbox 3548 3838 3725 3892; x_wconf 91' lang='lat' dir='ltr'>quem</span> <span class='ocrx_word' id='word_1_603' title='bbox 3751 3826 3802 3880; x_wconf 88' lang='lat' dir='ltr'>is</span> 
     </span>
    </p>
   </div>
   <div class='ocr_carea' id='block_1_78' title="bbox 398 3893 2034 3978">
    <p class='ocr_par' dir='ltr' id='par_1_78' title="bbox 398 3893 2032 3970">
     <span class='ocr_line' id='line_1_78' title="bbox 398 3893 2032 3970; baseline -0.006 -11"><span class='ocrx_word' id='word_1_604' title='bbox 398 3909 566 3960; x_wconf 78' lang='grc' dir='ltr'>τοῦτο</span> <span class='ocrx_word' id='word_1_605' title='bbox 594 3901 687 3957; x_wconf 85' lang='grc' dir='ltr'>καὶ</span> <span class='ocrx_word' id='word_1_606' title='bbox 717 3901 876 3963; x_wconf 74' lang='grc' dir='ltr'>αὐτὸς</span> <span class='ocrx_word' id='word_1_607' title='bbox 920 3897 1182 3969; x_wconf 69' lang='grc' dir='ltr'>κατῆλθε*</span> <span class='ocrx_word' id='word_1_608' title='bbox 1216 3895 1306 3953; x_wconf 77' lang='grc' dir='ltr'>διὰ</span> <span class='ocrx_word' id='word_1_609' title='bbox 1346 3900 1504 3952; x_wconf 76' lang='grc' dir='ltr'>τοῦτο</span> <span class='ocrx_word' id='word_1_610' title='bbox 1544 3897 1823 3970; x_wconf 83' lang='grc' dir='ltr'>ἄνθρωπον</span> <span class='ocrx_word' id='word_1_611' title='bbox 1876 3893 2032 3951; x_wconf 87' lang='grc' dir='ltr'>ἀνέδυ</span> 
     </span>
    </p>
   </div>
   <div class='ocr_carea' id='block_1_79' title="bbox 2151 3893 3807 3978">
    <p class='ocr_par' dir='ltr' id='par_1_79' title="bbox 2166 3896 3807 3978">
     <span class='ocr_line' id='line_1_79' title="bbox 2166 3896 3807 3978; baseline 0.01 -26"><span class='ocrx_word' id='word_1_612' title='bbox 2166 3912 2236 3952; x_wconf 85' lang='lat' dir='ltr'>ex</span> <span class='ocrx_word' id='word_1_613' title='bbox 2265 3912 2328 3952; x_wconf 90' lang='lat' dir='ltr'>se</span> <span class='ocrx_word' id='word_1_614' title='bbox 2358 3896 2557 3967; x_wconf 86' lang='lat' dir='ltr'>genuit</span> <span class='ocrx_word' id='word_1_615' title='bbox 2591 3912 2603 3952; x_wconf 93' lang='lat'>:</span> <span class='ocrx_word' id='word_1_616' title='bbox 2637 3912 2706 3952; x_wconf 90' lang='lat' dir='ltr'>ac</span> <span class='ocrx_word' id='word_1_617' title='bbox 2726 3897 2827 3967; x_wconf 91' lang='lat' dir='ltr'>qui</span> <span class='ocrx_word' id='word_1_618' title='bbox 2884 3913 2953 3953; x_wconf 88' lang='lat' dir='ltr'>ex</span> <span class='ocrx_word' id='word_1_619' title='bbox 2976 3899 3259 3958; x_wconf 85' lang='lat' dir='ltr'>charitate</span> <span class='ocrx_word' id='word_1_620' title='bbox 3317 3915 3640 3978; x_wconf 83' lang='lat' dir='ltr'>prognatus</span> <span class='ocrx_word' id='word_1_621' title='bbox 3684 3914 3807 3968; x_wconf 77' lang='lat' dir='ltr'>fru-</span> 
     </span>
    </p>
   </div>
   <div class='ocr_carea' id='block_1_80' title="bbox 404 3982 2034 4070">
    <p class='ocr_par' dir='ltr' id='par_1_80' title="bbox 404 3982 2034 4065">
     <span class='ocr_line' id='line_1_80' title="bbox 404 3982 2034 4065; baseline -0.006 -18"><span class='ocrx_word' id='word_1_622' title='bbox 404 3990 499 4047; x_wconf 79' lang='grc' dir='ltr'>διὰ</span> <span class='ocrx_word' id='word_1_623' title='bbox 537 3994 703 4047; x_wconf 78' lang='grc' dir='ltr'>τοῦτο</span> <span class='ocrx_word' id='word_1_624' title='bbox 748 3989 818 4046; x_wconf 78' lang='grc' dir='ltr'>τὰ</span> <span class='ocrx_word' id='word_1_625' title='bbox 860 3989 1164 4065; x_wconf 81' lang='grc' dir='ltr'>ἀνθρώπων</span> <span class='ocrx_word' id='word_1_626' title='bbox 1207 3985 1347 4041; x_wconf 70' lang='grc' dir='ltr'>ἑκὼν</span> <span class='ocrx_word' id='word_1_627' title='bbox 1394 3982 1608 4053; x_wconf 83' lang='grc' dir='ltr'>ἔπαθεν,</span> <span class='ocrx_word' id='word_1_628' title='bbox 1653 3982 1747 4039; x_wconf 70' lang='grc' dir='ltr'>’ίνα</span> <span class='ocrx_word' id='word_1_629' title='bbox 1787 3984 1917 4059; x_wconf 81' lang='grc' dir='ltr'>πρὶς</span> <span class='ocrx_word' id='word_1_630' title='bbox 1959 3984 2034 4053; x_wconf 67' lang='grc' dir='ltr'>’1πή⁴</span> 
     </span>
    </p>
   </div>
   <div class='ocr_carea' id='block_1_81' title="bbox 2151 3982 3811 4070">
    <p class='ocr_par' dir='ltr' id='par_1_81' title="bbox 2166 3984 3811 4070">
     <span class='ocr_line' id='line_1_81' title="bbox 2166 3984 3811 4070; baseline 0.01 -29"><span class='ocrx_word' id='word_1_631' title='bbox 2166 3990 2317 4052; x_wconf 89' lang='lat' dir='ltr'>ctus,</span> <span class='ocrx_word' id='word_1_632' title='bbox 2352 3985 2479 4056; x_wconf 90' lang='lat' dir='ltr'>ipse</span> <span class='ocrx_word' id='word_1_633' title='bbox 2542 3984 2796 4040; x_wconf 78' lang='lat' dir='ltr'>charitas</span> <span class='ocrx_word' id='word_1_634' title='bbox 2848 3990 2957 4042; x_wconf 89' lang='lat' dir='ltr'>est.</span> <span class='ocrx_word' id='word_1_635' title='bbox 3018 3988 3255 4061; x_wconf 89' lang='lat' dir='ltr'>Propter</span> <span class='ocrx_word' id='word_1_636' title='bbox 3310 3993 3418 4049; x_wconf 92' lang='lat' dir='ltr'>hoc</span> <span class='ocrx_word' id='word_1_637' title='bbox 3463 4002 3521 4052; x_wconf 91' lang='lat' dir='ltr'>et</span> <span class='ocrx_word' id='word_1_638' title='bbox 3549 3998 3676 4070; x_wconf 92' lang='lat' dir='ltr'>ipse</span> <span class='ocrx_word' id='word_1_639' title='bbox 3706 4002 3811 4056; x_wconf 84' lang='lat' dir='ltr'>de-</span> 
     </span>
    </p>
   </div>
   <div class='ocr_carea' id='block_1_82' title="bbox 402 4072 2034 4158">
    <p class='ocr_par' dir='ltr' id='par_1_82' title="bbox 402 4072 2034 4156">
     <span class='ocr_line' id='line_1_82' title="bbox 402 4072 2034 4156; baseline -0.006 -20"><span class='ocrx_word' id='word_1_640' title='bbox 402 4079 677 4156; x_wconf 74' lang='grc' dir='ltr'>ἡμετέραν</span> <span class='ocrx_word' id='word_1_641' title='bbox 737 4078 1035 4145; x_wconf 83' lang='grc' dir='ltr'>ἀσθένειαν,</span> <span class='ocrx_word' id='word_1_642' title='bbox 1085 4075 1179 4137; x_wconf 74' lang='grc' dir='ltr'>οὓς</span> <span class='ocrx_word' id='word_1_643' title='bbox 1236 4072 1493 4150; x_wconf 76' lang='grc' dir='ltr'>ἠγάπησε</span> <span class='ocrx_word' id='word_1_644' title='bbox 1545 4072 1856 4149; x_wconf 76' lang='grc' dir='ltr'>μετρηθεὶς,</span> <span class='ocrx_word' id='word_1_645' title='bbox 1912 4074 2034 4144; x_wconf 77' lang='grc' dir='ltr'>ἠμᾶ</span> 
     </span>
    </p>
   </div>
   <div class='ocr_carea' id='block_1_83' title="bbox 2151 4072 3808 4158">
    <p class='ocr_par' dir='ltr' id='par_1_83' title="bbox 2168 4074 3808 4158">
     <span class='ocr_line' id='line_1_83' title="bbox 2168 4074 3808 4158; baseline 0.01 -28"><span class='ocrx_word' id='word_1_646' title='bbox 2168 4074 2418 4136; x_wconf 83' lang='lat' dir='ltr'>scendit;</span> <span class='ocrx_word' id='word_1_647' title='bbox 2450 4078 2687 4145; x_wconf 85' lang='lat' dir='ltr'>propter</span> <span class='ocrx_word' id='word_1_648' title='bbox 2716 4074 2826 4130; x_wconf 91' lang='lat' dir='ltr'>hoc</span> <span class='ocrx_word' id='word_1_649' title='bbox 2857 4074 3149 4133; x_wconf 86' lang='lat' dir='ltr'>hominem</span> <span class='ocrx_word' id='word_1_650' title='bbox 3183 4078 3399 4147; x_wconf 85' lang='lat' dir='ltr'>induit;</span> <span class='ocrx_word' id='word_1_651' title='bbox 3430 4092 3669 4158; x_wconf 90' lang='lat' dir='ltr'>propter</span> <span class='ocrx_word' id='word_1_652' title='bbox 3701 4090 3808 4145; x_wconf 92' lang='lat' dir='ltr'>hoc</span> 
     </span>
    </p>
   </div>
   <div class='ocr_carea' id='block_1_84' title="bbox 403 4159 2058 4247">
    <p class='ocr_par' dir='ltr' id='par_1_84' title="bbox 403 4159 2058 4247">
     <span class='ocr_line' id='line_1_84' title="bbox 403 4159 2058 4247; baseline -0.005 -22"><span class='ocrx_word' id='word_1_653' title='bbox 403 4170 549 4247; x_wconf 82' lang='grc' dir='ltr'>πρὸς</span> <span class='ocrx_word' id='word_1_654' title='bbox 575 4170 679 4239; x_wconf 79' lang='grc' dir='ltr'>τὴν</span> <span class='ocrx_word' id='word_1_655' title='bbox 709 4168 899 4224; x_wconf 66' lang='grc' dir='ltr'>ἑαυτου</span> <span class='ocrx_word' id='word_1_656' title='bbox 950 4163 1177 4239; x_wconf 88' lang='grc' dir='ltr'>δύναμιν</span> <span class='ocrx_word' id='word_1_657' title='bbox 1233 4164 1623 4238; x_wconf 80' lang='grc' dir='ltr'>ἀντιμετρήσῃ.</span> <span class='ocrx_word' id='word_1_658' title='bbox 1684 4162 1787 4219; x_wconf 85' lang='grc' dir='ltr'>Καὶ</span> <span class='ocrx_word' id='word_1_659' title='bbox 1837 4159 2058 4236; x_wconf 89' lang='grc' dir='ltr'>μέλλων</span> 
     </span>
    </p>
   </div>
   <div class='ocr_carea' id='block_1_85' title="bbox 409 4249 2060 4331">
    <p class='ocr_par' dir='ltr' id='par_1_85' title="bbox 409 4249 2060 4331">
     <span class='ocr_line' id='line_1_85' title="bbox 409 4249 2060 4331; baseline -0.007 -16"><span class='ocrx_word' id='word_1_660' title='bbox 409 4255 772 4315; x_wconf 83' lang='grc' dir='ltr'>σπένοδεσθαι</span> <span class='ocrx_word' id='word_1_661' title='bbox 802 4256 894 4311; x_wconf 78' lang='grc' dir='ltr'>καὶ</span> <span class='ocrx_word' id='word_1_662' title='bbox 918 4253 1115 4331; x_wconf 90' lang='grc' dir='ltr'>λύτρον</span> <span class='ocrx_word' id='word_1_663' title='bbox 1140 4252 1326 4309; x_wconf 73' lang='grc' dir='ltr'>ἑαυτὸν</span> <span class='ocrx_word' id='word_1_664' title='bbox 1355 4249 1656 4319; x_wconf 79' lang='grc' dir='ltr'>ἐπιδιδοὺς,</span> <span class='ocrx_word' id='word_1_665' title='bbox 1686 4252 1875 4320; x_wconf 79' lang='grc' dir='ltr'>καινὴν</span> <span class='ocrx_word' id='word_1_666' title='bbox 1923 4252 2060 4324; x_wconf 76' lang='grc' dir='ltr'>ἡμῖν</span> 
     </span>
    </p>
   </div>
   <div class='ocr_carea' id='block_1_86' title="bbox 408 4337 2060 4419">
    <p class='ocr_par' dir='ltr' id='par_1_86' title="bbox 408 4337 2060 4419">
     <span class='ocr_line' id='line_1_86' title="bbox 408 4337 2060 4419; baseline -0.005 -16"><span class='ocrx_word' id='word_1_667' title='bbox 408 4348 682 4418; x_wconf 86' lang='grc' dir='ltr'>Διαθήκην</span> <span class='ocrx_word' id='word_1_668' title='bbox 724 4342 1149 4417; x_wconf 83' lang='grc' dir='ltr'>καταλιμπάνει·</span> <span class='ocrx_word' id='word_1_669' title='bbox 1203 4340 1452 4419; x_wconf 64' lang='grc' dir='ltr'>Ἀγάπην</span> <span class='ocrx_word' id='word_1_670' title='bbox 1515 4341 1640 4412; x_wconf 85' lang='grc' dir='ltr'>ὑμῖν</span> <span class='ocrx_word' id='word_1_671' title='bbox 1700 4337 1904 4413; x_wconf 88' lang='grc' dir='ltr'>δίδωμι</span> <span class='ocrx_word' id='word_1_672' title='bbox 1959 4340 2060 4408; x_wconf 77' lang='grc' dir='ltr'>τὴν</span> 
     </span>
    </p>
   </div>
   <div class='ocr_carea' id='block_1_87' title="bbox 408 4428 2034 4516">
    <p class='ocr_par' dir='ltr' id='par_1_87' title="bbox 408 4428 2034 4516">
     <span class='ocr_line' id='line_1_87' title="bbox 408 4428 2034 4516; baseline -0.005 -24"><span class='ocrx_word' id='word_1_673' title='bbox 408 4435 575 4511; x_wconf 75' lang='grc' dir='ltr'>ἐμήν.</span> <span class='ocrx_word' id='word_1_674' title='bbox 605 4433 702 4498; x_wconf 87' lang='grc' dir='ltr'>Τίς</span> <span class='ocrx_word' id='word_1_675' title='bbox 736 4432 793 4490; x_wconf 87' lang='grc' dir='ltr'>δέ</span> <span class='ocrx_word' id='word_1_676' title='bbox 821 4433 962 4488; x_wconf 67' lang='grc' dir='ltr'>ἐστιν</span> <span class='ocrx_word' id='word_1_677' title='bbox 995 4431 1159 4502; x_wconf 77' lang='grc' dir='ltr'>αὕκη,</span> <span class='ocrx_word' id='word_1_678' title='bbox 1190 4431 1279 4485; x_wconf 84' lang='grc' dir='ltr'>καὶ</span> <span class='ocrx_word' id='word_1_679' title='bbox 1312 4431 1454 4499; x_wconf 82' lang='grc' dir='ltr'>πόση</span> <span class='ocrx_word' id='word_1_680' title='bbox 1481 4448 1495 4499; x_wconf 90' lang='grc'><strong>;</strong></span> <span class='ocrx_word' id='word_1_681' title='bbox 1541 4429 1700 4502; x_wconf 74' lang='grc' dir='ltr'>Ὑπὲρ</span> <span class='ocrx_word' id='word_1_682' title='bbox 1731 4431 1892 4500; x_wconf 76' lang='grc' dir='ltr'>ἡμῶν</span> <span class='ocrx_word' id='word_1_683' title='bbox 1929 4428 2034 4516; x_wconf 80' lang='grc' dir='ltr'>έκά</span> 
     </span>
    </p>
   </div>
   <div class='ocr_carea' id='block_1_88' title="bbox 2151 4428 3815 4516">
    <p class='ocr_par' dir='ltr' id='par_1_88' title="bbox 2170 4430 3815 4516">
     <span class='ocr_line' id='line_1_88' title="bbox 2170 4430 3815 4516; baseline 0.009 -31"><span class='ocrx_word' id='word_1_684' title='bbox 2170 4430 2591 4497; x_wconf 89' lang='lat' dir='ltr'>immolandus,</span> <span class='ocrx_word' id='word_1_685' title='bbox 2610 4446 2676 4486; x_wconf 90' lang='lat' dir='ltr'>ac</span> <span class='ocrx_word' id='word_1_686' title='bbox 2689 4447 2821 4486; x_wconf 88' lang='lat' dir='ltr'>cum</span> <span class='ocrx_word' id='word_1_687' title='bbox 2838 4447 2899 4486; x_wconf 89' lang='lat' dir='ltr'>se</span> <span class='ocrx_word' id='word_1_688' title='bbox 2913 4434 3166 4502; x_wconf 89' lang='lat' dir='ltr'>pretium</span> <span class='ocrx_word' id='word_1_689' title='bbox 3186 4438 3615 4511; x_wconf 88' lang='lat' dir='ltr'>redemptionis</span> <span class='ocrx_word' id='word_1_690' title='bbox 3629 4444 3815 4516; x_wconf 88' lang='lat' dir='ltr'>daret,</span> 
     </span>
    </p>
   </div>
   <div class='ocr_carea' id='block_1_89' title="bbox 414 4515 2034 4597">
    <p class='ocr_par' dir='ltr' id='par_1_89' title="bbox 414 4515 2034 4594">
     <span class='ocr_line' id='line_1_89' title="bbox 414 4515 2034 4594; baseline -0.006 -14"><span class='ocrx_word' id='word_1_691' title='bbox 414 4544 545 4579; x_wconf 84' lang='grc' dir='ltr'>στου</span> <span class='ocrx_word' id='word_1_692' title='bbox 601 4524 809 4592; x_wconf 82' lang='grc' dir='ltr'>καθῆκε</span> <span class='ocrx_word' id='word_1_693' title='bbox 865 4522 966 4590; x_wconf 85' lang='grc' dir='ltr'>τήν</span> <span class='ocrx_word' id='word_1_694' title='bbox 1026 4520 1212 4594; x_wconf 80' lang='grc' dir='ltr'>ψυχὴν</span> <span class='ocrx_word' id='word_1_695' title='bbox 1269 4519 1368 4587; x_wconf 86' lang='grc' dir='ltr'>τὴν</span> <span class='ocrx_word' id='word_1_696' title='bbox 1422 4517 1668 4588; x_wconf 78' lang='grc' dir='ltr'>ἀνταξίαν</span> <span class='ocrx_word' id='word_1_697' title='bbox 1726 4521 1835 4572; x_wconf 80' lang='grc' dir='ltr'>τῶν</span> <span class='ocrx_word' id='word_1_698' title='bbox 1892 4515 2034 4573; x_wconf 82' lang='grc' dir='ltr'>ὅλων</span> 
     </span>
    </p>
   </div>
   <div class='ocr_carea' id='block_1_90' title="bbox 2151 4515 3816 4597">
    <p class='ocr_par' dir='ltr' id='par_1_90' title="bbox 2182 4515 3816 4597">
     <span class='ocr_line' id='line_1_90' title="bbox 2182 4515 3816 4597; baseline 0.009 -23"><span class='ocrx_word' id='word_1_699' title='bbox 2182 4534 2398 4574; x_wconf 86' lang='lat' dir='ltr'>novum</span> <span class='ocrx_word' id='word_1_700' title='bbox 2429 4518 2601 4575; x_wconf 87' lang='lat' dir='ltr'>nobis</span> <span class='ocrx_word' id='word_1_701' title='bbox 2640 4518 3082 4577; x_wconf 86' lang='lat' dir='ltr'>Testamentum</span> <span class='ocrx_word' id='word_1_702' title='bbox 3127 4524 3384 4597; x_wconf 86' lang='lat' dir='ltr'>reliquit:</span> <span class='ocrx_word' id='word_1_703' title='bbox 3438 4515 3816 4589; x_wconf 87' lang='lat' dir='ltr'>Dilectionem</span> 
     </span>
    </p>
   </div>
   <div class='ocr_carea' id='block_1_91' title="bbox 411 4577 2034 4688">
    <p class='ocr_par' dir='ltr' id='par_1_91' title="bbox 411 4577 2034 4686">
     <span class='ocr_line' id='line_1_91' title="bbox 411 4577 2034 4686; baseline -0.006 -16"><span class='ocrx_word' id='word_1_704' title='bbox 411 4577 813 4685; x_wconf 22' lang='lat' dir='ltr'>‘Vl&#39;ai&#39;rmv</span> <span class='ocrx_word' id='word_1_705' title='bbox 870 4577 1003 4686; x_wconf 68' lang='grc' dir='ltr'>ὑπὲρ</span> <span class='ocrx_word' id='word_1_706' title='bbox 1042 4577 1337 4677; x_wconf 44' lang='grc' dir='ltr'>Ιἁλί-λ’ήλων.</span> <span class='ocrx_word' id='word_1_707' title='bbox 1385 4577 1720 4663; x_wconf 69' lang='grc' dir='ltr'>ἀνταπαιτεῖ.</span> <span class='ocrx_word' id='word_1_708' title='bbox 1783 4604 1845 4661; x_wconf 83' lang='grc' dir='ltr'>Εἰ</span> <span class='ocrx_word' id='word_1_709' title='bbox 1877 4603 1935 4661; x_wconf 72' lang='grc' dir='ltr'>δὲ</span> <span class='ocrx_word' id='word_1_710' title='bbox 1970 4606 2034 4661; x_wconf 82' lang='grc' dir='ltr'>τὰ</span> 
     </span>
    </p>
   </div>
   <div class='ocr_carea' id='block_1_92' title="bbox 2151 4577 3818 4688">
    <p class='ocr_par' dir='ltr' id='par_1_92' title="bbox 2185 4577 3818 4688">
     <span class='ocr_line' id='line_1_92' title="bbox 2185 4577 3818 4688; baseline 0.009 -26"><span class='ocrx_word' id='word_1_711' title='bbox 2185 4623 2372 4662; x_wconf 90' lang='lat' dir='ltr'>meam</span> <span class='ocrx_word' id='word_1_712' title='bbox 2404 4608 2477 4662; x_wconf 91' lang='lat' dir='ltr'>do</span> <span class='ocrx_word' id='word_1_713' title='bbox 2508 4606 2689 4662; x_wconf 89' lang='lat' dir='ltr'>vobis.</span> <span class='ocrx_word' id='word_1_714' title='bbox 2727 4607 3005 4671; x_wconf 66' lang='lat' dir='ltr'>Quaenam</span> <span class='ocrx_word' id='word_1_715' title='bbox 3035 4627 3168 4668; x_wconf 88' lang='lat' dir='ltr'>vero</span> <span class='ocrx_word' id='word_1_716' title='bbox 3198 4577 3318 4669; x_wconf 64' lang='lat' dir='ltr'>haec</span> <span class='ocrx_word' id='word_1_717' title='bbox 3349 4621 3405 4671; x_wconf 92' lang='lat' dir='ltr'>et</span> <span class='ocrx_word' id='word_1_718' title='bbox 3434 4621 3685 4688; x_wconf 86' lang='lat' dir='ltr'>quanta?</span> <span class='ocrx_word' id='word_1_719' title='bbox 3712 4621 3818 4676; x_wconf 91' lang='lat' dir='ltr'>Pro</span> 
     </span>
    </p>
   </div>
   <div class='ocr_carea' id='block_1_93' title="bbox 414 4692 2034 4779">
    <p class='ocr_par' dir='ltr' id='par_1_93' title="bbox 414 4692 2034 4779">
     <span class='ocr_line' id='line_1_93' title="bbox 414 4692 2034 4779; baseline -0.006 -24"><span class='ocrx_word' id='word_1_720' title='bbox 414 4701 595 4776; x_wconf 80' lang='grc' dir='ltr'>ψυχὰς</span> <span class='ocrx_word' id='word_1_721' title='bbox 641 4697 940 4774; x_wconf 84' lang='grc' dir='ltr'>ὀφείλομεν</span> <span class='ocrx_word' id='word_1_722' title='bbox 995 4701 1114 4758; x_wconf 83' lang='grc' dir='ltr'>τοῖς</span> <span class='ocrx_word' id='word_1_723' title='bbox 1167 4694 1449 4773; x_wconf 75' lang='grc' dir='ltr'>ἀδελφοῖς,</span> <span class='ocrx_word' id='word_1_724' title='bbox 1508 4692 1597 4750; x_wconf 86' lang='grc' dir='ltr'>καί</span> <span class='ocrx_word' id='word_1_725' title='bbox 1649 4694 1910 4764; x_wconf 82' lang='grc' dir='ltr'>τοιαύτην</span> 
     </span>
    </p>
   </div>
   <div class='ocr_carea' id='block_1_94' title="bbox 2151 4692 3823 4779">
    <p class='ocr_par' dir='ltr' id='par_1_94' title="bbox 2181 4699 3823 4779">
     <span class='ocr_line' id='line_1_94' title="bbox 2181 4699 3823 4779; baseline 0.01 -30"><span class='ocrx_word' id='word_1_726' title='bbox 2181 4711 2532 4767; x_wconf 89' lang='lat' dir='ltr'>unoquoque</span> <span class='ocrx_word' id='word_1_727' title='bbox 2563 4701 2829 4752; x_wconf 88' lang='lat' dir='ltr'>nostrum</span> <span class='ocrx_word' id='word_1_728' title='bbox 2861 4699 3122 4755; x_wconf 86' lang='lat' dir='ltr'>animam</span> <span class='ocrx_word' id='word_1_729' title='bbox 3153 4705 3367 4771; x_wconf 88' lang='lat' dir='ltr'>posuit,</span> <span class='ocrx_word' id='word_1_730' title='bbox 3422 4711 3592 4778; x_wconf 77' lang='lat' dir='ltr'>cujus</span> <span class='ocrx_word' id='word_1_731' title='bbox 3633 4711 3823 4779; x_wconf 80' lang='lat' dir='ltr'>majus</span> 
     </span>
    </p>
   </div>
   <div class='ocr_carea' id='block_1_95' title="bbox 417 4778 2034 4869">
    <p class='ocr_par' dir='ltr' id='par_1_95' title="bbox 417 4778 2034 4862">
     <span class='ocr_line' id='line_1_95' title="bbox 417 4778 2034 4862; baseline -0.004 -18"><span class='ocrx_word' id='word_1_732' title='bbox 417 4790 687 4860; x_wconf 73' lang='grc' dir='ltr'>συνθήκην</span> <span class='ocrx_word' id='word_1_733' title='bbox 738 4787 877 4862; x_wconf 82' lang='grc' dir='ltr'>πρὸς</span> <span class='ocrx_word' id='word_1_734' title='bbox 910 4785 1016 4841; x_wconf 78' lang='grc' dir='ltr'>τὸν</span> <span class='ocrx_word' id='word_1_735' title='bbox 1065 4792 1298 4860; x_wconf 85' lang='grc' dir='ltr'>Σωτῆρα</span> <span class='ocrx_word' id='word_1_736' title='bbox 1356 4781 1942 4859; x_wconf 88' lang='grc' dir='ltr'>ἀνθομολογησόμεθα,</span> <span class='ocrx_word' id='word_1_737' title='bbox 1992 4778 2034 4838; x_wconf 64' lang='grc' dir='ltr'>ἔτ</span> 
     </span>
    </p>
   </div>
   <div class='ocr_carea' id='block_1_96' title="bbox 2151 4778 3822 4869">
    <p class='ocr_par' dir='ltr' id='par_1_96' title="bbox 2179 4778 3822 4869">
     <span class='ocr_line' id='line_1_96' title="bbox 2179 4778 3822 4869; baseline 0.01 -30"><span class='ocrx_word' id='word_1_738' title='bbox 2179 4783 2457 4839; x_wconf 89' lang='lat' dir='ltr'>omnibus</span> <span class='ocrx_word' id='word_1_739' title='bbox 2489 4784 2743 4855; x_wconf 89' lang='lat' dir='ltr'>pretium</span> <span class='ocrx_word' id='word_1_740' title='bbox 2774 4786 3025 4843; x_wconf 88' lang='lat' dir='ltr'>exsistit.</span> <span class='ocrx_word' id='word_1_741' title='bbox 3061 4788 3237 4859; x_wconf 89' lang='lat' dir='ltr'>Hanc,</span> <span class='ocrx_word' id='word_1_742' title='bbox 3265 4798 3329 4847; x_wconf 91' lang='lat' dir='ltr'>ut</span> <span class='ocrx_word' id='word_1_743' title='bbox 3350 4792 3498 4851; x_wconf 87' lang='lat' dir='ltr'>alter</span> <span class='ocrx_word' id='word_1_744' title='bbox 3519 4814 3622 4869; x_wconf 92' lang='lat' dir='ltr'>pro</span> <span class='ocrx_word' id='word_1_745' title='bbox 3641 4778 3822 4856; x_wconf 79' lang='lat' dir='ltr'>altero</span> 
     </span>
    </p>
   </div>
   <div class='ocr_carea' id='block_1_97' title="bbox 417 4872 2034 4959">
    <p class='ocr_par' dir='ltr' id='par_1_97' title="bbox 417 4872 2034 4959">
     <span class='ocr_line' id='line_1_97' title="bbox 417 4872 2034 4959; baseline -0.004 -25"><span class='ocrx_word' id='word_1_746' title='bbox 417 4879 485 4934; x_wconf 70' lang='lat' dir='ltr'>ti</span> <span class='ocrx_word' id='word_1_747' title='bbox 512 4883 609 4933; x_wconf 80' lang='grc' dir='ltr'>τοῦ</span> <span class='ocrx_word' id='word_1_748' title='bbox 662 4876 896 4950; x_wconf 88' lang='grc' dir='ltr'>κόσμου,</span> <span class='ocrx_word' id='word_1_749' title='bbox 943 4874 1012 4930; x_wconf 82' lang='grc' dir='ltr'>τὰ</span> <span class='ocrx_word' id='word_1_750' title='bbox 1063 4873 1264 4949; x_wconf 75' lang='grc' dir='ltr'>πτωχὰ</span> <span class='ocrx_word' id='word_1_751' title='bbox 1313 4872 1401 4928; x_wconf 82' lang='grc' dir='ltr'>καὶ</span> <span class='ocrx_word' id='word_1_752' title='bbox 1448 4872 1714 4959; x_wconf 73' lang='grc' dir='ltr'>ἀλλότρια</span> <span class='ocrx_word' id='word_1_753' title='bbox 1742 4872 1831 4928; x_wconf 84' lang='grc' dir='ltr'>καὶ</span> <span class='ocrx_word' id='word_1_754' title='bbox 1860 4873 2034 4950; x_wconf 79' lang='grc' dir='ltr'>παραῤ</span> 
     </span>
    </p>
   </div>
   <div class='ocr_carea' id='block_1_98' title="bbox 2151 4872 3825 4959">
    <p class='ocr_par' dir='ltr' id='par_1_98' title="bbox 2179 4872 3825 4959">
     <span class='ocr_line' id='line_1_98' title="bbox 2179 4872 3825 4959; baseline 0.009 -30"><span class='ocrx_word' id='word_1_755' title='bbox 2179 4888 2469 4946; x_wconf 91' lang='lat' dir='ltr'>ponanus,</span> <span class='ocrx_word' id='word_1_756' title='bbox 2505 4886 2535 4927; x_wconf 93' lang='lat' dir='ltr'>e</span> <span class='ocrx_word' id='word_1_757' title='bbox 2568 4872 2737 4929; x_wconf 90' lang='lat' dir='ltr'>nobis</span> <span class='ocrx_word' id='word_1_758' title='bbox 2769 4873 2964 4947; x_wconf 81' lang='lat' dir='ltr'>exigit.</span> <span class='ocrx_word' id='word_1_759' title='bbox 3000 4878 3159 4943; x_wconf 84' lang='lat' dir='ltr'>Quod</span> <span class='ocrx_word' id='word_1_760' title='bbox 3194 4879 3242 4935; x_wconf 89' lang='lat' dir='ltr'>si</span> <span class='ocrx_word' id='word_1_761' title='bbox 3276 4897 3378 4953; x_wconf 90' lang='lat' dir='ltr'>pro</span> <span class='ocrx_word' id='word_1_762' title='bbox 3411 4884 3694 4942; x_wconf 86' lang='lat' dir='ltr'>fratribus</span> <span class='ocrx_word' id='word_1_763' title='bbox 3718 4905 3825 4959; x_wconf 86' lang='lat' dir='ltr'>po-</span> 
     </span>
    </p>
   </div>
   <div class='ocr_carea' id='block_1_99' title="bbox 423 4958 2034 5042">
    <p class='ocr_par' dir='ltr' id='par_1_99' title="bbox 423 4958 2028 5042">
     <span class='ocr_line' id='line_1_99' title="bbox 423 4958 2028 5042; baseline -0.003 -20"><span class='ocrx_word' id='word_1_764' title='bbox 423 4966 613 5042; x_wconf 79' lang='grc' dir='ltr'>ῥέοντα</span> <span class='ocrx_word' id='word_1_765' title='bbox 638 4964 989 5039; x_wconf 80' lang='grc' dir='ltr'>καθείρξομεν</span> <span class='ocrx_word' id='word_1_766' title='bbox 1023 4961 1418 5035; x_wconf 86' lang='grc' dir='ltr'>ταμιευόμενοι</span> <span class='ocrx_word' id='word_1_767' title='bbox 1444 4977 1459 5029; x_wconf 88' lang='lat'><strong>;</strong></span> <span class='ocrx_word' id='word_1_768' title='bbox 1488 4958 1786 5031; x_wconf 82' lang='grc' dir='ltr'>Ἀλλήλων</span> <span class='ocrx_word' id='word_1_769' title='bbox 1816 4959 2028 5017; x_wconf 83' lang='grc' dir='ltr'>ἀποκλε</span> 
     </span>
    </p>
   </div>
   <div class='ocr_carea' id='block_1_100' title="bbox 2151 4958 3827 5042">
    <p class='ocr_par' dir='ltr' id='par_1_100' title="bbox 2182 4958 3827 5036">
     <span class='ocr_line' id='line_1_100' title="bbox 2182 4958 3827 5036; baseline 0.01 -19"><span class='ocrx_word' id='word_1_770' title='bbox 2182 4979 2319 5019; x_wconf 91' lang='lat' dir='ltr'>nere</span> <span class='ocrx_word' id='word_1_771' title='bbox 2347 4961 2577 5017; x_wconf 88' lang='lat' dir='ltr'>animas</span> <span class='ocrx_word' id='word_1_772' title='bbox 2601 4963 2905 5033; x_wconf 89' lang='lat' dir='ltr'>debemus,</span> <span class='ocrx_word' id='word_1_773' title='bbox 2929 4968 3106 5036; x_wconf 88' lang='lat' dir='ltr'>atque</span> <span class='ocrx_word' id='word_1_774' title='bbox 3128 4967 3237 5024; x_wconf 90' lang='lat' dir='ltr'>hoc</span> <span class='ocrx_word' id='word_1_775' title='bbox 3258 4985 3391 5026; x_wconf 89' lang='lat' dir='ltr'>cum</span> <span class='ocrx_word' id='word_1_776' title='bbox 3417 4958 3827 5033; x_wconf 85' lang='lat' dir='ltr'>Salvatorevi-</span> 
     </span>
    </p>
   </div>
   <div class='ocr_carea' id='block_1_101' title="bbox 422 5048 2034 5136">
    <p class='ocr_par' dir='ltr' id='par_1_101' title="bbox 422 5048 2034 5130">
     <span class='ocr_line' id='line_1_101' title="bbox 422 5048 2034 5130; baseline -0.006 -18"><span class='ocrx_word' id='word_1_777' title='bbox 422 5076 606 5130; x_wconf 82' lang='grc' dir='ltr'>σομεν,</span> <span class='ocrx_word' id='word_1_778' title='bbox 642 5054 676 5110; x_wconf 76' lang='grc' dir='ltr'>ἃ</span> <span class='ocrx_word' id='word_1_779' title='bbox 710 5054 844 5126; x_wconf 82' lang='grc' dir='ltr'>μετά</span> <span class='ocrx_word' id='word_1_780' title='bbox 876 5052 1069 5127; x_wconf 85' lang='grc' dir='ltr'>μικρὸν</span> <span class='ocrx_word' id='word_1_781' title='bbox 1095 5048 1200 5122; x_wconf 77' lang='grc' dir='ltr'>ἕξει</span> <span class='ocrx_word' id='word_1_782' title='bbox 1228 5051 1292 5106; x_wconf 86' lang='grc' dir='ltr'>τὸ</span> <span class='ocrx_word' id='word_1_783' title='bbox 1342 5053 1450 5125; x_wconf 80' lang='grc' dir='ltr'>πῦρ</span> <span class='ocrx_word' id='word_1_784' title='bbox 1482 5069 1497 5123; x_wconf 85' lang='grc'>;</span> <span class='ocrx_word' id='word_1_785' title='bbox 1552 5050 1718 5111; x_wconf 83' lang='grc' dir='ltr'>Θείως</span> <span class='ocrx_word' id='word_1_786' title='bbox 1746 5070 1806 5126; x_wconf 88' lang='grc' dir='ltr'>γε</span> <span class='ocrx_word' id='word_1_787' title='bbox 1834 5049 1923 5105; x_wconf 84' lang='grc' dir='ltr'>καὶ</span> <span class='ocrx_word' id='word_1_788' title='bbox 1955 5048 2034 5105; x_wconf 81' lang='grc' dir='ltr'>έπι</span> 
     </span>
    </p>
   </div>
   <div class='ocr_carea' id='block_1_102' title="bbox 2151 5048 3825 5136">
    <p class='ocr_par' dir='ltr' id='par_1_102' title="bbox 2181 5050 3825 5136">
     <span class='ocr_line' id='line_1_102' title="bbox 2181 5050 3825 5136; baseline 0.008 -28"><span class='ocrx_word' id='word_1_789' title='bbox 2181 5050 2382 5108; x_wconf 85' lang='lat' dir='ltr'>ciseim</span> <span class='ocrx_word' id='word_1_790' title='bbox 2414 5050 2566 5123; x_wconf 89' lang='lat' dir='ltr'>pacti</span> <span class='ocrx_word' id='word_1_791' title='bbox 2621 5055 3046 5110; x_wconf 87' lang='lat' dir='ltr'>testamentum</span> <span class='ocrx_word' id='word_1_792' title='bbox 3109 5072 3341 5127; x_wconf 89' lang='lat' dir='ltr'>sumus,</span> <span class='ocrx_word' id='word_1_793' title='bbox 3373 5061 3641 5119; x_wconf 90' lang='lat' dir='ltr'>adhucne</span> <span class='ocrx_word' id='word_1_794' title='bbox 3698 5080 3825 5136; x_wconf 69' lang='lat' dir='ltr'>quis</span> 
     </span>
    </p>
   </div>
   <div class='ocr_carea' id='block_1_103' title="bbox 423 5136 2034 5218">
    <p class='ocr_par' dir='ltr' id='par_1_103' title="bbox 423 5136 2034 5218">
     <span class='ocr_line' id='line_1_103' title="bbox 423 5136 2034 5218; baseline -0.004 -17"><span class='ocrx_word' id='word_1_795' title='bbox 423 5149 606 5207; x_wconf 82' lang='grc' dir='ltr'>πόνως</span> <span class='ocrx_word' id='word_1_796' title='bbox 636 5146 667 5199; x_wconf 83' lang='grc' dir='ltr'>ὁ</span> <span class='ocrx_word' id='word_1_797' title='bbox 699 5143 980 5213; x_wconf 85' lang='grc' dir='ltr'>Ἰωάννης,</span> <span class='ocrx_word' id='word_1_798' title='bbox 1014 5164 1044 5194; x_wconf 76' lang='grc' dir='ltr'>ι(</span> <span class='ocrx_word' id='word_1_799' title='bbox 1074 5142 1135 5199; x_wconf 90' lang='grc' dir='ltr'>Ὁ</span> <span class='ocrx_word' id='word_1_800' title='bbox 1161 5142 1237 5213; x_wconf 83' lang='grc' dir='ltr'>μή</span> <span class='ocrx_word' id='word_1_801' title='bbox 1270 5137 1473 5217; x_wconf 76' lang='grc' dir='ltr'>φιλῶν,</span> <span class='ocrx_word' id='word_1_802' title='bbox 1506 5140 1660 5218; x_wconf 78' lang='grc' dir='ltr'>φησὶ,</span> <span class='ocrx_word' id='word_1_803' title='bbox 1690 5140 1783 5195; x_wconf 88' lang='grc' dir='ltr'>τὸν</span> <span class='ocrx_word' id='word_1_804' title='bbox 1811 5136 2034 5216; x_wconf 60' lang='grc' dir='ltr'>ἀδελφὸη</span> 
     </span>
    </p>
   </div>
   <div class='ocr_carea' id='block_1_104' title="bbox 2151 5136 3832 5218">
    <p class='ocr_par' dir='ltr' id='par_1_104' title="bbox 2181 5140 3832 5213">
     <span class='ocr_line' id='line_1_104' title="bbox 2181 5140 3832 5213; baseline 0.007 -15"><span class='ocrx_word' id='word_1_805' title='bbox 2181 5140 2376 5198; x_wconf 74' lang='lat' dir='ltr'>saeculi</span> <span class='ocrx_word' id='word_1_806' title='bbox 2410 5144 2571 5210; x_wconf 88' lang='lat' dir='ltr'>sunt,</span> <span class='ocrx_word' id='word_1_807' title='bbox 2601 5155 2786 5213; x_wconf 89' lang='lat' dir='ltr'>egena</span> <span class='ocrx_word' id='word_1_808' title='bbox 2813 5140 2915 5197; x_wconf 91' lang='lat' dir='ltr'>illa</span> <span class='ocrx_word' id='word_1_809' title='bbox 2944 5148 3003 5198; x_wconf 90' lang='lat' dir='ltr'>et</span> <span class='ocrx_word' id='word_1_810' title='bbox 3030 5143 3225 5202; x_wconf 88' lang='lat' dir='ltr'>aliena</span> <span class='ocrx_word' id='word_1_811' title='bbox 3253 5156 3307 5203; x_wconf 83' lang='lat' dir='ltr'>et</span> <span class='ocrx_word' id='word_1_812' title='bbox 3326 5149 3628 5208; x_wconf 85' lang='lat' dir='ltr'>el‘ﬂuentia</span> <span class='ocrx_word' id='word_1_813' title='bbox 3648 5154 3832 5210; x_wconf 87' lang='lat' dir='ltr'>conti-</span> 
     </span>
    </p>
   </div>
   <div class='ocr_carea' id='block_1_105' title="bbox 1132 5226 2034 5302">
    <p class='ocr_par' dir='ltr' id='par_1_105' title="bbox 1132 5226 2034 5302">
     <span class='ocr_line' id='line_1_105' title="bbox 1132 5226 2034 5302; baseline 0 -19"><span class='ocrx_word' id='word_1_814' title='bbox 1132 5228 1347 5302; x_wconf 84' lang='grc' dir='ltr'>σπέρμα</span> <span class='ocrx_word' id='word_1_815' title='bbox 1384 5231 1482 5283; x_wconf 78' lang='grc' dir='ltr'>τοῦ</span> <span class='ocrx_word' id='word_1_816' title='bbox 1525 5226 1677 5301; x_wconf 79' lang='grc' dir='ltr'>Καΐν,</span> <span class='ocrx_word' id='word_1_817' title='bbox 1728 5227 1948 5302; x_wconf 88' lang='grc' dir='ltr'>θρέμμα</span> <span class='ocrx_word' id='word_1_818' title='bbox 1974 5249 2034 5283; x_wconf 90' lang='grc' dir='ltr'>το</span> 
     </span>
    </p>
   </div>
   <div class='ocr_carea' id='block_1_106' title="bbox 2151 5226 3833 5302">
    <p class='ocr_par' dir='ltr' id='par_1_106' title="bbox 2182 5230 3833 5300">
     <span class='ocr_line' id='line_1_106' title="bbox 2182 5230 3833 5300; baseline 0.007 -12"><span class='ocrx_word' id='word_1_819' title='bbox 2182 5230 2459 5288; x_wconf 87' lang='lat' dir='ltr'>nebimus</span> <span class='ocrx_word' id='word_1_820' title='bbox 2490 5245 2555 5284; x_wconf 88' lang='lat' dir='ltr'>ac</span> <span class='ocrx_word' id='word_1_821' title='bbox 2586 5230 3006 5287; x_wconf 83' lang='lat' dir='ltr'>recondemus?</span> <span class='ocrx_word' id='word_1_822' title='bbox 3034 5233 3198 5289; x_wconf 84' lang='lat' dir='ltr'>Alter</span> <span class='ocrx_word' id='word_1_823' title='bbox 3227 5235 3395 5293; x_wconf 90' lang='lat' dir='ltr'>alteri</span> <span class='ocrx_word' id='word_1_824' title='bbox 3417 5238 3617 5297; x_wconf 90' lang='lat' dir='ltr'>clausa</span> <span class='ocrx_word' id='word_1_825' title='bbox 3647 5241 3833 5300; x_wconf 83' lang='lat' dir='ltr'>habe-</span> 
     </span>
    </p>
   </div>
   <div class='ocr_carea' id='block_1_107' title="bbox 492 5356 1938 5436">
    <p class='ocr_par' dir='ltr' id='par_1_107' title="bbox 492 5356 1938 5436">
     <span class='ocr_line' id='line_1_107' title="bbox 492 5356 1938 5436; baseline -0.006 -14"><span class='ocrx_word' id='word_1_826' title='bbox 492 5369 556 5436; x_wconf 75' lang='grc' dir='ltr'>ιιι</span> <span class='ocrx_word' id='word_1_827' title='bbox 585 5364 644 5422; x_wconf 79' lang='lat' dir='ltr'>r.</span> <span class='ocrx_word' id='word_1_828' title='bbox 675 5362 782 5419; x_wconf 78' lang='grc'>946</span> <span class='ocrx_word' id='word_1_829' title='bbox 811 5361 926 5420; x_wconf 88' lang='lat' dir='ltr'>ED.</span> <span class='ocrx_word' id='word_1_830' title='bbox 960 5359 1266 5417; x_wconf 84' lang='lat' dir='ltr'>POTTER.</span> <span class='ocrx_word' id='word_1_831' title='bbox 1299 5357 1377 5432; x_wconf 89' lang='lat' dir='ltr'>(a)</span> <span class='ocrx_word' id='word_1_832' title='bbox 1405 5356 1611 5415; x_wconf 78' lang='lat' dir='ltr'>Matth.</span> <span class='ocrx_word' id='word_1_833' title='bbox 1635 5371 1690 5428; x_wconf 82' lang='grc' dir='ltr'>ν,</span> <span class='ocrx_word' id='word_1_834' title='bbox 1726 5357 1818 5427; x_wconf 69' lang='lat'>13,</span> <span class='ocrx_word' id='word_1_835' title='bbox 1850 5358 1938 5413; x_wconf 71' lang='grc'>14.</span> 
     </span>
    </p>
   </div>
   <div class='ocr_carea' id='block_1_108' title="bbox 378 5454 2069 5562">
    <p class='ocr_par' dir='ltr' id='par_1_108' title="bbox 378 5454 2069 5562">
     <span class='ocr_line' id='line_1_108' title="bbox 378 5454 2069 5562; baseline -0.011 -15"><span class='ocrx_word' id='word_1_836' title='bbox 378 5454 383 5459; x_wconf 31' lang='grc' dir='ltr'><strong><em>Ι</em></strong></span> <span class='ocrx_word' id='word_1_837' title='bbox 433 5561 449 5562; x_wconf 23' lang='lat'><em>7</em></span> <span class='ocrx_word' id='word_1_838' title='bbox 479 5490 638 5562; x_wconf 69' lang='grc' dir='ltr'>Δ(37¹’)</span> <span class='ocrx_word' id='word_1_839' title='bbox 668 5485 900 5562; x_wconf 51' lang='grc' dir='ltr'>Μᾶλλρν</span> <span class='ocrx_word' id='word_1_840' title='bbox 946 5487 1132 5562; x_wconf 60' lang='grc' dir='ltr'>ἧττον.</span> <span class='ocrx_word' id='word_1_841' title='bbox 1181 5479 1408 5538; x_wconf 74' lang='grc' dir='ltr'>Μᾶλλον</span> <span class='ocrx_word' id='word_1_842' title='bbox 1439 5481 1476 5554; x_wconf 72' lang='grc' dir='ltr'><strong>ᾗ</strong></span> <span class='ocrx_word' id='word_1_843' title='bbox 1503 5480 1666 5553; x_wconf 61' lang='grc' dir='ltr'>ἧττον</span> <span class='ocrx_word' id='word_1_844' title='bbox 1712 5480 1805 5551; x_wconf 87' lang='lat' dir='ltr'>ed,</span> <span class='ocrx_word' id='word_1_845' title='bbox 1864 5480 2069 5539; x_wconf 79' lang='lat' dir='ltr'>Klotzii</span> 
     </span>
    </p>
   </div>
   <div class='ocr_carea' id='block_1_109' title="bbox 429 5556 1249 5633">
    <p class='ocr_par' dir='ltr' id='par_1_109' title="bbox 429 5556 1249 5633">
     <span class='ocr_line' id='line_1_109' title="bbox 429 5556 1249 5633; baseline -0.009 -16"><span class='ocrx_word' id='word_1_846' title='bbox 429 5556 588 5633; x_wconf 83' lang='lat' dir='ltr'>Lips,</span> <span class='ocrx_word' id='word_1_847' title='bbox 620 5556 783 5633; x_wconf 68' lang='lat'>1832.</span> <span class='ocrx_word' id='word_1_848' title='bbox 816 5560 976 5633; x_wconf 76' lang='lat' dir='ltr'>Enrr.</span> <span class='ocrx_word' id='word_1_849' title='bbox 1006 5556 1249 5633; x_wconf 70' lang='grc' dir='ltr'>Ριτιιοι..</span> 
     </span>
    </p>
   </div>
   <div class='ocr_carea' id='block_1_110' title="bbox 499 5625 1412 5706">
    <p class='ocr_par' dir='ltr' id='par_1_110' title="bbox 499 5625 1412 5706">
     <span class='ocr_line' id='line_1_110' title="bbox 499 5625 1412 5706; baseline -0.009 -16"><span class='ocrx_word' id='word_1_850' title='bbox 499 5625 610 5706; x_wconf 73' lang='lat'>(38)</span> <span class='ocrx_word' id='word_1_851' title='bbox 640 5628 853 5690; x_wconf 78' lang='grc' dir='ltr'>Αὐτῶν.</span> <span class='ocrx_word' id='word_1_852' title='bbox 882 5627 1070 5701; x_wconf 79' lang='grc' dir='ltr'>Αὐτῷ,</span> <span class='ocrx_word' id='word_1_853' title='bbox 1100 5643 1213 5686; x_wconf 82' lang='lat' dir='ltr'>me.</span> <span class='ocrx_word' id='word_1_854' title='bbox 1246 5625 1412 5684; x_wconf 75' lang='lat' dir='ltr'>FsLL.</span> 
     </span>
    </p>
   </div>
   <div class='ocr_carea' id='block_1_111' title="bbox 2168 4162 3808 4236">
    <p class='ocr_par' dir='ltr' id='par_1_111' title="bbox 2168 4162 3808 4236">
     <span class='ocr_line' id='line_1_111' title="bbox 2168 4162 3808 4236; baseline 0.01 -18"><span class='ocrx_word' id='word_1_855' title='bbox 2168 4163 2369 4219; x_wconf 88' lang='lat' dir='ltr'>volens</span> <span class='ocrx_word' id='word_1_856' title='bbox 2397 4162 2661 4219; x_wconf 87' lang='lat' dir='ltr'>humana</span> <span class='ocrx_word' id='word_1_857' title='bbox 2689 4181 2900 4235; x_wconf 90' lang='lat' dir='ltr'>passus</span> <span class='ocrx_word' id='word_1_858' title='bbox 2930 4171 3040 4236; x_wconf 87' lang='lat' dir='ltr'>est,</span> <span class='ocrx_word' id='word_1_859' title='bbox 3074 4173 3140 4223; x_wconf 87' lang='lat' dir='ltr'>ut</span> <span class='ocrx_word' id='word_1_860' title='bbox 3168 4169 3545 4230; x_wconf 85' lang='lat' dir='ltr'>imbecillitati</span> <span class='ocrx_word' id='word_1_861' title='bbox 3593 4182 3808 4234; x_wconf 69' lang='lat' dir='ltr'>nostris</span> 
     </span>
    </p>
   </div>
   <div class='ocr_carea' id='block_1_112' title="bbox 2170 4252 3814 4323">
    <p class='ocr_par' dir='ltr' id='par_1_112' title="bbox 2170 4252 3814 4323">
     <span class='ocr_line' id='line_1_112' title="bbox 2170 4252 3814 4323; baseline 0.009 -14"><span class='ocrx_word' id='word_1_862' title='bbox 2170 4269 2299 4309; x_wconf 85' lang='lat' dir='ltr'>sese</span> <span class='ocrx_word' id='word_1_863' title='bbox 2327 4252 2730 4320; x_wconf 86' lang='lat' dir='ltr'>commetiene,</span> <span class='ocrx_word' id='word_1_864' title='bbox 2755 4270 2888 4309; x_wconf 92' lang='lat' dir='ltr'>cum</span> <span class='ocrx_word' id='word_1_865' title='bbox 2914 4255 3233 4323; x_wconf 84' lang='lat' dir='ltr'>dilexisset,</span> <span class='ocrx_word' id='word_1_866' title='bbox 3257 4276 3374 4316; x_wconf 67' lang='lat' dir='ltr'>sua:</span> <span class='ocrx_word' id='word_1_867' title='bbox 3398 4264 3567 4320; x_wconf 91' lang='lat' dir='ltr'>nobis</span> <span class='ocrx_word' id='word_1_868' title='bbox 3580 4266 3814 4323; x_wconf 88' lang='lat' dir='ltr'>virtutis</span> 
     </span>
    </p>
   </div>
   <div class='ocr_carea' id='block_1_113' title="bbox 2171 4342 3816 4427">
    <p class='ocr_par' dir='ltr' id='par_1_113' title="bbox 2171 4342 3816 4427">
     <span class='ocr_line' id='line_1_113' title="bbox 2171 4342 3816 4427; baseline 0.009 -30"><span class='ocrx_word' id='word_1_869' title='bbox 2171 4358 2509 4398; x_wconf 83' lang='lat' dir='ltr'>mensuram</span> <span class='ocrx_word' id='word_1_870' title='bbox 2535 4342 2895 4413; x_wconf 87' lang='lat' dir='ltr'>modumque</span> <span class='ocrx_word' id='word_1_871' title='bbox 2921 4344 3175 4401; x_wconf 86' lang='lat' dir='ltr'>vicissim</span> <span class='ocrx_word' id='word_1_872' title='bbox 3200 4353 3816 4427; x_wconf 89' lang='lat' dir='ltr'>rependeret.Jamque</span> 
     </span>
    </p>
   </div>
   <div class='ocr_carea' id='block_1_114' title="bbox 424 5229 1097 5312">
    <p class='ocr_par' dir='ltr' id='par_1_114' title="bbox 424 5229 1097 5312">
     <span class='ocr_line' id='line_1_114' title="bbox 424 5229 1097 5312; baseline -0.015 -21"><span class='ocrx_word' id='word_1_873' title='bbox 424 5232 871 5312; x_wconf 90' lang='grc' dir='ltr'>ἀοθρωποκτόνος</span> <span class='ocrx_word' id='word_1_874' title='bbox 902 5229 1033 5286; x_wconf 79' lang='grc' dir='ltr'>έστί.</span> <span class='ocrx_word' id='word_1_875' title='bbox 1070 5252 1097 5281; x_wconf 80' lang='grc'>››</span> 
     </span>
    </p>
   </div>
   <div class='ocr_carea' id='block_1_115' title="bbox 2245 5478 3831 5625">
    <p class='ocr_par' dir='ltr' id='par_1_115' title="bbox 2245 5478 3831 5625">
     <span class='ocr_line' id='line_1_115' title="bbox 2245 5478 3831 5625; baseline 0.011 -90"><span class='ocrx_word' id='word_1_876' title='bbox 2245 5481 2360 5625; x_wconf 50' lang='grc' dir='ltr'>ἕ39ζ</span> <span class='ocrx_word' id='word_1_877' title='bbox 2389 5478 2685 5623; x_wconf 56' lang='grc' dir='ltr'>Ἐθηράθη.</span> <span class='ocrx_word' id='word_1_878' title='bbox 2738 5480 3075 5563; x_wconf 87' lang='lat' dir='ltr'>Legendum</span> <span class='ocrx_word' id='word_1_879' title='bbox 3126 5485 3357 5571; x_wconf 56' lang='lat' dir='ltr'>videtur</span> <span class='ocrx_word' id='word_1_880' title='bbox 3403 5487 3701 5566; x_wconf 80' lang='grc' dir='ltr'>έθηλύνθηο</span> <span class='ocrx_word' id='word_1_881' title='bbox 3749 5494 3831 5554; x_wconf 80' lang='lat' dir='ltr'>In.</span> 
     </span>
     <span class='ocr_line' id='line_1_116' title="bbox 2270 5551 3225 5625; baseline 0.004 -18"><span class='ocrx_word' id='word_1_882' title='bbox 2270 5553 2338 5607; x_wconf 84' lang='grc'>40</span> <span class='ocrx_word' id='word_1_883' title='bbox 2394 5551 2491 5617; x_wconf 78' lang='grc' dir='ltr'>Εἰς</span> <span class='ocrx_word' id='word_1_884' title='bbox 2564 5572 2677 5625; x_wconf 90' lang='grc' dir='ltr'>μιν.</span> <span class='ocrx_word' id='word_1_885' title='bbox 2710 5552 2912 5610; x_wconf 77' lang='lat' dir='ltr'>Scribe</span> <span class='ocrx_word' id='word_1_886' title='bbox 2943 5552 3019 5617; x_wconf 82' lang='grc' dir='ltr'>είς</span> <span class='ocrx_word' id='word_1_887' title='bbox 3051 5556 3225 5625; x_wconf 72' lang='grc' dir='ltr'>ἡμας,</span> 
     </span>
    </p>
   </div>
   <div class='ocr_carea' id='block_1_116' title="bbox 2270 5499 3225 5632">
    <p class='ocr_par' dir='ltr' id='par_1_116' title="bbox 2270 5499 3225 5632">
     <span class='ocr_line' id='line_1_117' title="bbox 2270 5499 3219 5625; baseline 0.004 -90"><span class='ocrx_word' id='word_1_888' title='bbox 2270 5499 2685 5625; x_wconf 43' lang='lat' dir='ltr'>cygno-qiuari.</span> <span class='ocrx_word' id='word_1_889' title='bbox 2740 5499 3075 5563; x_wconf 68' lang='lat' dir='ltr'>negandum</span> <span class='ocrx_word' id='word_1_890' title='bbox 3126 5499 3219 5540; x_wconf 84' lang='lat' dir='ltr'>Vld</span> 
     </span>
     <span class='ocr_line' id='line_1_118' title="bbox 2270 5551 3225 5632; baseline 0.004 -25"><span class='ocrx_word' id='word_1_891' title='bbox 2270 5553 2338 5607; x_wconf 84' lang='grc'>40</span> <span class='ocrx_word' id='word_1_892' title='bbox 2394 5551 2491 5617; x_wconf 78' lang='grc' dir='ltr'>Εἰς</span> <span class='ocrx_word' id='word_1_893' title='bbox 2564 5572 2677 5626; x_wconf 91' lang='grc' dir='ltr'>μιν.</span> <span class='ocrx_word' id='word_1_894' title='bbox 2710 5552 2912 5610; x_wconf 77' lang='lat' dir='ltr'>Scribe</span> <span class='ocrx_word' id='word_1_895' title='bbox 2943 5552 3019 5617; x_wconf 82' lang='grc' dir='ltr'>είς</span> <span class='ocrx_word' id='word_1_896' title='bbox 3051 5556 3225 5632; x_wconf 71' lang='grc' dir='ltr'>ἡμᾶς,</span> 
     </span>
    </p>
   </div>
  </div>
