4078 6146
353 283 473 348 ’643
1574 288 1578 290 ’
1597 283 1963 346 CLEMENTI

2161 281 2554 340 IXANDRINI:
2569 327 2571 330 ‹
2589 291 2602 324 ‘-
3657 279 3771 358 ρει

371 419 590 488 bimus,
615 434 744 490 quis
773 416 934 472 brevi
965 420 1096 488 post
1121 417 1489 472 absumenda
1536 413 1691 486 ignis
1720 409 1981 467 habebit‘

2160 400 2405 460 ιαϐόλου.
2459 400 2969 490 βεοῦίσπλάγχνον
3027 403 3119 457 ιύκ
3165 399 3302 480 ἔχει.
3349 401 3769 478 ἰλπίδαηιριιτ-

375 487 911 577 Divineseduloque
931 487 1205 562 Jeannes:
1229 528 1257 554 «
1276 504 1383 568 Qui
1408 520 1524 559 non
1541 500 1978 572 diligitfratrem

2155 495 2289 549 όνων
2324 493 2423 548 οὐκ
2451 487 2589 567 ἔχει.
2621 487 2861 565 ἄσπορός
2904 489 3068 546 ἐστιν·
3103 490 3300 554 ἄλονός
3334 491 3499 547 ἐστιν·
3529 491 3627 546 οὐκ
3659 490 3765 549 ἔστι

366 594 1118 668 inquit,homicidaest(a):»
1133 610 1330 650 semen
1345 590 1792 657 Cain,alumnus
1806 585 1975 642 diabo

2149 580 2310 654 ,λῆμα
2357 587 2457 650 τῆς
2503 581 2585 635 ἀεὶ
2654 581 2832 650 ζώσης
2902 581 3292 656 ὑπερουρανίας
3341 579 3615 653 ἀμπέλουο
3675 581 3759 638 έκ-

365 684 427 753 li;
451 666 556 739 Dei
576 684 797 739 viscera
819 699 932 738 non
955 684 1316 754 habet,spem
1339 682 1632 754 potiorum
1657 695 1772 734 non
1803 677 1975 731 habet

1687 695 1772 734 ton
1803 677 2002 744 habet;
2115 670 2396 740 κόπτεται,
2425 670 2488 724 τὸ
2521 673 2624 743 πῦρ
2649 666 2844 744 ἄθρουν
2880 669 3129 740 ἀναμενει
3164 671 3297 743 (41).

361 773 488 828 sine
517 770 738 828 semine
767 775 875 837 est,
909 771 1124 827 sterilis
1152 777 1262 840 est;
1297 787 1410 826 non
1443 774 1534 826 est
1567 767 1791 839 palmes
1819 766 1878 819 in
1913 767 2263 834 perpetuum
2296 759 2540 815 viventis
2572 759 3007 830 superocslestis
3037 759 3189 828 vitis;
3223 760 3546 829 excidatur,
3595 776 3763 816 eum-

359 879 473 935 que
505 861 674 918 densi
707 862 864 933 ignis
893 878 1070 917 vorax
1102 866 1301 917 manet
1327 859 1691 916 incendium.

334 972 344 976 ’
375 931 392 935 “
430 931 842 1006 ΧΧΧνιιιῘΤυ
878 965 1012 1006 vero
1031 950 1452 1022 praecellentem
1476 948 1628 1002 viam
1654 943 1944 1001 condiscit

2181 939 2311 994 AH‘.
2349 935 2424 991 Σὺ
2448 933 2507 992 δὲ
2537 937 2674 1007 μάθε
2700 937 2799 1005 τήν
2845 939 2964 1001 καθ’
3013 931 3323 1012 ὑπερϐολὴν
3376 934 3521 1010 ὁδὸν,
3552 935 3619 1007 ἤν
3652 935 3758 994 δεί-

357 1057 536 1113 quam
550 1039 1426 1096 cstenditPaulusdeducentem
1441 1037 1512 1092 ad
1528 1035 1830 1090 salutem.»
1847 1031 1967 1086 Cha

2147 1047 2261 1081 νυσι
2295 1025 2513 1087 Παῦλος
2544 1023 2632 1079 ἐπὶ
2664 1025 2957 1101 σωτηρίαν·
3002 1050 3031 1078 κ
3063 1027 3126 1080 Ἢ
3156 1025 3343 1098 άλάπη
3374 1028 3440 1081 τὰ
3469 1028 3664 1098 ἑαυτῆς
3695 1029 3757 1085 οὐ

358 1111 503 1184 ritas
528 1146 641 1184 nun
671 1129 880 1199 qumrit
901 1145 1027 1199 quae
1059 1145 1166 1184 sua
1200 1132 1341 1183 sunt
1359 1126 1461 1196 (ὁ),
1510 1125 1611 1180 sed
1651 1123 1712 1178 in
1759 1122 1968 1176 fratreu

2143 1119 2283 1186 ητεῖ,
2318 1138 2347 1165 ››
2391 1111 2500 1169 ἀλλ
2558 1113 2662 1168 ’ἰπὶ
2722 1111 2955 1189 ἀδελφὸν
3015 1112 3324 1190 ἐκκέχυται·
3379 1116 3503 1191 περὶ
3559 1120 3753 1173 τοῦτον

354 1219 540 1274 effusa
570 1223 679 1273 est:
713 1219 793 1272 ita
824 1216 882 1271 in
907 1216 1072 1272 illum
1109 1233 1273 1272 versa
1302 1221 1412 1279 est,
1444 1219 1604 1269 casto
1639 1214 1767 1282 ejus
1800 1225 1964 1265 amor

2139 1203 2389 1274 πτόηται,
2447 1203 2570 1277 περὶ
2600 1207 2791 1258 τοῦτον
2825 1203 3086 1281 σωφόνως
3123 1203 3385 1276 μαίνεται.
3439 1230 3466 1256 α
3540 1205 3749 1278 Ἀλάπη

356 1308 632 1364 insanit.u
653 1307 919 1363 Charitas
933 1306 1122 1378 operit
1143 1303 1583 1360 multitudinem
1603 1305 1966 1373 peccatorum

2141 1292 2365 1378 αλύπτει
2396 1291 2610 1361 πλῆθος
2653 1294 2956 1367 ἁμαρτιῶν·
2992 1295 3026 1362 ἡ
3055 1291 3239 1348 τελεία
3269 1293 3456 1364 άλάπη
3489 1289 3751 1352 έκῦάλλει

353 1397 609 1467 perfecta
639 1395 896 1451 charitas
913 1377 1053 1450 foris
1079 1394 1260 1448 mittit
1281 1395 1574 1459 timorem;
1600 1407 1715 1445 non
1733 1389 1850 1460 agit
1876 1403 1963 1459 pel

2143 1383 2194 1437 iw
2226 1377 2416 1459 φόϐον·
2451 1381 2514 1436 οὐ
2545 1380 2950 1457 περπερεύεται,
2974 1381 3036 1437 οὐ
3067 1387 3375 1460 φυσιοῦται,
3405 1383 3507 1439 οὐκ
3537 1383 3753 1460 ἐπιχαί-

351 1502 574 1557 peram,
610 1502 727 1540 non
760 1484 1019 1553 inflatur,
1055 1501 1167 1538 non
1203 1483 1417 1553 gaudet
1448 1497 1624 1552 super
1661 1477 1961 1548 iniquitate

2140 1492 2184 1526 ει
2208 1475 2277 1545 τῇ
2309 1469 2510 1541 ἀδικίᾳ·
2541 1470 2824 1546 συγχαίρει
2864 1468 2922 1526 δέ
2945 1474 3013 1545 τῇ
3047 1471 3297 1543 ἀληθείᾳ’
3331 1473 3504 1528 πάντα
3549 1475 3748 1549 στέγει,

351 1573 689 1645 congaudet
706 1577 903 1627 autem
921 1571 1172 1639 veritati;
1195 1570 1393 1627 omnia
1415 1570 1638 1634 suffert,
1662 1566 1860 1622 omnia
1877 1581 1961 1620 cre

2143 1559 2275 1614 άντα
2321 1559 2582 1627 πιστεύει,
2613 1561 2785 1615 πάντα
2832 1559 3065 1629 ἐλπίζει,
3124 1561 3298 1616 πάντα
3355 1561 3636 1635 ὑπομένει.
3689 1565 3753 1621 Ἡ

349 1661 458 1726 dit,
479 1661 678 1716 omnia
691 1667 905 1732 sperat,
919 1677 1052 1715 omn
1065 1657 1673 1715 iasustinet.Charitas
1687 1669 1959 1724 nunquan

2139 1649 2287 1724 γάπη
2324 1647 2586 1704 οὐδέποτε
2631 1646 2900 1705 ἐκπίπτει.
2950 1650 3290 1724 ΙΙροφητεῖαι
3337 1656 3749 1728 καταργοῦνται,

350 1749 584 1806 excidit.
622 1749 947 1821 Prophetize
980 1755 1358 1815 evacuantur,
1390 1747 1602 1818 linguas
1633 1748 1960 1808 cessa:1t,cu

2142 1736 2350 1792 λῶσσαι
2380 1737 2665 1805 παύονται,
2700 1737 2868 1800 ἰάσεις
2899 1738 2986 1792 ἐπὶ
3019 1741 3125 1812 γῆς
3170 1738 3617 1796 καταλείπονται’
3655 1740 3749 1815 μέ-

349 1839 605 1894 rationes
638 1839 694 1894 in
738 1844 892 1894 terra
915 1838 1214 1906 deficiunt;
1236 1840 1476 1892 manent
1494 1839 1689 1890 autem
1713 1833 1823 1888 tria
1849 1832 1959 1887 haec

2137 1847 2176 1880 ει
2209 1824 2268 1881 δὲ
2290 1828 2357 1881 τὰ
2383 1826 2510 1902 τρία
2546 1831 2735 1897 ταῦτα,
2765 1826 2968 1893 πίστις,
3001 1825 3183 1894 έλπὶς,
3213 1827 3422 1902 ἀγάπηο
3459 1829 3659 1903 μείζων
3691 1827 3747 1886 δὲ

347 1926 514 1995 ﬁdes,
538 1944 695 1998 spes,
721 1926 998 1994 Charitas,
1026 1928 1210 1996 major
1225 1926 1588 1980 auteminter
1601 1924 1721 1978 haec
1743 1921 1954 1978 estcha

2130 1939 2148 1968 ν
2195 1914 2467 1985 τούτοιςή
2519 1916 2727 1990 ἀγάπη.
2762 1938 2791 1966 ι)
2823 1915 2919 1970 Καὶ
2969 1912 3213 1978 δικαίως.
3261 1916 3441 1980 πίστις
3493 1918 3589 1991 μὲν
3638 1919 3740 1994 γὰρ

349 2017 496 2071 ritas
523 2016 651 2088 (c).»
685 2016 749 2070 Et
781 2015 1006 2083 merito;
1031 2014 1175 2070 ﬁdes
1202 2014 1357 2070 enim
1390 2013 1624 2080 transit,
1672 2028 1806 2066 cum
1839 2010 1959 2081 ipsi:

2125 2005 2414 2080 πέρχεται,
2448 2004 2573 2059 ὅταν
2603 2004 2835 2078 αὐτοψίᾳ
2881 2007 3186 2076 πεισθῶμεν
3221 2003 3422 2069 ἰδόντες
3468 2006 3624 2064 Θεόν.
3661 2015 3735 2063 Κα

346 2103 564 2160 nostris
593 2103 776 2160 oculis
808 2105 1052 2160 videndo
1087 2109 1264 2175 Deum
1299 2102 1627 2158 credemus.
1659 2101 1805 2172 Spes
1835 2114 1951 2170 quo

2125 2094 2250 2156 Λπίς
2285 2093 2591 2171 ἀφανίζεται
2612 2098 2719 2148 τῶν
2739 2093 3092 2150 ἐλπισθέντων
3111 2093 3492 2170 (ἐρχομένων)·
3527 2096 3735 2170 ’Δγάπη

342 2208 456 2264 que
482 2193 795 2258 evanescit,
827 2192 1064 2248 illorum
1094 2197 1403 2264 conspectu
1430 2207 1557 2262 qua:
1580 2191 1638 2244 in
1663 2204 1766 2260 spe
1797 2188 1952 2258 posit

2124 2182 2151 2237 ἒ
2181 2183 2257 2246 εἷς
2283 2182 2567 2259 πλήρωμα
2595 2184 2932 2259 συνέρχεται,
2982 2182 3070 2238 καὶ
3123 2182 3336 2256 μᾶλλον
3385 2181 3596 2255 αὔξεται
3627 2191 3734 2242 τῶν

342 2287 500 2337 sunt.
525 2281 790 2338 Charitas
815 2299 945 2338 vero
965 2281 1026 2336 in
1048 2280 1543 2352 complementum
1568 2279 1785 2350 pariter
1805 2276 1952 2331 venit

2131 2269 2313 2326 ελείων
2346 2269 2780 2347 παραδοθέντων.
2815 2272 2936 2327 Ἐὰν
2978 2272 3179 2342 ταύτην
3213 2268 3532 2346 ἐμϐάληταί
3559 2296 3645 2338 τις
3671 2279 3741 2350 τῇ

315 2399 318 2402 ~
347 2375 404 2424 et
433 2379 680 2442 augetur
712 2370 925 2442 magis,
958 2370 1059 2426 ubi
1094 2370 1370 2442 perfectio
1400 2368 1722 2424 advenerit.
1756 2367 1815 2422 Si
1849 2383 1925 2438 qu

2127 2364 2268 2436 ιυχῇ,
2315 2357 2556 2430 δύναται,
2599 2358 2695 2415 κᾶν
2739 2360 2790 2416 έν
2841 2362 3227 2434 ἁμαρτήμασιν
3258 2361 3294 2437 ᾖ
3321 2365 3737 2440 γεγεννημένος,

345 2459 506 2515 illam
538 2459 594 2514 in
629 2460 889 2516 animum
922 2460 1271 2530 susceperit,
1299 2458 1565 2529 quamvis
1595 2455 1846 2528 peccatis
1883 2454 1955 2510 ob

2130 2447 2184 2503 ἂν
2235 2449 2421 2505 πολλὰ
2465 2451 2572 2505 τῶν
2620 2448 3017 2522 κεκωλυμένων
3077 2448 3456 2525 εἰργασμένος,
3507 2452 3740 2524 αὐξήσας

342 2548 551 2604 noxius
610 2550 724 2618 sit,
785 2565 962 2620 quam
1031 2547 1218 2603 multa
1274 2548 1476 2602 illicita
1531 2545 1945 2619 perpetraverit

2125 2539 2186 2606 ἠν
2231 2539 2460 2613 ἀγάπην,
2511 2542 2597 2594 καί
2655 2539 2939 2612 μετάνοιαν
2983 2538 3219 2614 καθαρὰν
3268 2535 3474 2609 λαϐών,
3525 2540 3735 2615 ἀναμά-

341 2639 591 2694 adaucta
621 2639 903 2694 charitate
933 2654 1192 2710 puraque
1216 2637 1482 2692 adhibita
1503 2636 1859 2708 pmnitentia,
1889 2652 1951 2690 er

2122 2629 2281 2701 satiati
2311 2628 2377 2682 τὰ
2406 2627 2756 2700 ἐπταισμένα.
2789 2631 2941 2697 Μήτε
2975 2628 3078 2702 γὰρ
3133 2632 3294 2684 τοῦτο
3353 2629 3428 2690 εἰς
3479 2627 3732 2704 ἀπόγνω-

340 2731 466 2783 rata
497 2743 601 2781 sua
633 2727 925 2799 corrigere
959 2731 1165 2798 potest.
1196 2732 1260 2796 ιι(
1313 2725 1458 2783 Nam
1511 2741 1698 2796 neque
1730 2725 1839 2779 hoc
1870 2725 1950 2780 tib

2124 2715 2167 2770 ίν
2197 2738 2279 2771 σοι
2329 2715 2418 2772 καί
2467 2717 2724 2772 ἀπόνοιαν
2773 2714 3206 2792 καταλελείφθω,
3239 2717 3285 2772 εἰ
3315 2717 3406 2772 καὶ
3435 2719 3526 2773 τὸν
3557 2717 3733 2774 πλού-

339 2816 545 2871 deesse
573 2815 771 2884 velim,
809 2816 1160 2886 utdesperes
1179 2815 1561 2882 animumque
1588 2814 1949 2885 despondeas

2123 2826 2200 2860 ιον
2246 2805 2441 2878 μάθοις
2481 2807 2628 2868 ὅστις
2685 2803 2851 2873 ἐστὶν,
2901 2807 2929 2860 ὁ
2963 2807 3151 2880 χώραν
3205 2806 3258 2860 ἐν
3318 2805 3574 2882 οὐρανοῖς
3631 2808 3731 2865 οὐκ

341 2909 405 2960 ut
429 2905 666 2959 divitem
699 2904 930 2959 noveris
957 2905 1092 2975 quis
1121 2904 1356 2959 tandem
1381 2900 1479 2957 ille
1509 2902 1605 2969 sit,
1648 2903 1748 2973 qui
1779 2903 1951 2958 locun

1779 2903 1972 2958 locum
2084 2892 2253 2968 ἔχων,
2283 2895 2372 2950 καί
2399 2916 2520 2950 τινα
2537 2895 2741 2971 τρόπον
2771 2899 2888 2957 τοῖς
2910 2893 3027 2949 οὖσι
3060 2895 3368 2970 χρώμενος.

335 2993 394 3047 in
428 2991 590 3048 cmlis
618 3009 733 3048 non
763 2992 996 3062 habeat,
1031 3008 1216 3063 quove
1247 2993 1298 3048 is
1321 2991 1490 3046 modo
1521 2990 1648 3046 suis
1679 2990 1976 3046 facultati-

339 3080 450 3135 bus
482 3085 704 3135 utatur.

400 3097 450 3135 ιε
482 3086 704 3136 utatur.

400 3169 645 3225 XXXIX.
683 3169 899 3240 Siquis
928 3173 1053 3224 tum
1115 3169 1484 3225 abundantes
1536 3167 1790 3235 divitias,
1846 3172 2010 3245 tum;

2154 3163 2273 3217 ΛΘ“.
2305 3164 2400 3218 Ἂν
2433 3183 2516 3225 τις
2541 3162 2604 3217 τό
2641 3181 2701 3216 τε
2747 3160 3034 3237 ἐπίρρυτον
3083 3165 3179 3216 τοῦ
3222 3160 3466 3217 πλούτου
3495 3161 3585 3218 καὶ
3616 3182 3728 3239 χα-

332 3259 632 3330 penuriam
666 3274 783 3330 quo
806 3273 954 3329 aegre
984 3257 1160 3312 vitam
1195 3262 1488 3313 sustentet
1508 3257 1779 3323 evaserit,
1802 3262 1940 3313 aster

2121 3251 2248 3304 επὸν
2278 3250 2356 3312 εἰς
2403 3252 2548 3319 ζωὴν
2601 3247 2873 3325 διαφύγοι,
2926 3249 3014 3305 καὶ
3065 3247 3284 3306 δύναιτο
3323 3255 3430 3305 τῶν
3488 3249 3723 3307 αἰωνίων

332 3363 522 3419 neque
553 3347 704 3402 bona
736 3346 986 3416 proclive
1016 3347 1253 3418 assequi
1280 3347 1553 3418 potuerit,
1581 3347 1684 3401 sed
1713 3346 1801 3401 vel
1821 3347 1942 3401 forti

2109 3341 2288 3415 γαθῶν
2338 3338 2693 3409 ἐπαύρασθαι,
2741 3336 2826 3410 εἷή
2879 3335 2935 3393 δὲ
2971 3340 3296 3414 τετυχηκὼς
3325 3337 3362 3409 ἤ
3395 3337 3465 3394 δι’
3496 3341 3718 3415 ἄγνοιαν

328 3452 429 3508 per
460 3436 848 3508 ignorantiam
883 3440 985 3490 aut
1014 3436 1140 3490 vitae
1162 3453 1337 3492 casus
1367 3435 1814 3502 involuntarios,
1837 3452 1938 3507 pos

2140 3428 2448 3502 περίστασιν
2503 3427 2758 3484 ἀκούσιον
2819 3428 2954 3501 μετά
3006 3429 3104 3496 τὴν
3147 3425 3419 3506 σφραγῖδα
3472 3429 3562 3485 καὶ
3619 3431 3720 3500 τὴν

328 3526 697 3595 signaculum
729 3531 788 3582 et
816 3525 1220 3582 liberationem
1254 3544 1287 3581 a
1318 3527 1593 3598 peccatis,
1628 3527 1687 3581 in
1729 3531 1938 3597 peccata

2116 3517 2345 3590 ύτρωσιν
2391 3518 2687 3592 περιπετὴς
2741 3523 2860 3580 τοῖς
2909 3517 3299 3593 ἁμαρτήμασιν
3336 3519 3370 3588 ἢ
3422 3522 3722 3594 παραπτώ.

329 3630 428 3668 seu
445 3614 639 3669 debita
662 3613 972 3686 prolapsus
998 3614 1192 3679 fuerit,
1215 3615 1297 3670 ita
1320 3619 1385 3669 ut
1404 3613 1777 3686 illisprorsus
1792 3615 1938 3670 obru

2111 3626 2261 3673 .aaw,
2307 3606 2381 3668 ὡς
2433 3606 2804 3680 ὑπανηνέχθαι
2851 3604 3059 3662 τέλεον·
3113 3605 3270 3668 οὗτος
3321 3609 3721 3684 κατεψήφισται

329 3708 423 3758 tus
453 3702 548 3770 sit;
579 3703 629 3758 is
661 3721 694 3758 a
724 3702 838 3758 Deo
871 3702 1103 3775 penitus
1134 3703 1384 3773 rejectus
1415 3708 1525 3770 est,
1577 3707 1635 3758 et
1679 3703 1939 3774 reprobu:

2117 3703 2409 3758 αντάπασιν
2441 3704 2544 3758 ὑπὸ
2571 3707 2668 3758 τοῦ
2716 3709 2872 3760 Θεοῦ.
2925 3705 3086 3759 Παντὶ
3137 3704 3236 3778 γὰρ
3284 3709 3364 3777 τῷ
3407 3707 3531 3778 μετ’
3579 3704 3725 3778 ἀλη-

327 3791 576 3846 exsistit.
624 3791 901 3863 Quisquis
950 3793 1104 3846 enim
1129 3808 1195 3846 ex
1219 3795 1336 3846 toto
1358 3791 1612 3846 cordead
1633 3790 1816 3846 Deum
1832 3808 1937 3846 con

2109 3791 2218 3853 είας
2267 3789 2320 3862 ἐξ
2378 3789 2514 3861 ὅλης
2567 3798 2666 3862 τῆς
2721 3789 2944 3867 καρδίας
3000 3793 3380 3866 ἐπιστρέψαντι
3438 3794 3573 3864 πρὸς
3623 3795 3719 3850 τὸν

324 3884 600 3946 vertatur,
633 3885 806 3951 portas
838 3880 889 3935 ei
921 3885 1130 3951 apertae
1163 3883 1322 3948 sunt,
1372 3879 1735 3950 suscipitque
1776 3879 1932 3934 liben

2117 3881 2200 3934 εὸν
2235 3881 2534 3954 ἀνεῷγασιν
2566 3881 2620 3934 αἱ
2653 3882 2832 3956 θύραι,
2860 3881 2950 3935 καὶ
2983 3878 3200 3955 δέχεται
3228 3883 3583 3956 τρισάσμενος
3617 3888 3722 3938 Πα-

323 3968 554 4024 tissimo
584 3971 780 4024 animo
814 3969 982 4023 Pater
1002 3968 1188 4022 tilium
1222 3985 1350 4023 vere
1381 3969 1780 4039 poenitentem.
1815 3967 1933 4023 Ver:

2110 3969 2174 4042 ἦρ
2204 3969 2320 4022 υἱὸν
2353 3965 2574 4038 ἀληθῶς
2599 3967 2978 4041 μετανοοῦντα.
3001 3970 3069 4026 Ἠ
3099 3967 3157 4024 δὲ
3184 3969 3422 4041 ἀληθινὴ
3457 3972 3720 4042 μετάνοια

321 4062 512 4112 autem
551 4057 886 4127 paenitentia
917 4061 1026 4123 est,
1059 4057 1119 4111 in
1144 4057 1344 4111 eadem
1372 4072 1484 4110 non
1519 4072 1726 4111 rursus
1746 4055 1931 4110 delabi

2114 4057 2133 4111 5
2169 4057 2364 4130 μηκέτι
2393 4062 2509 4118 τοῖς
2547 4058 2733 4119 αὐτοῖς
2763 4055 2956 4134 ἔνοχον
2999 4058 3154 4127 εἶναι,
3196 4057 3343 4114 ἀλλᾶ
3371 4058 3540 4134 ἄρδην
3572 4061 3724 4134 ἐκρι-

322 4146 421 4200 sed
455 4163 524 4200 ex
555 4146 752 4200 animo
786 4162 1025 4216 prorsus
1084 4143 1347 4210 evellere,
1397 4145 1609 4213 quibus
1668 4161 1731 4199 se
1762 4144 1924 4200 morti

2109 4150 2239 4200 ὦσαι
2288 4152 2390 4216 τῆς
2433 4149 2640 4221 ψυχῆς,
2686 4145 2766 4224 ἐφ’
2811 4149 2895 4209 οἷς
2949 4147 3140 4202 ἑαυτοῦ
3192 4149 3438 4224 κατέγνω
3487 4150 3719 4212 θάνατον

323 4251 487 4289 reum
522 4234 773 4305 peccatis
807 4233 1056 4302 agnovit.
1091 4233 1190 4288 His
1219 4231 1735 4298 enimsublatis,iu
1756 4237 1811 4287 te
1833 4250 1933 4287 rur

2111 4235 2452 4310 μαρτήμασι.
2485 4234 2710 4292 Τούτων
2745 4235 2846 4310 γὰρ
2891 4235 3296 4311 ἀναιρεθέντων,
3345 4235 3498 4300 αὖθις
3531 4237 3607 4301 εἰς
3655 4241 3718 4294 ai

325 4339 427 4378 sus
454 4328 601 4378 Deus
632 4322 940 4378 habitabit.
975 4323 1185 4393 Ingens
1213 4321 1370 4376 enim
1401 4325 1457 4376 et
1505 4321 1935 4392 incomparabili

2109 4324 2202 4384 se;
2234 4323 2705 4394 εἷσοικισθήσεται·
2743 4323 2990 4400 μεγάλην
3021 4326 3122 4400 γάρ
3163 4326 3294 4402 φησί
3341 4325 3431 4380 καὶ
3474 4327 3719 4402 ἀνυπέρ-

323 4410 602 4481 gaudium
638 4411 966 4482 festamque
997 4410 1254 4465 laetitiam
1278 4409 1336 4464 in
1360 4409 1522 4466 ccelis
1543 4427 1673 4466 esse
1695 4411 1848 4465 Patri
1873 4411 1930 4466 di

2110 4410 2281 4482 λητον
2316 4411 2449 4467 εἶναι
2480 4413 2654 4487 χαρὰν
2683 4413 2773 4467 καὶ
2805 4413 2994 4488 ἑορτήν
3045 4412 3098 4467 ἐν
3129 4413 3382 4488 οὐρανοῖς
3427 4419 3506 4486 τῷ
3540 4418 3714 4491 [Ιατρὶ

321 4502 400 4556 cit
420 4505 597 4572 atque
620 4499 870 4572 angelis,
891 4500 1031 4554 dum
1059 4515 1212 4553 unus
1235 4504 1504 4570 peccator
1525 4501 1882 4555 convertitur
1903 4517 1931 4556 e

321 4588 720 4613 -..-ει--ι;.....
757 4589 869 4613 -.ι-ζ.
889 4588 960 4613 Ιιιιὶ
1009 4587 1222 4613 ῐΑιιῖ-,υε
1255 4587 1423 4613 λιε......
1463 4587 1809 4613 ..1,.....,.Ι...ι.νΔ
1847 4589 1919 4613 ll:

2111 4502 2158 4556 αὶ
2188 4507 2307 4563 τοῖς
2339 4501 2590 4577 ἀγγέλοις
2622 4500 2740 4563 ένὸς
2789 4503 3121 4577 ἀμαρτωλοῦ
3169 4502 3592 4578 ὐπιστρέψαντος
3623 4507 3721 4561 καὶ

2117 4611 2166 4613 __
2194 4591 2362 4613 _.,_AI_A
2416 4611 2502 4613 _-4
2568 4599 2584 4613 Α
2629 4591 2642 4613 ἓ
2683 4590 2769 4613 ,,,,‘
2815 4589 2974 4613 μία-..
3020 4611 3031 4613 _
3079 4611 3087 4613 ξ
3186 4591 3277 4613 vnx
3329 4612 3336 4613 κ
3430 4591 3514 4613 Al‘
3696 4595 3714 4613 \

320 4588 724 4659 pcenitentiam
757 4588 982 4659 agit(d).
1008 4587 1225 4642 Idcirco
1252 4587 1426 4642 etiam
1459 4587 1809 4643 clamabat:«
1846 4589 1921 4644 Mi

2105 4591 2522 4659 ετανοήσαντος.
2559 4591 2652 4646 Διὸ
2681 4590 2772 4646 καὶ
2814 4589 3088 4665 κέκραγε-ι’
3123 4615 3151 4643 (ι
3186 4591 3378 4647 Ἕλεον
3430 4591 3575 4648 θέλω
3620 4595 3715 4649 καὶ

319 4677 696 4734 sericordiam
725 4677 873 4744 volo,
906 4681 963 4732 et
988 4693 1100 4731 non
1133 4675 1507 4732 sacriﬁcium.
1541 4677 1682 4732 Nolo
1706 4685 1929 4735 morteu

2106 4678 2126 4732 ὂ
2157 4679 2360 4735 θυσίαν.
2398 4678 2474 4735 Οὐ
2509 4679 2786 4754 βούλομαι
2832 4680 2924 4734 τὸν
2975 4681 3197 4735 θάνατον
3228 4684 3325 4736 τοῦ
3355 4682 3716 4754 ἀμαρτωΑοῦ,

319 4766 665 4840 peccatoris,
689 4766 788 4822 sed
815 4769 879 4819 ut
899 4781 1032 4820 eum
1057 4764 1352 4835 pceniteat.
1387 4766 1444 4820 Si
1470 4766 1688 4821 fuerint
1719 4775 1929 4839 peccata

2111 4766 2208 4822 Κλὰ
2257 4767 2355 4835 τὴν
2408 4769 2716 4840 μετάνοιαν.
2751 4765 2861 4824 Κᾶν
2903 4766 3030 4823 ὦσιν
3078 4769 3134 4823 αἱ
3163 4768 3420 4844 ἁμαρτίαι
3455 4769 3606 4842 ὑμῶν
3635 4770 3721 4834 ὡς

315 4860 511 4910 vestra
537 4860 600 4910 ut
629 4857 763 4910 lana
793 4854 1094 4925 phteniceo
1125 4853 1325 4921 tincta,
1357 4854 1525 4925 quasi
1557 4855 1746 4910 nivem
1792 4857 1920 4913 deal

2107 4860 2344 4912 οινικοῦν
2376 4851 2543 4932 ἔριον,
2585 4857 2658 4919 ὡς
2705 4857 2870 4932 χιόνα
2918 4856 3182 4912 λευκανῶ·
3235 4854 3330 4912 κᾶν
3381 4857 3714 4934 μελάντεραι

320 4944 492 5013 babo;
529 4949 586 4998 et
610 4943 660 4998 si
685 4944 897 4999 fuerint
929 4941 1189 5014 nigriora
1219 4942 1482 5014 fuligine,
1516 4949 1582 4997 ut
1609 4944 1795 4998 nivem
1821 4945 1930 5003 alb:

2110 4951 2157 5000 >6
2181 4946 2432 5014 σκότους,
2470 4947 2544 5009 ὡς
2575 4941 2718 5021 ἔριον
2752 4945 2944 5002 λευκὸν
2991 4947 3208 5021 έκνίψας
3239 4949 3477 5018 ποιήσω.
3513 4971 3541 5000 »
3593 4953 3720 5022 Θεῷ

322 5033 617 5090 abluendo
637 5033 925 5104 prastabo
945 5036 1076 5103 (c).»
1094 5030 1265 5088 Solus
1286 5033 1441 5086 enim
1457 5032 1611 5087 Deus
1631 5039 1865 5104 peccata
1880 5052 1932 5107 ρ(

2109 5037 2162 5111 ip
2227 5035 2394 5110 μόνον
2451 5033 2672 5092 δυνατὸν
2731 5034 2919 5115 ἄφεσιν
2996 5039 3273 5110 ἁμαρτιῶν
3336 5035 3719 5113 παρασχέσθαι

321 5128 438 5179 test
467 5124 788 5191 dimittere,
815 5128 870 5179 et
900 5122 1115 5179 delicta
1146 5138 1262 5178 non
1293 5123 1587 5193 imputare
1619 5139 1633 5191 ;
1690 5127 1927 5195 quando

2110 5125 2273 5199 αὶμή
2310 5124 2629 5202 λογίσασθαι
2678 5126 3114 5201 παραπτώματα·
3164 5125 3300 5180 ὅπου
3329 5145 3389 5200 γε
3435 5124 3524 5180 καὶ
3573 5127 3720 5200 ἡμῖν

383 5327 447 5392 ›ι‹
477 5327 542 5382 P.
573 5327 679 5381 947
712 5325 822 5380 Et).
857 5324 1159 5398 POTTER.
1192 5324 1270 5396 (α)
1303 5324 1349 5398 Ι,
1381 5323 1554 5398 Joan1
1602 5341 1690 5394 ιιι,
1752 5327 1838 5382 14.
1873 5329 1950 5398 (b)
1983 5328 1993 5384 l

2111 5336 2194 5386 or'.
2255 5345 2357 5397 xu,
2419 5329 2487 5387 32
2515 5347 2528 5395 ;
2559 5343 2682 5396 xm,
2711 5329 2766 5384 5.
2798 5331 2870 5398 (c)
2901 5329 2923 5384 Ι
2988 5328 3118 5384 Pet;
3162 5344 3218 5384 IV.
3244 5328 3298 5396 8;
3331 5327 3354 5384 Ῑ
3407 5327 3590 5384 Joan.
3625 5341 3721 5398 iv,

280 5397 432 5488 “18.:
471 5398 492 5453 Ι
521 5401 651 5456 Cor.
685 5414 811 5468 xm,
844 5398 897 5451 4.
923 5397 1002 5468 (d)
1037 5402 1172 5452 Luc.
1205 5413 1296 5462 xv,
1327 5396 1382 5452 2.
1416 5397 1487 5468 (ε)
1524 5395 1653 5454 Ose.
1683 5414 1759 5467 vr,
1792 5400 1846 5468 6;
1881 5395 1890 5455 Ἰ

2123 5419 2201 5469 ix,
2233 5401 2322 5471 43;
2345 5395 2351 5397 ⁷
2377 5399 2582 5455 Ezech.
2627 5395 2895 5490 ,xvui,’23
2927 5416 2941 5468 ;
2999 5400 3108 5457 Isa.
3142 5415 3182 5472 ι,
3219 5401 3332 5462 t8;
3364 5399 3501 5457 Luc.
3535 5414 3590 5468 v,
3617 5395 3723 5457 21L

381 5589 496 5662 (41)
527 5589 598 5646 Τὸ
627 5593 733 5664 πῦρ
756 5590 952 5669 ἀθροῦν
987 5588 1260 5666 ἀναμένει.
1293 5591 1534 5650 Densum
1561 5550 1746 5664 funem
1772 5598 2070 5672 exspectat.
