4078 6146
352 295 464 357 ’647

1587 283 1993 342 CLEMENTIB
2029 280 2531 339 ALEXANDBINI

363 428 558 483 animo
586 425 824 482 assidua
852 423 1145 495 voluptate
1191 417 1337 474 nihil
1369 411 1790 486 perniciosius:
1823 425 1979 465 caeca-

2125 406 2271 479 μένῳ
2327 403 2576 480 διαμείνῃ
2623 406 2795 482 λόγῳ.
2845 411 3050 466 Τοῦτον
3079 411 3169 466 καὶ
3221 412 3537 489 ὀργισθέντα
3586 412 3768 495 φοϐή-

364 521 462 572 tur
490 517 645 572 enim
677 512 1109 585 colliquatione,
1132 511 1268 565 dum
1303 506 1482 561 libere
1510 500 1867 572 increpantis
1888 513 2004 554 ser-

363 622 536 662 mone
565 605 846 659 immotus
879 598 1156 674 persistit.
1191 601 1355 652 Hunc
1385 599 1444 649 tu
1467 597 1522 648 et
1543 593 1760 646 iratum
1793 587 2005 642 timeas

359 701 418 750 et
445 700 772 766 gementem
805 691 1024 760 doleas,
1069 693 1128 744 et
1157 688 1456 742 sedentem
1489 681 1632 736 iram
1667 676 2002 744 reverearis,

361 790 418 840 et
447 765 650 855 poenas
672 779 1094 853 deprecandem
1121 780 1465 832 antevertas.
1483 770 1585 825 Hic
1601 785 1703 841 pro
1726 772 1782 822 te
1804 765 2002 838 plures

358 877 558 928 noctes
586 871 888 926 insomnes
920 867 1119 932 ducat,
1175 863 1428 920 fundens
1459 877 1563 932 pro
1591 864 1648 914 te
1679 871 1878 929 preces
1929 853 2001 908 ad

352 966 560 1027 Deum,
593 977 658 1015 ac
687 958 985 1014 consuetis
1037 955 1305 1028 precibus
1337 951 1561 1007 Patrem
1595 952 1858 1018 captans.
1891 942 2001 999 Ne-

355 1066 468 1122 que
499 1048 656 1105 enim
686 1047 784 1102 ille
804 1045 1028 1102 viscera
1057 1059 1165 1099 sua
1187 1045 1334 1096 dura
1365 1039 1581 1112 prazbet
1605 1033 1904 1092 orantibus
1933 1032 2000 1086 fl-

353 1139 468 1195 liis.
499 1136 746 1209 Rogabit
766 1143 958 1190 antem
987 1147 1152 1205 pure,
1193 1130 1240 1185 si
1272 1135 1371 1184 ate
1387 1127 2000 1194 honoreturtanquam

353 1228 453 1283 Dei
486 1225 751 1298 angelus,
780 1239 885 1278 nec
917 1237 1020 1293 per
1047 1224 1102 1275 te
1152 1216 1551 1283 contristetur,
1606 1213 1705 1268 sed
1767 1215 2003 1283 propter

354 1323 432 1371 te.
467 1297 591 1370 Haec
621 1317 710 1369 est
745 1309 1086 1384 pcsnitentia
1117 1324 1232 1362 non
1290 1306 1442 1359 ficta.
1478 1325 1506 1352 «
1536 1308 1691 1358 Deus
1723 1316 1839 1355 non
1869 1297 2000 1352 irri-

353 1407 528 1461 detur
557 1404 664 1475 (a),
697 1423 724 1453 »
760 1417 864 1456 nec
906 1399 1100 1454 verbis
1133 1395 1408 1452 inanibus
1455 1408 1628 1447 aures
1661 1391 1778 1444 dat.
1829 1387 2001 1443 Solus

352 1495 509 1551 enim
526 1490 818 1549 medullas
840 1491 1153 1554 scrutatur,
1192 1489 1248 1539 et
1261 1498 1426 1538 renes
1447 1480 1640 1536 cordis
1669 1497 1683 1546 ;
1709 1476 2000 1549 pleneque

337 1580 520 1640 audit
543 1582 700 1636 inter
721 1578 994 1634 flammas
1021 1575 1258 1646 positos,
1284 1578 1340 1627 et
1359 1570 1595 1626 exaudit
1621 1568 2002 1639 deprecantes

347 1690 411 1744 in
444 1675 644 1726 ventre
673 1666 820 1734 ceti;
857 1671 914 1720 et
943 1679 1121 1735 prope
1151 1665 1242 1716 est
1272 1657 1500 1714 cunctis
1529 1654 1827 1720 ﬁdelibus,
1866 1669 1998 1724 pro-

352 1760 450 1817 cul
477 1774 613 1815 vero
655 1757 728 1813 ab
757 1752 1116 1818 inﬁdelibus,
1151 1749 1344 1805 nisiad
1370 1745 1714 1803 sanctiorem
1741 1746 1996 1798 mentem
2025 1777 2072 1843 Β

348 1848 680 1923 paenitendo
709 1845 967 1900 redeant.

416 1938 590 1994 XLII.
618 1935 689 1992 Ut
717 1941 912 1990 autem
961 1930 1149 2001 magis
1208 1925 1489 1991 conﬁdas,
1540 1923 1714 1979 modo
1745 1919 1828 1977 sic
1855 1935 1987 1974 vere

343 2026 704 2101 peenitueris,
728 2027 900 2079 certa:
920 2020 1020 2074 tibi
1050 2017 1212 2073 ﬁderi
1234 2020 1542 2085 tutamque
1565 2026 1800 2067 manere
1825 2007 1986 2065 salu-

341 2097 416 2173 tis
449 2130 611 2188 spem
647 2131 663 2182 ;
695 2110 832 2167 audi
864 2108 1140 2174 fabulam,
1169 2121 1295 2177 quas
1325 2103 1456 2175 ipsa
1479 2118 1595 2157 non
1633 2097 1848 2164 fabula,
1882 2097 1982 2153 sed

339 2223 470 2262 vera
502 2206 572 2260 de
596 2203 821 2258 Joanne
853 2196 1116 2271 apostolo
1146 2203 1209 2267 ιιι
1238 2193 1454 2249 tradita
1502 2190 1756 2246 narratio
1788 2187 1883 2253 sit,
1916 2203 1982 2241 ac

346 2293 639 2349 memoria:
685 2289 950 2344 studiose
1001 2283 1427 2341 commendata.
1463 2282 1605 2336 Cum
1632 2277 1792 2345 enim
1850 2281 1986 2348 post

343 2383 574 2456 tyranni
599 2380 817 2436 obitum
855 2382 914 2432 et
944 2380 1145 2430 Patmo
1180 2371 1373 2427 insula
1395 2369 1685 2441 Ephesum
1717 2365 1978 2431 rediiset,

337 2453 557 2528 vicinas
589 2482 821 2542 quoque
852 2470 1056 2538 gentes
1087 2468 1322 2530 rogatus
1340 2459 1584 2524 visebat,
1616 2457 1824 2528 partim
1847 2453 1981 2526 qui-

338 2563 470 2616 dem
505 2563 568 2612 ut
590 2557 894 2629 episcopos
924 2552 1328 2612 constitueret,
1360 2547 1573 2618 partim
1597 2560 1728 2599 vero
1749 2548 1812 2598 ut
1829 2542 1978 2598 inte-

339 2666 473 2721 gras
500 2645 792 2702 Ecclesiae
815 2643 1228 2713 disponeretac
1250 2638 1548 2701 formaret,
1566 2634 1778 2705 partim
1802 2632 1977 2688 eliam

340 2744 408 2793 ut
430 2748 913 2805 unumquemque
933 2745 1157 2796 eorum,
1177 2743 1325 2799 quos
1346 2723 1600 2797 Spiritus
1627 2723 1977 2794 designaret,

338 2829 396 2882 in
432 2826 652 2881 clerum
685 2823 1002 2892 cooptaret.
1034 2821 1175 2872 Cum
1203 2816 1398 2886 itaque
1431 2813 1501 2868 ad
1535 2811 1738 2866 urbem
1764 2826 1978 2882 quam-

337 2918 471 2970 dam
506 2913 659 2969 haud
684 2907 884 2982 procul
913 2906 1138 2979 Epheso
1165 2903 1431 2960 dissitam
1466 2900 1721 2958 venisset
1741 2901 1891 2971 (ejus
1921 2902 1979 2955 et

337 3019 548 3059 nomen
580 2998 809 3056 nonulli
840 2995 1120 3062 referunt)
1152 2999 1327 3063 atque
1356 2990 1497 3047 alias
1524 2989 1830 3061 praesentia
1847 3004 1978 3043 ver-

2111 505 2260 566 θητι,
2312 497 2400 550 καὶ
2448 496 2765 567 στενάξαντα
2819 497 3120 572 λυπήθητι,
3170 501 3260 556 καὶ
3311 503 3476 580 ὀργὴν
3525 505 3765 562 παύοντα

2113 581 2414 656 αἱδέσθητι,
2444 583 2535 640 καί
2575 583 2803 641 κόλασιν
2848 590 3268 664 παραιτουμένῳ
3317 592 3542 668 φθάσον.
3593 596 3764 660 Οὗτος

2115 672 2246 747 ὑπὲρ
2305 677 2401 728 σοῦ
2449 673 2664 737 πολλὰς
2719 676 2913 739 νύκτας
2969 678 3366 754 ἀγρυπνησάτω
3390 725 3404 753 ,
3451 679 3762 760 πρεσϐεύων

2100 761 2246 836 ’ὑπὲρ
2297 766 2393 817 σοῦ
2441 764 2580 838 πρὸς
2629 765 2795 835 Θεὸν,
2850 765 2942 820 καὶ
3000 766 3294 834 λιτανείαις
3348 774 3599 842 συνήθεσι
3663 795 3760 847 μαι

2112 850 2286 925 γεύων
2317 851 2409 906 τὸν
2441 853 2671 929 Πατέρα.
2705 854 2782 912 Οὐ
2811 856 2912 929 γὰρ
2943 855 3158 933 ἀντέχει
3198 864 3316 920 τοῖς
3353 861 3567 926 τέκνοις
3593 863 3755 918 αὐτοῦ

2109 940 2176 994 τὰ
2234 938 2530 1017 σπλάγχνα
2579 940 2881 1016 δεομένοις.
2933 947 3188 1016 Δεήσεται
3242 945 3300 1003 δὲ
3349 955 3600 1026 καθαρῶς
3655 951 3755 1008 ὐπὸ

2113 1033 2208 1083 σοῦ
2238 1032 2664 1104 προτιμώμενος
2718 1032 2792 1094 ὡς
2843 1031 3082 1110 ἄγγελοσ
3129 1040 3226 1091 τοῦ
3273 1042 3428 1109 Θεοῦ,
3459 1021 3549 1095 καὶ
3585 1021 3754 1114 μηδὶν

2114 1118 2215 1173 ὑπὸ
2244 1123 2338 1173 σοῦ
2371 1118 2736 1194 λυπούμενος,
2786 1120 2911 1178 ἀλλ’
2963 1124 3093 1199 ὑπὲρ
3143 1130 3257 1182 σοῦ.
3309 1129 3466 1183 Τοῦτ’
3513 1127 3624 1186 ἔστι
3669 1152 3761 1204 με-

2108 1209 2298 1262 τάνοια
2345 1209 2722 1284 ἀνυπόκριτος.
2757 1235 2787 1264 ‹‹
2838 1213 2974 1277 Οεὸς
3020 1212 3084 1268 ού
3135 1218 3542 1288 μυκτηρίζεται,
3573 1244 3601 1270 ››
3633 1217 3758 1276 οὐδὲ

2109 1297 2371 1372 προσέχει
2419 1303 2597 1361 κενοῖς
2645 1298 2872 1376 ῥήμασι·
2930 1301 3091 1374 μόνος
3147 1304 3249 1380 γὰρ
3307 1306 3573 1380 ἀνακρίνει
3625 1329 3756 1382 μυε-

2111 1383 2242 1448 λοὺς
2273 1387 2360 1442 καὶ
2393 1387 2620 1464 νεφροὺς
2649 1387 2894 1464 καρδίας,
2934 1393 3021 1447 καὶ
3053 1397 3162 1448 τῶν
3195 1392 3247 1448 ἐν
3287 1394 3418 1472 πυρὶ
3447 1398 3752 1468 κατακούει,

2108 1473 2198 1528 καὶ
2227 1479 2336 1529 τῶν
2385 1475 2436 1530 ἐν
2468 1477 2656 1550 κοιλίᾳ
2700 1481 2902 1550 κήτους
2958 1481 3302 1538 ἱκετευόντων
3353 1483 3616 1556 ἰξακούει,
3665 1487 3755 1543 καὶ

2107 1568 2270 1653 πᾶσιν
2325 1563 2483 1640 ἐγγύς
2538 1565 2648 1622 ἐστι
2694 1572 2811 1630 τοῖς
2860 1569 3198 1645 πιστεύουσι,
3254 1572 3345 1629 καὶ
3392 1573 3580 1653 πόῤῥω
3635 1582 3754 1640 τοῖς

2109 1651 2308 1722 ἀθέοις,
2342 1652 2404 1707 ’ἀν
2437 1655 2513 1728 μὴ
2550 1659 2978 1729 μετανοήσωσιν.

2081 1939 2086 1945 ’
2169 1923 2305 1990 ΜΒ’,
2357 1924 2472 1980 ’Ἱνα
2528 1920 2586 1978 δὲ
2624 1920 2700 1978 ἔτι
2745 1923 2969 2001 θαῤῥῇς,
3017 1925 3160 1984 οὕτω
3220 1932 3556 2003 μετανοήσας
3609 1929 3751 2004 ἀλη-

2097 2011 2230 2078 θῶς,
2262 2010 2345 2066 ὅτι
2379 2032 2462 2066 σοι
2519 2012 2665 2084 μένει
2713 2015 2987 2090 σῶτηρίας
3028 2015 3186 2080 ἐλπὶς
3231 2015 3555 2094 ἀξιόχρεως,
3585 2014 3752 2076 ἄκου-

2095 2119 2189 2154 σον
2226 2103 2418 2172 μῦθον,
2453 2100 2515 2155 ού
2550 2103 2742 2174 μῦθον,
2776 2100 2921 2157 ἀλλά
2951 2100 3079 2162 ὅντα
3109 2105 3278 2182 λόγον
3326 2110 3446 2184 περὶ
3493 2112 3751 2166 Ἰωάννου

2091 2192 2188 2242 τοῦ
2219 2189 2527 2244 ἀποστόλου
2557 2188 2995 2265 παραδεδομένον
3026 2195 3114 2250 καὶ
3153 2202 3346 2272 μνήμῃ
3391 2197 3748 2275 πεφυλαγμέ-

2093 2297 2205 2335 νον.
2237 2275 2456 2346 Ἐπειδή
2517 2280 2622 2356 γὰρ
2678 2284 2776 2334 τοῦ
2821 2283 3086 2356 τυράννου
3131 2283 3583 2356 τελευτήσαντος,
3632 2288 3744 2344 ἀπὸ

2072 2373 2188 2436 ’τῆς
2246 2367 2468 2440 Πάτμου
2515 2375 2616 2439 τῆς
2662 2371 2829 2440 νήσου
2891 2370 3158 2444 μετῆλθεν
3208 2373 3297 2430 ἐπὶ
3341 2375 3440 2444 τήν
3475 2379 3737 2450 Ἔφεσον,

2087 2455 2251 2529 ἀπῄει
2302 2457 2792 2531 παρακαλούμενος
2847 2459 2937 2514 καὶ
2988 2459 3075 2516 ἐπὶ
3121 2462 3188 2517 τὰ
3227 2461 3601 2541 πλησιόχωρα
3627 2469 3738 2522 τῶν

2090 2545 2279 2618 ἐθνῶν,
2339 2548 2478 2604 ὅπου
2529 2550 2624 2621 μὲν
2674 2549 3001 2613 ἐπισκόπους
3055 2555 3433 2624 καταστήσων,
3484 2557 3622 2611 ὅπου
3678 2553 3740 2612 δὲ

2063 2636 2221 2699 ’ὅλας
2251 2635 2577 2708 Ἐκκλησίας
2610 2635 2888 2713 ἁρμόσων,
2922 2640 3062 2695 ὅποῢ
3089 2638 3146 2696 δὲ
3165 2640 3372 2716 κλῆρον
3395 2647 3532 2716 (46),
3557 2641 3652 2700 ἕνα
3679 2643 3740 2700 τέ

2085 2745 2205 2780 τινα
2262 2725 2567 2799 κληρώσων
2621 2727 2723 2782 ὑπὸ
2773 2732 2870 2782 τοῦ
2920 2729 3231 2803 Πνεύματος
3285 2735 3733 2806 σημαινομένων.

2085 2812 2297 2871 Ἐλθὼν
2347 2813 2435 2869 καὶ
2485 2814 2575 2869 ἐπί
2615 2836 2733 2870 τινα
2778 2821 2884 2871 τῶν
2936 2817 2998 2872 οὐ
3034 2818 3241 2893 μακρὰν
3273 2819 3488 2875 πόλεων
3522 2821 3613 2895 (ἧς
3644 2822 3736 2877 καὶ

2084 2900 2326 2976 τοῦνομα
2377 2902 2624 2981 λέγουσιν
2677 2902 2808 2960 ἔνιοι
2854 2909 2990 2980 [47])
3037 2908 3222 2963 καὶτὰ
3251 2906 3397 2964 ἄλλα
3424 2909 3735 2974 ἀναπαύσας

2081 2991 2210 3054 τοὺς
2259 2989 2550 3070 ἀδελφοὺς,
2595 2992 2683 3048 ἐπὶ
2725 3000 2855 3049 πᾶσι
2900 2999 2979 3067 τῷ
3023 3001 3322 3060 καθεστῶτι
3378 2994 3730 3073 προσϐλέψας

327 3093 537 3164 bisque
567 3089 691 3146 suis
728 3089 935 3142 fratres
961 3083 1294 3139 consolatus
1325 3085 1500 3147 esset,
1531 3078 1601 3133 ad
1650 3081 1974 3133 extremum

2087 3079 2388 3153 ἐπισκόπῳ,
2414 3083 2689 3137 νεανίσκον
2738 3083 2916 3138 ἱκανὸν
2964 3089 3046 3156 τῶ
3092 3084 3304 3159 σώματι
3355 3086 3441 3142 καὶ
3469 3087 3566 3155 τὴν
3599 3083 3726 3161 ὄψιν

328 3143 531 3164 ’”’”Ὶ“”“
570 3143 634 3146 ἠ
676 3143 683 3144 ί
1488 3143 1495 3147 ,

328 3181 450 3236 viso
479 3183 690 3251 juvene
721 3176 974 3247 quodam
1015 3169 1244 3243 egregia
1285 3167 1546 3240 corporis
1578 3171 1821 3236 statura,
1855 3166 1970 3221 ele-

2087 3170 2288 3224 ἀστεῖον
2311 3169 2400 3224 καὶ
2437 3171 2635 3244 θερμὸν
2669 3169 2822 3226 ἰδώνι
2859 3195 2887 3224 ι(
2918 3175 3149 3243 Τοῦτον,
3183 3171 3310 3250 ἔφη,
3334 3176 3423 3230 σοὶ
3443 3143 3727 3248 παρατίθεμ-

298 3275 486 3342 'gantl
529 3266 715 3335 vultu,
750 3261 1109 3332 ferventique
1155 3259 1390 3330 ingenio
1443 3263 1617 3327 atque
1649 3254 1865 3323 indole,
1896 3255 1969 3310 ad

324 3360 434 3415 loci
461 3358 801 3429 episcopum
832 3365 1147 3407 conversus
1181 3364 1194 3402 :
1225 3369 1253 3398 «
1286 3347 1472 3413 Hunc,
1508 3346 1721 3416 inquit,
1775 3359 1970 3400 coram

322 3446 580 3503 Ecclesia
632 3459 698 3499 ac
719 3441 945 3498 Christo
968 3444 1136 3508 teste,
1159 3437 1319 3492 omni
1339 3435 1444 3490 tibi
1469 3450 1645 3506 Opera
1666 3449 1965 3489 commen-

324 3538 418 3592 do.
458 3557 487 3584 »
519 3534 782 3600 Tumque
815 3528 916 3585 illo
949 3527 1309 3599 suscipiente
1346 3542 1411 3580 ac
1434 3529 1645 3578 cuncta
1675 3523 1966 3595 praestitu-

321 3640 452 3682 rum
487 3621 820 3693 pollicente,
846 3617 1191 3688 eademipsa
1214 3614 1473 3670 Joannes
1522 3628 1727 3666 rursus
1761 3627 1965 3682 perur-

2077 3279 2173 3330 μαι
2203 3259 2335 3331 μετά
2364 3261 2541 3329 πάσης
2573 3257 2813 3329 σπουδῆς
2863 3260 2951 3316 ἐπὶ
2991 3265 3090 3331 τῆς
3145 3263 3476 3334 Ἐκκλησίας
3504 3263 3595 3320 καὶ
3625 3267 3723 3319 τοῦ

2073 3352 2312 3423 Χριστοῦ
2347 3348 2639 3425 μάρτυρος.
2673 3371 2701 3402 ι
2735 3352 2849 3406 Τοῦ
2881 3347 2939 3404 δὲ
2961 3347 3267 3426 δεχομένου
3295 3351 3386 3408 καί
3415 3354 3568 3408 πάνθ’
3598 3354 3723 3408 ὑπι-

2071 3438 2435 3512 σχνουμένου,
2487 3437 2575 3492 καὶ
2629 3435 2730 3492 πά)
2750 3458 2794 3492 ιν
2841 3438 2909 3493 τὰ
2950 3439 3086 3495 αὖτά
3134 3437 3435 3497 διετείλατο
3481 3442 3570 3497 καὶ
3611 3439 3721 3497 διε-

2073 3525 2403 3600 μκρτύρατο.
2439 3527 2538 3581 Καὶ
2572 3527 2600 3581 ὁ
2635 3526 2732 3599 μὲν
2783 3526 2867 3582 ἐπὶ
2918 3529 3018 3596 τήν
3057 3530 3285 3604 Ἔφεσον
3332 3531 3560 3607 ἀπῇρενο
3603 3533 3631 3586 ὁ
3664 3530 3724 3586 Si

2066 3609 2430 3689 πρεσϐύτερος
2459 3611 2746 3670 ἀναλαϐὼν
2797 3612 2982 3671 οἷ’καὸε
3026 3618 3118 3673 τὸν
3168 3615 3542 3692 παραδοθέντα
3584 3641 3717 3674 νεα-

329 3713 502 3785 gebat
534 3726 600 3766 ac
641 3707 1094 3764 contestabatur.
1128 3703 1390 3760 Posthac
1424 3701 1679 3758 Joannes
1728 3701 1964 3771 quidem

2087 3702 2270 3772 νίσκον,
2301 3699 2509 3779 ἔτρεφε,
2542 3710 2811 3780 συνεῖχεν,
2857 3703 3078 3776 ἔθαλπε,
3127 3706 3190 3762 τὸ
3231 3706 3544 3764 τελευταῖον
3575 3707 3718 3778 ἐφώ-

322 3801 616 3873 Ephesum
652 3797 946 3869 profectus
967 3801 1094 3861 est;
1131 3792 1432 3864 presbyter
1459 3807 1592 3846 vero
1624 3789 1962 3845 adolescen-

321 3897 435 3946 tem
477 3887 588 3943 sibi
622 3887 902 3943 traditum
923 3884 984 3938 in
1001 3885 1238 3938 domum
1264 3897 1433 3937 suam
1457 3878 1804 3950 suscipiens,
1827 3878 1965 3934 edu-

318 3975 910 4047 cando,continendo,
943 3972 1186 4027 fovendo
1218 3985 1453 4041 operam
1487 3968 1700 4035 dabat;
1737 3984 1802 4023 ac
1831 3974 1960 4022 tan-

2071 3811 2208 3847 τισε.
2245 3791 2340 3847 Καὶ
2375 3793 2510 3865 μετὰ
2535 3796 2698 3848 τοῦτο
2748 3793 2920 3872 ὑφῆκε
2952 3801 3054 3864 τῆς
3095 3794 3350 3852 πλείονος
3402 3797 3720 3871 ἐπιμελείας

2076 3880 2165 3935 καὶ
2213 3880 2630 3959 παραφυλακῆς,
2679 3883 2753 3944 ὼς
2797 3885 2862 3938 τὸ
2904 3883 3092 3940 τέλεον
3139 3885 3290 3958 αύτῷ
3346 3891 3717 3964 φυλακτήριον

2069 3970 2360 4040 ἐπιστήσας
2387 3971 2488 4040 τὴν
2535 3969 2805 4048 σφραγῖδα
2851 3976 2947 4026 τοῦ
2997 3973 3214 4049 Κυρίου.
3261 3979 3347 4048 Τῷ
3391 3973 3449 4030 δὲ
3486 3975 3720 4042 ἀνέσεως

318 4069 447 4132 dem
481 4082 645 4123 sacro
679 4063 1029 4135 baptismate
1071 4060 1342 4114 initiavit.
1377 4058 1660 4129 Deinceps
1691 4057 1962 4112 sacerdos

2087 4059 2168 4166 ιρρ
2196 4054 2342 4168 ὥρας
2369 4053 2661 4168 λαόρμένιμ
2690 4061 3146 4168 προσφθρξρονταί
3193 4084 3336 4127 τινες
3383 4063 3576 4134 ἥλικες
3616 4067 3714 4142 ἀρ-

314 4160 386 4214 de
416 4155 814 4229 pristinacura
835 4156 1010 4222 atque
1037 4147 1595 4219 custodiapaulatim
1611 4147 1857 4213 remisit,
1899 4155 1962 4202 ut

2087 4147 2175 4216 νοέ,
2223 4149 2312 4202 καὶ
2372 4147 2771 4224 ἀπεῤῥωγότες,
2829 4147 3013 4214 ἐθάδες
3069 4156 3268 4209 κακῶν.
3329 4153 3431 4209 Καὶ
3493 4158 3712 4228 πρῶτον

313 4247 409 4318 qui
443 4245 766 4318 perfectum
802 4240 852 4295 ei
883 4244 1170 4306 tutamen,
1205 4253 1270 4291 ac
1301 4251 1415 4307 quo
1448 4241 1684 4290 cautum
1717 4236 1958 4291 omnino

2066 4238 2159 4310 μὲν
2196 4233 2267 4291 δι’
2295 4236 2583 4293 ἑστιάσεων
2607 4235 2836 4293 πολλῶν
2861 4238 3181 4295 πολυτελῶν
3204 4241 3364 4297 αὐτὸν
3397 4240 3712 4319 ἐπάγονται·

312 4335 477 4405 foret,
512 4331 744 4390 Domini
777 4328 1153 4401 signagulum
1180 4324 1570 4381 adhibuisset.
1606 4323 1776 4379 Illum
1818 4339 1956 4396 ergo

2089 4325 2178 4381 ἴτά
2222 4346 2328 4380 που
2373 4325 2463 4380 καὶ
2510 4326 2722 4403 νύκτωρ
2777 4325 2865 4381 ἐπὶ
2912 4324 3280 4400 λωποδυσίαν,
3336 4329 3560 4400 ἐξιόντες
3591 4353 3717 4388 συν-

317 4427 668 4496 praamatura
700 4418 946 4491 potitum
979 4416 1267 4483 libertate,
1291 4413 1544 4485 aequales
1565 4413 1806 4484 quidam
1841 4412 1954 4468 sibi

2087 4414 2367 4490 πάγονται·
2395 4415 2508 4469 εἶτά
2531 4436 2582 4469 τι
2631 4417 2718 4470 καὶ
2774 4421 2964 4488 μεῖζον
3010 4416 3374 4491 συμπράττειν
3404 4419 3613 4491 ἠξίουν.
3647 4422 3711 4480 Ὁ

312 4514 663 4584 adjungunt,
683 4509 914 4564 desides
938 4521 1005 4562 ac
1024 4502 1392 4566 dissoluti,et
1417 4501 1657 4572 ﬂagitiis
1673 4500 1950 4558 omnibus

2087 4504 2127 4558 se
2155 4509 2270 4557 κατ’
2295 4501 2481 4577 ὀλίγον
2531 4503 2926 4577 προσειθίζετο,
2956 4505 3046 4559 καὶ
3092 4503 3182 4560 διὰ
3227 4506 3455 4580 μέγεθος
3503 4508 3717 4586 φύσεως

309 4599 642 4657 assuefacti.
677 4599 754 4652 Ac
777 4595 1034 4668 primum
1060 4592 1292 4663 quidem
1321 4590 1648 4662 magniﬁcis
1672 4590 1950 4646 conviviis

2087 4593 2272 4660 κστὰς,
2324 4587 2505 4667 ὥσπερ
2551 4589 2789 4665 ἄστομος
2830 4594 2921 4647 καὶ
2981 4591 3249 4669 εὔρωστος
3299 4595 3490 4669 τίππος,
3543 4596 3716 4674 ὀρθῆς

307 4695 585 4764 juvenem
621 4686 874 4742 illiciunt
901 4701 914 4739 :
945 4687 1118 4738 noctu
1155 4681 1363 4736 deinde
1393 4681 1463 4736 ad
1493 4679 1830 4750 spoliandos
1852 4680 1957 4735 ob-

312 4783 436 4836 vios
466 4777 685 4851 egressi
717 4789 917 4832 secum
949 4771 1192 4827 trahunt
1213 4789 1227 4837 ;
1251 4769 1386 4824 inde
1408 4769 1476 4824 ad
1513 4769 1794 4838 majorem
1827 4785 1956 4825 sce-

323 4869 506 4925 lerum
528 4866 861 4922 societatem
881 4863 1284 4916 cohortantur.
1307 4861 1379 4912 At
1400 4857 1498 4911 ille
1516 4856 1737 4912 sensim
1759 4873 1958 4912 assue-

313 4959 515 5014 scebat
543 4949 990 5027 pravitati,genii
1025 4947 1426 5021 magnitudine
1445 4961 1510 5000 ac
1537 4945 1840 5017 praestanti
1875 4945 1960 4999 in-

313 5048 444 5104 dole
497 5045 656 5102 velut
699 5057 887 5115 equus
931 5038 1063 5094 duri
1093 5037 1209 5094 oris
1259 5036 1654 5106 robustusque
1710 5052 1744 5091 a
1799 5041 1956 5092 recto

311 5139 618 5209 abreptus,
642 5150 708 5191 ac
741 5133 968 5189 frenum
1012 5127 1310 5197 mordens,
1360 5124 1552 5180 acrius
1596 5125 1655 5180 in
1698 5141 1957 5197 praeceps

374 5293 439 5358 'X‘
473 5294 529 5350 P.
561 5293 669 5349 646
699 5289 808 5347 ED.
833 5283 1139 5344 POTTER.
1174 5283 1246 5356 (α)
1277 5279 1404 5338 Gal.
1435 5297 1512 5352 v1,
1532 5281 1588 5338 7.

379 5460 790 5546 (46)⁹Κλῆρρν,
839 5452 934 5546 ἕνα
988 5446 1854 5546 τέ*τινα.λκλζιλριιῖἶσωνὶῒβιῆςὶδεε-³
1889 5466 1959 5508 θα

309 5519 587 5599 Eusebio,
614 5519 812 5600 κλήρίμ
839 5524 929 5581 ἕνα
970 5527 1180 5600 γέ-τινα
1217 5519 1546 5600 κληρ-ιίξσειν.
1574 5522 1740 5600 Conf.
1799 5521 1955 5600 idem

307 5595 601 5662 Eusebius
629 5595 832 5657 εωιεξ.
856 5595 1004 5658 mu;
1036 5595 1141 5652 lib.
1171 5611 1263 5666 In,
1282 5595 1443 5662 0.23,
1473 5597 1780 5667 portatam
1801 5595 1958 5654 hanc

2065 4681 2216 4752 ὀδοῦ,
2247 4681 2338 4736 καὶ
2381 4681 2471 4735 τὸν
2506 4683 2737 4756 χαλινὸν
2789 4679 3048 4751 ἐνδακὼν,
3107 4683 3372 4756 μειζόνως
3421 4688 3559 4741 κατά
3603 4691 3713 4743 τῶν

2069 4773 2353 4850 βαράθρων
2377 4771 2619 4848 ἐφέρετο.
2669 4771 2972 4846 Ἀπογνοὺς
3022 4769 3080 4828 δὶ
3124 4772 3328 4836 τελέως
3369 4775 3467 4844 τήν
3512 4776 3563 4830 έν
3595 4781 3715 4850 Θεῷ

2065 4860 2359 4936 σωτηρίαν,
2393 4857 2546 4914 οὐδὲν
2602 4855 2680 4914 ἔτι
2733 4860 2924 4935 μικρὸν
2968 4859 3251 4934 διενοεῖτο,
3301 4862 3446 4919 ἀλλὰ
3496 4865 3629 4938 μέγα
3655 4886 3708 4920 τι

2010 4962 2012 4965 ’
2064 4950 2289 5024 πράξας,
2323 4944 2616 5021 ἐπειδήπερ
2642 4945 2776 5018 ἅπαξ
2800 4947 3110 5019 ἀπόλωλεν,
3145 4949 3235 5005 ἴσα
3261 4957 3379 5016 τοῖς
3398 4951 3594 5015 ἄλλοις
3611 4975 3712 5009 πα-

2066 5039 2177 5092 θεῖν
2205 5038 2383 5110 ἡξίου·
2417 5035 2622 5098 Αὐτοὺς
2667 5034 2724 5092 δὲ
2768 5037 2994 5100 τούτους
3045 5035 3331 5095 ἀναλαϐὼν
3375 5041 3464 5096 καὶ
3508 5039 3712 5118 λῃστή-

2064 5146 2184 5201 ριον
2217 5127 2610 5204 συγκροτήσας,
2640 5123 2864 5200 ἕτοιμος
2895 5124 3212 5204 λῂσταρχος
3236 5131 3326 5200 ἦν,
3377 5125 3708 5203 ϐιαιότατος,

2064 5451 2500 5653 Ξέῗέἓῖζξιέοι.
2557 5523 2805 5597 Smyrna
2861 5527 3006 5595 erat,
3049 5525 3099 5583 si
3157 5527 3356 5588 Chron.
3404 5529 3708 5590 Αιεωατιὰν.

3649 292 3760 350 διδ
3824 326 3829 332 .
