4078 6146
250 373 353 430 649

1402 364 1617 420 LIBER
1655 365 1822 429 QUIS
1859 363 2074 420 DIVES
2109 365 2511 422 SALVETUR.

3553 364 3660 419 650

254 497 701 578 μιαιφονώτατος,
755 490 1175 578 χαλεπώτατος.
1215 488 1421 578 Χρόνος
1471 488 1525 578 ἐν
1591 489 1761 578 μέσῳ,
1805 487 1895 543 καί

2029 490 2327 548 Terebatur.
2353 491 2502 547 347
2535 490 2668 547 Jam
2700 490 2899 563 itaque
2926 506 3166 562 prorsus
3196 491 3423 563 abjecta
3443 507 3549 565 spe
3569 508 3665 548 sa-

252 576 389 652 τινος
436 583 804 653 ἐπιπεσούσης
850 577 1063 655 χρείας,
1095 576 1421 633 ἀνακαλοῦσι
1478 577 1571 631 τὸν
1617 576 1897 645 Ἰωάννην.

251 682 308 739 ‘0
359 678 435 751 δὲ,
469 671 660 743 ἐπειδὴ
718 671 787 726 τὰ
832 667 980 725 ἄλλα
1022 664 1094 722 ὧν
1143 667 1306 743 χάριν
1366 669 1465 735 ἧκε
1512 666 1900 736 κατεστήσατν,

259 794 285 823 ‹‹
330 766 463 842 Ἄγε
515 762 612 833 δὴ,
668 756 795 836 ἔφη,
855 757 902 812 ὦ
955 756 1243 827 ἐπίσκοπε,
1289 755 1388 823 τὴν
1441 756 1897 829 παρακαταθήκην

264 854 456 918 ἀπόδος
487 858 650 926 ἡμῖν,
683 853 747 920 ἣν
781 847 887 923 ἐγώ
917 866 977 900 τε
1007 846 1093 900 καὶ
1140 847 1168 899 6
1218 846 1412 920 Σωτήρ
1473 865 1556 899 σοι
1596 863 1898 917 παρακατε-

262 946 454 1019 θέμεθα
476 941 567 997 ἐπὶ
596 947 695 1010 τῆς
729 932 1080 1017 Ἐκκλησίας,
1104 936 1169 1002 ἧς
1200 934 1535 1009 προκαθέζῃ,
1568 931 1900 1006 μάρτυρος.»

267 1036 323 1092 Ὁ
352 1031 409 1088 δὲ
461 1032 525 1087 τὸ
574 1030 667 1098 μὲν
714 1029 925 1100 πρῶτον
986 1019 1282 1098 ἐξεπλάγη,
1316 1022 1580 1096 χρήματα
1623 1019 1900 1093 οἷ’όμενος,

272 1124 395 1199 ἅπερ
451 1120 549 1176 οὐκ
581 1111 760 1186 ἔλαϐε,
792 1112 1242 1186 συκοφαντεῖσθαι
1278 1130 1290 1143 ·
1323 1110 1413 1166 καὶ
1463 1107 1586 1165 οὔτε
1630 1107 1900 1163 πιστεύειν

271 1197 407 1288 εἶχεν
461 1210 591 1283 ὑπὲρ
642 1203 712 1262 ὧν
765 1202 864 1258 οὐκ
893 1202 1065 1276 εἶχεν,
1099 1197 1227 1255 οὕτο
1259 1200 1500 1264 ἀπιστεῖν
1537 1198 1781 1274 Ἰωάννῃ.
1816 1198 1904 1261 Ὠς

269 1298 322 1356 δὲ
349 1320 360 1331 ·
398 1320 425 1353 σ
457 1298 563 1356 Τὸν
590 1294 885 1364 νεανίσκον,
915 1290 1082 1360 εἶπεν,
1100 1289 1313 1345 ἀπαιτῶ
1341 1289 1431 1345 καὶ
1458 1289 1557 1357 τὴν
1590 1288 1775 1363 ψυχὴν
1805 1290 1904 1342 τοῦ

264 1386 513 1465 ἀδελφοῦ,
547 1409 577 1437 ››
620 1381 870 1452 στενάξας
927 1381 1040 1455 (48)
1096 1376 1331 1465 κάτωθεν
1391 1378 1419 1431 6
1467 1371 1775 1452 πρεσϐύτης
1813 1374 1903 1430 καί

262 1498 309 1532 τι
359 1462 447 1531 καὶ
498 1470 859 1547 ἐπιδακρύσας
896 1488 907 1500 ·
943 1492 972 1521 ‹‹
1001 1469 1262 1539 Ἐκεῖνος,
1302 1462 1428 1545 ἔφη,
1476 1467 1721 1536 τέθνηκε.
1755 1468 1900 1533 Πῶς,

265 1566 345 1622 καὶ
397 1564 520 1619 τίνα
562 1560 974 1631 θάνατον;Θεῷ
1011 1557 1292 1628 τέθνηκεν,
1341 1556 1508 1611 εἶπεν.
1548 1549 1752 1625 Ἀπέϐη
1802 1553 1903 1628 γὰρ

268 1655 496 1729 πονηρὸς
523 1652 613 1706 καὶ
667 1649 903 1720 ἐξώλης,
933 1646 1023 1701 καὶ
1080 1646 1143 1700 τὸ
1190 1644 1511 1720 κεφάλαιον,
1542 1642 1751 1718 λῃστής
1774 1662 1786 1676 ⁸
1815 1641 1905 1696 καὶ

273 1749 354 1800 νῦν
381 1743 491 1798 ἀντὶ
522 1747 625 1810 τῆς
653 1736 950 1809 ἐκκλησίας
979 1736 1042 1790 τὸ
1073 1732 1201 1810 ὄρος
1230 1732 1527 1809 κατείληφε
1560 1734 1676 1805 μεθ’
1708 1730 1904 1804 ὁμοίου

2014 578 2155 634 lutis
2181 596 2247 634 ex
2271 586 2384 635 Deo
2409 580 2839 652 consequenda,
2867 578 3011 634 nihil
3037 579 3190 635 ultra
3213 581 3504 637 mediocre
3538 580 3663 637 ani-

2014 684 2110 723 mo
2137 669 2523 742 designabat;
2576 669 2677 726 sed
2709 668 2918 741 grandi
2963 669 3160 742 aliquo
3203 674 3534 742 perpetrato
3568 670 3662 727 fa-

2014 756 2230 827 cinore,
2282 758 2438 829 quod
2486 758 2671 814 semel
2728 759 3000 829 perierat,
3049 758 3175 830 pari
3219 758 3463 831 reliquis
3499 760 3658 817 exitu

2011 845 2171 901 luere
2193 847 2428 902 vixdum
2462 846 2890 903 reluctantibus
2940 847 3152 903 animis
3184 848 3494 921 cogitabat.
3534 848 3656 905 Illis

2012 934 2195 1007 igitur
2226 936 2368 1005 ipsis
2388 936 2734 1008 assumptis.
2754 936 3140 1006 institutoque
3161 936 3458 993 latronum
3481 936 3659 994 colle-

2013 1025 2129 1097 gio,
2164 1025 2283 1080 dux
2313 1025 2432 1096 ipse
2461 1025 2755 1081 latronum
2788 1025 2944 1080 baud
2968 1026 3226 1099 segniter
3249 1032 3408 1097 erat;
3442 1027 3660 1083 violen-

2014 1114 2118 1180 tia,
2154 1113 2410 1170 czedibus
2463 1118 2640 1185 atque
2691 1114 2997 1170 atrocitate
3039 1120 3281 1172 cunctos
3316 1116 3656 1189 superabat.

2014 1202 2329 1274 Aliquanto
2381 1206 2511 1275 post
2541 1209 2821 1275 tempore,
2870 1219 3003 1259 cum
3037 1203 3168 1259 novi
3198 1204 3423 1277 aliquid
3455 1220 3659 1262 neces-

2017 1293 2157 1347 sarii
2188 1293 2380 1364 operis
2412 1295 2511 1347 aut
2558 1292 2777 1365 negotii
2810 1292 3138 1360 incidisset,
3169 1293 3385 1350 iterum
3417 1293 3489 1350 ad
3528 1308 3658 1349 eam

2018 1383 2221 1436 urbem
2269 1381 2489 1437 accitus
2518 1387 2607 1437 est
2642 1381 2922 1438 Joannes.
2973 1382 3081 1447 Qui
3113 1398 3249 1438 cum
3293 1383 3574 1452 venisset,
3605 1387 3665 1440 et

2018 1475 2228 1526 cuncta
2257 1486 2508 1541 quorum
2536 1469 2725 1542 gratia
2755 1476 3011 1539 venerat,
3047 1472 3412 1528 ordinasset:
3447 1494 3474 1523 α
3507 1476 3662 1543 Age-

2019 1561 2184 1626 dum,
2217 1559 2429 1630 inquit,
2453 1559 2742 1631 episcope,
2767 1560 2944 1616 redde
2966 1561 3134 1616 nobis
3152 1560 3484 1632 depositum
3504 1560 3661 1633 quod

2017 1663 2123 1720 ego
2156 1650 2372 1720 pariter
2400 1654 2456 1705 et
2500 1648 2767 1705 Christus
2811 1650 2916 1705 tibi
2950 1650 3517 1719 commendavimus,
3549 1650 3660 1705 sub

2018 1736 2291 1793 Ecclesiae
2313 1737 2406 1793 cui
2437 1754 2618 1810 precs
2640 1739 3220 1812 prmsentia,ipsaque
3240 1756 3437 1796 coram
3454 1743 3657 1797 teste.»

277 1833 672 1910 στρατιωτικοῦ.
715 1851 743 1879 ››
788 1824 1278 1901 Καταρρηξάμενος
1330 1820 1423 1877 οὖν
1471 1823 1571 1892 τήν
1631 1821 1829 1890 ἐσθῆνα
1877 1820 1906 1874 6

283 1923 297 1932 ι
357 1921 367 1932 ι
465 1917 485 1932 κ
709 1917 723 1932 \
888 1915 902 1932 \
1085 1912 1125 1932 ’Ἰ
1293 1911 1307 1932 Ί
1451 1918 1479 1929 ~
1608 1909 1628 1932 Ἴ
1689 1910 1709 1932 Ρ
1730 1912 1743 1932 7.
1799 1928 1873 1932 -..-
1902 1930 1912 1932 μ

2029 1826 2103 1881 Ad
2138 1826 2253 1882 haec
2302 1826 2614 1898 episcopus
2646 1828 2836 1898 primo
2887 1828 3128 1899 quidem
3160 1829 3375 1884 morari
3400 1845 3476 1889 ,ac
3506 1833 3660 1885 atto-

275 1917 593 1987 ἀπόστολος,
636 1917 725 1973 καὶ
780 1915 913 1989 μετὰ
964 1912 1210 1989 μεγάλης
1259 1911 1514 1986 οἰμωγῆς
1564 1909 1914 1981 πληξάμενος

2029 1914 2212 1969 nitum
2241 1930 2389 1985 esse,
2424 1932 2559 1970 cum
2590 1916 2953 1972 existimaret
2977 1917 3309 1989 pecuniam,
3340 1933 3520 1989 quam
3542 1933 3658 1973 non

271 2013 362 2082 τήν
391 2008 634 2089 κεφαλήν
666 2026 678 2038 ·
718 2028 747 2059 ‹‹
782 2002 957 2060 Καλόν
981 2024 1062 2078 γε,
1094 2000 1220 2079 ἔφη,
1248 1999 1467 2089 ,ιρύλακα
1494 2006 1595 2069 τῆς
1639 1995 1914 2089 τάδελφοῦ

269 2104 444 2176 ψυχῆς
466 2085 791 2154 κατέλιπον.
824 2091 980 2149 Ἀλλ’
1007 2089 1178 2153 ’ίππος
1218 2088 1328 2161 ἤδη
1366 2110 1457 2164 μοι
1520 2086 1791 2176 παρέστω,
1821 2085 1910 2140 καὶ

267 2173 483 2264 ἡγεμὼν
517 2185 750 2262 γινέσθω
783 2182 876 2256 μοί
909 2202 991 2243 τις
1022 2187 1122 2249 τῆς
1173 2178 1323 2235 ὁδοῦ.
1359 2201 1388 2230 ››
1420 2176 1682 2264 Ἐλαυνεν
1729 2173 1910 2264 ὥσπερ

269 2262 406 2353 εἶχεν
438 2274 659 2339 αὐτόθεν
692 2272 798 2328 ἀπὸ
841 2273 942 2340 τῆς
991 2266 1303 2338 ἐκκλησίας.
1339 2265 1545 2330 Ἐλθὼν
1606 2262 1664 2319 δὲ
1716 2263 1793 2325 εἷς
1848 2262 1911 2318 τὸ

264 2352 492 2444 χωρίον,
528 2364 632 2419 ὑπὸ
661 2368 764 2432 τῆς
802 2357 1163 2435 προφυλακῆς
1192 2360 1300 2411 τῶν
1349 2354 1561 2444 λῃστῶν
1608 2352 1908 2444 ἁλίσκεται,

272 2439 404 2530 μήτε
433 2452 670 2531 φεύγων,
707 2450 846 2523 μήτε
875 2447 1333 2521 παραιτούμενος,
1364 2441 1701 2518 ἁλλάλβοῶνο
1725 2464 1753 2492 ‹‹
1788 2439 1911 2494 Ἐπὶ

265 2546 407 2601 τοῦτ’
440 2541 705 2613 ἐλήλυθα,
736 2538 823 2593 ἐπὶ
855 2537 947 2592 τὸν
976 2532 1219 2610 ἄρχοντα
1249 2534 1400 2606 ὑμῶν
1433 2531 1722 2608 ἀναγαγετὲ
1756 2551 1842 2603 με.
1881 2553 1910 2581 ››

262 2639 353 2696 ⁸ος
381 2628 541 2698 τέως,
572 2628 756 2704 ὥσπερ
788 2625 1058 2697 ὥπλιστο,
1090 2622 1363 2696 ἀνέμενεν.
1396 2622 1483 2683 Ὦς
1534 2617 1592 2674 δὲ
1619 2618 1914 2693 προσιόντα

261 2721 519 2800 ἐγνώρισε
562 2723 656 2775 τὸν
689 2717 969 2787 Ἰωάννην,
1001 2714 1077 2775 εἷς
1131 2712 1309 2800 φυγὴν
1366 2707 1630 2800 αίδεσθεῖς
1688 2706 1909 2800 ἐτράπε-

262 2796 345 2869 το.
374 2796 439 2869 Ὁ
470 2807 528 2865 δὲ
558 2805 777 2864 ἐδίωκεν
810 2805 911 2860 ἀνᾶ
938 2804 1160 2877 κράτος,
1193 2798 1592 2873 ἐπιλαθόμενος
1635 2804 1734 2867 τῆς
1778 2796 1910 2867 ἡλι-

266 2901 384 2963 κίας
413 2905 512 2967 τῆς
543 2897 757 2965 ἑαυτοῦ,
787 2892 1063 2971 κεκραγώς
1097 2910 1109 2923 ·
1149 2916 1170 2942 ε
1204 2891 1265 2944 Τί
1319 2910 1386 2963 με
1433 2888 1671 2967 φεύγεις,
1699 2886 1908 2956 τέκνον,

266 2991 357 3046 τὸν
389 2990 584 3043 σαυτοῦ
613 2983 839 3062 πατέρα,
870 2982 965 3038 τὸν
1012 2980 1244 3056 γυμνὸν,
1275 2979 1366 3034 τὸν
1414 2975 1641 3053 γέροντα
1673 2997 1688 3046 ς
1722 2976 1912 3045 Ἐλέη-

268 3080 356 3134 σόν
390 3098 478 3152 με,
508 3074 689 3131 τέκνον
725 3093 738 3106 ·
778 3073 855 3149 μὴ
905 3066 1079 3146 φοϐοῦ
1110 3089 1118 3099 ·
1155 3062 1303 3144 ἔχεις
1358 3062 1436 3122 ἔτι
1491 3072 1636 3136 ζωῆς
1692 3063 1908 3122 ἐλπίδα.

269 3167 410 3242 Ἐγὼ
440 3167 658 3242 Χριστῷ
689 3162 850 3217 δώσω
880 3157 1042 3235 λόγον
1078 3158 1208 3231 ὑπὲρ
1250 3178 1345 3212 σου
1376 3177 1387 3189 ·
1422 3152 1481 3210 ἂν
1535 3153 1647 3229 δὲῃ,
1677 3155 1767 3209 τὸν
1819 3153 1909 3208 σὸν

273 3238 497 3323 θάνατον
530 3253 670 3310 ἐκὼν
705 3252 985 3325 ὑπομενῶ,
1018 3248 1093 3311 ὡς
1124 3249 1153 3302 6
1184 3246 1383 3320 Κύριος
1412 3246 1504 3301 τὸν
1542 3245 1675 3318 ὑπὲρ
1720 3246 1879 3317 ἡμων
1903 3263 1915 3275 ο
1952 3238 1995 3304 C

280 3348 411 3423 ὑπὲρ
457 3350 553 3401 σοῦ
577 3347 675 3415 τὴν
708 3343 895 3418 ψυχήν
932 3337 1212 3396 ἀντιδώσω
1257 3339 1357 3407 τήν
1416 3332 1921 3423 ἐμήν.Στῆθι,πία

278 3456 498 3493 στευσον
534 3453 547 3466 ·
605 3432 832 3507 Χριστός
894 3450 962 3503 με
1014 3424 1347 3483 ἀπέστειλεν.
1386 3449 1413 3477 ››
1467 3427 1528 3483 Ὁ
1574 3422 1632 3479 δὲ
1689 3422 1919 3483 ἀκούσας

278 3530 497 3603 πρῶτον
533 3523 627 3597 μὲν
658 3518 783 3590 ἔστη
815 3520 964 3575 κάτω
998 3516 1216 3594 βλέπων
1260 3535 1272 3548 ·
1307 3516 1416 3570 εἶτα
1446 3510 1633 3603 ἔρριψε
1656 3513 1722 3567 τὰ
1753 3508 1919 3603 ὅπλα,

279 3595 391 3672 εἶτα
416 3595 632 3689 τρέμων
664 3606 825 3683 ἔκλᾳε
867 3611 1099 3679 πικρῶς.
1130 3601 1515 3681 Ιῐροσελθόντα
1571 3599 1628 3657 δὲ
1682 3601 1774 3656 τὸν
1831 3595 1923 3675 γέ-

277 3724 461 3781 ροντα,
492 3694 814 3776 περιέλαϐεν
846 3694 1299 3771 ἀπολογούμενος
1354 3696 1473 3753 ταῖς
1529 3689 1799 3781 οίμωγαῖς
1849 3689 1923 3750 ὡς

276 3775 522 3861 ἐδύνατο,
553 3775 642 3845 καὶ
670 3793 789 3850 τοῖς
839 3783 1062 3861 δάκρυσι
1098 3782 1495 3859 βαπτιζόμενος
1535 3778 1596 3835 ἐκ
1653 3775 1925 3852 διυτέρου,

277 3883 453 3956 μόνην
507 3877 873 3953 ἀποκρύπτων
928 3875 1028 3942 τήν
1084 3869 1280 3942 δεξιάν.
1328 3870 1384 3924 Ὃ
1442 3866 1500 3923 δὲ
1557 3867 1928 3956 ἐγγυώμενος,

274 3952 682 4043 ἐπομνύμενος,
716 3965 791 4029 ὡς
815 3961 999 4040 ἄφεσιν
1032 3959 1179 4032 αύτῷ
1208 3959 1355 4034 παρὰ
1381 3962 1478 4013 τοῦ
1527 3959 1789 4031 Σωτῆρος
1847 3952 1930 4009 εὕ-

280 4042 468 4130 ρηται,
523 4054 805 4129 δεόμενος,
869 4052 1202 4125 γονυπετῶν,
1244 4048 1410 4117 αὐτὴν
1458 4048 1557 4116 τὴν
1618 4042 1791 4116 δεξιὰν
1860 4044 1936 4106 ὡς

285 4148 392 4204 ὑπὸ
446 4152 549 4215 τῆς
614 4142 897 4218 μετανοίας
965 4136 1371 4213 κεκαθαρμένην
1452 4133 1791 4212 καταφιλῶν,
1847 4131 1934 4188 ἐπὶ

281 4238 384 4307 τὴν
438 4232 731 4305 ἐκκλησίαν
791 4230 1114 4305 ἐπανήγαγε.
1151 4226 1252 4284 Καὶ
1297 4223 1547 4300 δαψιλέσι
1599 4225 1693 4298 μὲν
1747 4222 1937 4299 εὐχαῖς

287 4322 690 4397 ἐξαιτούμενος,
723 4320 972 4395 συνεχέσι
1004 4315 1061 4372 δὲ
1105 4315 1375 4388 νηστείαις
1423 4312 1941 4386 συναγωνιζόμενος,

287 4410 581 4474 ποικίλαις
614 4409 673 4466 δὲ
701 4409 885 4486 ῥήσεσι
918 4408 1029 4481 (49)
1062 4405 1240 4481 λόγων
1271 4401 1587 4474 κατεπᾴδων
1636 4402 1800 4457 αὐτοῦ
1841 4401 1939 4469 τὴν

285 4505 546 4581 γνώμην,
577 4498 638 4556 οὐ
687 4499 952 4573 πρότερον
995 4493 1264 4581 ἀπῆλθεν,
1298 4494 1372 4556 ὥς
1425 4512 1576 4570 φασι,
1604 4491 1732 4581 πρὶν
1782 4489 1942 4581 αὐτόν

285 4578 591 4659 κατέστησε
661 4591 732 4662 τῇ
779 4583 1102 4657 Ἐκκλησία,
1161 4580 1343 4645 διδοὺς
1584 4578 1718 4655 μέγα
1772 4578 1945 4655 παρά-
1974 4602 2023 4667 D

294 4678 497 4758 δειγμα
529 4672 813 4752 μετανοίας
864 4671 1129 4745 ἀληθινῆς
1168 4669 1259 4726 καί
1318 4670 1450 4744 μέγα
1497 4669 1786 4758 γνώρισμα
1840 4688 1945 4723 πα-

297 4767 604 4846 λιγγενείας
677 4767 848 4841 (51),
900 4764 1162 4839 τρόπαιον
1235 4760 1572 4822 ἀναστάσεως
1654 4757 1954 4846 ἐλπιζομέ-

2022 2004 2361 2075 accepisset,
2413 2021 2448 2059 a
2490 2020 2552 2060 se
2585 2021 2687 2075 per
2729 2004 3090 2061 calumniam
3133 2006 3351 2079 repeti:
3402 2012 3460 2062 et
3505 2005 3662 2062 sicut

2022 2092 2301 2148 adhibere
2332 2093 2530 2160 fidem,
2566 2096 2629 2149 ut
2659 2110 2722 2150 se
2752 2094 2965 2150 habere
2998 2094 3361 2151 existimaret
3392 2110 3520 2167 qua:
3547 2110 3662 2150 uon

2018 2190 2082 2256 ἦ(
2111 2182 2386 2247 habebat,
2419 2182 2503 2238 sic
2552 2199 2657 2238 nec
2683 2183 2896 2239 Joanni
2947 2183 3214 2239 difﬁdere
3245 2183 3518 2240 audebat.
3549 2183 3662 2239 Sed

2021 2271 2118 2327 ubi
2150 2272 2402 2327 Joannes
2431 2288 2444 2326 :
2479 2294 2506 2321 «
2558 2271 2864 2340 Juvenem,
2898 2271 3111 2343 inquit,
3144 2276 3340 2342 repeto
3378 2275 3437 2328 et
3468 2270 3667 2327 fratris

2020 2359 2321 2423 animam;
2354 2382 2379 2409 ι)
2414 2360 2530 2415 alto
2562 2376 2739 2415 senex
2781 2360 2955 2416 ducto
3008 2360 3286 2433 suspirio,
3316 2361 3668 2433 vultumque

2018 2447 2293 2521 lacrymis
2323 2450 2584 2505 affusus:
2619 2471 2649 2500 «
2683 2449 2759 2505 Is.
2793 2451 2895 2519 ait,
2915 2454 3182 2506 mortuus
3212 2454 3320 2506 est.
3345 2450 3666 2519 Quomodo,

2020 2537 2216 2610 inquit
2245 2538 2522 2605 Joannes,
2549 2555 2614 2594 ac
2632 2555 2747 2611 quo
2771 2539 2977 2594 mortis
2999 2555 3212 2612 genere
3231 2539 3259 2595 ?
3275 2540 3412 2608 Deo,
3445 2539 3527 2595 ait
3544 2538 3665 2607 ille,

2021 2633 2291 2683 mortuus
2321 2631 2431 2683 est.
2465 2626 2658 2683 Malus
2708 2628 2926 2700 quippe
2956 2629 3142 2684 evasit
3170 2634 3227 2684 et
3266 2629 3567 2701 perditus;
3599 2644 3667 2686 ac

2021 2719 2174 2791 quod
2198 2719 2545 2787 maximum,
2570 2718 2751 2775 latro:
2805 2735 3080 2791 nuncque
3110 2721 3254 2776 adeo
3284 2736 3388 2792 pro
3420 2719 3668 2777 ecclesia

2020 2811 2275 2864 montem
2304 2808 2630 2880 occupavit,
2662 2825 2797 2864 cum
2826 2807 3122 2865 latronum
3155 2810 3279 2881 pari
3313 2809 3610 2867 satellitio.
3635 2830 3664 2861 ››

2019 2898 2121 2954 His
2155 2896 2373 2952 auditis
2404 2896 2711 2968 apostolus
2743 2897 2931 2956 scissa
2975 2902 3156 2955 veste.
3189 2904 3247 2955 et
3277 2915 3410 2956 cum
3439 2898 3666 2973 ingenti

2019 2985 2236 3059 gemitu
2268 2990 2445 3057 caput
2475 2986 2727 3043 feriens:
2771 3009 2798 3037 «
2833 2986 3059 3043 Bonum
3094 2992 3171 3057 te,
3195 2987 3411 3061 inquit,
3459 2989 3669 3044 animae

2023 3075 2222 3130 fratris
2243 3076 2549 3130 custodem
2569 3075 2846 3131 constitui
2874 3074 2887 3130 l
2912 3076 3022 3131 Sed
3041 3077 3167 3147 jam
3192 3076 3333 3135 mihi
3365 3081 3576 3149 praesto
3599 3075 3677 3133 sit

2027 3181 2213 3237 equus
2226 3168 2282 3219 et
2300 3164 2517 3235 aliquis
2536 3163 3007 3220 ductoritineris.
3028 3186 3055 3215 »
3075 3166 3214 3220 [nde
3227 3166 3299 3221 ab
3322 3164 3678 3235 ecclesia,ita

2033 3258 2098 3309 ut
2126 3257 2268 3318 erat,
2301 3252 2523 3309 concito
2554 3268 2705 3323 equo
2759 3251 2871 3307 iter
2901 3253 3256 3324 properavit.
3306 3257 3572 3324 Cumque
3601 3254 3676 3309 ad

2024 3340 2214 3395 locum
2248 3339 2519 3407 venisset,
2554 3340 2626 3393 ab
2660 3340 2731 3394 iis
2762 3338 2861 3410 qui
2884 3339 3161 3396 excubias
3186 3340 3436 3410 agebant
3481 3339 3669 3395 latro-

2026 3428 2201 3484 nibus
2229 3428 2495 3499 capitur;
2531 3442 2644 3481 non
2677 3425 2775 3483 ille
2804 3427 3005 3499 fugam
3038 3432 3263 3499 petens,
3297 3435 3400 3483 aut
3425 3427 3661 3483 veniam

2026 3517 2367 3587 deprecans,
2401 3516 2503 3571 sed
2534 3515 2832 3571 clamans:
2881 3537 2909 3565 «
2940 3519 3003 3572 In
3033 3516 3140 3572 hoc
3170 3516 3366 3589 ipsum
3410 3515 3562 3586 veni,
3596 3517 3667 3573 ad

2025 3610 2285 3662 vestrum
2320 3620 2412 3659 me
2432 3605 2640 3660 ducem
2663 3604 2944 3660 deducite.
2972 3627 3001 3655 »
3023 3605 3077 3662 ls
3095 3622 3226 3662 vero
3249 3609 3313 3661 ut
3331 3610 3455 3662 erat
3475 3622 3668 3663 arma-

2027 3699 2124 3750 tus
2154 3693 2389 3775 interim
2422 3694 2812 3764 exspectabat.
2830 3694 2939 3749 Sed
2972 3693 3070 3749 ubi
3095 3695 3463 3752 accedentem
3496 3712 3671 3770 agno-

2028 3784 2109 3840 vit
2137 3782 2446 3850 Joannem,
2479 3798 2594 3854 prae
2628 3782 2847 3853 pudore
2876 3783 2935 3837 in
2970 3783 3166 3855 fugam
3217 3799 3422 3841 versus
3452 3791 3561 3841 est.
3597 3790 3671 3841 At

2029 3873 2285 3929 Joannes
2314 3871 2454 3926 totis
2484 3870 2706 3927 viribus
2737 3871 2963 3928 concito
2994 3888 3190 3940 cursu,
3209 3873 3397 3929 etatis
3427 3873 3670 3945 oblitus,

2033 3959 2333 4016 hominem
2386 3959 2657 4030 persequi
2712 3960 2949 4027 institit,
3005 3959 3324 4017 identidem
3379 3961 3674 4019 clamans:

2037 4072 2066 4100 «
2091 4049 2235 4115 Quid
2259 4064 2351 4103 me
2369 4052 2592 4120 patrem
2613 4052 2804 4114 tuum,
2824 4048 2908 4103 fili
2929 4049 3084 4122 fugis
3110 4050 3416 4120 inermem,
3447 4052 3677 4107 senicu-

2038 4138 2160 4193 lum
2176 4136 2203 4192 ?
2225 4137 2496 4193 Miserere
2515 4136 2649 4206 mei,
2675 4137 2753 4192 fili
2784 4158 2798 4206 ;
2823 4137 2942 4194 noli
2966 4138 3211 4206 timere;
3236 4140 3430 4195 adhuc
3451 4139 3559 4195 tibi
3581 4158 3681 4196 su-

2041 4231 2235 4300 perest
2256 4226 2382 4281 vitae
2404 4242 2471 4281 ac
2492 4225 2704 4281 salutis
2726 4243 2882 4297 spes.
2909 4227 3026 4299 Ego
3048 4245 3149 4300 pro
3174 4232 3227 4283 te
3249 4228 3481 4285 Christo
3506 4229 3684 4284 ratio-

2042 4331 2176 4370 nem
2201 4314 2460 4370 reddam.
2501 4314 2558 4368 Si
2598 4313 2673 4368 sit
2694 4330 2862 4385 opus,
2886 4321 3049 4371 tuam
3076 4315 3202 4388 ipse
3223 4316 3414 4374 libens
3435 4321 3683 4374 mortem

2046 4403 2373 4469 sustinebo,
2390 4402 2886 4474 quemadmodum
2910 4403 3197 4461 Dominus
3218 4422 3323 4477 pro
3343 4405 3514 4463 nobis
3536 4423 3690 4463 mor-

2047 4497 2166 4549 tem
2197 4490 2351 4547 tulit.
2381 4491 2653 4546 Animam
2689 4506 2880 4548 meam
2913 4509 3015 4564 pro
3054 4497 3159 4549 tua
3184 4495 3465 4551 vicariam
3494 4493 3687 4552 dabo:

2054 4586 2146 4638 sta
2195 4580 2387 4649 modo,
2447 4584 2504 4635 et
2561 4580 2751 4636 crede.
2810 4586 2853 4635 A
2917 4581 3148 4639 Christo
3198 4583 3422 4640 missus
3470 4601 3692 4643 sum.»

2055 4669 2158 4725 His
2186 4668 2283 4723 ille
2313 4666 2555 4737 auditis,
2590 4668 2848 4738 primum
2906 4670 3144 4741 quidem
3186 4671 3353 4728 vultu
3388 4672 3448 4729 in
3477 4677 3695 4731 terram

2063 4757 2321 4814 demisso
2354 4757 2651 4812 substitit:
2686 4757 2896 4813 deinde
2945 4760 3220 4831 projectis
3262 4763 3467 4831 armis,
3499 4764 3704 4820 acerbe

297 4845 567 4933 v1;l:7(52),
601 4858 725 4913 ὅταν
756 4853 809 4910 ἐν
838 4856 909 4921 τῇ
940 4852 1222 4923 συντελείᾳ
1248 4854 1347 4905 τοῦ
1386 4848 1584 4912 αἰῶνος
1615 4848 1669 4902 οἱ
1725 4845 1918 4923 ἄγγελε

2065 4848 2206 4903 ﬂere
2254 4845 2448 4917 ccepit.
2492 4846 2875 4903 Accedentem
2922 4856 3056 4904 vero
3110 4865 3311 4907 senem
3342 4853 3704 4926 complexus,

295 4932 688 5018 roqulnomq
722 4945 1116 5018 μετανοοῦντας
1155 4936 1411 5009 δέξωνται
1468 4937 1543 4999 εἰς
1601 4936 1918 5011 ἐπουρανίου

2067 4934 2287 5008 gemitu
2314 4949 2381 4988 ac
2402 4932 2701 5001 lamentis,
2726 4950 2903 5004 quam
2928 4937 3179 4994 maxime
3200 4943 3446 5011 poterat,
3484 4943 3705 4999 crimen

305 5038 538 5108 σκηνὰς,
588 5031 831 5113 φαιδρῶς
884 5027 1201 5107 γεγηθότες,
1261 5027 1576 5100 ὑμνοῦντες,
1629 5023 1918 5100 ἀνοιγνύντε

2070 5022 2352 5089 diluebat,
2384 5028 2439 5076 et
2461 5021 2733 5093 lacrymis
2755 5022 2914 5078 velut
2935 5023 3118 5081 altero
3140 5029 3391 5096 quodam
3413 5029 3708 5102 baptismo

302 5130 437 5190 τοὺς
467 5122 732 5201 οὐρανούς
760 5142 773 5155 ·
805 5120 912 5196 πρὸ
944 5118 1001 5174 δὲ
1030 5117 1243 5174 πάντων
1278 5114 1436 5176 αὐτὸς
1468 5114 1496 5168 ὁ
1538 5114 1733 5186 Σωτὴρ
1786 5131 1960 5187 προα-

416 5276 482 5340 ›χ‹
511 5268 573 5324 Ρ.
605 5266 713 5321 950
741 5264 856 5321 an.
890 5261 1191 5320 POTTER.

2068 5110 2434 5183 expiabatur,
2467 5109 2653 5166 solam
2686 5111 2982 5168 dexteram
3027 5114 3349 5173 occultans.
3383 5118 3532 5175 Tum
3565 5136 3708 5193 apo-

383 5411 498 5483 (48)
531 5406 815 5478 Στενάξας.
859 5410 1115 5463 Anastas
1164 5403 1413 5472 Sinaita,
1447 5401 1683 5470 στενάζει
1719 5398 1855 5477 μέγα
1912 5404 1918 5453 ι

383 5482 513 5527 Hauc
553 5499 566 5513 ·
603 5480 718 5527 εἶτα
748 5476 988 5527 δακούει-
1022 5479 1186 5527 FELL.

2082 5393 2252 5454 παῖδα
2290 5397 2404 5472 μεθ’
2435 5395 2629 5452 ἑαυτοῦ
2657 5394 2709 5452 ἐν
2738 5401 2806 5472 τῇ
2830 5396 3126 5471 Ἐκκλτσίᾳ
3152 5402 3441 5478 συνήγαγε.
3475 5409 3559 5462 ID.

2150 5472 2261 5527 (51)
2294 5466 2695 5527 Παλιγγενείας.
2722 5472 2918 5527 Scribe
2940 5436 3377 5527 παλιγγενεσίας.

312 5476 513 5557 βάθους
530 5499 566 5557 _'
603 5476 724 5557 εἶτα
748 5476 1007 5557 δακρύεις.
1022 5479 1186 5557 FELL.

385 5542 765 5626 (θηήσαιο
798 5542 937 5609 οὸἀο
971 5550 1137 5626 Res-1
1171 5546 1344 5615 Gali»
1377 5546 1589 5620 σειρῆσι
1645 5542 1853 5617 λόγων»
1908 5548 1971 5601 ιιι

311 5627 374 5681 et
392 5619 648 5695 'Niceph:
680 5623 784 5695 lib.
818 5640 882 5692 ιι,
916 5639 966 5678 ο.
1002 5619 1195 5695 42119.

387 5679 1082 5768 (750)731806¢.Anastas.
1142 5689 1370 5747 Sinaita
1425 5688 1606 5754 addit,
1657 5679 1765 5747 ἓως
1807 5682 1971 5740 αὐτδν

591 5814 861 5876 Panos.
911 5810 1022 5872 Gn.
1071 5809 1177 5870 1x.

2150 5472 2261 5547 )
2291 5466 2695 5547 ῌαλιγγενείας.
2722 5466 3377 5547 ερζίὺοπαλιγγενεσίάςλ

2151 5538 2263 5615 (52)
2296 5538 2720 5624 Ἐλπίςομένης.
2764 5543 2856 5598 Sic
2904 5538 3173 5602 Anastas.
3223 5547 3479 5616 Sinaita;
3517 5546 3724 5624 βλεπο-

2088 5612 2281 5687 μένης,
2315 5612 2525 5668 Euseb.
2562 5614 2726 5669 FELL.

3371 5810 3445 5871 21
