4078 6146
399 284 501 340 651

1624 289 2033 344 CLEMENTIS
2070 288 2569 343 ALEXANDRINI

3698 281 3813 338 652

402 413 590 468 stolus
639 413 935 485 spondens
967 411 1354 485 dejeransque
1381 409 1608 470 veniam
1640 430 1702 470 se
1733 412 1817 469 illi
1850 430 1884 469 a
1912 412 2036 470 Sal-

2158 415 2326 482 παντᾷ
2381 407 2746 483 δεξιούμενος,
2779 411 2894 486 φῶς
2958 407 3161 484 ὀρέγων
3213 406 3424 477 ἄσκιον,
3478 403 3752 466 ἄπαυστον
3792 430 3806 444 θ

401 507 593 559 vatore
625 507 856 557 nactum
887 519 1038 570 esse,
1073 519 1365 574 oransque
1415 520 1482 559 ac
1513 503 1570 558 in
1620 520 1812 576 genua
1843 519 2043 576 provo-

402 593 583 658 lutus,
649 592 835 664 ipsam
861 592 1100 663 juvenis
1148 593 1472 662 dexteram,
1521 593 1680 650 velut
1702 597 1830 665 jam
1855 595 2042 665 paeni-

2155 498 2365 574 ὁδηγῶν
2399 498 2476 562 εἷς
2503 496 2630 561 τοὺς
2661 496 2903 558 κόλπους
2931 500 3028 553 τοῦ
3061 496 3294 572 Πατρὸς,
3326 496 3404 560 εἷς
3434 497 3532 567 τήν
3578 497 3807 556 αἰώοιον

2156 591 2324 660 ζωὴν,
2358 589 2436 652 εἷς
2461 589 2560 658 τὴν
2599 586 2875 662 βασιλείαν
2905 590 3012 641 τῶν
3047 587 3316 661 οὐρανῶν.
3355 586 3660 644 Πιστευέτω
3715 589 3808 644 καὶ

399 680 579 736 tentia
635 681 949 751 expiatam,
979 681 1344 751 exosculans,
1372 682 1570 754 ipsum
1632 683 1692 738 in
1738 682 2044 739 ecclesiam

2158 680 2318 736 ταῦτά
2337 699 2418 741 τις
2441 677 2530 733 καὶ
2561 681 2694 732 Θεοῦ
2729 677 3019 750 μαθηταῖς,
3050 676 3138 731 καὶ
3191 675 3438 752 ἐγγυητῇ
3485 681 3625 752 Θεῷ,
3665 699 3806 755 προ-

403 768 649 824 reduxit.
691 769 910 824 Exinde
961 771 1176 841 partim
1207 771 1431 826 crebris
1464 771 1828 827 orationibus
1859 771 2044 827 Deum

401 858 744 929 deprecans,
768 858 979 930 partim
1013 860 1369 915 continuatis
1402 877 1518 915 una
1554 877 1688 916 cum
1711 861 1932 932 juvene
1953 860 2046 930 je-

394 946 584 1018 juniis
624 946 802 1002 simul
833 947 1163 1017 decertans,
1217 949 1512 1021 variisque
1537 951 1792 1021 denique
1823 964 2047 1005 sermo-

405 1052 546 1090 num
575 1035 866 1091 illecebris
897 1036 1158 1092 animum
1191 1038 1319 1108 ejus
1350 1037 1712 1105 demulcens,
1745 1055 1858 1094 non
1883 1038 2048 1110 prius

404 1123 649 1192 destitit,
686 1129 751 1179 ut
785 1123 971 1194 aiunt,
995 1141 1171 1196 quam
1196 1124 1362 1180 illum
1403 1125 1574 1182 ﬁrma
1594 1127 1927 1182 constantia
1948 1127 2049 1181 Ec-

404 1211 590 1267 clesiae
620 1213 842 1284 gremio
893 1213 1282 1282 admovisset;
1338 1229 1551 1286 magno
1582 1231 1731 1270 verae
1762 1215 2051 1287 paeniten-

401 1301 495 1357 tiae
526 1301 790 1373 exemplo
823 1300 1444 1374 exhibito,grandique
1465 1303 1686 1358 iteratae
1717 1305 2048 1375 generatio-

405 1390 497 1446 nis
526 1392 904 1458 documento,
952 1395 1010 1446 et
1041 1391 1250 1446 futurae
1305 1393 1753 1449 resurrectionis
1785 1393 2048 1465 trophaeo

403 1480 662 1552 (quando
691 1481 750 1535 in
783 1479 1291 1536 consummatione
1323 1482 1518 1537 saeculi
1550 1481 1739 1553 angeli
1767 1498 1896 1538 vere
1928 1499 2047 1554 pce-

403 1569 657 1625 nitentes
689 1569 746 1623 in
773 1569 1208 1640 supercmlestia
1238 1569 1576 1626 habitacula
1605 1571 2046 1643 deportabunt).

403 1657 542 1712 hinc
571 1657 762 1730 angeli
794 1657 919 1713 laate
947 1659 1285 1730 gestientes,
1333 1658 1664 1731 laudantes,
1702 1659 1879 1716 cmlos
1908 1676 2048 1732 ape-

407 1747 654 1803 rientes:
711 1763 826 1818 prae
886 1747 1117 1802 cunctis
1172 1764 1305 1803 vero
1337 1748 1462 1820 ipse
1508 1748 1768 1804 Salvator
1817 1749 2045 1805 obviam

2083 1793 2132 1858 B

2155 768 2427 847 φητείαις,
2475 765 2851 843 Εὖαγγελίοις,
2895 763 3086 840 λόγοις
3123 764 3514 829 ἀποστολικοῖς
3542 787 3557 802 ο
3584 767 3802 832 τούτοις

2153 862 2326 927 συζῶν
2378 856 2469 912 καὶ
2516 857 2585 911 τὰ
2631 853 2744 911 ὦτα
2787 854 3026 930 ὑπέχων,
3060 853 3150 908 καὶ
3198 855 3264 910 τὰ
3311 851 3446 930 ἔργα
3490 855 3687 926 ἀσκῶν,
3715 856 3800 913 ἐπ’

2155 946 2322 1017 αὐτῆς
2352 953 2452 1015 τῆς
2482 943 2668 1016 ἐξόδου
2695 944 2758 1000 τὸ
2786 943 2945 1006 τέλος
2973 943 3064 998 καὶ
3093 943 3193 1013 τήν
3225 940 3479 1015 ἐπίδειξιν
3519 948 3626 1000 τῶν
3673 942 3794 1020 δογ-

2159 1037 2343 1110 μάτων
2375 1031 2585 1108 ὅψεται.
2617 1035 2678 1092 Ὁ
2703 1033 2803 1109 γὰρ
2835 1030 3060 1088 ἐνταῦθα
3087 1032 3178 1088 τὸν
3209 1031 3443 1108 ἄγγελον
3497 1040 3601 1104 τῆς
3641 1055 3798 1109 μετα·
3872 1023 3878 1026 4

2155 1129 2304 1188 νοίας
2327 1127 2440 1198 (53)
2461 1124 2818 1200 προσιέμενος
2850 1123 2914 1178 οὐ
2948 1125 3272 1196 μετανοήσει
3294 1119 3615 1196 τότε,ἡνίκα
3637 1124 3696 1180 ἂν
3716 1145 3807 1180 κα-

2153 1216 2364 1289 ταλίπῃ
2393 1215 2456 1270 τὸ
2487 1218 2667 1287 σῶμα,
2701 1209 2827 1267 οὐδὲ
2855 1213 3379 1287 καταισχυνθήσεται
3424 1214 3516 1268 τὸν
3569 1217 3808 1290 Σωτῆρα

2156 1303 2455 1380 προσιόντα
2489 1302 2622 1375 μετὰ
2649 1308 2751 1371 τῆς
2781 1300 2946 1356 αὐτοῦ
2978 1298 3138 1372 δόξης
3167 1301 3257 1357 καὶ
3315 1301 3589 1378 στρατείας
3624 1300 3752 1358 ἰδων
3786 1320 3802 1335 ⁸

2159 1393 2220 1449 οὐ
2262 1391 2403 1448 δέδιε
2448 1393 2512 1446 τὸ
2555 1396 2683 1463 πῦρ.
2723 1391 2787 1448 El
2839 1388 2896 1445 δέ
2942 1411 3026 1452 τις
3055 1391 3286 1466 αἱρεῖται
3322 1390 3494 1464 μένειν
3539 1391 3629 1447 καὶ
3683 1391 3804 1463 έξα-

2163 1485 2447 1558 μαρτοίνειν
2481 1478 2732 1536 ἑκάστοτε
2764 1478 2850 1534 ἐπὶ
2879 1485 2998 1541 ταῖς
3027 1477 3274 1552 ἡδοναῖς,
3301 1480 3392 1536 καὶ
3430 1481 3529 1549 τὴν
3583 1480 3811 1537 ἐνταῦθα

2157 1573 2367 1650 τρυφὴν
2412 1572 2512 1634 τῆς
2568 1568 2794 1623 αἰωνίου
2862 1573 3006 1638 ζωῆς
3081 1573 3349 1645 προτιμᾷ,
3397 1571 3488 1624 καὶ
3558 1566 3810 1634 διδόντος

2157 1666 2253 1717 τοῦ
2304 1658 2565 1735 Σωτῆρος
2609 1655 2793 1736 ἄφεσιν
2845 1658 3279 1737 ἀποστρέφεται·
3329 1661 3472 1732 μήτε
3523 1661 3617 1716 τὸν
3675 1661 3808 1716 Θεὸν

2161 1747 2260 1823 ἔτι,
2297 1752 2435 1824 μήτε
2464 1749 2554 1804 τὸν
2586 1747 2848 1815 πλοῦτον,
2880 1749 3021 1822 μήτε
3047 1748 3109 1802 τὸ
3139 1754 3464 1824 προσπεσεῖν
3523 1748 3810 1822 αἰτιάσθω,

407 1838 596 1891 factus
612 1836 1038 1892 humanissime
1056 1837 1327 1909 suscipit,
1349 1837 1540 1894 lucem
1566 1839 1852 1910 praebens,
1870 1855 2047 1910 quam

2158 1843 2259 1910 τήν
2288 1837 2344 1894 δὲ
2372 1839 2564 1909 ἑαυτοῦ
2603 1838 2788 1912 ψυχὴν
2845 1838 3107 1899 ἑκουσίως
3151 1835 3566 1911 ἀπολλυμένην.
3599 1841 3694 1913 Τῷ
3753 1837 3813 1895 δὶ

409 1924 582 1979 nullae
610 1929 674 1993 :14
702 1925 986 1981 oll'uscant
1007 1926 1393 1994 tenebrae,nec
1415 1932 1681 2000 tempora
1703 1927 1821 1983 ulla
1849 1928 2050 1984 interi-

410 2018 612 2082 mant;
641 2015 850 2070 ductor
875 2015 999 2086 ipse
1028 2013 1086 2070 in
1120 2015 1315 2071 sinum
1341 2018 1550 2084 Patris,
1579 2017 1640 2073 in
1673 2018 1848 2074 vitam
1880 2024 2050 2074 aater-

411 2121 570 2172 nam,
619 2103 678 2158 in
729 2119 974 2176 regnum
1025 2103 1304 2161 caelorum
1347 2106 1456 2161 iter
1486 2123 1723 2178 parans.
1769 2107 1890 2164 Ista
1919 2106 2051 2179 quis

409 2193 629 2259 credat,
687 2193 979 2265 ﬁdemque
1037 2210 1170 2249 cum
1227 2193 1325 2249 Dei
1380 2194 1703 2266 discipulis,
1758 2200 1886 2252 tum
1934 2196 2052 2252 Deo

411 2283 678 2354 sponsori
695 2282 924 2350 habeat;
943 2284 1408 2354 prophetiarum,
1424 2285 2052 2357 Evangeliorum,apo-

407 2373 691 2428 stolorum
732 2372 922 2428 dictis.
964 2373 1069 2436 Qui
1102 2373 1157 2426 in
1218 2372 1310 2427 his
1364 2372 1542 2428 vitam
1598 2375 1888 2441 instituat,
1942 2392 2053 2431 au—

2161 1924 2511 1985 έπιϐλέποντι
2560 1928 2660 1996 τήν
2710 1925 2978 2001 σωτηρίαν
3037 1925 3129 1981 καὶ
3177 1927 3463 1998 ποθοῦντι,
3520 1928 3611 1984 καὶ
3673 1930 3810 2003 μετὰ

2161 2015 2426 2078 ἀναιδείας
2478 2016 2568 2070 καὶ
2622 2014 2742 2089 βίας
2801 2013 3039 2070 αἰτοῦντι
3085 2014 3353 2089 παρέξειν,
3382 2018 3480 2086 τὴν
3535 2015 3807 2088 ἀληθινὴν

2159 2108 2417 2181 κάθαρσιν
2443 2105 2533 2160 καὶ
2562 2106 2662 2174 τήν
2695 2101 2954 2178 ἄτρεπτον
3008 2105 3152 2174 ζωὴν
3191 2102 3351 2159 δώσει
3383 2105 3412 2160 ὸ
3443 2107 3629 2182 Πατήρ
3679 2107 3810 2183 ἀγά-

2163 2197 2254 2259 θὸς
2281 2198 2309 2251 ὁ
2338 2195 2389 2250 έν
2420 2199 2537 2258 τοῖς
2567 2192 2820 2270 οὐρανοῖς
2850 2212 2863 2226 °
2897 2192 2943 2266 ᾧ
2969 2190 3058 2248 διὰ
3081 2197 3179 2248 τοῦ
3211 2191 3411 2256 Παιδὸς
3440 2195 3622 2266 Ἰησοῦ
3666 2201 3809 2272 Χρι-

2163 2289 2311 2357 στοῦ,
2342 2288 2439 2338 τοῦ
2491 2282 2688 2357 Κυρίου
2733 2282 2947 2351 ζώντων
3005 2282 3096 2336 καὶ
3153 2287 3380 2358 νεκρῶν,
3429 2283 3519 2339 καὶ
3573 2281 3662 2340 διὰ
3710 2291 3813 2342 τοῦ

2161 2373 2316 2447 ἁγίου
2348 2369 2661 2442 Πνεῦματος
2702 2366 2785 2439 εἴη
2819 2366 2968 2441 δόξα,
2997 2371 3159 2441 τιμὴ,
3189 2370 3412 2444 κράτος,
3443 2370 3666 2437 αἰώνιος
3716 2396 3817 2448 με-

407 2476 649 2531 remque
682 2460 933 2532 praebeat
955 2469 1126 2532 atque
1149 2477 1326 2532 Opera
1355 2467 1635 2531 exerceat,
1658 2463 1770 2518 sub
1801 2463 1928 2534 ipso
1951 2481 2048 2520 ex-

2161 2460 2478 2538 γαλειότης,
2509 2458 2598 2513 καὶ
2627 2458 2719 2512 νῦν
2751 2458 2841 2513 καὶ
2876 2458 2978 2527 ἀεὶ,
3012 2458 3101 2513 καὶ
3135 2457 3213 2521 εἷς
3243 2459 3427 2534 γενεὰς
3475 2466 3700 2537 γενεῶν,
3730 2463 3823 2520 καὶ

405 2565 570 2604 cessu
594 2550 936 2621 dogmatum
955 2549 1133 2605 finem
1155 2549 1465 2621 ipsamque
1485 2550 1803 2606 exhibitam
1837 2554 2048 2608 verita-

2163 2552 2240 2614 εἷς
2267 2550 2396 2612 τοὺς
2428 2549 2625 2610 αἶ’ῶνας
2649 2552 2755 2603 τῶν
2788 2547 3026 2605 αἶώνων.
3044 2548 3259 2622 -Ἀμήν,

404 2644 518 2693 tem
543 2638 881 2710 conspiciet.
916 2639 1023 2704 Qui
1049 2640 1229 2711 enim:
1249 2639 1608 2711 paenitentiae
1643 2643 1917 2712 angelum
1944 2645 2115 2715 plane
2141 2643 2369 2715 recipit,
2403 2641 2559 2696 haud
2588 2655 2721 2696 eum
2752 2644 2892 2694 tunc
2923 2638 3041 2694 ulla
3072 2639 3371 2711 pcenitudo
3405 2641 3656 2715 incedet,
3686 2661 3827 2700 cum

405 2744 619 2800 corpus
651 2729 956 2800 reliquerit
984 2745 998 2796 ;
1036 2745 1138 2783 nec
1170 2729 1584 2797 confundetur,
1617 2730 1761 2784 dum
1791 2731 2141 2790 Salvatorem
2172 2749 2306 2789 cum
2341 2731 2647 2800 majestate
2686 2745 2794 2784 sua
2821 2727 3198 2800 exercituque
3230 2729 3559 2786 venientem
3591 2733 3824 2791 viderit.

406 2819 618 2874 Nullus
666 2819 822 2890 ignis
878 2819 1191 2874 exterrebit
1241 2823 1452 2874 metus.
1514 2819 1615 2875 Sin
1649 2825 1850 2876 autem
1909 2822 2203 2895 quispiam
2234 2840 2299 2878 eo
2360 2820 2560 2876 animo
2617 2819 2695 2873 sit
2728 2822 2794 2873 ut
2851 2833 3086 2873 manere
3119 2834 3184 2874 ac
3242 2819 3509 2890 quotidie
3541 2821 3600 2876 in
3657 2823 3824 2879 volu-

407 2908 666 2980 ptatibus
714 2907 984 2964 volutans
1043 2907 1386 2980 delinquere
1436 2909 1599 2980 velit,
1646 2912 2074 2984 praesentisque
2103 2913 2234 2968 vita:
2281 2910 2522 2966 delicias
2579 2913 2793 2963 aeterna
2823 2907 2940 2962 vita
2997 2907 3254 2979 potiores
3315 2909 3513 2974 ducat,
3573 2916 3755 2982 atque
3788 2931 3825 2968 a

407 2998 707 3054 Salvatore
757 2998 988 3054 veniam
1039 2997 1378 3069 indulgente
1437 2999 1648 3054 mentis
1680 3016 1854 3055 sensu
1890 3001 2202 3058 abhorreat
2231 3022 2245 3069 ;
2279 3001 2330 3055 is
2362 3015 2552 3070 neque
2582 2997 2793 3066 Deum,
2845 3013 3028 3067 neque
3059 2995 3318 3066 divitias,
3355 3012 3460 3054 nec
3487 3000 3642 3070 quod
3677 3007 3825 3058 ante

410 3087 614 3160 lapsus
671 3088 748 3142 sit
797 3087 855 3142 in
887 3086 1112 3142 crimen
1169 3092 1356 3153 vocet,
1417 3090 1516 3143 sed
1548 3105 1718 3144 suam
1774 3089 1962 3160 ipsius
1987 3089 2244 3146 animam
2304 3107 2431 3160 quae
2482 3087 2612 3159 ipsa
2665 3089 2870 3156 sponte
2902 3085 3170 3140 intereat.
3237 3084 3299 3140 Ei
3325 3101 3462 3140 vero
3523 3087 3619 3142 cui
3674 3103 3826 3146 cura

412 3177 621 3234 salutis
653 3181 739 3233 est
778 3193 844 3232 ac
894 3176 1203 3247 inspectio,
1235 3192 1482 3248 eamque
1509 3177 1827 3247 desiderat,
1861 3195 1926 3234 ac
1952 3195 2095 3250 pene
2123 3179 2386 3235 efﬂictim
2417 3178 2647 3248 vimque
2675 3176 2800 3246 ipse
2823 3173 3111 3230 adhibens
3143 3174 3401 3246 praebere
3433 3180 3618 3248 rogat,
3645 3179 3825 3234 Pater

411 3267 510 3323 ille
541 3267 730 3322 bonus
751 3265 853 3337 qui
879 3271 971 3321 est
997 3265 1057 3320 in
1080 3263 1262 3331 caelis,
1297 3281 1493 3322 veram
1514 3267 1990 3323 emundationem
2010 3267 2310 3340 vitamque
2331 3266 2548 3322 tribuet
2570 3263 2717 3319 nulli
2743 3262 3051 3318 mutationi
3073 3262 3415 3332 obnoxiam;
3446 3263 3537 3319 cui
3561 3279 3696 3320 cum
3721 3266 3825 3322 Fi-

411 3355 489 3413 lio
518 3357 658 3413 Jesu
717 3355 970 3424 Christo,
1003 3354 1102 3426 qui
1159 3354 1419 3410 vivorum
1468 3359 1526 3410 et
1555 3360 1919 3412 mortuorum
1955 3357 2235 3413 Dominus
2291 3361 2402 3424 est,
2437 3371 2539 3427 per
2568 3351 2852 3425 Spiritum
2903 3356 3198 3416 sanctum,
3256 3351 3335 3406 sit
3362 3351 3572 3423 gloria,
3605 3351 3822 3426 honor,

342 3513 344 3515 ,
409 3451 690 3516 potestas,
738 3449 951 3500 aeterna
1014 3444 1313 3515 majestas,
1348 3461 1502 3499 nunc
1559 3449 1618 3500 et
1660 3461 1913 3518 semper,
1946 3447 2094 3502 etin
2151 3444 2558 3518 generationes
2615 3440 3087 3514 generationum,
3125 3440 3306 3512 inque
3362 3439 3577 3497 saecula
3631 3459 3825 3501 saecu-

403 3534 617 3592 lorum.
651 3540 857 3591 Amen.

506 3653 570 3717 ἰ(
597 3658 661 3710 P.
690 3654 791 3708 951
825 3652 934 3709 ED.
967 3652 1266 3708 POTTER.

466 3772 580 3844 (53)
611 3770 920 3842 Respicere
947 3770 1180 3825 videtur
1209 3770 1564 3841 pmnitentize
1585 3770 1886 3842 angelum,
1905 3771 1978 3826 de
2008 3787 2124 3842 quo
2155 3771 2431 3841 frequens
2453 3768 2706 3826 occurrit
2737 3766 2957 3824 mentio
2987 3767 3048 3822 in
3083 3766 3371 3822 Hermetis
3402 3769 3623 3824 Pastoris
3642 3767 3822 3826 Fam.

961 4024 1271 4195 EK
1384 4023 1850 4193 ΤΩΝ
1983 4019 3250 4196 ΘΕΟΔΟΤΟΥ

1946 4251 2071 4307 ΚΑΙ
2109 4255 2254 4307 ΤΗΣ

748 4373 1560 4470 ΑΝΑΤΟΛΙΚΗΣ
1653 4373 2514 4470 ΚΑΛΟΥΜΕΝΗΣ
2599 4368 3438 4466 ΔΙΔΑΣΚΑΛΙΑΣ

1445 4522 1629 4576 ΚΑΤΑ
1663 4523 1835 4575 ΤΟΥΣ
1875 4524 2360 4578 ΟΥΔΛΕΝΤΙΝΟΥ
2398 4521 2728 4578 ΧΡΟΝΟΥΣ

1522 4642 2658 4774 EHITOMAI.

1630 4856 2532 5078 EXCEaP-TA

737 5129 839 5190 EX
881 5123 1238 5189 SCRIPTIS
1282 5122 1684 5184 THEODOTI
1726 5124 1828 5184 ET
1872 5124 2276 5185 DOCTRlNA
2318 5123 2502 5195 QUJE
2545 5125 3012 5188 ORIENTALIS
3058 5125 3430 5190 VOCATUR

1527 5244 1602 5285 AD
1641 5245 1944 5286 VALENTI!“
1981 5247 2249 5286 TEMPORA
2287 5247 2632 5286 SPBCTANTIA

1573 5325 1876 5392 Interprete
1903 5326 2145 5380 Roberto
2173 5327 2384 5378 PRARSI
2413 5327 2478 5377 A.
2507 5326 2579 5377 M.

397 3889 3822 3921 mw

437 5548 758 5631 sequentes
787 5563 856 5604 ex
883 5547 1182 5604 Theodoto
1211 5543 1664 5618 Exnoyatstylum
1701 5545 1939 5631 quidem
1955 5549 2013 5630 et
2041 5545 2284 5631 phrasin
2333 5544 2651 5631 Glementis
2682 5549 2891 5631 majori
2923 5565 2993 5606 ex
3021 5551 3186 5631 parte
3200 5547 3554 5631 praeferunt,
3579 5544 3783 5631 in‘dof

365 5616 584 5690 gmatis
632 5626 832 5676 tamen
864 5635 980 5676 non
1013 5616 1435 5688 usquequaque
1466 5621 1794 5674 consonant
1820 5635 1834 5675 :
1867 5623 1934 5677 ut
1961 5618 2014 5679 si
2041 5616 2080 5678 ἰι
2108 5617 2403 5677 Clemente
2448 5625 2591 5677 sunt
2631 5616 2896 5694 excepta,
2939 5616 3058 5679 non
3087 5621 3159 5678 de
3193 5616 3540 5690 Clementis,
3570 5617 3675 5675 sed
3702 5616 3779 5672 de
