4078 6146
428 321 538 377 655

1653 310 2064 367 CLEMENTIS
2100 308 2296 364 ALEX
2305 307 2608 364 ANDRINI

3733 303 3846 360 656

431 464 618 506 mones
644 448 881 503 Domini.
935 449 1090 501 Hanc
1161 443 1234 497 ob
1291 455 1526 496 causam
1609 438 1824 509 inquit,
1884 436 2078 506 Splen-

2208 435 2291 486 τοῦ
2347 429 2561 505 Κυρίου.
2624 433 2720 486 Διὰ
2762 434 2925 486 τοῦτο
2978 427 3204 503 εἴρηκε·
3267 431 3550 504 Λαμψάτω
3607 430 3668 484 τὸ
3726 435 3856 508 φῶς

435 539 560 594 deat
591 539 689 592 tua:
715 541 895 592 vestra
913 549 1100 591 coram
1128 530 1444 588 hominibus
1482 528 1578 600 (ιι).
1632 527 1698 582 Et
1729 531 1861 598 post
1891 541 2083 580 resur-

437 627 748 683 rectionem
784 640 950 678 suam
984 620 1264 694 apostolis
1292 615 1962 691 Spiritumimmittendo
1987 613 2085 684 (b),

438 715 732 787 pulverem
767 713 1000 785 qui-lem
1035 712 1208 767 sicuti
1243 707 1442 764 favilla
1472 710 1614 773 eset,
1647 703 1981 761 eventilavit
2021 719 2087 759 ac

438 804 727 877 separavit
762 820 775 870 ;
805 801 1159 857 accendebat
1197 803 1392 854 autem
1421 795 1737 853 scintillam
1757 810 1822 849 ac
1845 793 2092 848 viviﬁca-

437 893 538 951 vit.

511 981 602 1038 IV.
632 980 938 1047 Dominus,
973 979 1190 1050 quippe
1226 975 1480 1030 maxima
1509 972 1844 1028 humilitate
1879 970 2089 1043 praedi-

437 1076 555 1137 tus,
591 1087 702 1125 non
731 1074 794 1125 ut
824 1066 1118 1140 angelum,
1149 1066 1249 1120 sed
1274 1070 1337 1119 ut
1367 1062 1666 1118 hominem
1691 1077 1753 1116 se
1781 1061 2091 1132 conspien-

439 1161 582 1216 dum
618 1159 885 1231 praebuit.
918 1159 988 1212 Et
1016 1171 1148 1212 cum
1181 1155 1239 1209 in
1288 1157 1484 1208 monte
1516 1154 1587 1206 ab
1632 1149 1912 1222 apostolis
1970 1149 2092 1204 suis

440 1248 627 1321 gloria
655 1253 712 1302 et
742 1247 1051 1317 majestate
1067 1245 1227 1299 visus
1250 1248 1340 1297 est
1371 1242 1464 1313 (ο),
1487 1255 1604 1295 non
1629 1243 1861 1310 propter
1883 1241 2092 1293 semet-

439 1339 634 1409 ipsum
670 1337 776 1391 hoc
805 1335 959 1399 fecit,
985 1333 1068 1388 uti
1093 1332 1376 1387 nimirum
1409 1332 1592 1385 semet
1621 1331 1958 1396 ostentaret,
1991 1327 2088 1382 sed

441 1425 711 1482 Ecclesia
743 1440 861 1479 suae
893 1422 1100 1494 gratia,
1133 1437 1259 1492 quae
1299 1435 1470 1491 genus
1500 1419 1734 1473 electum
1774 1420 1849 1472 est
1898 1414 1998 1488 (ά),
2031 1419 2095 1470 ut

446 1516 696 1570 disceret
726 1513 1049 1584 profectum
1083 1511 1212 1580 eius
1262 1513 1394 1581 post
1423 1507 1640 1563 exitum
1675 1521 1704 1560 e
1735 1520 1928 1560 carne.
1964 1507 2094 1576 Ipse

446 1603 604 1660 enim
631 1601 692 1656 in
717 1600 861 1656 caelo
878 1600 978 1656 lux
1011 1599 1137 1667 fuit,
1171 1602 1260 1652 est
1285 1597 1458 1652 etiam
1481 1595 1624 1649 illud
1649 1594 1803 1665 quod
1840 1593 1897 1647 in
1921 1609 2094 1648 carne

447 1691 723 1763 apparuit
750 1708 762 1756 ;
787 1694 843 1745 et
873 1689 1026 1760 quod
1060 1687 1157 1742 hic
1206 1686 1398 1741 visum
1432 1685 1539 1739 fuit
1566 1701 1678 1738 non
1712 1682 1812 1737 illo
1845 1681 1998 1753 quod
2034 1683 2093 1735 in

2200 522 2353 592 ὑμῶν
2417 518 2723 596 ἔμπροσθεν
2752 524 2859 574 τῶν
2900 520 3225 595 ἀνθρώπων.
3262 519 3361 574 Καὶ
3397 522 3532 592 μετὰ
3556 521 3656 590 τήν
3689 521 3852 580 ἀνάσ-

2195 629 2370 677 τασιν,
2405 607 2660 686 ἐμφυσῷν
2711 611 2774 664 τὸ
2823 611 3044 682 Ηνεῦμα
3071 614 3188 671 τοῖς
3234 608 3592 680 ἀποστόλοις,
3618 611 3711 666 τὸν
3750 613 3847 686 μὲν

2196 702 2357 773 χοῦν,
2397 699 2639 773 καθάπερ
2668 699 2890 776 τέφραν,
2933 699 3167 776 ἆπέφυσε
3207 698 3296 753 καὶ
3328 697 3617 775 ἐχώριζεν·
3653 699 3850 772 ἐξῆπτε

2199 784 2258 841 δὲ
2293 787 2386 842 τὸν
2420 793 2692 863 σπινθῆρα
2720 787 2810 843 καὶ
2839 786 3151 856 ἐζωοποίει.

2271 965 2342 1021 Δ’.
2401 966 2462 1022 Ὁ
2521 963 2717 1039 Κύριος
2783 963 2871 1019 διὰ
2917 963 3137 1033 πολλὴν
3181 967 3684 1045 ταπεινοφροσύνην
3731 972 3846 1042 (55)

2200 1053 2308 1127 οὐχ
2355 1053 2427 1115 ὡς
2477 1050 2707 1128 ἄγγελος
2757 1051 2938 1130 ὤφθη,
2979 1054 3105 1110 ἀλλ’
3148 1055 3222 1117 ὡς
3274 1055 3579 1131 ἄνθρωπος·
3625 1059 3710 1114 καὶ
3757 1059 3847 1115 ὅτε

2201 1141 2250 1196 ἐν
2285 1139 2411 1215 δόξῃ
2441 1137 2597 1219 ὤφθη
2646 1148 2763 1205 τοῖς
2809 1141 3139 1206 ἀποστόλοις
3188 1142 3277 1198 ἐπὶ
3305 1149 3404 1200 τοῦ
3447 1140 3631 1222 ὅρους,
3682 1148 3742 1203 οὐ
3776 1147 3846 1203 δι’

2200 1231 2385 1286 ἑαυτὸν
2437 1230 2663 1302 ἐποίησε
2707 1231 2919 1296 δεικνυς
2960 1233 3146 1288 ἑαυτὸν
3172 1278 3186 1305 ,
3248 1233 3396 1290 ἀλλὰ
3444 1233 3532 1291 διὰ
3576 1239 3677 1306 τῆν
3719 1240 3844 1294 Ἐκ-

2197 1320 2456 1388 κλησίαν,
2513 1319 2637 1388 ἥτις
2691 1320 2802 1376 ἐστὶ
2848 1323 2911 1376 τὸ
2966 1323 3122 1396 γένος
3177 1323 3239 1378 τό
3301 1323 3570 1395 ἐκλεκτὸν,
3613 1323 3702 1382 ἵνα
3735 1327 3837 1401 μάν

2200 1411 2267 1483 θῃ
2298 1411 2395 1478 τὴν
2430 1410 2714 1483 προκοπὴν
2743 1409 2909 1466 αὐτοῦ
2943 1412 3075 1484 μετᾶ
3101 1415 3201 1481 τήν
3250 1419 3349 1483 τῆς
3396 1415 3588 1488 σαρκὸς
3633 1412 3838 1488 ἔξοδον.

2202 1497 2373 1561 Αὐτὸς
2403 1499 2507 1573 γάρ
2539 1499 2626 1554 καὶ
2659 1495 2770 1553 ἅνω
2802 1504 2914 1576 φῶς
2975 1503 3064 1569 ἦν,
3113 1503 3201 1556 καὶ
3250 1497 3362 1558 ἔστι
3407 1504 3470 1558 τὸ
3499 1503 3746 1582 ἐπιφανὲν
3790 1505 3845 1560 ἐν

2199 1588 2378 1663 σαρκὶ,
2422 1592 2513 1642 καὶ
2552 1589 2614 1643 τὸ
2662 1587 2890 1652 ἐνταῦθα
2945 1589 3128 1667 ὀφθὲν,
3165 1589 3273 1666 οὐχ
3314 1590 3533 1668 ὕστερον
3563 1598 3662 1648 τοῦ
3708 1591 3845 1663 ἅνω,

2203 1674 2328 1730 οὐδὲ
2359 1674 2676 1730 διεκέκοπτο
2723 1675 2760 1750 ᾖ
2807 1678 3007 1731 ἄνωθεν
3061 1679 3286 1751 μετὲστη
3338 1677 3517 1754 δεῦρο,
3568 1681 3732 1737 τόπον
3789 1682 3848 1738 ἐκ

449 1783 592 1836 coelo
623 1778 936 1851 posterius,
969 1793 1156 1848 neque
1187 1776 1448 1831 excisum
1472 1773 1585 1828 fuit
1614 1789 1644 1828 e
1665 1771 1806 1827 ccslo
1833 1770 2094 1841 quandiu

2208 1764 2370 1819 τόπου
2397 1759 2644 1837 ἀμεῖϐον.
2703 1766 2776 1827 ὡς
2823 1767 2914 1820 τὸν
2965 1767 3062 1839 μὲν
3094 1763 3396 1838 ἐπιλαϐεῖν,
3454 1771 3548 1825 τὸν
3605 1768 3664 1826 δὲ
3712 1773 3848 1827 ἀπο-

2219 1859 2409 1878 I-_-‘,'.,-
2452 1851 2571 1878 λἿἸῖ
2628 1854 2695 1878 λ’..
2752 1855 2804 1878 ,Σ
2868 1854 3009 1878 _!.,,,,
3101 1855 3126 1878 υ
3300 1857 3314 1875 \
3435 1859 3483 1878 ,\
3558 1863 3585 1874 α
3654 1865 3698 1878 π
3808 1863 3821 1878 ι

448 1871 544 1926 hic
571 1870 629 1924 in
661 1867 834 1924 terris
875 1867 1238 1934 versabatur,
1271 1863 1511 1936 perinde
1546 1861 1716 1933 quasi
1747 1861 1816 1914 de
1849 1859 1975 1915 loco
2034 1859 2093 1913 in

448 1959 643 2015 locum
677 1957 1024 2022 discederet,
1057 1959 1160 2010 aut
1192 1954 1346 2008 hunc
1379 1955 1710 2022 occuparet,
1741 1949 1910 2002 illum
1961 1963 2096 2002 vero

450 2047 806 2118 relinqueret
839 2063 850 2111 ;
889 2046 986 2100 sed
1021 2055 1147 2099 erat
1175 2043 1324 2113 quod
1360 2043 1578 2111 ubique
1609 2050 1719 2104 est,
1754 2054 1887 2092 cum
1941 2036 2094 2106 apud

452 2141 680 2192 Patrem
716 2140 835 2189 tum
869 2134 927 2188 in
957 2133 1153 2198 terris,
1183 2136 1385 2203 utpote
1418 2129 1515 2201 qui
1548 2127 1740 2182 Patris
1771 2131 1861 2182 est
1887 2126 2095 2181 virtus.

453 2226 536 2281 Ad
569 2224 701 2292 hoc,
731 2221 973 2293 impleri
1003 2221 1169 2276 illum
1204 2218 1527 2275 Servatoris
1559 2231 1889 2272 sermonem
1923 2230 2097 2284 opor-

449 2314 563 2370 tuit
595 2327 766 2384 quem
801 2311 1122 2383 protulerat
1155 2308 1331 2364 :Sunt
1359 2306 1586 2379 quidam
1613 2322 1687 2360 ea:
1705 2305 1828 2359 illis
1858 2303 1955 2374 qui
2009 2303 2100 2357 hic

447 2409 658 2468 astant,
693 2403 788 2472 qui
816 2414 1043 2456 mortem
1101 2413 1212 2454 non
1254 2395 1571 2466 gustabunt,
1618 2393 1920 2465 usquedum
1966 2407 2094 2447 con-

2207 1859 2409 1908 λιπεῖν·
2447 1851 2571 1908 ἀλλ’
2627 1854 2695 1922 ἦν
2750 1855 2812 1909 τὸ
2862 1854 3036 1930 πάντῃ
3096 1855 3178 1927 ὅν,
3227 1857 3492 1930 καὶπαρὰ
3518 1863 3598 1931 τῷ
3654 1863 3844 1936 Πατρὶ.

2204 1943 2494 2006 κάνταῦθαο
2541 1939 2770 2014 δύναμις
2817 1945 2921 2019 γὰρ
2969 1946 3036 2014 ἦν
3085 1949 3181 2000 τοῦ
3232 1947 3462 2023 Πατρός.
3519 1948 3745 2014 Ἄλλως
3791 1970 3846 2005 τε

2206 2030 2377 2105 ἐχρῆν
2410 2030 2656 2085 κάκεῖνον
2676 2032 3039 2108 πληρωθῆναι
3086 2035 3178 2089 τὸν
3207 2032 3370 2111 λόγον
3416 2040 3512 2091 τοῦ
3562 2043 3839 2114 Σωτῆρος,

2205 2119 2264 2174 ’ὃν
2315 2118 2478 2174 εἶπεν·
2525 2117 2644 2174 Εἰσί
2695 2141 2836 2182 τινες
2885 2126 2991 2176 τῶν
3050 2120 3157 2178 ὦδε
3215 2122 3546 2195 ἑστηκότων,
3594 2125 3646 2181 ο⁴ἶ
3673 2127 3737 2182 οὐ
3771 2128 3839 2201 μή

2206 2207 2489 2281 γεόσονται
2523 2210 2778 2278 θανάτου,
2809 2206 2912 2272 ἓως
2946 2209 3005 2265 ἂν
3028 2208 3190 2266 ’ίδωσι
3219 2213 3311 2267 τὸν
3342 2214 3464 2269 Υἱὸν
3495 2219 3592 2270 τοῦ
3641 2215 3844 2291 ἀνθρώ-

2204 2318 2312 2352 που
2339 2296 2390 2351 ἐν
2424 2295 2575 2371 δόξῃ.
2609 2295 2766 2353 Εἶδον
2796 2297 2888 2354 οὗν
2918 2300 3008 2354 καὶ
3038 2299 3411 2374 ἐκοιμήθησαν
3456 2303 3487 2358 6'
3514 2325 3573 2359 τε
3623 2306 3850 2382 Πέτρος,

2203 2387 2294 2441 καὶ
2323 2382 2600 2453 Ἰάκωϐος,
2635 2387 2723 2442 καὶ
2756 2387 3032 2460 Ἰωάννης.

444 2495 683 2566 spiciam
712 2491 895 2547 Pilum
932 2489 1166 2544 hominis
1197 2489 1257 2541 in
1285 2487 1570 2558 majestate
1588 2500 1690 2538 sua
1705 2483 1800 2555 (e).
1834 2486 2041 2537 Petrus
2067 2479 2556 2549 itaque,Jacobus
2587 2479 2910 2535 etJoannes
2940 2481 3211 2538 viderunt
3231 2483 3287 2538 in
3319 2483 3528 2555 gloria,
3554 2491 3612 2542 et
3641 2488 3854 2545 obdor-

447 2582 722 2636 mierunt.

517 2669 578 2724 V.
612 2665 912 2731 Quomodo
944 2663 1140 2733 itaque
1160 2663 1364 2717 faciem
1397 2660 1628 2716 Domini
1661 2659 1916 2714 lucidam
1948 2675 2091 2713 con-

443 2758 760 2832 spicientes
785 2772 899 2810 non
959 2755 1189 2809 fuerunt
1223 2757 1462 2823 stupore
1491 2750 1742 2822 perculsi
1779 2768 1792 2818 ;
1828 2755 1887 2804 at
1914 2747 2090 2804 simul

445 2865 512 2904 ac
532 2862 727 2902 vocem
750 2847 877 2915 ejus
902 2843 1247 2899 audiverunt
1274 2841 1333 2894 in
1365 2846 1580 2895 terram
1613 2838 1870 2894 cecidere
1890 2839 1916 2893 ‘?
1946 2838 2093 2901 Quia

450 2937 733 2992 nimirum
760 2949 930 2988 aures
961 2948 1132 3001 quam
1157 2930 1310 2986 oculi
1334 2946 1367 2984 a
1388 2929 1500 2984 {ide
1524 2929 1739 2984 absunt
1759 2927 2014 2997 longius,
2037 2931 2093 2982 et

447 3025 730 3081 inusitata
757 3039 863 3077 vox
912 3021 1184 3091 majorem
1218 3025 1498 3074 terrorem
1546 3017 1775 3072 incutit.
1812 3016 2086 3086 Equidem

2271 2655 2344 2709 E'.
2381 2657 2506 2716 [Ιῶς
2547 2654 2662 2720 οὗν,
2703 2655 2803 2723 τὴν
2858 2656 2957 2727 μὲυ
2987 2653 3110 2730 ὄψιν
3151 2659 3252 2726 τὴν
3284 2663 3550 2736 φωτεινὴν
3615 2659 3850 2733 ἰδόντες,

2201 2741 2300 2795 οὐκ
2349 2740 2754 2817 ἐξεπλάγησαν·
2825 2746 2922 2814 τὴν
2981 2742 3037 2800 δὲ
3081 2749 3264 2822 φωνην
3328 2749 3676 2819 ἀκούσαντες,
3731 2751 3850 2809 ἕπε-

2202 2851 2294 2884 σον
2351 2831 2456 2918 ,ἐπὶ
2521 2838 2659 2906 γῆν;
2736 2831 2817 2887 ὅτι
2881 2831 2993 2888 ὦτα
3040 2837 3296 2911 τυγχάνει
3355 2841 3464 2910 (56)
3523 2839 3853 2918 ἀπιστότερα

2206 2917 2532 2997 ὀφθαλμῶν,
2578 2921 2669 2974 καὶ
2719 2923 2752 2990 ἡ
2786 2925 2931 2998 παρὰ
2963 2920 3116 2994 δόξαν
3151 2927 3304 3002 φωνή
3349 2927 3558 3000 μᾶλλον
3606 2917 3853 3002 ἐκπλήσ-

2203 3029 2304 3066 σει.
2357 3009 2418 3065 Ὁ
2448 3006 2505 3063 Si
2557 3009 2815 3082 Ἰωάνκης
2870 3012 2897 3066 6
2953 3013 3275 3088 βαπτιστὴς,
3305 3023 3406 3085 τῆς
3453 3024 3638 3092 φωνῆς
3691 3020 3857 3074 ἀκού-

453 3129 587 3170 cum
608 3128 804 3167 vocem
830 3109 1323 3165 audiretJoannes
1344 3107 1441 3161 ille
1455 3105 1717 3178 Baptista
1735 3105 1824 3176 (f),
1849 3113 1913 3175 ›ι‹
1934 3104 2088 3158 haud

2208 3118 2324 3166 σας,
2357 3097 2456 3151 οὐκ
2497 3093 2766 3175 ἐφοϐήθη,
2817 3100 2891 3162 ὡς
2940 3099 3000 3155 ἂν
3047 3100 3100 3156 ἐν
3148 3100 3415 3176 πνεύματι
3445 3091 3676 3170 άκούσας
3730 3129 3856 3163 συν-

451 3199 674 3268 timuit,
706 3199 919 3270 quippe
948 3198 1008 3252 in
1041 3196 1249 3268 spiritu
1284 3194 1504 3250 audivit
1562 3194 1709 3265 ipse,
1741 3193 1834 3248 cui
1865 3209 1972 3248 vox
1999 3190 2103 3246 illa

457 3291 679 3348 usitata
708 3306 720 3345 :
747 3294 807 3344 at
837 3303 969 3342 vero
997 3303 1112 3359 qua
1143 3286 1317 3341 homo
1365 3288 1596 3339 tantum
1647 3283 1778 3354 quis
1829 3281 2099 3347 audiens,

454 3378 834 3450 obstupescit.
869 3381 1031 3431 Hanc
1063 3375 1136 3430 ob
1184 3389 1421 3428 causam
1457 3372 1597 3426 dicit
1624 3371 1743 3425 illis
1792 3370 2050 3425 Salvator
2085 3386 2097 3424 :

452 3469 682 3526 Nemini
695 3464 1110 3535 dixeritisquod
1124 3464 1342 3518 vidistis
1383 3462 1477 3530 (g).
1525 3466 1599 3514 At
1625 3477 1738 3515 non
1771 3458 1957 3515 oculis
1984 3474 2102 3513 car-

454 3557 688 3612 nalibus
715 3555 908 3609 lumen
943 3556 1397 3622 conspexerant:
1432 3550 1525 3605 his
1556 3549 1711 3604 enim
1747 3547 1894 3603 nihil
1924 3549 2100 3602 afﬁne

451 3646 542 3700 vel
573 3644 871 3715 proprium
895 3659 1024 3698 cum
1041 3641 1147 3696 hoc
1171 3641 1415 3705 lumine,
1450 3639 1562 3693 nisi
1586 3636 2100 3709 proutServatoris

455 3733 725 3788 voluntas
757 3731 915 3786 carni
948 3730 1166 3784 videnti
1198 3729 1473 3782 virtutem
1523 3725 1898 3790 concesserit,
1930 3725 2100 3778 insu-

454 3839 557 3894 per
581 3823 734 3892 quod
766 3825 824 3875 et
853 3818 1051 3873 anima
1079 3817 1242 3882 vidit,
1296 3817 1456 3871 dedit
1485 3813 1670 3878 carni,
1727 3812 2100 3885 participanti

455 3925 686 3980 nempe,
719 3925 784 3963 eo
817 3907 970 3979 quod
995 3911 1153 3961 arcte
1182 3921 1314 3959 cum
1348 3921 1414 3959 ea
1461 3903 1776 3972 conjuncta
1816 3903 1911 3956 sit.
1948 3900 2099 3955 Illud

455 4015 611 4064 vero,
646 3996 866 4053 Nemini
881 3997 1163 4056 dixeritis.
1197 4009 1268 4048 ne
1301 3991 1800 4062 forteillud,quod
1820 3989 2102 4046 Dominus

459 4093 584 4144 erat
613 4085 1028 4157 intelligentes,
1063 4084 1121 4139 in
1145 4082 1310 4137 illum
1343 4097 1555 4137 manus
1580 4080 1816 4151 injicere
1843 4078 2102 4134 abstine-

459 4181 590 4234 rent
618 4193 696 4242 se,
729 4180 787 4231 et
816 4175 899 4230 sic
946 4172 1305 4244 dispensatio
1361 4175 1517 4226 esset
1580 4169 1944 4241 imperfecta,
2001 4169 2105 4223 ab-

458 4270 730 4336 essetque
761 4281 791 4318 a
817 4260 1061 4317 Domino
1094 4277 1272 4328 mors,
1326 4264 1390 4314 ut
1418 4257 1521 4329 qui
1591 4257 1810 4312 frustra
1859 4261 2134 4312 conatus

457 4361 548 4410 est
578 4353 730 4425 quod
765 4349 1040 4422 perﬁcere
1063 4365 1176 4404 non
1194 4347 1403 4420 potuit.
1439 4345 1736 4412 Praeterea,
1768 4360 1876 4398 vox
1905 4343 2006 4398 illa
2044 4343 2104 4397 in

2208 3188 2328 3258 ήθει
2384 3193 2484 3255 τῆς
2542 3187 2800 3258 τοιαύτης
2857 3193 3062 3266 φωνῆς·
3117 3193 3251 3256 καθὸ
3311 3190 3368 3248 δὲ
3427 3193 3716 3271 ἄνθρωπός
3775 3198 3858 3260 τίς

2209 3275 2340 3342 ἔστι,
2393 3274 2556 3348 μόνον
2590 3277 2827 3340 ἀκούσας
2872 3280 3212 3358 κατεπλάγη·
3259 3280 3344 3338 διὸ
3374 3285 3464 3338 καὶ
3498 3283 3642 3361 λέγει
3673 3287 3862 3350 αὐτοῖς

2207 3363 2235 3416 6
2310 3365 2526 3439 Σωτήρ·
2609 3362 2816 3434 Μηδενὶ
2888 3365 3076 3438 εἷίπητε
3146 3371 3175 3425 ὃ
3250 3368 3416 3430 ἳδετε.
3483 3375 3674 3431 Καίτοι
3737 3375 3862 3432 οὐδὲ

2207 3458 2484 3527 σαρκικοῖς
2532 3452 2848 3530 ὀφθαλμοῖς
2894 3457 2958 3510 τὸ
3004 3463 3117 3536 φῶς
3167 3461 3517 3536 ἐωράκεισαν·
3571 3461 3728 3520 οὐδὶν
3761 3466 3861 3542 γὰρ

2207 3542 2456 3616 συγγενὲς
2509 3542 2599 3596 καὶ
2667 3542 2867 3597 οἷ’κεῖον
2916 3544 3102 3619 ἐκείνῳ
3145 3553 3228 3620 τῷ
3279 3550 3418 3626 φωτί
3473 3550 3563 3606 καὶ
3610 3551 3751 3627 τῇδε
3794 3558 3864 3619 τῆ

2209 3629 2383 3704 σαρκί·
2439 3628 2566 3684 ἀλλ’
2599 3631 2670 3693 ὡς
2717 3634 2750 3700 ἡ
2803 3629 3030 3707 δύναμις
3082 3636 3188 3690 καὶ·
3219 3639 3253 3706 ἡ
3292 3637 3559 3712 βούλησις
3588 3645 3691 3696 τοῦ
3746 3649 3862 3698 Σω-

2205 3724 2374 3794 τῆρος
2428 3717 2798 3790 ἐνεδυνάμωσε
2857 3723 2953 3790 τήν
3015 3724 3222 3797 σάρκα,
3292 3726 3368 3789 εἷς
3423 3729 3485 3782 τὸ
3544 3730 3863 3795 θεάσασθαιο

2209 3805 2396 3870 ἄλλως
2443 3828 2502 3897 τε
2546 3808 2637 3863 καὶ
2677 3810 2705 3863 '6
2736 3811 2770 3879 ἡ
2820 3811 2973 3885 ψυχῆ
3025 3809 3153 3882 εἶδε,
3203 3812 3473 3886 μετέδωκε
3518 3823 3864 3897 κοινωνούσῃ

2207 3900 2276 3968 τῇ
2333 3895 2512 3972 σαρκὶ,
2542 3897 2962 3974 συμπεπλέχθαι
2995 3899 3154 3974 αὐτῇ.
3188 3904 3258 3958 Τὸ
3309 3901 3385 3970 δὲ,
3441 3903 3654 3976 Μηδενὶ
3711 3895 3873 3982 sil-mi-

2209 4005 2288 4052 τε,
2315 3982 2406 4073 ’ἱνα
2438 3987 2558 4073 μὴ,
2617 3985 2647 4040 ὅ
2675 3985 2814 4040 ἐστιν
2848 3989 2876 4043 ὁ
2904 3989 3108 4063 Κύριος
3149 3994 3461 4062 νοήσαντες,
3511 3995 3876 4073 ἀπόσχωνται

2210 4078 2307 4127 τοῦ
2335 4069 2652 4129 ἐπιϐάλλειν
2697 4076 2777 4148 τῷ
2827 4077 3016 4152 Κυρίῳ
3060 4077 3156 4144 τὰς
3185 4087 3400 4156 χεῖρας,
3445 4083 3537 4138 καὶ
3576 4069 3791 4157 ἀτελὴς
3837 4091 3874 4159 ἠ

2213 4161 2505 4236 οἷ’κονομία
2560 4165 2780 4238 γὲνηται
2819 4210 2834 4234 ,
2889 4167 2979 4220 καὶ
3033 4169 3062 4222 6
3119 4170 3344 4233 θάνατος
3400 4171 3725 4249 ἀπόσχηται
3777 4182 3876 4232 τοῦ

2213 4251 2433 4328 Κυρίου,
2484 4252 2560 4314 ὡς
2616 4255 2790 4324 μάτην
2841 4255 3109 4329 πειράζων
3160 4258 3247 4312 ἐπὶ
3295 4260 3568 4335 ἀνηνύτῳ.
3622 4266 3738 4320 Καὶ
3795 4264 3874 4322 ἔτι

2213 4343 2248 4410 ἡ
2305 4342 2395 4413 μὲν
2447 4338 2497 4395 ἐν
2533 4345 2614 4412 τῷ
2645 4337 2760 4416 ὄρει
2791 4344 2943 4420 φωνή
2986 4351 3103 4408 τοῖς
3134 4343 3244 4417 ἤδη
3279 4355 3531 4404 συνιεῖσιν
3582 4351 3874 4418 ἐκλεκτοῖς

454 4446 648 4497 monte
679 4441 905 4514 prolata
934 4437 1133 4492 electis
1163 4436 1264 4507 qui
1302 4434 1626 4505 intelligere
1659 4439 1901 4504 possent
1957 4434 2095 4487 facta

2216 4429 2447 4504 ἐγένετοο
2497 4427 2578 4484 διὸ
2627 4433 2718 4484 καὶ
2768 4431 3074 4505 ἐθαύμασαν
3131 4438 3578 4512 μαρτυρουμένου
3609 4446 3710 4496 τοῦ
3742 4465 3871 4499 πισ-

2394 4518 2405 4534 .
2572 4521 2585 4534 .
2629 4516 2672 4534 ,ι
2717 4520 2731 4534 .
2787 4520 2800 4534 .
2870 4525 2897 4534 ..
3130 4529 3156 4534 _
3265 4531 3288 4534 _-

453 4537 578 4598 est;
610 4530 853 4599 ideoque
887 4527 1080 4582 mirati
1114 4530 1275 4589 sunt,
1333 4523 1668 4579 testimonio
1707 4520 1794 4576 illi
1837 4521 1978 4588 lato,
2011 4520 2095 4576 cui

2212 4518 2528 4596 τευομένου·
2561 4521 2596 4589 ἡ
2625 4516 2682 4574 δὲ
2714 4520 2802 4574 ἐπὶ
2830 4525 2909 4593 τῷ
2936 4529 3170 4597 ποταμῷ
3199 4531 3316 4588 τοῖς
3350 4527 3614 4601 μέλλουσι
3647 4532 3874 4588 πιστεό·

451 4623 509 4675 et
547 4619 657 4690 ipsi
691 4616 1060 4673 crediderant
1092 4631 1104 4669 :
1138 4629 1247 4668 vox
1279 4616 1476 4668 autem
1523 4610 1625 4666 illa
1654 4611 1711 4665 in
1759 4609 1934 4664 ﬂuvio
1963 4609 2102 4666 Jor-

453 4709 602 4762 dane
653 4704 877 4777 prolata
905 4707 995 4758 est
1025 4701 1142 4756 illis
1172 4701 1270 4773 qui
1308 4701 1367 4754 in
1400 4716 1534 4756 eum
1588 4698 1864 4754 credituri
1896 4703 2100 4766 erant;

2216 4626 2315 4662 ιιν·
2347 4593 2431 4661 διὸ
2460 4608 2547 4661 καὶ
2581 4608 2842 4680 ἠμελήθη
2875 4613 2908 4680 ἡ
2938 4593 3094 4681 φωνή
3125 4593 3309 4679 αὐτοῖς
3351 4593 3871 4695 προκατεχομένοις

2213 4694 2300 4748 ἐπὶ
2330 4698 2398 4768 τῇ
2428 4699 2535 4749 τῶν
2566 4695 3055 4770 νομοδιδοσκάλων
3088 4700 3303 4778 ἀγωγῇ.

449 4799 808 4868 quaprOpter
829 4797 885 4847 et
915 4791 987 4846 ab
1020 4791 1241 4846 eisdem
1277 4789 1384 4844 fuit
1415 4787 1680 4860 neglecta
1721 4803 1848 4854 vox,
1874 4785 1975 4858 qui
2005 4784 2480 4842 institutionibus
2508 4783 2980 4861 legisperitorum
3030 4789 3315 4862 implicati
3357 4792 3804 4854 detinebantur.

523 4998 586 5061 ›ι‹
615 4993 674 5048 P.
704 4991 815 5066 7958
840 4988 1305 5066 ED.__PO_TTER.
1341 4989 1428 5066 (9L
1472 4985 1679 5066 Many.
1711 5001 1767 5054 ν,
1828 4984 2033 5066 ιαμ),
2074 4984 2095 5066 λ.

2208 5001 2284 5066 οἶ.
2316 5000 2408 5050 xx,
2464 4984 2656 5066 224(0)
2706 4986 2914 5045 Matth.
2975 5007 3118 5060 xvn,
3184 4992 3301 5046 1-8.
3364 4992 3440 5065 (ά)
3471 4997 3496 5046 Ι
3553 4998 3677 5051 Pet.
3715 5013 3781 5066 ιι,
3811 4996 3868 5065 9,

452 5056 759 5137 (chatth.
791 5079 904 5130 xw,
927 5063 997 5117 27
1029 5079 1045 5133 ;
1077 5062 1216 5116 Luc.
1249 5076 1326 5130 1x,
1357 5059 1448 5113 27.
1504 5058 1574 5128 (f)
1606 5057 1774 5112 Joan.
1807 5073 1850 5125 ι,
1881 5057 1968 5110 33.
2014 5056 2089 5127 (g)
2121 5056 2327 5112 Matth.
2358 5072 2495 5126 xvu,
2527 5056 2580 5110 9.

518 5260 769 5334 (55),Διὰ
810 5255 1028 5334 πολλὴν
1073 5276 1199 5334 ταπ.
1247 5257 1375 5334 Alte
1407 5257 1552 5334 satis
1582 5253 1996 5334 etAorthodoxe
2023 5254 2092 5316 de

443 5329 656 5388 Christi
690 5332 1007 5401 mysteriis,
1039 5331 1138 5401 qui
1172 5347 1234 5386 se
1267 5331 1346 5386 ita
1377 5329 1711 5401 exinanivit,
1747 5333 1810 5385 ut
1841 5347 1956 5384 non
1988 5347 2089 5385 an-

441 5406 608 5475 gelus
639 5400 947 5475 sed’homo
969 5400 1155 5465 ﬁeret,
1179 5419 1305 5473 quas
1339 5409 1600 5475 extrema
1620 5400 1814 5475 vilitas
1847 5401 1905 5455 in
1931 5418 2089 5475 crea-

438 5473 571 5530 tura
599 5474 986 5547 intelligente,
1031 5475 1185 5547 idem
1232 5475 1358 5545 ipse
1393 5475 1501 5547 qui
1524 5474 1583 5547 in
1615 5473 1778 5528 caelis
1809 5477 1866 5527 et
1896 5474 1997 5547 qui
2028 5474 2088 5529 in

2201 5256 2380 5315 tione.
2405 5259 2664 5314 Consus.

2248 5330 2547 5416 ‘(56j't21'a
2577 5350 2626 5383 τ.
2660 5332 2937 5416 ῌειιοῤοὶ
2983 5333 3205 5416 dictum
3254 5341 3364 5416 est,
3417 5352 3549 5416 pag.
3595 5338 3671 5416 2;
3717 5336 3862 5416 ξΩςςα

2199 5400 2302 5486 γάρ
2350 5400 2602 5486 τυγχάνει
2622 5400 2990 5486 Ἆάνηθρώποισι
3041 5404 3199 5460 ἐόντα
3253 5400 3586 5486 sim-c1616?“
3640 5405 3864 5485 ὀφθαλ-

2200 5476 2339 5544 μῶν,
2373 5474 2596 5550 qugd}
2618 5474 2860 5532 Philone
2882 5492 3116 5550 quoque
3147 5480 3379 5536 duobus
3411 5481 3472 5536 in
3504 5474 3649 5538 Iocis
3683 5474 3862 5536 usur-

435 5549 611 5626 terra,
645 5561 747 5626 nec
778 5544 826 5626 εἴ.
841 5563 903 5601 se
934 5544 1181 5626 divisus,
1219 5544 1687 5626 nempe_deitate
1719 5561 1836 5626 qua
1865 5544 2086 5626 ubique
2194 5544 2404 5618 patur.’
2425 5545 2499 5600 Η.
2529 5544 2820 5604 SYLBURG.

441 5617 553 5682 est,
577 5629 691 5669 non
709 5615 792 5671 ita
812 5615 1225 5686 humanitatis,
1249 5615 1378 5689 quae
1409 5615 1858 5689 circumscripta
1876 5619 2083 5687 est,ra-
