4078 6146
329 320 443 376 657

1112 318 1354 373 DUBIA.
1380 344 1451 357 -—
1481 317 1870 374 EXCERPTA
1905 317 2011 372 EX
2049 319 2376 374 SCRIPTIB
2409 319 2792 390 THEODOTI,
2831 322 2987 375 ETC.

3646 323 3753 380 658

405 447 464 515 ζ’.
497 446 596 515 Τὸ,
656 445 744 500 Ἐν
795 443 947 517 ἀρχῇ
1002 442 1071 510 ἦν
1131 443 1160 496 6
1219 440 1415 516 Λόγος,
1452 441 1543 496 καὶ
1602 443 1630 495 6
1681 440 1859 516 Λόγος
1914 441 1949 510 ἦ

2174 442 2270 498 νι.
2307 444 2455 499 Illud
2486 461 2500 499 :
2551 449 2618 499 In
2643 447 2930 518 principio
2973 451 3096 503 erat
3148 447 3394 514 Verbum,
3417 457 3468 504 et
3520 450 3747 506 Verbum

328 533 467 610 πρὸς
541 534 635 590 τόν
706 533 862 601 Θεὸν,
921 531 1011 586 καὶ
1088 531 1216 592 Θεὸς
1286 530 1353 599 ἦν
1413 532 1441 585 6
1499 530 1700 604 Λόγος,
1759 532 1811 585 οἱ
1879 529 1954 584 ἀπ

2093 539 2216 590 erat
2240 534 2387 604 apud
2421 535 2610 599 Deum,
2642 544 2694 590 et
2724 537 2859 592 Deus
2887 547 3010 592 erat
3057 537 3285 591 Verbum
3313 539 3422 607 (α),
3450 536 3744 594 Valentini

327 621 697 680 Οὐαλεντίνου
747 619 924 680 οὕτως
972 616 1308 694 ἐκδέχονται.
1341 619 1547 694 Ἀρχὴν
1598 619 1690 691 μὲν
1739 618 1841 695 γὰρ
1891 620 1982 674 τὸν

2095 639 2377 694 sequaces
2425 625 2511 678 sic
2559 624 3036 695 interpretantur.
3089 625 3446 697 Principium
3501 626 3738 698 quidem

327 714 608 787 Μονογενῆ
638 709 916 786 λέγουσιν,
947 708 1006 762 ’ὸν
1065 706 1156 762 καὶ
1213 707 1340 763 Θεὸν
1372 709 1885 784 προσαγορεύεσθαι,
1911 708 1954 761 ὡ

2093 711 2468 782 Unigenitum
2515 713 2739 779 dicunt,
2781 731 2948 784 quem
2985 715 3161 770 etiam
3193 720 3376 769 Deum
3425 717 3736 782 nominari,

321 801 412 856 καὶ
457 800 510 856 ἐν
565 805 692 862 τοῖς
740 799 864 868 ἑξῆς
907 794 1153 871 ἄντικρυς
1186 798 1311 852 Θεὸν
1343 796 1504 852 αὐτὸν
1537 793 1706 867 δηλοῖ
1754 795 1932 870 λὲγων
1964 815 1978 829 ⁸

322 892 385 948 Ὁ
449 889 753 965 μονογενὴς
812 886 940 949 Θεὸς
972 889 1105 959 (57),
1141 886 1168 939 6
1217 883 1289 938 ὢν
1345 884 1422 947 εἷς
1478 885 1568 939 τὸν
1631 885 1838 940 κόλπον
1883 888 1979 939 τοῦ

327 981 566 1053 Πατρὸε,
599 976 802 1037 ἐκεῖνος
861 975 1204 1049 ἐξηγήσατο·
1254 975 1344 1029 τὸν
1405 971 1472 1042 δὴ
1532 974 1709 1048 Λόγον
1767 975 1860 1029 τὸν
1922 970 1976 1028 ἐν

322 1071 394 1141 τῇ
428 1067 575 1142 ἀρχῇ
605 1069 816 1133 τοῦτον,
847 1065 938 1117 τὸν
970 1062 1022 1117 ἐν
1053 1068 1132 1134 τῷ
1167 1065 1486 1137 Μονογενεῖ,
1519 1061 1572 1117 ἐν
1628 1067 1709 1135 τῷ
1757 1067 1834 1134 νῷ
1884 1063 1976 1117 καὶ

322 1160 393 1230 τῇ
426 1156 674 1226 ἀληθείᾳ.
710 1153 902 1227 μηνύει
930 1155 1044 1225 (58)
1090 1152 1180 1206 τὸν
1237 1151 1469 1223 Χριστὸν
1522 1152 1614 1207 τὸν
1660 1151 1833 1226 Λόγον
1885 1172 1954 1206 κα

320 1245 420 1314 τήν
483 1247 647 1313 ζωήν.
682 1243 837 1305 Ὅθεν
900 1235 1126 1304 εἰκότως
1153 1240 1243 1294 καὶ
1275 1241 1434 1296 αὐτὸν
1494 1242 1621 1295 Θεὸν
1679 1239 1826 1315 λέγει
1879 1241 1970 1295 τὸν

317 1333 370 1388 ἀν
398 1338 478 1404 τῷ
507 1336 622 1403 Θεῷ
649 1334 729 1401 τῷ
748 1335 826 1400 νῷ
853 1326 1005 1386 ὄντα.
1033 1331 1100 1386 Ὃ
1130 1324 1350 1404 γέγονεν
1402 1329 1454 1384 ἐν
1490 1330 1642 1402 αὐτῷ
1670 1335 1752 1402 τῷ
1787 1330 1970 1405 Λόγῳ,

313 1423 458 1491 ζωήν
491 1423 558 1491 ἦν
591 1422 627 1490 ἡ
654 1419 890 1492 σύζυγος
923 1437 938 1452 ⁸
976 1416 1062 1474 διὸ
1119 1419 1209 1474 καὶ
1256 1420 1419 1497 φησὶν
1480 1421 1508 1474 6
1540 1421 1744 1496 Κύριος
1776 1439 1789 1452 ·
1825 1421 1970 1494 Ἐγώ

307 1510 432 1583 εἶμι
461 1512 498 1579 ἡ
529 1511 666 1580 ζωή.

385 1601 459 1657 Ζ’.
499 1601 809 1674 Ἀγνωστος
857 1595 951 1652 οὗν
1001 1598 1030 1651 6
1079 1599 1264 1671 Πατήρ
1305 1593 1403 1667 ὢν,
1435 1594 1675 1667 ἠθέλησε
1718 1596 1969 1671 γνωσθῆ-

317 1709 405 1744 ναι
435 1694 554 1750 τοῖς
584 1687 755 1744 Aiebat
780 1705 794 1720 ’
826 1687 915 1741 καὶ
943 1684 1032 1740 διὰ
1059 1693 1158 1754 τῆς
1193 1687 1575 1760 Ἑνθυμήσεως
1604 1693 1706 1755 τῆς
1733 1687 1962 1756 ἑαυτοῦ,

2089 800 2259 856 sicuti
2294 802 2351 856 in
2385 801 2457 857 iis
2483 818 2608 870 quae
2639 809 2963 872 sequuntur
2991 808 3175 858 Deum
3202 818 3337 858 eum
3359 819 3488 858 esse
3513 803 3737 875 liquido

2088 891 2346 944 ostendit
2389 890 2648 945 Joannes
2673 891 2912 946 dicens:
2965 891 3292 962 Uuigenitus
3323 893 3481 958 Deus,
3532 893 3630 963 qui
3658 903 3737 950 est

2086 978 2148 1032 in
2159 981 2289 1034 sinu
2307 978 2632 1049 Patris,ipse
2652 982 2938 1035 enarravit
2960 980 3057 1052 (b).
3077 981 3333 1035 Verbum
3357 981 3581 1036 scilicet
3602 982 3732 1054 hoc,

2087 1069 2238 1138 quod
2286 1074 2412 1122 erat
2460 1070 2516 1123 in
2551 1069 2858 1138 principio,
2909 1069 3051 1124 illud
3109 1070 3261 1140 quod
3310 1069 3367 1123 in
3404 1069 3730 1142 Unigenito,

2084 1157 2240 1226 quod
2273 1157 2331 1210 in
2367 1161 2578 1222 mente,
2612 1162 2670 1211 et
2714 1159 2868 1227 quod
2904 1158 2963 1211 in
2996 1157 3237 1212 veritate
3269 1157 3399 1224 fuit,
3428 1159 3730 1215 Christum

2086 1245 2334 1299 Verbum
2369 1250 2424 1298 et
2467 1247 2643 1300 vitam
2677 1245 2916 1301 indicat.
2961 1244 3126 1301 Unde
3179 1246 3384 1302 merito
3431 1251 3487 1302 et
3533 1247 3727 1318 ipsum

2081 1334 2348 1388 nominat
2360 1334 2540 1388 Deum
2558 1333 2660 1404 qui
2676 1333 2732 1388 in
2746 1339 2864 1389 Deo
2880 1339 3073 1389 mente
3107 1334 3354 1390 exsistit.
3372 1335 3520 1403 Quod
3541 1335 3595 1390 in
3611 1336 3728 1408 ipso

2083 1421 2247 1477 Verbo
2270 1429 2481 1491 [actum
2510 1431 2610 1487 est,
2655 1422 2769 1478 vita
2797 1424 3012 1494 eral(c)
3049 1425 3263 1493 conjux
3295 1441 3308 1492 ;
3341 1427 3723 1494 quamobrem

2076 1515 2134 1566 et
2161 1512 2442 1566 Dominus
2465 1511 2697 1581 inquit:
2732 1514 2850 1580 Ego
2880 1529 3002 1566 sum
3032 1514 3145 1567 vita
3177 1513 3274 1583 (ἁ).

2147 1599 2300 1655 849
2334 1598 2454 1654 VII.
2492 1604 2698 1654 Parum
2729 1599 2926 1670 itaque
2957 1601 3227 1671 cognitus
3266 1605 3455 1670 Pater,
3488 1601 3560 1656 ab
3590 1602 3719 1657 lEo-

2074 1689 2250 1744 nibus
2281 1688 2554 1760 cognosci
2597 1689 2796 1758 voluit,
2834 1693 2890 1743 et
2921 1706 3024 1760 per
3071 1691 3160 1744 sui
3194 1690 3382 1760 ipsius
3411 1690 3718 1760 Enthymeo

318 1777 394 1840 ὡς
444 1775 503 1832 ἃν
555 1778 740 1832 ἑαυτὸν
795 1775 1071 1849 ἐγνωκὼς,
1104 1778 1316 1847 πνεῦμα
1362 1774 1634 1851 γνώσεως,
1683 1772 1849 1843 οὔσης
1907 1773 1955 1828 ἐν

2070 1778 2182 1840 sin,
2215 1783 2416 1848 utpote
2447 1777 2546 1847 qui
2577 1778 2888 1846 segoptime
2921 1779 3162 1847 noverit,
3187 1778 3430 1850 spiritus
3459 1778 3717 1836 scientia

315 1861 838 1942 γνώσει,·προὲ6αλε
885 1865 977 1919 τὸν
1020 1867 1332 1939 Μονογενῆ.
1371 1864 1591 1938 Γέγονεν
1644 1862 1735 1917 οὖν
1791 1863 1881 1918 καὶ
1931 1865 1955 1918 ὁ

2070 1883 2196 1937 quea
2227 1865 2456 1922 exsistit
2484 1865 2544 1920 in
2576 1866 2820 1921 scientia
2855 1867 3127 1938 produxit
3159 1867 3559 1936 Unigenitum.
3583 1868 3717 1924 Fuit

309 1957 416 2011 ἀπὸ
493 1955 763 2030 γνώσεως,
813 1952 1058 2008 τουτέστι
1113 1960 1212 2022 τῆς
1268 1959 1536 2028 πατρικῆς
1581 1953 1960 2024 Ἐνθυμήσεως

305 2044 598 2118 προελθὼν
647 2047 876 2116 γνῶσις,
923 2040 1198 2097 τουτέστιν
1232 2043 1261 2096 6'
1290 2041 1414 2102 Υἱός
1447 2041 1568 2096 ’ὅτι
1628 2039 1699 2094 δι’
1752 2042 1878 2095 Υἱοῦ
1930 2043 1958 2095 6

306 2136 492 2209 Πατὴρ
541 2132 806 2208 ἐγνώσθη.
839 2133 920 2190 Τὸ
971 2129 1028 2186 δὲ
1083 2138 1185 2201 τῆς
1239 2130 1451 2204 ἀγάπης
1499 2135 1715 2202 πνεῦμα
1761 2130 1958 2205 κέκρα-

300 2243 390 2278 ται
447 2226 529 2294 τῷ
575 2228 675 2291 τῆς
721 2221 1003 2296 γνώσεως,
1056 2219 1131 2282 ὡς
1177 2221 1362 2294 Πατὴρ
1412 2219 1540 2290 Υἱῷ,
1570 2219 1656 2273 καὶ
1688 2218 1955 2292 Ἐνθύμη-

300 2331 381 2372 σις
409 2310 645 2382 ἀληθείᾳ
677 2342 696 2354 -
727 2309 818 2364 ἀπ’
852 2307 1111 2378 ἀληθείας
1141 2307 1450 2383 προελθὼν,
1480 2308 1553 2368 ὡς
1610 2307 1714 2362 ἀπὸ
1765 2309 1956 2371 Ἐνθυ-

309 2403 527 2474 μήσεως
555 2403 591 2470 ἡ
622 2405 844 2475 γνῶσις.
879 2399 976 2454 Καὶ
1010 2400 1038 2453 6
1074 2399 1169 2470 μὲν
1231 2397 1416 2470 μείνας
1481 2398 1780 2470 μονογενὴς
1836 2397 1957 2458 Υἱὸς

303 2489 378 2552 εἷς
418 2491 510 2544 τὸν
561 2488 770 2545 κόλπον
818 2492 917 2542 τοῦ
949 2488 1180 2561 Ηατρὸς,
1210 2487 1309 2554 τήν
1335 2485 1664 2558 Ἐνθύμησιν
1717 2483 1806 2539 διὰ
1855 2493 1955 2555 τῆς

303 2579 560 2654 γνώσεως
591 2577 858 2652 ἐξηγεῖται
915 2581 1032 2638 τοῖς
1088 2574 1314 2646 Αίῶσιν,
1345 2575 1420 2636 ὡς
1477 2571 1538 2628 ἂν
1587 2575 1677 2628 καὶ
1725 2574 1828 2628 ὑπὸ
1858 2577 1954 2628 τοῦ

302 2667 517 2723 κόλπου
566 2665 730 2722 αὐτοῦ
773 2660 1135 2740 προϐληθείς.
1167 2665 1224 2718 Ὀ
1272 2661 1331 2718 δὲ
1379 2662 1608 2718 ἐνταῦθα
1647 2663 1830 2739 ὀφθεὶς
1857 2661 1956 2718 οὐκ

305 2753 381 2813 ἔτι
419 2757 736 2832 μονογενὴς,
769 2753 900 2810 ἀλλ’
929 2754 1004 2816 ὡς
1041 2755 1342 2827 μονογενὴς
1391 2753 1528 2828 πρὸς
1572 2756 1670 2807 τοῦ
1720 2751 1951 2806 ἀποστό-

305 2845 408 2902 λου
463 2844 942 2920 προσαγορεύεται,
980 2839 1136 2913 δόξαν
1192 2842 1266 2903 ὡς
1322 2844 1660 2916 Μονογενοῦς
1697 2859 1710 2871 ·
1746 2841 1850 2908 ὅτι,
1875 2843 1954 2902 εἷς

304 2935 394 2989 καὶ
445 2935 473 2988 6
517 2933 675 2994 αὐτὸς
725 2931 823 3003 ὣν,
857 2931 910 2986 ἐν
947 2932 1041 3004 μὶν
1069 2933 1137 3004 τῇ
1168 2933 1355 3000 κτήσει
1411 2929 1762 3004 πρωτότοκός
1810 2929 1951 2984 ἐστιν

305 3024 538 3094 Ἰησοῦς,
599 3021 650 3077 ἐν
709 3018 767 3077 δὲ
824 3020 1165 3096 Πληρώματι
1222 3022 1335 3094 (59)
1398 3022 1719 3092 μονογενής.
1775 3020 1836 3076 Ὁ
1895 3016 1954 3074 δὲ

304 3111 463 3174 αὐτός
511 3111 645 3183 ἐστι,
703 3115 950 3171 τοιοῦτος
1007 3109 1080 3163 ὢν
1132 3107 1340 3181 ἑκάστῳ
1386 3108 1560 3180 τόπῳ,
1617 3112 1733 3170 οἷος
1778 3129 1954 3184 κεχωο

2065 1971 2203 2026 ergo
2232 1971 2266 2010 a
2314 1955 2581 2021 scientia,
2636 1956 2740 2010 hoc
2770 1961 2880 2021 est,
2931 1955 3178 2010 scientia
3209 1956 3452 2010 veniens
3493 1957 3566 2012 ab
3600 1959 3709 2012 En-

2066 2045 2303 2115 thymesi
2333 2045 2540 2105 Patris,
2574 2044 2684 2099 hoc
2734 2044 3012 2098 nimirum
3047 2049 3137 2098 est
3166 2043 3370 2108 Filius,
3403 2047 3559 2114 quod
3615 2061 3716 2115 per

2067 2134 2275 2188 Filium
2303 2134 2468 2188 Pater
2519 2133 2690 2188 nobis
2721 2133 2796 2188 sit
2822 2133 3114 2204 cognitus,
3167 2133 3424 2203 Spiritus
3454 2150 3588 2189 vero
3616 2133 3713 2190 ille

2065 2221 2368 2276 charitatis
2397 2220 2482 2275 illi
2516 2220 2771 2276 scientiae
2803 2221 3035 2291 spiritui
3079 2221 3290 2276 mistus
3321 2227 3412 2277 est
3450 2223 3520 2276 ad
3553 2238 3713 2277 eum-

2066 2310 2196 2365 dem
2235 2311 2600 2381 modumquo
2617 2309 2782 2364 Pater
2799 2309 2943 2379 ﬁlio,
2965 2313 3022 2364 et
3054 2309 3404 2380 Enthymesis
3443 2311 3666 2366 veritati
3695 2329 3707 2367 :

2064 2415 2178 2453 non
2213 2398 2381 2453 aliter
2409 2415 2477 2453 ac
2507 2397 2754 2453 scientia
2783 2400 2854 2453 ab
2874 2399 3207 2465 Enthemesi,
3240 2415 3275 2453 a
3304 2398 3549 2453 veritate
3582 2416 3709 2470 pro-

2064 2488 2324 2542 veniens.
2360 2489 2429 2542 Et
2485 2486 2584 2542 ille
2609 2487 2846 2559 quidem
2877 2488 2978 2559 qui
3030 2487 3087 2542 in
3121 2487 3252 2542 sinu
3305 2487 3494 2544 Patris
3526 2487 3707 2544 Filius

2063 2577 2407 2648 unigenitus
2457 2576 2762 2641 manserit,
2812 2577 3160 2632 Enthemesin
3222 2577 3367 2632 hanc
3420 2577 3704 2633 Bonibus

2063 2679 2167 2735 per
2196 2664 2504 2719 scientiam
2535 2663 2826 2734 patefacit,
2860 2669 2923 2719 ut
2953 2664 3051 2735 qui
3085 2681 3116 2718 e
3145 2664 3281 2720 sinu
3313 2666 3443 2734 ejus
3480 2681 3707 2734 proces-

2064 2754 2226 2808 serit.
2247 2755 2393 2818 Quid
2411 2770 2540 2810 vero
2563 2753 2654 2808 his
2675 2754 2833 2808 visus
2868 2760 2957 2810 est
2987 2756 3046 2809 in
3073 2755 3266 2820 terris,
3299 2771 3414 2811 non
3445 2755 3702 2827 amplius

2062 2843 2423 2914 unigenitus,
2456 2843 2558 2898 sed
2591 2843 2760 2914 quasi
2795 2843 3134 2914 unigenitus
3165 2845 3236 2899 ab
3269 2843 3536 2915 apostolo
3569 2861 3706 2899 con-

2061 2931 2374 2998 sideratur,
2398 2931 2634 3001 gloriam
2659 2931 2819 3002 quasi
2848 2931 3140 3004 Unigeniti
3165 2932 3239 3002 (e)
3264 2949 3285 2993 ;
3313 2932 3535 3004 *quod
3569 2949 3706 2988 cum

2063 3037 2217 3075 unus
2239 3019 2512 3090 idemque
2535 3019 2632 3086 sit,
2657 3019 2970 3090 separatim
3000 3020 3056 3074 in
3091 3026 3362 3076 creatura
3381 3021 3554 3077 Jesus
3575 3022 3706 3092 qui-

2062 3109 2194 3164 dem
2207 3108 2628 3178 primogenitus,
2644 3108 2701 3162 in
2719 3107 3089 3164 Plenitudine
3105 3125 3236 3164 vero
3261 3109 3583 3179 unigenitus
3615 3111 3703 3181 (f).

305 3209 500 3276 ρῆσθαι
553 3198 797 3270 δύναται,
829 3198 918 3254 καὶ
974 3196 1235 3253 οὐδεποτε
1277 3202 1372 3252 τοῦ
1426 3197 1703 3271 μείναντος
1733 3199 1760 3251 6
1790 3194 1955 3252 κατα-

2070 3195 2160 3251 llle
2213 3202 2410 3251 autem
2440 3196 2593 3251 idem
2644 3201 2754 3262 est,
2790 3212 2998 3268 nempe
3028 3196 3162 3252 talis
3197 3197 3515 3268 unicuique
3557 3197 3704 3264 loco,

303 3285 403 3353 ϐὰς
465 3291 786 3363 μερίζεται·
844 3287 977 3366 φησὶ
1033 3288 1132 3361 γὰρ
1191 3288 1219 3340 6
1276 3285 1616 3349 Ἀπόστολος
1651 3306 1665 3319 ·
1725 3288 1786 3345 Ὁ
1846 3289 1945 3361 γὰρ

301 3374 524 3451 ἀναϐὰς,
575 3377 734 3440 αὐτός
791 3376 902 3432 ἐστι
961 3376 1050 3432 καὶ
1106 3377 1134 3432 ὁ
1197 3371 1452 3438 καταϐάς.
1508 3375 1705 3433 Εἷκόνα
1745 3373 1802 3430 δὲ
1851 3379 1949 3431 τοῦ

303 3466 652 3544 Μονογενοῦς
699 3469 794 3523 τὸν
845 3466 1186 3542 Δημιουργὸν
1239 3464 1457 3542 λέγουσι
1490 3485 1502 3498 ο
1539 3463 1623 3520 διὸ
1670 3466 1759 3520 καὶ
1816 3465 1951 3520 αὖτά

297 3565 400 3628 τῆς
459 3557 668 3619 εἰκόνος
717 3556 785 3611 τὰ
812 3550 959 3632 ἔργα.
993 3558 1155 3620 Ὅθεν
1199 3556 1286 3610 καὶ
1328 3555 1356 3608 ὀ
1384 3553 1584 3630 Κύριος
1616 3554 1796 3608 εἰκόνα
1850 3559 1951 3624 τῆς

300 3653 674 3720 πνευματικῆς
724 3646 1058 3707 ἀναστάσεως
1120 3647 1354 3715 ποιήσας
1399 3642 1526 3716 τοὺς
1581 3643 1801 3717 νεκροὺς
1857 3641 1948 3704 οὓς

301 3736 544 3812 ἤγειρεν,
577 3736 684 3790 οὐκ
738 3735 1041 3813 ἀφθάρτους
1087 3735 1189 3804 τὴν
1244 3735 1436 3808 σάρκα,
1490 3730 1616 3788 ἀλλ⁸
1673 3732 1747 3794 ὡς
1799 3731 1950 3796 αὖθις

305 3821 780 3897 ἀποθανουμένους
810 3819 1053 3898 ἤγειρεν.

371 4093 450 4149 H'.
480 4095 668 4164 Ἡμεῖς
699 4087 756 4145 δὶ
784 4090 874 4145 τὸν
908 4088 961 4144 ἐν
1000 4086 1289 4157 ταύτότητι
1340 4088 1513 4162 Λόγον
1553 4087 1685 4142 Θεὸν
1733 4086 1785 4142 ἐν
1833 4093 1950 4161 Θεῷ

297 4181 569 4260 summa:
598 4181 688 4234 καὶ
719 4179 795 4240 εἷς
828 4179 913 4233 τὸν
945 4177 1153 4233 κόλπον
1173 4181 1272 4233 τοῦ
1307 4177 1513 4250 Πατρὸς
1545 4177 1676 4230 εἶναι
1707 4177 1948 4252 λέγεται,

298 4268 636 4340 ἀδιάστατος,
697 4269 1013 4343 ἀμέριστος,
1073 4270 1150 4329 εἷς
1213 4265 1362 4330 Θεός.
1428 4267 1608 4321 Πάντα
1665 4265 1736 4320 δι’
1786 4267 1951 4322 αὐτοῦ

297 4359 529 4435 ἐγένετο,
583 4358 724 4412 κατὰ
774 4359 874 4427 τὴν
933 4363 1183 4431 προσεχῆ
1247 4355 1512 4428 ἐνέργειαν
1541 4359 1637 4410 τοῦ
1668 4353 1720 4410 ἐν
1763 4355 1952 4411 ταύτό-

299 4469 423 4518 τητι
453 4447 652 4522 Λόγου,
681 4445 747 4502 τά
775 4467 834 4501 τε
863 4445 1204 4518 πνευματικά
1230 4446 1318 4499 καὶ
1351 4445 1520 4514 νοητά
1551 4445 1640 4498 καὶ
1697 4444 1944 4514 αἰσθητά.

2060 3283 2251 3356 qualis
2263 3285 2334 3339 ab
2353 3285 2551 3340 eodem
2572 3285 2946 3356 capitpossit,
2978 3289 3032 3341 et
3049 3302 3351 3357 nunquam
3375 3302 3409 3340 a
3435 3289 3707 3341 manente

2057 3374 2156 3430 ille
2178 3374 2278 3445 qui
2301 3374 2620 3438 descendit,
2647 3373 2926 3428 dividitur
2954 3391 2968 3443 ;
2993 3373 3134 3428 dicit
3155 3373 3310 3428 enim
3342 3373 3699 3444 Apostolus:

2059 3463 2165 3532 Qui
2198 3464 2344 3518 enim
2371 3462 2634 3528 ascendit,
2657 3461 2798 3517 idem
2826 3466 2908 3517 est
2940 3464 3040 3535 qui
3062 3461 3340 3518 descendit
3371 3462 3469 3534 (ρ).
3495 3461 3700 3533 Imagi-

2059 3568 2192 3607 nem
2207 3556 2398 3606 autem
2413 3550 2707 3622 Unigeniti
2724 3551 3106 3622 Demiurgum
3132 3551 3440 3606 nominant
3465 3566 3478 3605 :
3507 3550 3701 3621 proin-

2059 3642 2130 3697 de
2161 3640 2366 3696 eadem
2399 3646 2538 3694 sunt
2583 3639 2860 3711 imaginis
2907 3656 3100 3711 opera.
3147 3639 3291 3696 Hinc
3321 3645 3378 3696 et
3416 3639 3704 3697 Dominus

2060 3728 2504 3786 resurrectionis
2534 3728 2816 3801 spiritalis
2847 3729 3162 3800 imaginem
3194 3729 3511 3786 conficiens
3542 3747 3704 3787 mor-

2055 3823 2191 3874 tuos
2223 3833 2368 3890 quos
2400 3816 2725 3882 suscitavit,
2775 3834 2887 3872 non
2921 3833 3095 3872 carne
3124 3834 3157 3872 a
3186 3817 3561 3888 corruptione
3592 3818 3704 3875 im-

2055 3907 2215 3963 muni
2248 3905 2679 3975 suscitavit,sed
2712 3905 2883 3977 quasi
2914 3906 3016 3978 qui
3046 3906 3257 3962 iterum
3277 3911 3526 3962 mortem
3555 3907 3700 3962 sub-

2057 3995 2233 4052 irent.

2130 4097 2282 4150 VIII.
2316 4093 2433 4149 Nos
2463 4097 2660 4150 autem
2690 4093 2878 4149 Deum
2920 4092 3174 4150 Verbum
3206 4108 3310 4164 per
3336 4092 3707 4150 identitatem

2059 4185 2118 4239 in
2145 4189 2262 4240 Deo
2294 4198 2422 4238 esse
2467 4182 2814 4249 asserimus,
2863 4182 2963 4254 qui
2995 4187 3054 4238 et
3084 4183 3140 4237 in
3174 4181 3308 4238 sinu
3350 4182 3543 4238 Patris
3575 4199 3707 4240 esse

2059 4273 2298 4338 dicitur,
2330 4270 2432 4343 qui
2454 4287 2558 4326 nec
2589 4272 2852 4342 separari
2878 4271 2966 4326 vel
2998 4270 3177 4327 dividi
3202 4271 3408 4342 possit,
3429 4271 3530 4328 sed
3556 4288 3707 4329 unus

2059 4367 2152 4419 est
2179 4362 2350 4417 Deus.
2387 4360 2585 4416 Omnia
2603 4376 2700 4431 per
2726 4359 2906 4431 ipsum
2935 4363 3080 4430 [acta
3099 4371 3228 4416 sunt
3260 4361 3364 4433 (h),
3395 4378 3499 4433 per
3528 4362 3710 4419 virtu-

2061 4455 2179 4506 tem
2212 4450 2617 4505 immediatam
2638 4448 2828 4513 Verbi,
2847 4449 3001 4520 quod
3019 4450 3075 4503 in
3106 4450 3414 4505 identitate
3435 4456 3545 4518 est,
3571 4467 3708 4508 cum

301 4539 475 4600 Οὗτος
503 4538 594 4592 τὸν
627 4535 838 4592 κόλπον
866 4539 964 4590 τοῦ
1013 4535 1223 4607 Πατρὸς
1283 4533 1584 4608 ἐξηγήσατο
1640 4535 1668 4588 6
1728 4536 1946 4610 Σωτήρ.

2070 4538 2378 4610 spiritalia,
2439 4543 2565 4591 tum
2617 4536 3033 4601 intelligibilia,
3056 4543 3113 4592 et
3156 4555 3283 4610 qua
3311 4553 3488 4594 sensu
3523 4541 3709 4612 perci-

302 4626 400 4681 Καὶ
457 4623 681 4688 Ἡσαΐας
712 4642 725 4656 ⁸
773 4624 877 4682 Καὶ
934 4620 1308 4679 ἀνταποδώσω
1363 4623 1430 4677 τὰ
1487 4621 1619 4698 ἔργα
1657 4622 1830 4679 αὐτῶν
1875 4625 1951 4690 εἷς

2063 4629 2327 4702 piuntur.
2362 4626 2464 4682 Hic
2495 4626 2758 4682 Salvator
2786 4627 2970 4681 Patris
2998 4627 3186 4681 sinum
3219 4628 3488 4699 patefecit
3520 4629 3604 4699 (i).
3639 4630 3710 4686 Et

405 4777 469 4842 ιι(
491 4773 553 4828 Ρ.
585 4773 691 4829 959
716 4773 826 4828 ED.
859 4771 1156 4844 POTTER.
1185 4771 1270 4844 (α),
1286 4771 1458 4844 Joan.
1492 4787 1531 4838 ι,
1569 4775 1614 4826 1.
1647 4771 1724 4841 (b)
1751 4771 1950 4844 lbid.i

2070 4773 2114 4840 ο)
2147 4772 2292 4828 Ibid.
2329 4773 2379 4826 4.
2416 4771 2496 4843 (d)
2550 4773 2714 4827 Joan.
2765 4787 2845 4841 χι,
2875 4772 2980 4838 25;
3014 4788 3126 4843 xxv,
3156 4773 3211 4827 6.
3245 4771 3316 4844 (e)
3341 4775 3510 4828 Joan.
3544 4790 3584 4838 ι,
3618 4774 3703 4830 14.

299 4845 365 4918 (Ι)
396 4841 515 4902 σοι.
545 4861 585 4913 ι,
621 4844 706 4900 45.
737 4844 814 4915 (g)
845 4845 990 4915 Eph.
1023 4860 1100 4913 ιν,
1133 4841 1216 4898 10.
1245 4841 1314 4915 (Ιι
1338 4843 1355 4914 )
1380 4842 1549 4898 Joan.
1584 4860 1624 4912 ι,
1657 4844 1708 4899 3.
1739 4842 1805 4914 (i)
1839 4843 1955 4899 ibid

2070 4847 2106 4900 Ξ.
2425 4841 2431 4843 “
3039 4885 3051 4896 .

367 4987 478 5059 (57)
507 4987 580 5059 Ὀ,
606 4984 902 5059 μονογενὴς
935 4982 1086 5059 Θεός.
1119 4984 1502 5059 _Etia_m_Syr.
1556 4983 1703 5054 Θεός,
1739 4984 1946 5055 reliqui

296 5055 442 5116 forte
461 5055 687 5130 melius
713 5055 858 5122 Υἱός,
890 5057 1234 5130 unigenitus
1266 5055 1628 5130 Filiushquze
1678 5074 1791 5130 vox
1833 5073 1945 5111 non

295 5130 437 5188 sinit
492 5129 645 5186 trahi
703 5125 1225 5185 deitatem'Verbi
1277 5129 1348 5182 ad
1394 5125 1943 5182 Valentinianorum

297 5201 633 5285 ὁμωνυμίαν,
665 5202 768 5256 sed
803 5205 864 5285 ut
895 5216 1027 5285 vere
1057 5200 1234 5255 Filius
1257 5199 1529 5282 Deusq'ue
1561 5200 1944 5285 intelligatur,

295 5271 704 5345 singularique
738 5272 1192 5345 nativitatequa
1243 5288 1396 5345 unus
1451 5271 1577 5345 ipse
1609 5272 1948 5342 unigenitus

297 5342 666 5402 humanitate
697 5351 754 5399 et
784 5361 979 5410 carne,
1012 5342 1165 5398 idem
1192 5342 1617 5412 primogenitae
1650 5348 1708 5398 et
1739 5345 1947 5399 fratres

298 5417 543 5489 habens,
571 5416 790 5489 quibus
821 5432 953 5471 vere
978 5414 1396 5489 communicet.
1425 5414 1690 5485 Reliqua,
1713 5415 1946 5489 etquod

297 5487 494 5561 divina
529 5484 783 5561 quisque
840 5487 1080 5561 nomina
1129 5502 1221 5540 res
1253 5491 1309 5542 et
1339 5484 1692 5561 Aiﬂivecmeu
1729 5484 1945 5561 aliquid

297 5557 644 5632 distinctum
677 5557 930 5632 vereque
953 5557 1241 5614 exsistens
1274 5559 1665 5630 accipiuntur,
1687 5557 1945 5614 Valenti-

298 5631 610 5692 nianorum
640 5630 869 5692 deliria.
901 5630 1156 5690 Causas.

2128 4986 2238 5057 (58)
2274 4984 2508 5057 Μηνόει.
2539 4989 2630 5057 S_c.
2661 4985 2918 5041 Joannes
2949 4985 3270 5056 apostolus.
3305 4986 3592 5042 SYLBURG.

2134 5055 2362 5182 859)_'E.v
2416 5055 2472 5140 δὲ
2522 5055 2886 5132 Πληρώματι.
2921 5055 3038 5111 VOx
3087 5062 3178 5112 est
3234 5074 3366 5140 qua.
3401 5057 3552 5114 male
3611 5058 3703 5115 usi

2134 5176 2135 5181 η
2166 5136 2450 5182 entimam
2486 5147 2588 5182 nro
2621 5146 2795 5182 scena
2823 5129 3076 5182 uuadam
3099 5134 3155 5182 et
3175 5133 3495 5182 canacitate
3525 5147 3703 5182 sunra

2055 5127 2450 5201 Valentiniani
2486 5147 2588 5201 pro
2621 5127 2795 5185 scena
2823 5129 3076 5201 quadam
3099 5134 3155 5183 et
3175 5127 3495 5201 capacitate
3525 5147 3706 5200 supra

2056 5200 2254 5265 ccelos,
2289 5201 2374 5273 uti
2433 5200 2517 5256 sic
2569 5201 2714 5256 satis
2746 5200 3058 5273 explicant,
3094 5200 3322 5273 iniquo
3353 5200 3704 5273 Unigenitus

2058 5289 2159 5345 pro
2195 5273 2300 5326 loci
2336 5271 3142 5345 immensitatcmagnus,_bic
3174 5271 3240 5327 in,
3265 5272 3433 5328 terris
3468 5271 3700 5345 parvus.

2056 5343 2150 5399 Sic
2182 5344 2347 5398 deliri
2382 5344 2647 5398 homines
2679 5343 2936 5412 nihilque
2968 5343 3163 5415 minus
3196 5361 3374 5415 quam
3405 5343 3536 5400 vere
3558 5347 3702 5402 Gno-

2057 5417 2208 5499 slioi,
2303 5431 2350 5468 c.
2388 5415 2690 5497 sapientes.
2722 5414 3148 5499 sacell‘enti‘que
3177 5414 3701 5499 scientiaprmditi,

2058 5488 2156 5541 sed
2191 5487 2362 5556 plane
2392 5486 2864 5556 insipientissimi
2898 5486 3207 5558 bardique,
3242 5503 3345 5543 nec
3399 5486 3568 5545 aliter
3613 5490 3699 5546 eis

2055 5559 2385 5613 intellectus
2417 5559 2584 5614 sinus
2616 5557 2820 5614 Patris.
2843 5562 3091 5614 COMBEF.
