4078 6146
404 319 514 376 659

1638 315 2048 374 CLEMENTIS
2082 315 2585 372 ALEXANDBINI

3712 314 3826 370 660

413 447 523 504 Isai
532 463 597 503 as
608 445 751 502 dicit
774 463 788 502 :
807 449 870 504 Et
880 444 1111 501 reddam
1131 461 1295 518 opera
1313 461 1501 500 eorum
1519 445 1576 500 in
1595 443 1727 500 sinu
1749 457 1936 499 eorum
1949 440 2050 513 (a),
2083 453 2099 507 Α

2215 442 2257 494 ὃν
2289 438 2499 494 κόλπον
2559 439 2761 510 αὐτῶν,
2793 438 2871 502 είς
2917 439 3017 508 τὴν
3049 435 3258 494 ἔννοιαν
3307 437 3486 494 αὐτῶν
3513 439 3613 508 τὴν
3663 438 3718 495 έν
3756 439 3828 515 τῇ

416 537 479 594 in
512 535 916 610 cogitationem
948 551 1148 591 eorum
1199 551 1326 608 qua
1357 534 1416 590 in
1457 533 1656 590 anima
1703 537 1816 598 est,
1847 549 1916 588 ex
1939 547 2061 602 qua

421 627 614 700 prima
655 629 934 681 creaturas
983 623 1176 680 omnis
1226 623 1653 695 primogenitus
1695 621 2059 694 producitur.

423 714 531 781 Qui
563 729 696 770 vero
724 729 823 785 per
851 712 1218 769 identitatem
1269 712 1622 784 Unigenitus
1665 716 1774 777 est,
1807 725 2063 782 quacum

421 802 681 860 Salvator
725 802 940 858 virtute
988 818 1100 857 non
1147 801 1475 873 separanda
1519 804 1814 872 operatur,
1854 798 1948 853 hic
1978 801 2069 852 est

422 894 525 949 lux
558 890 843 957 Ecclesiae,
870 891 1020 962 {quae
1053 890 1217 962 prius
1249 890 1308 944 in
1355 889 1616 945 tenebris
1644 893 1701 943 et
1732 887 2070 960 ignorantia

419 981 550 1037 fuit.
576 981 641 1036 Et
661 979 901 1036 tenebrae
927 995 1050 1034 eam
1078 995 1190 1034 non
1219 976 1750 1049 comprehenderunt
1776 994 1797 1030 :
1835 980 2070 1047 aposta-

407 1075 496 1127 -ιω
543 1069 825 1126 nimirum
873 1085 939 1125 ac
986 1067 1192 1138 reliqui
1225 1067 1490 1138 ejusdem
1552 1066 1752 1121 farina
1799 1065 2071 1120 homines

420 1175 556 1216 eum
599 1175 716 1214 non
768 1161 1007 1223 norunt,
1058 1173 1194 1212 cum
1244 1159 1303 1212 et
1327 1172 1483 1212 mors
1533 1154 1731 1227 ipsum
1776 1171 1891 1210 non
1925 1152 2073 1209 deti-

427 1248 646 1306 nuerit.

502 1339 598 1393 IX.
633 1337 805 1393 Fides
832 1352 952 1392 non
986 1352 1106 1391 una
1135 1339 1246 1402 est,
1277 1335 1378 1390 sed
1411 1335 1665 1390 diversa.
1699 1333 1851 1388 Dicit
1881 1333 2077 1404 itaque

2171 529 2348 602 ψυχῇ,
2380 527 2470 602 ἀφ’
2498 529 2564 596 ἧς
2614 529 2840 603 πρώτης
2893 525 3186 604 ἐνεργεῖται
3236 526 3589 601 πρωτότοκος
3642 529 3825 598 πάσης

2171 618 2420 678 κτίσεως.
2452 617 2514 674 Ὀ
2543 614 2601 672 δὲ
2624 615 2677 671 ἐν
2701 616 2993 688 ταύτότητι
3045 618 3385 692 Μονογενής,
3417 616 3482 672 οὗ
3538 620 3676 674 κατᾶ
3731 615 3824 674 δύο

2173 727 2334 780 ναμιν
2364 703 2683 762 ἀδιάστατον
2707 707 2736 762 ὁ
2759 707 2955 782 Σωτὴρ
3006 705 3225 781 ἐνεργεῖ,
3258 706 3416 768 οὗτός
3449 705 3562 762 ἔστι
3616 707 3680 763 τὸ
3711 712 3828 785 φῶς

2173 799 2273 860 τῆς
2332 795 2682 866 Ἐκκλησίας,
2737 801 2838 866 τῆς
2920 795 3185 872 πρότερον
3265 793 3317 850 ἐν
3377 794 3557 869 σκότῳ
3613 797 3702 851 καὶ
3770 797 3823 854 έν

2178 884 2366 961 ἀγνοίᾳ
2425 881 2612 954 οὔσης.
2663 883 2766 942 Καὶ
2816 887 2852 955 ἡ
2906 885 3094 940 σκοτία
3149 884 3312 939 αὐτὸν
3385 884 3449 940 οὐ
3507 881 3824 943 κατέλαϐεν.

2178 975 2246 1032 Οἱ
2303 973 2776 1045 ἀποστατήσαντες
2820 973 2910 1030 καὶ
2969 975 3024 1028 οὶ
3081 971 3273 1029 λοιποὶ
3309 977 3418 1029 τῶν
3445 973 3709 1030 τοιούτων
3739 976 3826 1030 ἇν-

2181 1063 2414 1138 θρώπων
2448 1063 2551 1118 οὐκ
2579 1060 2818 1140 ἔγνωσαν
2849 1062 3009 1119 αὐτόν
3041 1081 3056 1096 ⁸
3095 1063 3186 1118 καὶ
3229 1063 3258 1118 ὁ
3287 1064 3512 1128 θάνατος
3566 1063 3628 1119 οὐ
3683 1063 3830 1120 κατέο
3897 1072 3900 1074 ’

2185 1170 2316 1227 σχεν
2346 1152 2506 1208 αὑτόν
2517 1197 2531 1211 .

2257 1333 2331 1387 θ’.
2361 1331 2426 1388 Ἠ
2453 1331 2637 1393 πίστις
2669 1329 2732 1385 οὗ
2784 1329 2900 1404 μία,
2931 1327 3080 1384 ἀλλᾶ
3135 1327 3407 1407 διέφορος.
3429 1334 3488 1388 ⁸0
3529 1334 3659 1406 γοῦν
3712 1337 3837 1386 Σω-

431 1427 694 1483 Salvator
719 1442 732 1481 :
766 1427 885 1481 Fiat
900 1425 1000 1481 tibi
1028 1423 1662 1494 secundumﬁdemtuam
1686 1423 1786 1494 (b).
1815 1422 1954 1477 Inde
1986 1421 2081 1476 di-

2215 1421 2291 1491 ηήρ
2350 1438 2530 1495 φησι·
2589 1421 2882 1490 Γενηθήτω
2941 1439 3037 1474 σου
3086 1420 3223 1474 κατὰ
3285 1422 3396 1493 (60)
3459 1420 3555 1489 τήν
3627 1419 3836 1477 πίστιν-

433 1517 606 1583 citur,
641 1515 909 1571 homines
942 1514 1043 1585 qui
1073 1515 1261 1569 vocati
1287 1514 1518 1568 fuerant
1549 1513 1607 1567 in
1641 1514 1894 1567 adventu
1913 1510 2082 1566 Anti-

2215 1513 2344 1572 Οθεν
2379 1506 2589 1584 εἷ’ρηται
2615 1509 2742 1570 τοὺς
2776 1509 2869 1582 μὶν
2898 1514 2999 1576 τῆς
3038 1505 3290 1577 κλήσεως
3337 1506 3656 1583 ἀνθρώπους
3702 1508 3845 1563 κατᾶ

436 1603 644 1661 christi
674 1603 1038 1660 seducendos
1066 1619 1216 1671 esse,
1249 1600 1616 1673 impossibile
1645 1617 1782 1656 vero
1813 1605 1878 1655 ut
1910 1601 2082 1655 sedu-

2215 1598 2290 1666 ςήν
2322 1597 2619 1671 παρουσίαν
2649 1600 2746 1652 τοῦ
2778 1595 3156 1672 Ἀντιχρὶστου
3183 1594 3623 1666 πλανηθήσεσθαι
3658 1614 3672 1627 ·
3709 1593 3844 1652 ἀδύ-

435 1699 647 1750 cantur
676 1693 773 1762 qui
800 1692 1014 1748 fuerint
1045 1691 1232 1747 electi.
1258 1691 1502 1746 Proinde
1525 1690 1705 1744 dicit:
1741 1692 1880 1746 Etsi
1905 1690 2086 1760 possi-

2215 1707 2352 1742 >arrov
2385 1683 2443 1740 δὲ
2468 1685 2599 1748 τοὺς
2639 1685 2930 1748 ἐκλεκτούς
2961 1703 2976 1718 ·
3011 1682 3095 1740 διὸ
3124 1684 3258 1763 φησί
3290 1704 3302 1716 °
3339 1686 3466 1755 Καὶ,
3499 1685 3543 1739 εἷ
3598 1683 3846 1759 δυνατὸν,

440 1783 548 1838 bile
572 1785 738 1854 foret,
757 1781 915 1837 electi
936 1782 1046 1836 mei
1061 1781 1156 1851 (e).
1175 1784 1401 1836 Rursus
1427 1795 1560 1835 cum
1587 1780 1702 1834 ait:
1739 1777 2003 1833 Discedite
2023 1777 2089 1832 de

2215 1773 2320 1836 ποὺς
2375 1772 2664 1837 ἐκλεκτούς
2721 1795 2847 1847 μου.
2907 1773 3076 1830 Πάλιν
3128 1772 3253 1828 ὅταν
3331 1771 3502 1848 λέγῃ’
3567 1773 3848 1848 Ἐξέλθατε

437 1873 592 1929 domo
615 1869 798 1926 Patris
822 1871 934 1926 mei
953 1869 1052 1942 (ά),
1085 1869 1305 1924 vocatis
1332 1868 1412 1922 ibi
1440 1868 1603 1923 dicit.
1627 1867 1910 1922 Similiter
1933 1866 2088 1937 quod

2215 1872 2258 1919 ικ
2313 1868 2411 1920 τοῦ
2460 1862 2614 1918 οἷ’κου
2668 1867 2767 1918 τοῦ
2814 1861 3025 1926 Πατρός
3073 1884 3199 1936 μου,
3230 1866 3350 1924 τοῖς
3378 1861 3609 1933 κλητοῖς
3653 1861 3796 1938 λέγει
3830 1881 3844 1896 ⁶

437 1962 663 2016 dictum
695 1963 786 2015 est
813 1975 847 2014 a
877 1957 1345 2031 peregrinatione
1389 1956 1680 2021 redeunti,
1729 1955 1815 2010 illi
1840 1955 1940 2026 qui
1966 1971 2089 2010 rem

2215 1953 2366 2009 πάλιν
2396 1958 2473 2025 τῷ
2503 1952 2555 2024 ἐξ
2581 1950 2892 2026 ἀποδημίας
2925 1951 3139 2017 έλθόντι
3190 1953 3283 2007 καὶ
3339 1949 3726 2024 κατεδηδοκότι
3780 1953 3846 2008 τὰ

437 2065 609 2107 suam
633 2047 1036 2120 abligurierat,
1064 2047 1276 2118 cuique
1308 2044 1522 2101 vitulus
1546 2045 1840 2114 saginatus
1863 2045 1934 2115 (e)
1973 2059 2094 2099 ma-

2215 2044 2549 2118 51ra'rqxov'ta,
2581 2043 2628 2115 ᾧ
2655 2043 2748 2098 τὸν
2799 2043 3038 2097 σιτευτὸν
3089 2037 3245 2106 ἔθυσε
3297 2040 3533 2116 μόσχον,
3560 2043 3658 2110 τὴν
3703 2040 3846 2111 κλῆ-

445 2145 637 2197 ctatus
667 2138 878 2207 fuerat,
907 2135 1272 2193 vocationem
1305 2133 1565 2206 respicit.
1602 2134 1832 2189 Rursus
1864 2132 1962 2188 ubi
1996 2147 2096 2187 rex

446 2245 546 2286 eos
558 2227 846 2300 quiinviis
859 2234 1016 2282 erant
1041 2227 1106 2298 (Ι)
1131 2225 1203 2280 ad
1228 2223 1568 2297 nuptiarum
1601 2238 1826 2278 caenam
1848 2222 2094 2278 vocavit.

453 2319 534 2373 Ex
563 2333 731 2388 aqua
751 2315 990 2388 quidem
1022 2313 1208 2370 vocati
1233 2313 1470 2368 fuerunt
1500 2327 1725 2380 omnes,
1756 2311 1973 2383 quippe
1996 2327 2099 2366 su-

453 2423 558 2479 per
578 2406 775 2476 justas
805 2409 861 2460 et
893 2404 1145 2475 injustas
1170 2401 1340 2474 pluit,
1365 2401 1659 2472 solemque
1676 2399 1969 2455 universis
1999 2416 2101 2454 ac-

460 2494 657 2550 cendit
678 2494 784 2566 (g).
812 2491 1128 2564 Eliguntur
1150 2494 1344 2546 autem
1378 2490 1490 2546 fide
1515 2489 1722 2560 majori
1753 2488 1997 2561 praediti,
2031 2487 2104 2544 ad

453 2599 599 2654 quos
630 2580 824 2652 inquit
845 2581 1098 2636 :Patrem
1122 2594 1478 2634 meumnemo
1497 2578 1636 2632 vidit
1663 2578 1775 2632 nisi
1804 2577 1980 2633 Filius
1998 2576 2103 2649 (ἡ),

452 2677 508 2728 et
531 2689 545 2727 :
585 2672 682 2726 l’os
707 2669 904 2724 mundi
927 2670 1022 2724 lux
1045 2667 1173 2724 estis
1190 2666 1277 2740 (i),
1293 2671 1380 2722 et:
1398 2669 1784 2735 Patersancle,
1808 2666 2104 2737 sancti/ica

460 2773 549 2815 eos
579 2760 641 2813 in
667 2759 892 2813 nomine
920 2766 1011 2813 tuo
1041 2757 1138 2828 (k).

525 2847 681 2904 850
711 2850 781 2900 X.
802 2845 1001 2918 Neque
1031 2844 1323 2916 spiritalia
1353 2860 1418 2899 ac
1445 2861 1572 2916 quas
1604 2843 1967 2916 intelligunt,
2001 2858 2104 2900 ne-

463 2953 577 3009 que
608 2933 942 3006 archangeli
965 2934 1064 3005 qui
1098 2934 1363 2989 omnium
1385 2934 1557 3004 primi
1581 2932 1760 2988 creati
1777 2939 1934 2998 sunt,
1959 2934 2103 3006 quin

460 3031 519 3084 et
551 3043 654 3082 nec
683 3026 809 3099 ipse
856 3025 1123 3081 informis
1155 3031 1212 3080 et
1240 3025 1341 3098 qui
1386 3025 1514 3080 sine
1541 3024 1605 3089 ᾖ(
1634 3024 1848 3097 specie,
1881 3023 2008 3079 sine
2039 3023 2105 3078 fi-

2203 2154 2284 2188 σιν
2347 2131 2496 2207 λέγει
2531 2153 2543 2165 ·
2574 2132 2666 2186 καὶ
2726 2129 2864 2187 ὅπου
2907 2131 2936 2185 ὁ
2989 2129 3244 2206 βασιλεὺς
3277 2130 3352 2193 εἷς
3380 2129 3445 2185 τὸ
3483 2127 3700 2186 δεῖπνον
3749 2133 3846 2187 τοῦ

2205 2221 2388 2297 γάμου
2433 2219 2560 2284 τους
2610 2219 2662 2275 έν
2709 2224 2829 2283 ταῖς
2881 2216 3030 2282 ὁδοῖς
3054 2216 3309 2290 κέκληκε.
3343 2219 3545 2282 Πάντες
3604 2220 3700 2293 μὲν
3758 2218 3849 2275 οὖν

2205 2310 2500 2381 κέκληνται
2532 2308 2723 2381 ἐπίσης
2756 2329 2769 2342 ο
2807 2310 2994 2386 βρέχει
3023 2308 3124 2384 γὰρ
3155 2307 3242 2364 ἐπὶ
3290 2305 3533 2372 δικαίους
3589 2309 3681 2364 καὶ
3737 2307 3858 2364 d8!-

2207 2421 2357 2470 κους,
2391 2399 2480 2455 καὶ
2512 2400 2601 2454 τὸν
2633 2398 2802 2468 ἥλιον
2836 2397 3131 2471 ἐπιλάμπιι
3169 2403 3330 2453 πᾶσιν
3365 2417 3377 2431 ·
3428 2396 3750 2474 ἐκλέγονται
3803 2396 3862 2454 δὶ

2211 2491 2264 2545 οἱ
2298 2487 2514 2563 μᾶλλον
2543 2487 2938 2559 πιστεύσαντες,
2969 2489 3107 2565 πρὸς
3135 2486 3227 2550 οὓς
3261 2485 3405 2564 λέγει
3439 2505 3453 2520 ⁸
3483 2489 3586 2543 Τὸν
3644 2490 3864 2566 Πατέρα

2216 2601 2320 2653 μου
2353 2575 2528 2640 οὐδεὶς
2589 2578 2849 2652 ἑώρακεν,
2880 2577 2927 2632 εἷ
2961 2578 3038 2650 μὴ
3071 2577 3099 2632 ὁ
3129 2576 3254 2641 Υἱός
3285 2596 3298 2610 ·
3333 2575 3424 2632 καί
3458 2593 3476 2613 ⁸
3503 2577 3688 2650 Ὑμεῖς
3748 2577 3866 2633 ἐστι

2210 2669 2272 2723 τὸ
2303 2672 2420 2743 φῶς
2446 2671 2542 2722 τοῦ
2570 2665 2784 2739 κόσμου
2808 2684 2821 2698 ⁸
2853 2666 2944 2722 καὶ
2979 2685 2991 2698 ·
3027 2667 3201 2744 Πάτερ
3231 2666 3368 2742 ἅγιε,
3401 2665 3624 2743 ἁγίασον
3670 2665 3866 2731 αὐτοὺς

2215 2755 2267 2811 έν
2297 2761 2377 2827 τῷ
2407 2753 2635 2828 ὀνόματί
2666 2775 2783 2811 σου.

2285 2846 2341 2902 l'.
2373 2842 2535 2902 ’Δλλ’
2567 2841 2692 2899 οὐδὲ
2745 2843 2815 2899 τὰ
2859 2843 3200 2918 πνευματικὰ
3247 2845 3338 2899 καὶ
3392 2844 3576 2920 νοερὰ,
3635 2841 3761 2900 οὗδὶ
3808 2844 3861 2899 οἱ

2215 2930 2559 3009 ἄρχάγγελοι
2617 2933 2674 2987 οἱ
2723 2933 3144 3007 πρωτόκτιστοι,
3186 2931 3311 2988 οὐδὲ
3371 2935 3478 3008 μὴν
3537 2931 3653 2989 οὐδ’
3701 2933 3860 2996 αὐτὸς

2214 3021 2461 3099 ἄμορφος
2518 3024 2630 3096 (61)
2687 3022 2776 3076 καὶ
2833 3019 3070 3087 ἀνείδεος
3141 3023 3228 3078 καὶ
3305 3021 3720 3098 ἀσχημάτιστος
3769 3022 3860 3078 καὶ

459 3133 607 3188 gura
636 3119 693 3171 et
720 3131 994 3187 corpore:
1031 3115 1130 3171 sed
1159 3119 1217 3170 et
1240 3115 1484 3170 formam
1509 3114 1681 3169 habet
1705 3114 2022 3186 propriam,
2050 3116 2099 3168 et

2217 3111 2505 3184 ἀσώματός
2565 3111 2706 3166 ἐστιν
2741 3129 2754 3144 ·
2787 3109 2934 3167 ἀλλᾶ
2982 3113 3068 3167 καὶ⁵
3129 3113 3345 3190 μορφὴν
3403 3107 3520 3188 ἔχει
3580 3109 3741 3182 ἰδίαν,
3769 3111 3859 3167 καὶ

464 3181 679 3276 corpus
701 3221 805 3275 pro
824 3181 1048 3258 ratione
1077 3203 1432 3260 excellentiae
1462 3181 1845 3274 hujuscevqua
1867 3202 2099 3274 spiritus

2219 3181 2378 3274 σῶμα
2432 3198 2699 3275 ἀνάλογον
2770 3207 2871 3270 τῆς
2959 3181 3262 3276 ὑπεροχῆς.
3310 3181 3863 3274 τῶνὴπνευματικῶν

461 3309 636 3349 omne
665 3297 923 3364 superat.
966 3292 1149 3348 Sicuti
1193 3299 1251 3348 et
1281 3292 1380 3364 qui
1413 3292 1587 3362 primi
1623 3297 1764 3346 sunt
1793 3291 1972 3346 creati
2007 3306 2107 3362 pro

459 3383 684 3438 ratione
711 3381 1064 3438 excellentiae
1113 3399 1240 3455 qum
1291 3381 1512 3438 sanctis
1544 3381 1801 3453 quiiillis
1832 3383 2106 3451 subsunt,

463 3475 840 3543 exsuperant.
874 3471 1023 3526 Illud
1055 3471 1210 3526 enim
1228 3473 1377 3542 quod
1412 3470 1674 3542 genitum
1708 3475 1816 3533 est,
1843 3487 1957 3526 non
1982 3487 2108 3525 am-

463 3559 603 3616 nino
619 3560 1146 3625 caretsubstantia,
1165 3559 1434 3631 quamvis
1449 3575 1561 3614 non
1583 3560 1828 3615 formam
1853 3559 2108 3615 similem

464 3655 523 3706 et
552 3665 765 3721 corpus
797 3649 1019 3704 habent
1047 3665 1180 3703 cum
1201 3648 1360 3704 hisce
1383 3649 1727 3720 corporibus
1754 3665 1884 3718 quae
1915 3648 1975 3704 in
2002 3648 2110 3704 hac

465 3739 688 3794 mundo
741 3741 901 3793 sunt.
953 3737 1213 3794 Mascula
1242 3738 1401 3793 enim
1431 3742 1488 3793 et
1527 3738 1777 3794 feminea
1818 3741 1957 3793 sunt
1983 3754 2109 3808 qum

466 3827 564 3882 hic
613 3827 670 3880 in
715 3831 872 3882 terra
919 3826 1236 3894 exsistunt,
1267 3831 1326 3882 et
1374 3827 1526 3882 inter
1557 3843 1620 3883 se
1649 3827 1936 3882 distincta
1969 3843 1982 3881 :
2017 3830 2110 3881 ast

461 3914 582 3971 illic
617 3915 964 3988 Unigenitus
996 3916 1233 3988 quidem
1260 3921 1316 3971 et
1345 3915 1444 3988 qui
1477 3917 1712 3987 proprie
1743 3913 2111 3988 intelligendi

463 4005 516 4060 vi
548 4005 824 4077 praeditus
854 4009 962 4071 est,
996 4006 1188 4076 specie
1219 4005 1455 4077 propria
1486 4008 1663 4076 atque
1693 4003 1947 4060 essentia
1978 4021 2110 4077 pra-

464 4095 592 4166 pria
609 4110 842 4150 summe
864 4110 1011 4165 pura
1049 4093 1666 4165 principalissimaque
1688 4092 1892 4160 utitur,
1917 4098 1976 4148 et
2006 4093 2110 4148 Pa-

464 4182 568 4239 tris
598 4182 816 4237 virtute
846 4187 1064 4238 attente
1081 4183 1316 4238 fruitur.
1349 4183 1609 4248 Quivero
1641 4184 1901 4253 primum
1933 4183 2111 4239 creati

463 4277 624 4341 sunt,
659 4287 902 4326 numero
931 4271 1068 4326 licet
1087 4270 1326 4340 diversi,
1360 4272 1418 4326 id
1449 4277 1736 4342 quantum
1761 4287 1958 4328 eorum
1994 4272 2112 4328 sin-

463 4361 585 4434 guli
619 4360 983 4417 definiuntur
1011 4365 1068 4415 et
1097 4360 1685 4430 circumscribuntur,
1721 4361 2111 4419 nihilominus

466 4449 794 4506 similitudo
815 4465 1008 4505 rerum
1028 4450 1314 4506 unitatem
1333 4454 1390 4506 et
1409 4449 1804 4522 aequalitatem
1825 4451 2109 4507 etsimili-

566 4621 718 4685 ›ι‹ι>.
775 4620 882 4674 960
934 4618 1043 4674 ED.
1105 4618 1404 4675 POTTEB.

1463 4621 1539 4694 (α)
1574 4621 1849 4694 Ιεαειχν,
1872 4625 1928 4676 7.
1962 4623 2034 4694 (b)
2090 4624 2099 4679 l

2215 4623 2297 4678 th.
2357 4640 2434 4689 ix,
2465 4622 2554 4676 29.
2589 4621 2662 4694 (e)
2704 4618 2926 4694 “Matth.
2960 4619 3377 4694 κχιν,μ24.μ(α)

2215 3289 2488 3346 ἁπάντων.
2520 3290 2607 3351 Ὠς
2639 3287 2696 3344 δὲ
2732 3290 2820 3344 καὶ
2880 3290 2932 3344 οἱ
2990 3291 3391 3366 πρωτόκτιστοι
3447 3289 3712 3366 ἀνάλογον
3764 3297 3863 3360 τῆς

2218 3379 2498 3453 ὑπεροχῆς
2524 3381 2632 3432 τῶν
2697 3379 2785 3455 ὑφ’
2815 3376 2978 3433 αὐτοῦ
3035 3377 3196 3433 ὁσίων
3231 3379 3363 3452 (62).
3393 3376 3576 3441 ’Ὀλως
3631 3379 3735 3453 γὰρ
3798 3377 3863 3433 τὸ

2215 3467 2443 3543 γενητὸν
2475 3467 2580 3522 οὐκ
2607 3465 2856 3521 ἆνούσιον
2891 3466 3008 3540 μὲν,
3041 3467 3151 3542 οὐχ
3182 3467 3375 3540 ὅμοιον
3410 3464 3468 3522 δὲ
3500 3467 3718 3544 μορφὴν
3771 3458 3864 3521 καὶ

2215 3561 2374 3630 σῶμα
2409 3554 2598 3631 ἔχουσι
2654 3560 2774 3620 τοῖς
2829 3554 2881 3610 ἐν
2931 3552 3073 3628 τῷδε
3099 3559 3180 3628 τῷ
3207 3555 3402 3630 κόσμῳ
3434 3556 3702 3629 σώμασιν.
3733 3555 3864 3632 "Ap-

2218 3647 2341 3723 ῥενά
2379 3667 2436 3700 τε
2463 3645 2565 3722 γὰρ
2595 3645 2684 3700 καὶ
2713 3643 2886 3716 θήλεα
2939 3645 3006 3699 τὰ
3037 3643 3280 3706 ἐνταῦθα,
3312 3645 3403 3700 καὶ
3452 3642 3684 3723 διάφορα
3724 3644 3865 3720 πρὸς

2216 3733 2352 3790 αὒτᾶ
2379 3753 2392 3766 ⁸
2424 3735 2534 3790 ἐκεῖ
2563 3731 2619 3790 δὲ
2651 3735 2679 3789 ὁ
2713 3734 2809 3808 μὲν
2840 3734 3152 3808 Μονογενής
3183 3735 3271 3789 καὶ
3316 3732 3472 3798 ῗδίως
3517 3734 3725 3809 νοερὸς,
3749 3730 3870 3806 ἰδέᾳ

2219 3824 2332 3897 ἰδίᾳ
2357 3825 2447 3880 καὶ
2481 3824 2636 3879 οὐσία
2664 3821 2776 3895 ῗδίᾳ
2801 3823 3148 3900 κεχρημένος
3204 3820 3406 3900 ἄκρως,
3442 3823 3729 3900 εἰλικρινεῖ
3772 3824 3864 3880 καὶ

2217 3913 2691 3990 ἡγεμονικωτάτη,
2719 3913 2811 3969 καὶ
2842 3917 3134 3988 προσεχῶς
3178 3917 3280 3980 τῆς
3329 3917 3427 3970 τοῦ
3476 3914 3682 3989 Πατρὸς
3735 3913 3869 3970 ἀπο-

2220 4003 2400 4059 λαύων
2431 4001 2713 4076 δυνάμεως
2738 4021 2750 4034 °
2785 4003 2837 4058 οἱ
2869 3999 2926 4057 δὲ
2955 4003 3375 4078 πρωτόκτιστοι,
3408 4002 3454 4058 εί
3509 4002 3598 4058 καὶ
3648 4003 3869 4079 ἀριθμῷ

2220 4090 2494 4171 διάφοροι,
2527 4090 2617 4147 καί
2668 4092 2696 4146 ὁ
2734 4093 2852 4147 καθ’
2880 4090 3107 4148 ἕκαστον
3157 4092 3510 4168 περιώρισται
3569 4092 3658 4148 καὶ
3708 4111 3866 4167 περι-

2217 4183 2538 4258 γέγραπται,
2571 4177 2700 4236 ἀλλ³
2728 4182 2763 4250 ἡ
2796 4180 3064 4252 ὁμοιότης
3104 4184 3210 4236 τῶν
3255 4181 3590 4255 πραγμάτων
3641 4180 3873 4251 ἑνότητα

2218 4269 2308 4325 καὶ
2360 4268 2584 4340 ἰσότητα
2629 4269 2719 4324 καὶ
2761 4267 3065 4341 ὁμοιότητα
3089 4266 3438 4327 ἐνδείκνυται.
3465 4269 3538 4325 Οὐ
3591 4269 3697 4344 γὰρ
3727 4265 3874 4344 τῷδε

2223 4359 2320 4431 μὲν
2351 4358 2541 4426 πλέον,
2572 4355 2715 4430 τῷδε
2745 4340 2806 4412 δέ
2830 4359 2994 4426 ἧττον
3025 4358 3365 4433 παρέσχηται
3395 4362 3506 4414 τῶν
3537 4340 3678 4414 ἱπτά-
3704 4377 3718 4392 '
3749 4340 3876 4413 οὐδ⁹

2219 4445 2669 4508 ὐπολείπεταίτις
2726 4444 2912 4509 αὐτοῖς
2967 4447 3222 4520 προκοπὴ
3275 4443 3326 4520 ἐξ
3381 4446 3588 4522 ἀρχῆς,
3629 4445 3866 4518 ἀπειλη-

3432 4620 3604 4677 Joan.
3660 4638 3722 4688 ιι,
3779 4622 3869 4679 16.

456 4691 509 4762 (e
542 4691 679 4746 Luc.
738 4707 829 4761 xv,
860 4691 952 4746 25.
983 4690 1048 4762 (Ι)
1078 4691 1280 4748 Matth.
1313 4690 1538 4763 xxn,'9.
1571 4695 1647 4764 (g)
1679 4693 1882 4749 Matth.
1917 4690 1977 4761 ν,
2007 4696 2096 4753 45.

2267 4694 2437 4750 Joan.
2472 4711 2511 4761 ι,
2548 4693 2631 4746 18.
2664 4691 2730 4764 (i)
2761 4691 2962 4748 Matth.
3021 4708 3076 4761 v,
3112 4692 3197 4746 14.
3231 4690 3312 4763 (lc)
3363 4692 3536 4749 Joan.
3600 4710 3740 4764 xvn,
3777 4696 3868 4751 11.

533 4875 963 4948 Γενηθήτω
1016 4895 1112 4929 σου
1167 4895 1220 4932 κ,
1267 4877 1331 4931 Α.
1384 4876 1970 4948 ωανηίῐεΓενηθήτω
2027 4897 2109 4932 σοι

461 4946 597 5002 κατὰ
625 4946 723 5016 τὴν
756 4946 936 5016 πίστιν
979 4967 1096 5010 σου,
1129 4953 1195 5002 ut
1241 4947 1438 5003 Matth.
1476 4965 1555 5014 ix,
1588 4953 1645 5002 et
1690 4966 1782 5003 xv.
1817 4946 2108 5008 SYLBURG.

533 5021 646 5093 (61)
677 5014 811 5093 066’_
845 5017 1006 5093 αὐτρς
1036 5017 1330 5093 ,ἄμορφοᾳ
1367 5020 1612 5093 AVidetur
1644 5021 1959 5093 subaudiri
2007 5042 2110 5092 μο-

461 5089 682 5168 νογενὴς
715 5089 843 5168 Θεός
875 5090 960 5146 vel
992 5089 1138 5151 Ὶὶός.
1173 5089 1419 5168 Perinde
1441 5092 1606 5168 enim
1641 5090 1724 5144 illi
1757 5109 1968 5164 corpus
2009 5089 2110 5168 ias-

461 5162 651 5235 signat
680 5170 738 5218 et
767 5163 1036 5235 formam,
1073 5180 1139 5218 ac
1170 5162 1457 5234 quidquid
1489 5179 1794 5234 corporum
1826 5162 2020 5219 est.Et
2043 5167 2114 5220 de

461 5233 688 5308 angelis
720 5235 955 5304 quidem
990 5233 1144 5290 haud
1183 5233 1354 5289 aliter
1384 5233 1830 5304 argumentatur
1856 5239 2112 5292 Joannes

459 5305 1006 5363 Thessalonicensis
1035 5307 1093 5362 in
1126 5323 1203 5361 vn
1232 5305 1473 5364 synodo.
1507 5305 1587 5360 De
1623 5311 1733 5361 er
1767 5312 1962 5362 autem
2011 5312 2114 5364 aut

459 5322 1006 5363 't'nessaionicensw
1035 5323 1093 5362 in
1126 5323 1203 5361 vn
1232 5322 1473 5388 synoco.
1507 5322 1587 5360 ue
1613 5322 1733 5386 _er
1767 5322 1962 5362 autem
2011 5322 2112 5364 aut

459 5379 650 5434 Verbo
703 5394 864 5432 nemo
924 5383 1013 5432 est
1071 5377 1492 5433 catholicorum
1525 5394 1624 5448 qun
1660 5394 1772 5432 non
1806 5380 1990 5434 rideat
2045 5397 2112 5436 ac

466 5450 739 5522 despuat,
772 5449 1058 5522 quidquid
1095 5449 1253 5522 olim
1283 5448 1672 5522 simpliciores
1724 5450 1992 5506 monachi
2052 5452 2112 5507 in

464 5519 651 5595 Nitria
679 5524 737 5595 et
769 5537 870 5595 per
899 5519 1207 5595 Egyptum
1242 5519 1575 5595 istiusmodi
1610 5521 1848 5595 faecibus
1879 5539 1980 5595 per
2029 5522 2114 5578 ni-

467 5592 643 5666 miam
675 5591 1109 5666 simplicitatem
1131 5595 1224 5664 (ne
1251 5592 1633 5666 stoliditatem
1667 5591 2108 5666 dicamipotati.

466 5659 645 5720 Altior
701 5659 870 5719 nobis
915 5664 986 5720 de
1045 5659 1160 5720 Deo
1205 5662 1500 5736 cogitatio.
1534 5679 1710 5736 quem
1743 5659 2107 5726 nullo-sensu

2223 4879 2510 4951 corporis,
2541 4894 2606 4933 ac
2657 4892 2728 4932 ne
2773 4876 2985 4952 mentis
3036 4875 3422 4952 intelligentia
3466 4878 3578 4952 nisi
3612 4878 3733 4952 ipsa
3763 4879 3870 4936 do-

2225 4948 2400 5006 nante
2431 4954 2497 5005 ad
2530 4965 2710 5022 seque
2730 4948 3001 5005 trahente
3032 4966 3098 5005 ac
3129 4948 3326 5005 lumen
3355 4948 3669 5022 praebente,
3696 4955 3872 5008 tunc-

2223 5039 2336 5106 que
2357 5021 2662 5106 etiam‘pro
2688 5027 2888 5106 nostra
2920 5022 3158 5106 modulo
3189 5037 3294 5106 nec
3314 5021 3875 5106 comprehendendo

2223 5093 2509 5165 attingere
2541 5093 2712 5149 liceat
2740 5111 2762 5148 :
2794 5093 3081 5166 quomodo
3115 5109 3218 5166 nec
3238 5093 3443 5148 videns
3477 5109 3582 5150 nec
3614 5095 3770 5166 quod
3788 5097 3875 5151 vi-

2223 5164 2402 5220 detur
2423 5181 2642 5238 corpus
2670 5171 2761 5220 est
2789 5180 2858 5219 ex
2891 5164 3116 5238 insulsa
3146 5164 3589 5238 Gnosticorumﬂ
3613 5164 3877 5238 philoso-

2224 5237 2457 5311 phiam?)
2488 5233 2674 5309 νόερόν
2706 5241 2761 5311 et
2789 5233 2984 5302 νοητόν
3015 5237 3191 5311 idque
3220 5237 3388 5304 longe
3417 5233 3875 5311 excellens,quaa

2223 5308 2307 5365 sic
2339 5308 2589 5365 vocibus
2603 5325 2669 5363 ex
2699 5308 2820 5362 visu
2855 5308 3134 5379 acceptis,
3161 5315 3223 5364 ut
3253 5325 3538 5364 sensuum
3573 5308 3875 5367 nobilissi-

2225 5398 2340 5445 mo,
2375 5387 2766 5451 nostrormore
2797 5379 3215 5451 signiﬁcamus.
3250 5379 3502 5439 Causas.

2314 5454 2406 5522 62)
2431 5455 2545 5505 Τῶν
2581 5450 2669 5526 ὑφ’
2698 5449 2872 5526 αὐτοῦ
2907 5449 3109 5526 ὁσίων.
3146 5451 3314 5507 Forte
3361 5454 3468 5505 τῶν
3533 5451 3622 5506 ὑπ’
3646 5449 3873 5526 ἀὖτοὺς

2223 5523 2388 5578 ὁσίων
2423 5543 2433 5556 ·
2467 5523 2676 5597 eorum,
2709 5525 2814 5597 qui
2831 5523 2931 5597 sui},
2957 5525 3039 5578 eis
3084 5531 3236 5590 sunt,
3269 5528 3608 5581 sanctoram.
3644 5523 3872 5583 Ibidem

2225 5614 2356 5654 mox
2386 5600 2471 5667 A.,
2502 5596 2563 5650 τὸ
2592 5594 2866 5670 γεννητόν.
2899 5595 3188 5650 SYLBURG.
