4078 6146
310 259 420 315 663

1535 258 1947 314 CLEMENTIS
1984 258 2490 313 ALEXANDRINI

3622 254 3746 310 664

316 385 467 442 ritus
494 382 890 455 intelligentes
919 386 979 438 et
1027 382 1357 454 depurgati.
1396 382 1518 437 Lux
1564 397 1699 438 vero
1739 379 1994 449 intellig

2109 377 2354 452 πνεύματα
2407 378 2568 452 νοερὰ
2623 378 2721 446 τήν
2783 375 2970 432 οὐσίαν
3027 376 3554 452 ἀποκεκαθαρμὲνοι·
3619 382 3749 456 φῶς

321 490 467 547 gens
497 478 654 539 sunt,
687 473 903 544 quippe
934 470 1228 527 maximus
1260 472 1552 543 profectus
1581 476 1671 526 est
1721 472 1792 525 ab
1834 471 1969 543 igne

323 563 685 635 intelligente
719 561 967 632 perfecte
997 565 1265 631 purgato,
1284 562 1343 615 in
1373 575 1497 630 quae
1525 562 1754 630 cupiunt
1785 560 1975 629 angeli

321 648 993 721 introspicere(a),inquit
1022 649 1339 704 Petrus.Ad
1371 649 1689 717 boc,Filius
1721 648 1974 721 puritate

324 739 534 810 majori
565 737 812 808 excellit,
835 742 1035 808 utpote
1063 739 1157 808 qui
1190 737 1290 792 lux
1319 738 1620 794 inaccessa
1650 738 1729 793 sit
1759 738 1975 808 Deique

323 827 604 901 potentia,
637 831 695 883 et
725 827 1051 882 secundum
1100 826 1455 898 apostolum,
1486 828 1639 899 cujus
1663 830 1899 898 pretioso
1925 834 1979 881 et

323 917 680 974 immaculato
711 923 761 971 et
789 917 1233 987 incontaminato
1267 918 1546 985 sanguine
1578 917 1851 987 redempti
1878 931 1978 970 su-

325 1006 729 1077 mus(b),cujus
760 1005 1000 1076 quidem
1031 1005 1351 1060 vestimenta
1366 1008 1425 1059 ut
1443 1005 1545 1059 tua:
1560 1004 1980 1076 splenduerunl,

328 1094 510 1152 facies
536 1109 670 1149 vero
699 1096 823 1165 ejus
850 1092 1023 1148 sicuti
1051 1093 1136 1148 sol
1166 1092 1327 1164 (c),in
1358 1108 1532 1163 quem
1570 1091 1757 1148 oculis
1779 1094 1980 1148 adver-

329 1184 413 1241 sis
443 1182 658 1238 intueri
689 1181 929 1237 difﬁcile
961 1181 1282 1236 admodum
1315 1181 1409 1236 sit.

404 1273 561 1328 XIII.
585 1271 692 1327 Hic
715 1275 805 1327 est
835 1271 1005 1342 panis
1035 1269 1293 1325 coelestia
1319 1277 1376 1326 et
1407 1270 1571 1326 cibus
1595 1268 1880 1342 spiritalis
1911 1269 1987 1325 vi-

332 1366 454 1417 tam
486 1359 875 1432 suppeditans
905 1375 1039 1414 cum
1071 1359 1460 1415 manducelur
1487 1363 1545 1413 et
1573 1364 1984 1430 cognoscatur.

334 1452 458 1506 Lua:
488 1453 578 1505 est
606 1448 703 1504 ille
733 1450 1043 1515 hominum,
1079 1447 1359 1503 nimirum
1394 1446 1682 1503 Ecclesiae.
1715 1447 1823 1511 Qui
1854 1447 1988 1518 qui-

333 1539 469 1595 dem
503 1553 713 1609 panem
747 1536 1043 1592 ccelestem
1077 1536 1478 1605 comederunt,
1510 1538 1718 1591 mortui
1745 1536 1986 1607 sunt(d).

337 1626 445 1693 Qui
470 1643 605 1681 vero
626 1642 825 1682 verum
849 1625 1017 1680 illum
1042 1623 1297 1695 Spiritus
1330 1641 1541 1696 panem
1565 1626 1840 1693 comedit,
1872 1641 1987 1680 non

340 1713 827 1771 morietur.Panis
857 1712 1023 1769 vivus
1057 1714 1159 1784 qui
1191 1729 1224 1768 a
1255 1712 1421 1768 Patre
1451 1713 1649 1783 datus,
1664 1696 1847 1770 Filiu‘s
1876 1717 1986 1781 est,

2022 1759 2069 1824 B

2081 464 2138 522 δὲ
2166 468 2376 541 νοερὸν,
2407 470 2442 536 ἡ
2478 465 2704 543 μεγίστη
2736 467 2991 540 προκοπή
3024 465 3129 521 ἀπὸ
3157 469 3259 522 τοῦ
3308 470 3501 541 νοεροῦ
3540 469 3747 541 πυρὸς,

2082 556 2597 629 ἀποκεκαθαρμένου
2670 554 2881 625 τέλεον,
2960 554 3037 619 εἷς
3115 555 3148 609 ἃ
3219 555 3580 628 ἐπιθυμοῦσιν
3639 555 3741 632 ἅγ-

2083 643 2238 719 γελοι
2297 645 2629 719 παρακύψαι,
2680 645 2709 699 6
2758 643 2963 719 Πέτρος
3021 643 3206 720 φησίν·
3268 645 3295 698 ὁ
3356 641 3416 699 δὲ
3469 646 3596 708 Υἱὸς
3656 641 3737 701 ἔτι

2081 734 2278 790 τούτου
2336 735 2733 811 καθαρώτερος,
2794 733 3087 811 ἀπρόσιτον
3146 737 3280 810 φῶς,
3338 735 3426 788 καὶ
3505 732 3737 808 δύναμις

2086 827 2242 890 Θεοῦ,
2287 822 2398 892 καὶ,
2438 823 2574 877 κατὰ
2624 823 2716 876 τὸν
2768 821 3097 891 ἀπόστολον,
3146 822 3320 894 τιμίῳ
3368 821 3460 876 καὶ
3512 823 3737 896 ἀμώμῳ

2086 913 2174 966 καὶ
2207 910 2424 983 ἀσπίλῳ
2479 908 2672 984 α’ίματι
2729 909 3140 985 ἐλυτρώθημεν⁹
3175 911 3241 964 οὗ
3292 910 3360 966 τὰ
3419 911 3513 984 μὲν
3546 913 3739 984 ἱμάτια

2089 1000 2163 1063 ὡς
2222 1006 2338 1077 φῶς
2395 998 2629 1073 ἔλαμψε,
2688 1000 2750 1053 τὸ
2800 999 3094 1075 πρόσωπον
3147 996 3204 1055 δὲ
3252 999 3324 1061 ὥς
3376 1000 3404 1055 ὁ
3453 997 3639 1069 ἥλιος,
3695 1000 3741 1073 ᾧ

2095 1087 2237 1164 μηδὲ
2266 1089 2582 1160 ἀντωπῆσαι
2617 1085 2726 1143 ἔστι
2760 1086 2981 1165 ῥᾳδίως.

3704 1000 3734 1022 γ
3836 1011 3845 1017 .

2165 1270 2263 1325 ll".
2316 1268 2487 1330 Οὗτός
2546 1266 2686 1322 ἐστιν
2736 1266 2896 1342 ἄρτός
2949 1265 3290 1339 ἐπουράνιος,
3348 1265 3439 1322 καὶ
3497 1288 3745 1341 πνευμα-

2093 1359 2220 1426 τική
2269 1358 2445 1434 τροφή
2499 1362 2644 1426 ζωῆς
2701 1360 3027 1428 παρεκτικὴ,
3083 1356 3219 1410 κατὰ
3265 1356 3365 1424 τήν
3419 1356 3623 1432 βρῶσιν
3653 1357 3743 1412 καὶ

2095 1451 2317 1522 γνῶσιν·
2351 1445 2414 1500 τὸ
2467 1450 2582 1522 φῶς
2624 1449 2732 1499 τῶν
2785 1445 3105 1521 ἀνθρώπων,
3135 1450 3235 1514 τῆς
3286 1444 3616 1515 Ἐκκλησίας
3646 1442 3744 1516 δη-

2097 1534 2305 1591 λονότι.
2365 1537 2434 1592 Οἱ
2495 1535 2589 1608 μὲν
2650 1534 2740 1588 οὖν
2806 1535 2900 1589 τὸν
2959 1533 3209 1609 οὐράνιον
3267 1530 3428 1609 ἄρτον
3488 1534 3742 1610 φαγόντες

2098 1626 2382 1689 ἀπέθανον·
2445 1625 2473 1678 6
2531 1621 2589 1679 δὲ
2635 1624 2725 1678 τὸν
2776 1622 3037 1693 ἀληθινὸν
3079 1621 3238 1697 ἄρτον
3286 1627 3385 1678 τοῦ
3428 1623 3743 1697 Ηνεύματος

2099 1713 2289 1768 ἐσθίων
2320 1711 2382 1768 οὐ
2410 1714 2738 1784 τεθνήξεται.
2771 1711 2832 1768 Ὁ
2884 1708 2986 1780 ζῶν
3040 1711 3199 1786 ἄρτος
3251 1710 3279 1764 ὁ
3331 1710 3437 1765 ὐπὸ
3482 1715 3581 1766 τοῦ
3634 1714 3745 1769 Πα-

341 1804 419 1859 iis
450 1801 733 1858 nimirum
783 1803 885 1873 qui
937 1801 1294 1857 manducare
1344 1801 1563 1858 volunt.
1614 1804 1783 1858 Panis
1812 1811 1992 1858 autem

2109 1803 2224 1876 πρὸς
2273 1798 2449 1863 δοθεὶς
2501 1801 2529 1855 6
2583 1799 2706 1861 Υἱός
2765 1799 2899 1871 ἐστι⁷
2949 1805 3067 1862 τοῖς
3115 1799 3305 1863 ἐσθίειν
3361 1798 3743 1875 βουλομένοις·

345 1909 505 1965 quem
531 1909 635 1964 ego
656 1890 1176 1962 dabo,inquit,caro
1202 1905 1327 1946 mea
1355 1895 1431 1947 est
1457 1895 1549 1960 (e),
1581 1908 1679 1948 seu
1715 1907 1830 1963 quo
1861 1907 1993 1946 caro

346 1981 609 2037 nutritur
638 1997 741 2053 per
769 1980 1214 2050 eucharistiam,
1245 1980 1331 2035 vel
1365 1982 1520 2052 quod
1551 1986 1607 2036 et
1639 1982 1993 2053 potius,caro

349 2086 562 2143 corpus
591 2071 720 2140 ejus
751 2074 862 2139 est,
895 2070 1052 2141 quad
1083 2073 1173 2125 est
1202 2070 1481 2136 Ecclesia,
1516 2071 1684 2141 panis
1717 2068 1993 2140 caelestis,

347 2175 647 2233 synagoga
677 2158 1000 2216 benedicta.
1029 2160 1193 2214 Forte
1224 2163 1416 2214 autem
1443 2176 1511 2214 ex
1540 2158 1869 2215 substantia
1899 2174 1994 2214 ea-

347 2251 479 2306 dem
512 2246 777 2321 respectu
831 2249 1103 2319 subjecti,
1138 2248 1273 2304 facti
1320 2252 1461 2304 sunt
1489 2248 1678 2317 electi,
1719 2251 1776 2303 et
1823 2247 1996 2319 quasi

346 2339 482 2395 finis
511 2338 779 2410 ejusdem
813 2337 1127 2409 participes
1159 2336 1363 2391 futuri.

412 2517 561 2574 85‘!
596 2516 741 2571 XIV.
787 2512 1081 2569 Daemonia
1132 2512 1475 2582 incorporea
1524 2512 1821 2580 dicuntur,
1877 2528 1995 2569 non

344 2608 410 2661 ut
435 2620 648 2675 corpus
706 2620 819 2659 non
883 2602 1123 2657 omnino
1182 2600 1458 2655 habentia
1514 2600 1779 2672 (figuram
1836 2601 1992 2656 enim

343 2692 661 2766 quamdam
711 2691 957 2758 habent,
988 2695 1045 2745 et
1092 2686 1243 2744 hanc
1288 2688 1359 2743 ob
1412 2704 1647 2744 causam
1699 2689 1994 2747 cruciatus

347 2797 590 2839 sensum
623 2777 1116 2851 percipiunt);sed
1145 2776 1581 2848 comparatione
1614 2778 1763 2833 facta
1794 2794 1994 2850 corpo-

350 2886 485 2927 rum
519 2868 756 2924 illorum
788 2883 915 2939 qua:
950 2866 1140 2921 salute
1166 2868 1231 2934 ᾖ
1263 2867 1503 2937 praedita
1552 2872 1712 2935 sunt,
1763 2868 1994 2939 spirita-

350 2958 497 3014 lium
532 2957 743 3013 umbra
770 2971 903 3010 cum
937 2958 1098 3019 sunt,
1127 2956 1387 3024 corporis
1416 2955 1674 3026 expertia
1694 2956 1991 3012 dicuntur.

350 3047 420 3103 Et
455 3044 680 3117 angelis
710 3048 851 3099 sunt
880 3058 1161 3115 corpora;
1195 3042 1321 3098 visu
1361 3043 1516 3099 enim
1568 3045 1993 3115 percipiuntur.

2098 1893 2159 1947 Ὁ
2218 1887 2275 1944 δὲ
2329 1887 2487 1964 ἄρτος
2557 1888 2614 1942 ὃν
2692 1887 2802 1963 ἐγὼ
2857 1885 3039 1956 δώσω,
3098 1889 3262 1962 φησὶν
3299 1932 3312 1958 ,
3364 1890 3400 1958 ἡ
3459 1887 3583 1964 σάρξ
3636 1910 3739 1962 μου

2102 1978 2259 2033 ἐστίν’
2300 1976 2427 2047 ¹ἤτοι
2459 1977 2504 2050 ᾧ
2532 1978 2784 2053 τρέφεται
2834 1980 2870 2046 ἡ
2923 1978 3053 2053 σὰρξ
3097 1975 3187 2032 διὰ
3235 1984 3336 2048 τῆς
3377 1976 3734 2053 εὐχαριστίαςο

2102 2068 2137 2137 ἢ
2168 2069 2280 2141 (70)
2328 2066 2459 2141 ὅπερ
2506 2066 2595 2121 καὶ
2630 2063 2847 2139 μᾶλλον
2896 2069 3029 2140 (71),
3059 2069 3095 2136 ἡ
3129 2066 3258 2142 σὰρξ
3306 2067 3368 2121 τὺ
3398 2071 3549 2139 σῶμα
3575 2065 3734 2121 αὐτοῦ

2104 2157 2271 2226 ἐστιν,
2300 2156 2431 2230 ὅπερ
2476 2155 2616 2210 ἐστὶν
2658 2158 2692 2224 ἡ
2725 2154 3042 2226 Ἐκκλησία,
3076 2153 3238 2229 ἄρτος
3292 2154 3565 2232 οὐράνιος,
3593 2177 3743 2210 συνα-

2102 2249 2256 2322 γωγὴ
2308 2243 2679 2319 εὐλογημένη.
2712 2244 2877 2319 Τάχα
2921 2242 2978 2299 δὲ
3027 2244 3102 2307 ὡς
3134 2243 3194 2299 ἐκ
3237 2250 3339 2314 τῆς
3369 2243 3538 2314 αὐτῆς
3565 2242 3743 2307 οὐσίας

2100 2340 2208 2390 τῶν
2240 2332 2505 2390 ἐκλεκτῶν
2549 2333 2690 2388 κατά
2713 2334 2776 2388 τὸ
2808 2333 3166 2406 ὑποκείμενον
3194 2334 3523 2407 γενομένων,
3555 2332 3645 2388 καὶ
3672 2334 3747 2396 ὡς

2098 2428 2197 2480 τοῦ
2226 2423 2390 2478 αὐτοῦ
2419 2420 2614 2485 τέλους
2643 2421 3000 2496 τευξομένων.

2173 2514 2272 2568 1Δ’.
2304 2513 2385 2569 Τὰ
2432 2509 2694 2583 δαιμόνια
2739 2495 3001 2584 ἀσώματα
3048 2508 3284 2584 ε’ίρηται,
3328 2511 3439 2585 οὐχ
3490 2510 3567 2572 ὠς
3593 2515 3752 2585 σῶμα

2106 2604 2182 2676 μὴ
2214 2597 2431 2676 ἔχοντα·
2465 2595 2605 2675 (ἔχει
2647 2599 2746 2676 γὰρ
2797 2601 2886 2655 καὶ
2927 2607 3140 2675 σχῆμα²
3188 2596 3275 2654 διδ
3322 2598 3411 2654 καὶ
3457 2599 3755 2670 συναίσθη-

2103 2713 2184 2745 σιν
2243 2689 2519 2751 κολάσεως
2572 2687 2735 2764 ἔχει·)
2798 2686 2922 2744 ἀλλ’
2983 2688 3058 2752 ὠς
3115 2689 3251 2764 πρὸς
3307 2687 3589 2764 σύγκρισιν
3646 2693 3752 2745 τῶν

2103 2780 2424 2852 σωζομένων
2476 2779 2744 2851 σωμάτων
2794 2782 3178 2850 πνευματικῶν
3237 2779 3362 2832 σκιὰ
3419 2774 3573 2845 ὄντα,
3621 2774 3759 2833 ἀσώ-

2107 2890 2248 2942 ματα
2297 2866 2526 2943 ε’ίρηται.
2585 2866 2692 2921 Καὶ
2739 2867 2790 2920 οἱ
2838 2863 3063 2941 ἄγγελοι
3115 2865 3339 2940 σώματά
3395 2868 3510 2939 (72)
3569 2866 3706 2921 εἰσιν
3740 2885 3756 2900 θ

2107 2957 2339 3033 ὁρῶνται
2398 2960 2552 3030 γοῦν.
2614 2952 2793 3010 Ἀλλά
2847 2956 2935 3010 καὶ
2996 2957 3032 3025 ἡ
3082 2956 3236 3031 ψυχὴ
3296 2959 3487 3029 σῶμα’
3542 2956 3570 3009 ὁ
3626 2960 3757 3030 γοῦν

2104 3043 2440 3105 Ἀπόστολος
2481 3064 2492 3076 '
2555 3042 2841 3119 Σπείρεται
2906 3043 3000 3116 μὲν
3077 3044 3177 3118 γὰρ
3250 3048 3410 3117 σῶμα
3469 3044 3707 3121 ψυχίκὸν
3743 3087 3757 3111 ,

344 3134 498 3199 Quin
529 3138 586 3189 et
610 3132 738 3204 ipsa
787 3130 1025 3202 quidem
1059 3130 1257 3186 anima
1307 3137 1396 3187 est
1447 3149 1761 3204 corporea;
1798 3134 1994 3205 itaque

2109 3134 2365 3211 ἐγείρεται
2424 3135 2538 3206 (73)
2590 3129 2648 3187 δὲ
2704 3136 2866 3206 σῶμα
2924 3133 3311 3205 πνευματικόν.
3375 3135 3499 3196 Ηῶς
3550 3131 3608 3189 δὲ
3663 3134 3756 3188 καὶ

345 3221 664 3294 Apostolus
714 3220 950 3292 inquit:
985 3219 1305 3276 Seminatur
1348 3220 1571 3291 quidem
1618 3236 1811 3292 corpus
1857 3225 1990 3278 ani-

340 3312 505 3379 male,
536 3314 840 3367 suscitatur
865 3325 991 3365 vero
1021 3324 1218 3381 corpus
1262 3312 1512 3381 spiritale
1540 3312 1630 3382 (f).
1689 3313 1989 3376 Quomodo

340 3421 479 3461 vero
511 3402 722 3459 animae
752 3418 881 3474 quae
913 3401 1238 3472 puniuntur
1267 3404 1692 3477 sentiunt,cum
1729 3419 1840 3458 non
1872 3403 1992 3460 sint

339 3492 461 3550 illis
512 3492 801 3564 corpora?
836 3491 1049 3548 Timete
1093 3508 1252 3563 ergo,
1306 3491 1518 3563 inquit,
1559 3508 1686 3546 eum
1737 3492 1836 3563 qui
1870 3495 1993 3564 post

341 3587 571 3638 mortem
614 3584 788 3653 potest
833 3585 887 3637 et
927 3582 1184 3636 animam
1230 3589 1282 3635 et
1330 3597 1525 3651 corpus
1575 3583 1636 3636 in
1683 3582 1993 3654 gehennam

342 3673 616 3744 conjicere
643 3670 742 3742 (g).
776 3670 940 3734 Quod
973 3669 1130 3725 enim
1178 3670 1379 3724 sensui
1428 3677 1690 3741 apparet,
1726 3687 1838 3726 non
1872 3670 1995 3743 igni

348 3764 657 3834 purgatur,
706 3760 806 3815 sed
858 3758 918 3814 in
968 3763 1185 3814 terram
1235 3756 1567 3813 resolvitur.
1599 3762 1817 3815 Contra
1861 3776 1995 3815 vero

347 3848 611 3921 exemplo
642 3847 843 3903 Lazari
867 3847 1055 3902 divitis
1084 3846 1162 3918 (h)
1187 3846 1442 3902 animam
1473 3862 1602 3903 esse
1633 3864 1993 3919 corpoream,

347 3954 453 4011 per
484 3937 749 3993 membra
778 3951 1057 4009 corporea
1087 3935 1310 4006 liquido
1341 3935 1693 3992 ostenditur.

418 4027 534 4082 XV.
568 4025 1031 4095 Quemadmodum
1058 4039 1185 4079 vero
1228 4025 1499 4092 gessimus
1545 4024 1851 4096 imaginem
1883 4035 1998 4081 ter-

413 4162 477 4226 ,ιε
504 4157 567 4226 p.
599 4153 706 4226 ses
738 4151 847 4206 EI).
882 4149 1180 4226 po'rTEa.

343 4219 459 4281 5i."
511 4224 578 4296 (Γ)
611 4223 633 4277 Ι
666 4223 796 4278 Cor.
828 4238 920 4291 xv,
951 4222 1039 4275 44.
1117 4226 1189 4291 (g)
1222 4219 1424 4275 Matth.
1459 4238 1515 4288 x,
1546 4224 1635 4275 28.

414 4366 528 4439 (70)
557 4370 652 4422 Ἥ.
688 4365 819 4421 Ηεεο
849 4363 1137 4437 particula
1164 4364 1328 4418 deest
1359 4363 1415 4417 in
1466 4363 1616 4418 Flor.
1668 4364 1808 4420 edit.
1858 4368 1995 4420 8η-

351 4454 531 4496 BURG.

566 4508 735 4579 Ὅπερ
778 4504 865 4559 καὶ
922 4502 1160 4579 μᾶλλον.
1218 4505 1337 4579 Ηοο
1369 4505 1556 4577 magis
1607 4511 1677 4579 et
1714 4508 2001 4578 praecipue
2030 4487 2076 4550 D

356 4576 957 4651 signiﬁcare'panem_
982 4577 1149 4632 illum
1184 4576 1823 4651 ccelestem'_mystic'um
1875 4576 2002 4649 ejus

356 4648 782 4725 corpus,_quod
815 4657 868 4717 et
889 4649 999 4725 illo
1030 4666 1141 4725 per
1179 4648 1598 4703 eucharistiam
1652 4648 2004 4719 nutriamhr,

358 4730 425 4781 ut
455 4718 538 4779 sic
567 4718 696 4793 ejus
730 4722 991 4777 membra
1016 4718 1733 4793 adolescamusﬂuncque
1764 4718 2005 4777 sensum

360 4792 725 4866 Augustinus
757 4794 987 4865 egregie
1021 4792 1443 4866 prosequitur._
1469 4795 1696 4866 Maneat
1742 4809 1878 4864 ergo
1923 4793 2005 4849 sic

362 4862 606 4938 antiquo
638 4862 1137 4938 auctorefnutriri
1175 4879 1274 4938 per
1320 4862 1736 4938 eucharistiam
1771 4862 2002 4919 carnem

362 4935 622 4995 nostram
650 4953 798 5008 pane
830 4936 929 4992 illo
964 4953 997 4990 a
1030 4936 1194 4990 Patre
1221 4937 1353 4987 dato
1386 4935 1485 5005 qui
1524 4935 1703 5008 Filius
1729 4942 1856 5008 est;
1890 4952 2005 4991 non

363 5012 573 5066 umbra
605 5006 801 5079 aliqua
831 5026 896 5063 ac
929 5009 1136 5078 figura,
1172 5008 1325 5079 quod
1369 5010 1493 5059 erat
1543 5006 1710 5079 panis
1744 5006 2008 5079 fcmlestis

361 5099 535 5154 quem
571 5075 755 5154 vocat,
790 5098 821 5133 a
845 5075 1061 5134 man—na
1093 5075 1585 5154 distinetusgcitr’u
1618 5075 1880 5154 ἀληθινὸν
1910 5081 2003 5152 ἁρ-

359 5149 454 5208 ιὲον
504 5152 840 5222 Πνεύματος,
889 5167 1089 5206 verum
1143 5165 1350 5220 panem
1397 5149 1672 5217 Spiritus,
1724 5151 1821 5220 qui
1872 5149 2009 5205 vera

362 5227 494 5297 ipsa
522 5224 1002 5297 vitaedentibus,
1037 5226 1102 5276 ut
1127 5237 1259 5297 _non
1306 5228 1638 5297 moriantur
1672 5223 1905 5289 praebet,
1949 5226 2008 5277 et

362 5291 535 5367 quem
571 5295 815 5367 spiritus
844 5294 1057 5364 Deique
1089 5291 1595 5367 virtusejusniodi
1629 5310 1838 5362 panem
1865 5311 2007 5363 pras-

365 5362 648 5423 stantiore
679 5382 857 5437 supra
886 5362 1677 5437 munere_efﬁeiat._C0MBEF.

438 5439 550 5506 (‘72)
614 5434 868 5507 Σώματα.
938 5434 1334 5491 Tertullianus
1392 5435 1463 5489 De
1529 5450 1702 5489 carne
1760 5434 2002 5507 Christi,

370 5522 495 5578 cap.
526 5511 561 5563 6
594 5525 607 5562 :
665 5506 882 5563 Ganstat
926 5509 1405 5579 angelosicarnem
1442 5522 1550 5579 non
1599 5506 1885 5579 propriam
1911 5521 2007 5579 ge-

376 5577 572 5648 stasse,
605 5582 789 5650 utpote
834 5583 1059 5635 naturas
1087 5578 1411 5636 substantia:
1455 5577 1775 5649 spiritalis:
1834 5577 1926 5649 et,
1956 5579 2009 5636 si

1258 4148 1335 4222 (α)
1367 4149 1386 4222 1
1421 4153 1541 4205 Pet.
1572 4168 1612 4216 ι,
1646 4151 1733 4206 42.
1810 4152 1885 4222 (ω
1916 4151 2064 4207 Ibid.
2098 4153 2183 4206 19.

1714 4224 1789 4293 (h)
1826 4228 1958 4278 Luc.
1990 4240 2104 4292 xvx,
2137 4225 2227 4278 24.

2102 3224 2157 3278 αἱ
2213 3221 2582 3294 κολαζόμεναι
2635 3222 2810 3296 ψυχαὶ
2863 3220 3327 3289 συναισθάνονται,
3391 3223 3466 3295 μὴ
3525 3223 3756 3295 σώματα

2102 3313 2255 3367 οὗσαι
2318 3331 2331 3380 ;
2394 3305 2689 3382 Φοϐήθητε
2740 3314 2895 3386 γοῦν,
2957 3309 3129 3386 λέγει,
3184 3311 3276 3365 τὸν
3339 3311 3473 3383 μετὰ
3525 3310 3750 3367 θάνατον

2102 3399 2393 3474 δυνάμενον
2465 3399 2557 3454 καὶ
2634 3400 2820 3474 ψυχὴν
2880 3399 2969 3455 καὶ
3026 3403 3186 3472 σῶμα
3254 3399 3332 3463 εἷς
3384 3400 3594 3474 γέενναν
3653 3401 3754 3475 βα-

2102 3489 2240 3546 λεῖν.
2274 3488 2352 3546 Τὸ
2412 3489 2516 3563 γὰρ
2572 3490 2896 3565 φαινόμενον
2957 3486 3019 3542 οὐ
3066 3487 3199 3564 πυρὶ
3246 3486 3581 3564 καθαίρεται,
3623 3487 3755 3544 ἀλλ’

2104 3578 2179 3639 εἷς
2207 3584 2306 3653 γῆν
2339 3576 2653 3632 ἀναλύεται.
2683 3577 2968 3651 ’Ἃντικρυς
3014 3573 3073 3631 δὲ
3101 3575 3208 3630 ἀπὸ
3237 3580 3333 3631 τοῦ
3380 3577 3632 3649 Λαζάρου
3661 3576 3755 3632 καὶ

2102 3671 2199 3722 τοῦ
2229 3666 2499 3722 πλουσίου
2527 3663 2614 3720 διὰ
2654 3669 2761 3720 τῶν
2811 3670 3139 3738 σωματικῶν
3195 3662 3375 3739 μελῶν
3426 3669 3587 3739 σῶμα
3615 3667 3754 3721 εἶναι

2107 3754 2375 3812 δείκνυται
2404 3758 2439 3825 ἡ
2471 3756 2650 3829 ψυχή.

2183 4027 2281 4081 ΙΕ’.
2342 4026 2428 4086 Ὡς
2482 4020 2539 4078 δὲ
2598 4021 2929 4100 ἐφορὲσαμεν
2980 4022 3080 4091 τήν
3142 4020 3323 4077 εἰκόνα
3376 4024 3473 4076 τοῦ
3532 4018 3756 4098 χοῖκοῢ,

2264 4152 2332 4223 (e)
2367 4150 2574 4207 Matth.
2608 4168 2749 4221 XVII,
2775 4151 2830 4207 2.
2906 4150 2983 4222 (ἁ)
3014 4150 3184 4206 Joan.
3217 4166 3298 4217 v1,
3338 4150 3427 4204 49.
3504 4149 3575 4222 (e)
3607 4121 3753 4205 Ibid.

2104 4366 2349 4436 corporis
2392 4365 2651 4435 alicujus,
2682 4365 2772 4421 sui
2802 4369 2981 4420 tamen
3014 4365 3255 4436 generis.
3300 4363 3595 4419 Putabant
3641 4365 3752 4436 sci-

2108 4434 2244 4518 licet
2296 4434 2586 4520 nonnulli,
2626 4443 2752 4519 tum
2782 4436 3048 4520 angelos,
3084 4440 3209 4520 tum
3244 4434 3536 4492 humanas
3578 4435 3754 4492 etiam

2110 4509 2361 4569 animus,
2393 4508 2642 4564 tenuiori
2677 4508 2924 4563 materia
2953 4513 3239 4562 constare.

2188 4582 2298 4645 (73)
2357 4578 2649 4652 Ἐγείρεται
2686 4621 2699 4634 .
2760 4580 2935 4643 Quasi
2995 4578 3462 4652 resurrectio__in
3519 4593 3588 4634 eo
3643 4578 3758 4634 sita

2117 4652 2213 4716 sit,
2246 4652 2396 4721 quod
2431 4648 2640 4706 animus
2690 4652 2829 4721 ipsas
2867 4667 3113 4722 corpora
3141 4648 3429 4722 spiritalia
3458 4654 3757 4722 terrenum

2116 4739 2329 4793 corpus
2360 4728 2668 4791 exuerunt,
2699 4720 2826 4793 qua
2861 4720 3053 4777 crassa
3082 4720 3312 4778 haeresis
3337 4732 3415 4777 est
3446 4721 3558 4792 ipsi
3585 4724 3758 4778 Paulo

2114 4804 2323 4859 notata,
2364 4797 2406 4849 Il
2438 4796 2584 4848 Tim.
2620 4811 2682 4859 ιι,
2717 4795 2802 4861 18,
2835 4797 2929 4864 qui
2958 4793 3145 4848 dicunt
3171 4794 3625 4864 resurrectionem
3634 4795 3755 4863 jam

2114 4882 2228 4919 esse
2250 4870 2475 4935 factam.
2510 4866 2713 4921 Perdet
2742 4862 2915 4920 etiam
2968 4870 3026 4920 et
3074 4864 3268 4936 mittet
3302 4862 3754 4936 ginfﬁgehennam

2116 4934 2255 5006 ipsa
2275 4939 2391 4992 haec
2422 4954 2548 5008 qum
2578 4938 2850 4992 videntur
2865 4935 3234 5008 corpora,sed
3256 4934 3473 5008 ubiilla
3502 4938 3757 4992 resusci-

2116 5010 2342 5077 taverit,
2377 5007 2622 5064 utsicut
2652 5007 3078 5073 scelerum,’sic
3109 5012 3166 5061 et
3182 5022 3360 5077 pinnas
3390 5007 3508 5061 sint
3525 5009 3756 5063 anima~

2118 5081 2228 5134 bus
2261 5081 2609 5151 quibuscum
2644 5082 2910 5136 vixerunt
2951 5078 3364 5151 socia_._Lazari
3415 5078 3661 5135 historia
3708 5078 3757 5135 si

2117 5146 2351 5222 quidem
2385 5170 2521 5208 vera
2553 5152 2798 5207 historia
2826 5156 2933 5220 est,
2989 5146 3520 5222 sinuin-inopacant,
3554 5158 3620 5207 ut
3649 5151 3757 5205 hu-

2117 5220 2293 5278 mana
2341 5226 2514 5279 modo
2564 5224 2931 5294 significetur
2985 5220 3182 5277 divitis
3229 5220 3498 5293 epulonis
3547 5222 3760 5278 animae

2119 5311 2306 5364 paena,
2343 5312 2470 5366 quae
2501 5297 2630 5366 ipsa
2668 5297 2792 5365 jam
2830 5298 3332 5366 veretur-queatur
3377 5295 3489 5349 etsi
3547 5309 3759 5366 corpus

2117 5382 2231 5439 non
2263 5364 2375 5432 est,
2407 5364 2693 5439 quidquid
2726 5365 2985 5437 mysterii
3015 5364 3112 5432 sit,
3141 5366 3296 5432 quod
3326 5381 3536 5439 corpus
3563 5365 3761 5439 divina

2116 5438 2349 5507 virtute,
2395 5435 2642 5510 ejusque
2680 5435 3139 5493 instrumentum
3187 5452 3315 5492 vere
3346 5435 3593 5507 spiritus
3640 5437 3756 5491 daa-

2118 5525 2323 5566 mones
2355 5516 2411 5565 et
2440 5510 2660 5566 animas
2687 5514 2940 5581 torquet.
2966 5512 3223 5565 Cormasa.
