4078 6146
489 327 594 384 665

1261 325 1504 382 DUBIA.
1537 351 1607 364 -
1637 322 2018 378 EXCERPTA
2055 323 2158 377 EX
2191 323 2514 381 SCRIPTIS
2548 325 2929 394 THEODOTI,
2968 327 3123 382 ΕἸῸ.

3787 319 3895 375 666

481 451 782 528 φορέσομεν
853 451 946 506 καὶ
1021 451 1122 518 τὴν
1201 446 1386 503 εἰκόνα
1458 449 1553 501 τοῦ
1630 443 1977 520 ἐπουρανίου,
2040 446 2126 497 τοῐ

2253 449 2654 517 reni,geremns
2682 451 2844 506 etiam
2875 451 3177 519 imaginem
3205 448 3432 504 caelestis
3457 447 3627 520 (a),et
3656 445 3892 517 spirita-

479 544 852 614 πνευματικοῦ
889 583 902 608 ,
961 537 1098 593 κατᾶ
1154 536 1441 613 προκοπὴν
1492 532 1872 606 τελειούμενοι
1907 577 1920 590 .
1984 531 2137 602 Πλὴν

481 630 647 686 πάλιν
710 629 897 684 εἰκόνα
956 625 1128 702 λέγει,
1191 627 1267 691 ὡς
1315 627 1445 680 εἶναι
1499 624 1728 695 σώματα
1774 622 2132 694 πνευματικά.

479 721 583 778 Καὶ
631 718 823 774 πάλιν·
878 720 1038 792 ’Ἄρτι
1092 716 1366 791 βλέπομεν
1426 711 1494 768 δι’
1547 711 1812 786 ἐσόπτρου
1864 709 1914 765 ἐν
1966 709 2135 786 αἶ’νίγ-

489 830 642 882 ματι,
716 807 845 862 τότε
917 803 978 860 δὲ
1043 806 1337 877 πρόσωπον
1414 803 1548 876 πρὸς
1627 800 1945 876 πρόσωπον.
2022 799 2134 855 Αὐ-

483 898 614 954 τίκα
660 898 766 972 γὰρ
795 896 1078 970 ἀρχόμεθα
1135 895 1439 968 γινώσκειν·
1500 887 1641 948 Οὐδὲ
1672 889 1966 963 πρόσωπον
1994 891 2132 962 (74),

497 985 634 1058 ἰδέα,
656 985 747 1041 καὶ
779 988 987 1060 σχῆμα,
1038 984 1129 1038 καὶ
1161 987 1338 1054 σῶμα.
1374 987 1580 1055 Σχῆμα
1616 979 1708 1052 μὲν
1743 978 1834 1033 οὖν
1872 981 2126 1054 σχήματι

492 1080 796 1150 θεωρεῖται,
872 1074 960 1148 κρὶ
1035 1071 1328 1144 πρόσωπον
1415 1069 1721 1143 προσώπῳ,
1800 1066 1890 1122 καὶ
1950 1065 2132 1142 ἐπιγι-

485 1165 746 1219 νώσκεται
822 1161 889 1216 τὰ
956 1159 1304 1234 γνωρίσματα
1374 1164 1493 1220 τοῖς
1571 1159 1820 1232 σχήμασι
1873 1157 1960 1211 καὶ
2015 1161 2134 1218 ταῖς

481 1252 712 1313 οὐσίαις.

546 1341 636 1409 Ιζ’.
671 1338 774 1395 Καὶ
805 1341 841 1406 ἡ
872 1335 1162 1412 περιστερά
1187 1333 1246 1391 δὲ
1275 1341 1436 1408 σῶμα
1474 1333 1654 1412 ὤφθη·
1705 1336 1766 1403 ἦν
1819 1334 1871 1388 οἳ
1924 1333 2016 1405 μὲν
2069 1333 2131 1388 τὸ

476 1430 626 1505 ἅγιον
656 1427 880 1498 Ηνεῦμά
911 1446 1090 1501 φασιν,
1125 1427 1177 1480 οἱ
1210 1423 1266 1480 δὲ
1295 1425 1403 1479 ἀπὸ
1434 1420 1759 1481 Βασιλείδου
1807 1422 1897 1476 τὸν
1946 1419 2131 1476 διάκο-

474 1539 588 1589 νον,
621 1517 673 1571 οἱ
699 1512 759 1570 δὲ
797 1513 902 1570 ἀπὸ
935 1512 1300 1572 Οὐαλεντίνου
1342 1516 1451 1587 (75)
1482 1512 1546 1567 τὸ
1576 1511 1785 1584 πνεῦμα
1812 1514 1910 1579 τῆς
1944 1511 2131 1574 Ἐνθυ-

483 1609 697 1679 μήσεως
725 1608 823 1660 τοῦ
853 1605 1086 1678 Πατρὸς,
1117 1604 1218 1672 τὴν
1267 1601 1584 1658 κατέλευσιν
1617 1598 1984 1673 πεποιημένον
2041 1598 2129 1654 ἐπὶ

481 1696 580 1762 τὴν
612 1698 710 1750 τοῦ
742 1692 915 1768 Λόγου
947 1691 1138 1767 σάρκα.

553 1877 649 1929 ΙΖ¹.
682 1873 864 1926 Ἔστιν
897 1871 1108 1940 Ἰησοῦς
1148 1868 1239 1923 καὶ
1299 1871 1334 1937 ἡ
1396 1866 1695 1938 Ἐκκλησία
1745 1866 1833 1921 καὶ
1878 1869 1912 1936 ἡ
1969 1869 2128 1941 σοφία

488 1958 558 2014 δι’
587 1958 731 2014 ὅλων
785 1963 973 2034 κρᾶσις
1030 1963 1138 2013 τῶν
1196 1957 1465 2031 σωμάτων
1525 1954 1750 2026 δυνατὴ,
1808 1956 1944 2010 κατά
1999 1955 2126 2018 τοὺς

481 2048 978 2110 Οὐαλεντινιανούς.
1041 2050 1104 2103 Ἡ
1150 2052 1276 2124 γοῦν
1337 2047 1649 2122 ἀνθρωπίνη
1703 2046 1843 2120 μίξις
1902 2049 1936 2115 ἡ
1992 2045 2129 2100 κατὰ

476 2139 650 2214 γάμον
680 2138 739 2193 ἐκ
765 2136 909 2193 δυεῖν
966 2139 1314 2212 μεμιγμένων
1371 2137 1694 2211 σπερμάτων
1754 2136 1870 2196 ἑνὸς
1922 2135 2125 2208 γένεσιν

472 2226 694 2282 παιδίου
751 2228 1029 2283 ἀποτελεῖ·
1077 2227 1166 2281 καὶ
1221 2228 1284 2282 τὸ
1331 2232 1512 2299 σῶμα,
1564 2225 1641 2288 εἷς
1688 2227 1791 2300 γὴν
1837 2225 2122 2292 ἀναλυθὲν,

468 2317 730 2391 κέκραται
760 2320 830 2390 τῇ
861 2320 960 2391 γῇ,
991 2317 1078 2371 καὶ
1107 2315 1168 2371 τὺ
1201 2313 1347 2392 ὕδωρ
1378 2320 1456 2387 τῷ
1487 2313 1638 2388 οἷ’νῷ,
1699 2316 1777 2372 Τὰ
1807 2313 1865 2369 δὲ
1894 2314 2125 2390 κρείττω

473 2405 562 2460 καὶ
631 2403 1014 2483 διαφορώτερα
1058 2406 1284 2478 σώματα
1331 2401 1515 2480 ῥᾳδίαν
1567 2402 1718 2479 ⁸ίσχει
1767 2405 1865 2472 τὴν
1911 2410 2122 2477 κρᾶσιν,

473 2494 694 2566 Πνεῦμα
750 2498 881 2567 γοῦν
955 2493 1220 2566 πνεύματι
1298 2491 1572 2567 μίγνυται.
1623 2491 1783 2565 Ἐμοὶ
1863 2490 1920 2547 δὲ
1977 2490 2125 2548 δοκεῖ

471 2583 608 2637 κατά
665 2583 958 2656 παράθεσιν
1016 2587 1179 2638 τοῦτο
1229 2583 1492 2658 γενέσθαι,
1543 2579 1670 2636 ἀλλ’
1720 2580 1786 2636 οὐ
1813 2581 1951 2637 κατά
1991 2588 2124 2658 κρᾶ-

477 2691 582 2727 σιν.
618 2673 769 2742 Μήτι
830 2671 922 2726 οὗν
979 2673 1014 2741 ἡ
1065 2669 1182 2735 θεία
1212 2669 1462 2743 δύναμις,
1497 2668 1761 2741 διήκουσα
1787 2671 1887 2740 τὴν
1919 2673 2123 2746 ψυχὴν,

480 2759 694 2836 ἁγιάζει.
737 2759 902 2830 αὐτὴν
963 2761 1099 2816 κατὰ
1144 2761 1241 2829 τήν
1296 2761 1609 2816 τελευταίαν
1660 2763 1999 2836 προκοπήν;
2065 2763 2126 2818 Ὀ

481 2851 581 2923 γὰρ
641 2847 770 2911 Θεὸς
827 2853 1040 2922 πνεῦμα
1097 2848 1234 2904 ὅπου
1294 2846 1437 2914 θέλει
1495 2855 1658 2904 πνεῖ·
1719 2851 1752 2919 ἡ
1809 2852 1909 2925 γὰρ
1967 2847 2124 2905 δόμα-

487 2957 577 3009 μις
631 2937 690 2992 οὗ
747 2940 860 2992 κατ’
921 2937 1105 2992 οὐσίαν
1167 2935 1368 3008 διήκει,
1401 2936 1546 2993 ἁλλά
1588 2937 1724 2993 κατὰ
1761 2937 1986 3012 δύναμιν
2036 2940 2128 2995 καὶ

487 3024 665 3100 ἰσχύν.
727 3025 1050 3098 Παράκειναι
1083 3023 1140 3081 δὲ
1167 3027 1230 3082 τὸ
1261 3031 1473 3099 πνεῦμα
1499 3031 1577 3099 τῷ
1620 3026 1905 3100 πνεύματι,
1961 3029 2034 3091 ὡς
2066 3029 2127 3084 τὸ

482 3118 697 3188 πνεῦμα
725 3118 796 3189 τῇ
821 3118 998 3190 ψυχῇ.

553 3292 636 3348 ΙΗ¹
693 3295 750 3346 Ὁ
807 3293 1002 3366 Σωτὴρ
1063 3291 1218 3368 ὥφθη
1267 3290 1466 3347 κατιὼν
1525 3297 1643 3355 τοῖς
1700 3292 1976 3368 ἀγγέλοις·
2044 3291 2128 3348 διὸ

478 3380 569 3435 καὶ
627 3379 1052 3455 εὐηγγελίσαντο
1108 3380 1310 3438 αὐτόν.
1373 3378 1548 3438 Ἀλλὰ
1597 3381 1687 3436 καὶ
1742 3386 1821 3452 τῷ
1876 3377 2130 3456 Ἀϐραὰμ

476 3469 706 3532 καὶτοῖς
741 3469 962 3533 λοιποῖς
991 3467 1222 3533 δικαίοις
1275 3475 1391 3532 τοῖς
1443 3469 1495 3524 ἐν
1552 3474 1620 3544 τῇ
1653 3469 1945 3525 ἀναπαύσει
1973 3469 2125 3525 οὖσιν

477 3557 528 3612 ἐν
559 3563 677 3622 τοῖς
708 3555 905 3630 δεξιοῖς
939 3556 1118 3634 ὤφθη.
1156 3557 1558 3633 Ἠγαλλιάσατο
1615 3562 1740 3635 γὰρ,
1801 3561 1987 3637 φησὶν,
2039 3557 2128 3614 τίνα

479 3643 570 3721 ἴδῃ
619 3647 718 3715 τήν
788 3648 997 3722 ἡμέραν
1056 3649 1155 3717 τὴν
1214 3645 1376 3720 ἐμὴν,
1435 3647 1535 3716 τήν
1596 3645 1647 3700 έν
1707 3648 1860 3720 σαρκὶ
1920 3669 2126 3724 παρου-

483 3737 600 3791 σίαν
637 3780 650 3793 .
708 3738 864 3800 Ὅθεν
927 3737 1154 3798 ἀναστὰς
1216 3737 1244 3791 ὃ
1303 3735 1509 3810 Κύριος
1561 3734 1958 3812 εὐηγγελίσατο
2017 3740 2124 3811 (76)

476 3824 604 3887 τοὺς
635 3822 876 3888 δικαίους
905 3824 1034 3887 τοὺς
1085 3823 1138 3881 ἐν
1187 3828 1256 3900 τῇ
1288 3825 1604 3895 ἀναπαύσει,
1661 3826 1751 3880 καὶ
1803 3827 2126 3900 μετέττησεν

477 3913 674 3977 αὐτοὺς
704 3917 795 3970 καὶ
861 3916 1142 3988 μετέθηκε,
1175 3914 1265 3969 καὶ
1295 3914 1489 3976 πάντες
1545 3914 1597 3970 ἐν
1655 3919 1723 3989 τῇ
1785 3920 1907 3986 σκιᾷ
1962 3916 2126 3973 αὐτοῦ

482 4006 764 4074 ζήσονται.
808 4005 945 4059 Σκιὰ
975 4005 1074 4078 γὰρ
1107 4010 1207 4073 τῆς
1242 4002 1400 4074 δόξης
1431 4008 1528 4058 τοῦ
1561 4011 1822 4078 Σωτῆρος
1850 4013 1948 4075 τῆς
1981 4007 2126 4080 παρά

471 4097 551 4165 τῷ
603 4093 771 4167 Πατρὶ
820 4095 855 4162 ὴ
901 4091 1172 4166 παρουσία
1219 4094 1252 4160 ἡ
1305 4091 1550 4148 ἔνταῢθα·
1603 4094 1782 4156 φωτὸς
1817 4091 1875 4149 δὲ
1905 4097 2029 4151 σκιά
2060 4094 2122 4150 οὐ

475 4181 688 4251 σκότος,
720 4181 868 4262 ἀλλὰ
899 4176 1183 4259 φωτισμός
1211 4181 1374 4238 ἐστιν.

550 4362 649 4417 ΙΘ’.
709 4360 807 4416 Καὶ
867 4361 929 4416 Ὁ
991 4358 1165 4434 Λόγος
1224 4359 1350 4434 σὰρξ
1399 4357 1608 4435 ἐγένετο
1643 4403 1657 4430 ,
1719 4359 1780 4414 οὐ
1831 4363 1966 4416 κατὰ
2021 4365 2118 4432 τὴν

476 4448 771 4524 παρουσίαν
822 4449 983 4521 μόνον
1030 4445 1313 4523 ἅνθρωπος
1353 4449 1666 4522 γενόμενος.
1720 4449 1865 4505 ἀλλὰ
1920 4453 2009 4506 καὶ
2067 4452 2118 4507 ἐν

2157 1817 2206 1882 Β

2247 536 2342 603 lis,
2373 539 2696 594 secundum
2727 541 3044 611 profectum
3079 539 3492 610 perfectionem
3523 535 3741 608 adepti.
3775 535 3888 590 Sed

2247 644 2452 682 rursus
2487 628 2799 699 imaginem
2834 629 2994 695 dicit,
3029 629 3198 698 quasi
3230 627 3350 682 sint
3377 641 3620 697 corpora
3648 625 3889 697 spirita-

2245 715 2343 772 lia.
2380 722 2457 771 Ac
2489 718 2700 772 iterum
2735 735 2746 771 :
2784 717 2938 772 Nunc
2968 718 3210 774 videmus
3235 732 3335 787 per
3362 716 3644 786 speculum
3662 716 3722 769 in
3749 715 3891 768 mni-

2243 815 2578 874 gmate,lunc
2603 823 2735 862 vero
2763 809 2905 876 [acie
2934 808 3002 862 ad
3029 805 3230 877 faciem
3261 804 3518 871 lb).lllieo
3550 803 3705 858 enim
3738 802 3887 856 inei-

2244 895 2440 964 pimus
2473 911 2837 965 cognoscere.
2874 900 2986 950 Nee
3018 895 3213 960 facies,
3248 910 3352 948 nec
3399 891 3644 964 species,
3680 907 3783 946 nec
3815 891 3890 944 ﬁ-

2243 998 2409 1054 gura,
2430 999 2613 1049 neque
2646 1000 2854 1053 corpus
2885 989 2990 1039 est.
3024 985 3238 1054 Figura
3269 999 3404 1053 ergo
3439 982 3626 1054 ﬁgura
3651 979 3886 1050 conspi-

2243 1072 2414 1138 citur,
2449 1073 2744 1143 faciesque
2775 1073 2940 1140 facie,
2993 1079 3168 1143 atque
3202 1089 3235 1127 a
3259 1071 3463 1143 ﬁguris
3511 1075 3568 1125 et
3614 1068 3887 1124 essentiis

2240 1161 2371 1234 ipsa
2400 1160 2618 1216 indicia
2648 1167 2914 1233 notasque
2935 1167 3388 1235 cognoscuntur.

2313 1340 2460 1396 XVI.
2489 1339 2818 1403 Quinetiam
2865 1340 3123 1395 columba
3169 1355 3428 1409 corporea
3472 1342 3536 1408 (ο)
3600 1337 3725 1393 visa
3774 1340 3886 1403 est,

2242 1446 2419 1500 quam
2455 1427 2721 1483 nonnulli
2748 1428 3031 1500 Spiritum
3062 1434 3334 1484 sanctum
3363 1427 3594 1493 dicunt,
3614 1425 3886 1482 Basilidis

2241 1535 2373 1572 vero
2405 1534 2682 1588 sequaces
2710 1517 3046 1572 ministrum
3071 1522 3296 1586 vocant,
3331 1517 3551 1587 quique
3581 1516 3640 1570 in
3671 1514 3884 1569 Valen-

2240 1607 2346 1660 tini
2395 1607 2746 1662 sententiam
2781 1607 3028 1678 pedibus
3059 1611 3202 1662 eunt
3247 1606 3524 1678 spiritum
3573 1605 3888 1676 Enthyme-

2240 1711 2391 1763 secs,
2424 1711 2527 1750 seu
2559 1695 3069 1766 contemplationis
3106 1696 3320 1759 Patris,
3353 1694 3410 1750 in
3445 1693 3616 1750 Verbi
3646 1708 3882 1748 carnem

2241 1800 2300 1839 se
2333 1783 2770 1852 dissolventem,
2802 1800 2866 1839 ac
2899 1784 3367 1839 descendentem.

2308 1872 2481 1927 XVII.
2519 1872 2616 1927 Est
2661 1873 2834 1927 Jesus
2864 1877 2922 1928 et
2951 1871 3206 1927 Ecclesia
3253 1876 3311 1926 et
3357 1870 3648 1942 sapientia
3691 1875 3747 1925 et
3791 1885 3882 1926 se-

2238 1962 2496 2016 cundum
2531 1960 2966 2016 Valentinianos
2997 1977 3099 2028 per
3135 1961 3336 2015 omnia
3384 1976 3630 2030 corpora
3682 1959 3880 2014 mistio

2237 2054 2464 2122 potens.
2496 2049 2688 2105 Mistio
2723 2049 2901 2119 igitur
2953 2049 3211 2104 humana
3241 2048 3521 2118 nuptialis
3549 2064 3617 2103 ex
3648 2048 3878 2102 duobus

2237 2139 2560 2194 seminibus
2593 2139 2782 2193 mistis
2816 2138 3055 2192 infantis
3088 2141 3262 2193 unius
3285 2137 3714 2207 generationem
3749 2153 3876 2207 per-

2238 2228 2356 2284 licit
2381 2247 2394 2295 ;
2415 2245 2626 2300 corpus
2657 2229 2832 2284 etiam
2857 2228 2914 2282 in
2939 2235 3152 2284 terram
3185 2226 3442 2283 solutum
3475 2231 3639 2280 terras
3671 2225 3878 2282 misce-

2233 2322 2350 2384 tur,
2384 2321 2440 2372 et
2470 2334 2622 2388 aqua
2652 2317 2804 2372 vino.
2833 2317 3086 2386 Corpora
3132 2332 3264 2371 vero
3297 2314 3545 2370 meliora
3582 2319 3640 2369 et
3688 2316 3872 2371 excel-

2235 2405 2476 2462 lentiora
2528 2406 2858 2462 mistionem
2913 2406 3141 2461 facilem
3219 2404 3563 2460 admittunt.
3619 2403 3872 2475 Spiritus

2234 2497 2414 2568 igitur
2433 2495 2664 2566 spiritui
2689 2494 3134 2551 miscetur.Mihi
3153 2510 3287 2550 vero
3305 2494 3532 2550 videtur
3561 2508 3662 2564 per
3683 2495 3875 2564 juxta-

2235 2585 2584 2656 positionem
2617 2585 2726 2640 hoc
2756 2585 2903 2651 ﬁeri,
2933 2589 2992 2639 et
3023 2601 3134 2640 non
3170 2600 3270 2654 per
3318 2583 3672 2639 mistionem.
3707 2588 3872 2638 Anne

2235 2675 2435 2745 itaque
2467 2674 2725 2745 polentia
2750 2673 2944 2729 divina
2974 2673 3372 2744 pertransiens
3403 2671 3686 2738 animam,
3721 2687 3878 2727 eam-

2234 2765 2369 2818 dem
2416 2780 2516 2834 per
2565 2763 2889 2835 profectum
2943 2762 3264 2833 perfectum
3316 2759 3688 2816 sanctiﬁcat?
3741 2762 3880 2816 Deus

2237 2853 2391 2908 enim
2422 2854 2659 2923 spiritus
2686 2851 2784 2907 ubi
2811 2852 2934 2907 vult
2961 2851 3142 2922 spirat
3170 2851 3266 2921 (al).
3301 2849 3564 2905 Potentia
3594 2849 3879 2904 nimirum

2236 2959 2352 2997 non
2384 2943 2649 2997 essentiae
2685 2946 2970 3012 respectu.
3007 2941 3106 2996 sed
3137 2956 3241 3012 per
3288 2939 3558 2994 virtutem
3589 2941 3647 2994 et
3679 2943 3876 3008 poten-

2236 3030 2378 3086 tiam
2412 3031 2693 3102 pervadit.
2717 3031 2957 3098 Adiacet
2986 3035 3180 3085 autem
3213 3029 3465 3099 Spiritus
3494 3027 3729 3082 divinus
3762 3026 3880 3096 spi-

2239 3119 2378 3174 ritui
2409 3119 2809 3186 alteri,eodem
2844 3119 3013 3189 plane
3046 3119 3218 3173 modo
3247 3132 3363 3188 quo
3395 3116 3638 3188 spiritus
3667 3115 3876 3171 animis

2159 3178 2202 3246 α
2239 3211 2412 3265 adsit.

2239 3227 2412 3266 ausu.

2309 3299 2372 3362 ἦ(
2417 3297 2624 3354 XVIII.
2676 3298 2940 3352 Salvator
2969 3312 3103 3350 cum
3151 3294 3212 3348 in
3262 3297 3450 3348 terras
3499 3292 3880 3348 descenderet
3961 3335 3964 3338 ρ

2241 3387 2465 3457 angelis
2495 3387 2658 3442 visus
2706 3391 2814 3450 est,
2849 3384 3235 3456 quamobrem
3280 3386 3339 3437 et
3386 3381 3670 3437 adventus
3719 3379 3880 3436 illius

2238 3476 2351 3531 laeti
2382 3477 2618 3531 fuerunt
2650 3475 2861 3529 nuntii.
2895 3475 3000 3528 Sed
3041 3478 3098 3528 et
3147 3470 3471 3526 Abrahamo
3521 3468 3882 3540 reliquisque

2230 3565 2432 3636 justis,
2467 3565 2566 3636 qui
2600 3565 2654 3618 in
2689 3564 2889 3634 requie
2914 3563 2982 3618 ad
3019 3563 3282 3617 dextram
3334 3563 3522 3624 erant,
3551 3557 3712 3614 visus
3741 3564 3831 3614 est
3862 3575 3876 3614 :

2239 3653 2527 3711 Exuit/wit
2558 3653 2730 3717 enim,
2764 3651 2978 3722 inquit,
3027 3660 3087 3705 ut
3133 3639 3337 3705 videret
3382 3648 3529 3704 diem
3573 3663 3754 3704 meum
3783 3648 3876 3719 (θ),

2239 3743 2390 3798 diem
2423 3741 2702 3797 nimirum
2736 3741 2850 3796 mei
2879 3740 2938 3794 in
2971 3755 3147 3795 carne
3174 3738 3482 3793 adventus.
3506 3737 3651 3792 Hinc
3681 3753 3876 3792 resur-

2235 3849 2380 3904 gens
2412 3832 2714 3900 Dominus,
2739 3829 2922 3901 justis
2952 3829 3011 3883 in
3044 3827 3238 3899 requie
3286 3826 3719 3899 evangelizavit,
3751 3842 3880 3882 eos-

2235 3923 2485 3994 demque
2518 3919 2835 3986 submovit,
2869 3916 3188 3983 transtulit,
3207 3921 3263 3971 et
3292 3932 3496 3972 omnes
3527 3916 3638 3971 sub
3672 3916 3883 3972 umbra

2235 4012 2363 4081 ejus
2394 4011 2606 4065 vivent.
2651 4008 2964 4064 Praesentia
3008 4007 3163 4062 enim
3203 4004 3532 4061 ‘Salvatoris
3577 4006 3635 4060 in
3682 4004 3875 4076 terris,

2236 4099 2445 4154 umbra
2474 4105 2561 4155 est
2591 4097 2790 4170 gloriae
2837 4097 3103 4167 ejusdem
3135 4110 3263 4166 qum
3319 4094 3468 4164 apud
3504 4097 3732 4148 Patrem
3764 4099 3872 4149 est.

2232 4188 2449 4244 Umbra
2492 4192 2688 4244 autem
2739 4185 2909 4253 lucis,
2946 4203 3059 4242 non
3103 4183 3354 4240 tenebras
3385 4183 3485 4238 sed
3519 4181 3872 4239 illuminatio

2231 4283 2340 4334 est.

2303 4366 2776 4431 XIX.Quinetiam
2818 4365 3060 4419 Verbum
3087 4378 3214 4418 caro
3233 4364 3442 4432 factum
3467 4371 3546 4417 est
3568 4363 3874 4432 (/),nempe

2233 4474 2348 4512 non
2381 4457 2570 4510 solum
2607 4455 2914 4527 praesentia
2943 4471 3052 4508 sua
3086 4453 3257 4506 homo
3290 4452 3510 4506 factum
3543 4455 3651 4518 est,
3671 4466 3872 4505 verum

480 4538 626 4613 ἀρχῇ
683 4539 710 4592 ὁ
765 4537 816 4592 ἐν
877 4537 1168 4607 ταύτότητι
1203 4537 1375 4612 Λόγος
1406 4539 1543 4592 κατὰ
1571 4541 1908 4616 περιγραφήν
1940 4541 2029 4594 καὶ
2060 4543 2122 4597 οὐ

2243 4546 2409 4601 etiam
2441 4546 2500 4600 in
2533 4544 2820 4618 principio
2853 4542 3107 4597 Verbum
3155 4540 3457 4596 identitate
3507 4556 3690 4594 unum
3740 4555 3874 4594 cum

478 4627 593 4682 κατ’
626 4627 808 4681 οὐσίαν
841 4625 1157 4701 γενόμενος,
1201 4628 1228 4681 6
1279 4628 1426 4690 Υἱός·
1479 4627 1566 4681 καὶ
1617 4625 1782 4681 πάλιν
1835 4628 1962 4706 σᾶρξ
2008 4631 2123 4706 ὲγὲ-

479 4738 624 4786 νετο,
688 4713 777 4770 διὰ
828 4719 1123 4791 προφητῶν
1183 4714 1509 4790 ἐνεργήσας.
1561 4717 1752 4771 Τέκνον
1814 4714 1870 4772 δὲ
1920 4723 2014 4772 τοῦ
2070 4719 2122 4774 ἐν

479 4807 770 4875 ταύτότητι
799 4803 976 4879 Λόγου
1008 4804 1036 4858 ὁ
1060 4807 1257 4879 Σωτὴρ
1293 4803 1524 4880 ετίρηται·
1558 4803 1649 4861 διὰ
1665 4809 1826 4862 τοῦτο
1859 4808 1945 4865 Ἐν
1976 4810 2124 4886 ἀρχῇ

477 4899 542 4964 ἦν
603 4896 630 4950 6
690 4895 890 4969 Λόγος,
939 4892 1028 4948 καὶ
1083 4895 1111 4948 6
1170 4894 1346 4968 Λόγος
1400 4894 1465 4962 ἦν
1517 4894 1654 4969 πρὸς
1705 4896 1796 4950 τὸν
1853 4899 2004 4955 Θεόν.
2059 4901 2126 4957 Ὃ

478 4987 692 5062 γέγονεν
741 4982 795 5038 ἐν
848 4981 1016 5055 αὐτῷ,
1071 4984 1183 5052 ζωή
1238 4980 1368 5037 ἐστι·
1431 4984 1544 5053 ζωὴ
1597 4981 1711 5039 δέὸ
1761 4985 1975 5060 Κύριος.
2027 4989 2125 5043 Καὶ

544 5174 607 5238 ,ις
635 5168 696 5238 p.
725 5163 832 5217 963
860 5163 977 5218 ED.
1016 5161 1317 5238 poTTaa.

475 5237 528 5291 8.
560 5235 679 5308 "(6)
705 5239 872 5292 Joan.
902 5250 1026 5298 vm,
1058 5235 1146 5288 56.

1398 5164 1474 5234 (α)
1507 5164 1526 5219 I
1558 5165 1684 5221 Cor.
1716 5183 1808 5233 xv,
1841 5167 1929 5221 49.

1224 5234 1290 5305 (Γ)
1313 5237 1479 5290 Joan.
1515 5253 1552 5306 1,
1589 5240 1674 5290 M.

545 5433 658 5505 (74)
683 5427 828 5505 ρῦδὶ
873 5429 1238 5505 πρόσηἘοτζθ
1290 5429 1396 5504 leg.
1430 5431 1492 5486 τὸ
1542 5428 1599 5485 δὲ
1641 5431 1932 5505 πρόσωπον
1978 5430 2117 5490 ἰδέα·

475 5500 607 5560 nam
641 5500 765 5558 οὐδέ
798 5500 1002 5573 parum
1037 5501 1150 5573 huc
1187 5500 1373 5559 facere
1401 5505 1648 5560 videtur.
1679 5500 1966 5562 SYLBURG.

543 5576 656 5704 (ιῖῗ)
689 5576 751 5629 Oi
783 5568 839 5630 δὲ
868 5573 974 5628 ἀπὸ
1015 5568 1281 5629 Οὐαλεντ.
1343 5576 1557 5632 Eadem
1625 5577 1798 5647 paulo
1854 5577 2008 5635 infra
2037 5596 2126 5637 re-

477 5664 549 5719 pe
579 5663 642 5719 ι’.
1717 5690 1720 5692 -

2007 5168 2079 5239 (ω
2105 5169 2131 5226 Ι
2161 5171 2288 5228 Cor.
2323 5189 2446 5242 xm,
2479 5173 2565 5227 l2.
2644 5172 2712 5241 (ε)
2751 5170 2880 5223 Luc.
2917 5184 3002 5235 III,
3033 5168 3122 5222 22.

2237 4640 2425 4702 Patre,
2488 4651 2588 4706 per
2641 4631 3245 4702 circumscriptionem
3301 4646 3417 4685 non
3490 4627 3881 4684 essentialiter

2235 4726 2408 4781 homo
2441 4725 2682 4791 factum,
2714 4723 2823 4777 hoc
2852 4725 2960 4790 est,
2993 4719 3172 4776 Filius
3206 4737 3218 4774 :
3271 4726 3328 4774 et
3361 4735 3564 4774 rursus
3596 4733 3728 4773 caro
3762 4717 3879 4772 fac-

2235 4819 2360 4870 tum
2393 4819 2482 4868 est
2511 4829 2643 4867 cum
2680 4828 2779 4882 per
2805 4808 3120 4882 prophetas
3151 4812 3454 4880 operatum
3487 4811 3594 4862 est.
3611 4805 3880 4863 Salvator

2235 4909 2430 4959 autem
2451 4902 2755 4958 identitate
2772 4899 3132 4970 Verbi(quod
3149 4914 3281 4952 cum
3301 4902 3468 4953 Patre
3486 4897 3635 4951 idem
3648 4901 3756 4965 est)
3781 4893 3880 4951 Fi-’

2237 4994 2352 5049 lius
2375 4990 2827 5062 dicitur,idcireo
2850 4992 2912 5043 In
2933 4989 3214 5060 principio
3236 4993 3362 5042 erat
3391 4986 3637 5055 Verbum,
3661 4989 3711 5041 et
3751 4987 3876 5042 Ver-

3200 5166 3279 5238 (d)
3307 5167 3476 5222 Joan.
3529 5184 3602 5235 1v,
3648 5165 3757 5234 24;
3792 5181 3878 5234 III,

2298 5441 2412 5511 (76)
2445 5434 3075 5512 ΕὐηγγελίσατοᾌςὶοιιΓζ
3107 5452 3233 5506 quae
3272 5435 3543 5507 superius
3570 5435 3715 5512 dixit
3742 5434 3871 5512 Cle-

2237 5506 2404 5567 mens
2432 5506 2628 5567 Stronz'.
2664 5527 2723 5576 ιι,
2750 5528 2803 5579 p.
2838 5507 2979 5581 379;
3040 5506 3238 5562 Slrom.
3289 5506 3369 5574 γι,
3414 5524 3546 5581 pag.
3578 5510 3682 5563 637
3734 5508 3872 5564 edit.

2236 5584 2444 5652 Paris.,
2477 5588 2534 5638 et
2563 5599 2690 5652 quae
2721 5581 2801 5637 ibi
2834 5580 3114 5635 adnotata
3142 5585 3300 5636 sunt.
