4078 6146
241 299 351 355 667
1492 311 1903 370 CLEMENTIS

2048 308 2438 364 ΙΧΔΝΒΒῙΝῙ

249 428 377 483 bum
403 433 534 485 erat
563 429 709 503 apud
741 433 929 489 Deum.
960 434 1109 503 Quod
1135 438 1343 505 factum
1385 440 1465 494 est
1512 440 1574 494 in
1600 437 1742 510 ipso,
1772 437 1889 493 vita
1915 464 1931 503 λ

2116 429 2367 493 Παῦλος⁶
2438 425 2692 486 Ἐνδυσαι
2764 428 2857 483 τὸν
2932 425 3117 481 καινὸν
3183 419 3489 500 ἄνθρωπον,
3559 419 3653 477 τόν

248 521 328 573 est
356 519 583 590 (a),vita
611 536 744 575 vero
774 520 1063 579 Dominus
1093 525 1424 583 est.Paulus
1455 509 1728 583 similiter
1759 543 1772 583 :
1806 529 1895 583 In-

2048 523 2142 577 ατὰ
2198 520 2327 578 Θεὸν
2372 518 2673 583 κτισθέντα·
2733 519 2850 572 οἷον
2885 535 2899 547 ·
2972 513 3069 576 Εἷς
3128 512 3289 568 αὐτὸν
3345 509 3653 580 πίστευσον,

252 606 408 662 duito
437 624 642 664 novum
689 609 970 667 hominem
999 630 1096 683 qui
1141 615 1443 671 secundum
1471 616 1638 672 Deum
1685 625 1898 672 creatus

2048 613 2095 668 ὃν
2132 611 2238 666 ὑπὸ
2268 614 2365 666 τοῦ
2409 612 2565 679 Θεοῦ,
2616 607 2753 663 κατὰ
2783 606 2935 677 Θεὸν,
2968 603 3059 659 τὸν
3086 603 3139 659 ἐν
3167 606 3283 675 Θεῷ
3312 604 3489 677 Λόγον
3537 621 3655 656 κτι-

251 699 326 750 est
356 696 705 767 (b).Perinde
737 699 905 770 quasi
937 701 1157 758 diceret
1188 721 1201 759 :
1236 704 1298 760 In
1330 704 1497 760 illum
1531 704 1897 773 crede,illum

2048 700 2229 766 θέντα.
2291 699 2525 754 Δύναται
2582 695 2641 752 δὲ
2697 697 2797 767 τὸ,
2848 695 2985 750 κατὰ
3036 693 3165 748 Θεὸν
3213 691 3533 759 κτισθέντα,
3589 690 3655 747 τὸ

252 784 473 840 scilicet
503 803 536 840 a
567 791 700 856 Deo,
731 789 1057 846 secundum
1109 796 1312 861 Deum,
1363 795 1423 848 in
1474 794 1589 849 Deo
1641 793 1897 850 Verbum

2048 792 2084 852 ἲς
2139 789 2168 843 '6
2230 785 2422 862 μέλλει
2477 784 2637 848 τὲλος
2688 790 2975 859 προκοπῆς
3022 781 3234 859 φθάνειν
3294 780 3323 835 6
3375 777 3656 851 ἅνθρωπος

251 878 539 929 creatum.
573 875 765 931 Potest
793 882 993 934 autem
1024 879 1193 949 illud,
1216 882 1515 937 secundum
1544 883 1716 938 Deum
1740 886 1899 937 crea-

2048 876 2260 950 ηνύειν,
2307 876 2499 947 ἐπίσης
2528 868 3001 949 τῷνἊπεὸάλετο
3029 871 3105 935 είς
3136 870 3166 925 ’ὀ
3215 868 3434 936 ἐκτίσθη
3494 867 3653 932 τὲλος

253 970 392 1027 tum,
413 962 585 1018 finem
613 965 910 1035 profectus
940 967 1219 1035 indicare,
1251 971 1321 1027 ad
1355 987 1530 1043 quem
1562 971 1738 1027 homo
1770 987 1899 1042 per-

2048 969 2109 1025 ᾖαὶ
2163 965 2238 1022 ἔτι
2292 963 2615 1043 σαφέστερον
2659 964 2749 1019 καὶ
2795 959 3095 1039 διαρρήδην
3141 959 3194 1015 ἐν
3240 957 3435 1020 ἄλλοις
3486 957 3654 1034 λέγει·

251 1051 450 1106 venire
480 1052 672 1123 debet,
700 1052 785 1109 illi
834 1071 951 1111 non
1000 1056 1273 1114 absimile
1307 1075 1320 1114 :
1357 1060 1574 1130 Rejecit
1611 1059 1787 1114 ﬁnem
1838 1060 1898 1115 in

2048 1064 2104 1119 )4
2156 1056 2296 1111 ἐστιν
2351 1055 2508 1111 εῗκὼν
2564 1058 2662 1110 τοῦ
2714 1056 2850 1109 Θεοῦ
2899 1055 2998 1105 τοῦ
3048 1050 3305 1126 ἆοράτοιν
3365 1047 3478 1103 εἶτα
3534 1046 3655 1102 ἑπι-

252 1155 428 1211 quem
462 1145 695 1197 creatus
726 1148 869 1198 erat.
902 1149 1151 1217 Insuper
1179 1146 1399 1203 clarius
1428 1147 1486 1203 in
1519 1148 1652 1204 aliis
1681 1165 1745 1204 ac
1779 1164 1899 1204 ma-

2049 1147 2157 1217 ἐρει
2188 1165 2201 1178 ·
2284 1138 2643 1220 [Ιρωτότοκος
2701 1142 2881 1213 πάσης
2931 1139 3160 1202 κτίσεως
3193 1157 3205 1169 ’
3269 1137 3501 1214 ἀοράτου
3561 1136 3657 1209 μὶν

254 1228 466 1285 nifeste
495 1230 683 1285 dicit:
728 1230 835 1299 Qui
877 1239 953 1287 est
999 1233 1180 1306 imago
1230 1236 1333 1292 Dei
1377 1237 1719 1305 invisibilis,-
1766 1237 1899 1293 dein

2048 1236 2110 1310 ἁρ
2143 1238 2277 1291 Θεοῦ
2331 1232 2510 1289 εἷκόνα
2536 1234 2627 1288 τὸν
2660 1232 2858 1308 Λόγον,
2886 1234 2985 1285 τοῦ
3032 1229 3229 1305 Λόγου,
3259 1230 3357 1282 τοῦ
3383 1224 3437 1281 ἐν
3464 1224 3661 1281 ταύτό-

254 1317 421 1373 addit
451 1333 466 1372 :
499 1319 912 1389 Primogenitu:
958 1325 1140 1379 omnis
1180 1328 1451 1382 creatura:
1477 1328 1565 1394 (ο).
1601 1325 1899 1398 Siquidem

2048 1342 2153 1394 ητι’
2213 1323 2564 1397 πρωτότοκον
2598 1317 2656 1376 δὲ
2702 1321 2882 1390 πάσης
2912 1317 3159 1388 κτίσεως,
3191 1315 3472 1392 γεννηθεὶς
3521 1314 3663 1369 ἀπα-

251 1406 572 1479 imaginem
606 1408 919 1466 invisibilis
947 1411 1051 1468 Dei
1081 1413 1225 1469 dicit
1251 1414 1506 1470 Verbum
1538 1414 1698 1471 illius
1729 1414 1902 1471 Verbi

2048 1417 2141 1484 ὣς,
2178 1412 2403 1482 κτίστης
2429 1411 2518 1466 καὶ
2549 1408 2909 1488 γενεσιάρχης
2953 1410 3053 1478 τῆς
3101 1405 3238 1476 ὅλης
3286 1404 3494 1482 ἐγένετο
3547 1402 3661 1459 κτί-

255 1496 409 1569 quod
442 1495 502 1551 in
534 1496 840 1554 identitate
869 1505 994 1569 est;
1032 1502 1488 1575 primogenitum
1542 1520 1674 1560 vero
1708 1504 1902 1559 omnis

2048 1502 2150 1564 εώς
2218 1522 2275 1557 τε
2344 1502 2433 1556 καὶ
2486 1499 2708 1561 οὐσίας.
2762 1500 2846 1553 Ἐν
2906 1496 3054 1569 αὐτῷ
3106 1496 3207 1572 γὰρ
3263 1495 3292 1549 6
3350 1494 3537 1566 Πατὴρ
3597 1493 3664 1549 τὰ

255 1589 559 1655 creaturas,
591 1587 695 1658 qui
724 1586 1109 1660 impassibilis
1138 1597 1227 1648 est
1273 1592 1531 1665 genitus,
1564 1602 1789 1649 creator
1835 1609 1902 1649 ac

2048 1592 2185 1647 τάντα
2242 1589 2493 1661 ἐποίησεν
2531 1606 2545 1619 ⁸
2604 1587 2724 1652 ὅθεν
2781 1590 2868 1643 καὶ
2932 1586 3148 1664 μορφὴν
3209 1582 3413 1640 δούλου
3472 1577 3707 1639 λαϐεῖν’

259 1674 534 1746 princeps
564 1675 807 1748 originis
838 1679 1029 1735 omni
1073 1686 1352 1737 creaturae
1398 1682 1784 1754 essentiaeque
1814 1682 1901 1737 fa-

2048 1678 2258 1754 ἴρηται,
2309 1678 2370 1734 οὐ
2424 1678 2590 1753 μόνον
2638 1678 2739 1747 τήν
2795 1675 2965 1752 σάρκα
3011 1676 3148 1730 κατὰ
3192 1675 3292 1743 τὴν
3339 1674 3659 1749 παρουσίαν,

261 1766 412 1818 ctus.
448 1762 509 1818 1n
544 1762 668 1834 ipso
699 1764 854 1821 enim
886 1767 1086 1825 omnia
1117 1770 1252 1826 fecit
1280 1774 1473 1837 Pater,
1507 1771 1759 1844 hincque
1785 1774 1901 1843 for-

2048 1768 2159 1825 λλᾶ
2203 1768 2293 1823 καὶ
2321 1770 2422 1838 τὴν
2474 1765 2658 1822 οὐσίαν
2693 1766 2752 1821 ὲκ
2778 1770 2871 1820 τοῦ
2902 1763 3282 1838 ὖποκειμίνου·
3330 1760 3503 1833 δούλη
3537 1759 3596 1817 δὲ
3625 1764 3661 1833 ἡ

258 1868 408 1906 mam
435 1851 583 1907 servi
612 1852 1031 1927 (d)sumpsisse
1063 1858 1257 1915 dictus
1286 1863 1517 1929 est,uon
1548 1860 1741 1916 solum
1774 1877 1901 1916 car-

2052 1857 2193 1929 ὖσία,
2245 1858 2320 1920 ὡς
2372 1854 2431 1911 ἃν
2463 1855 2680 1926 παθητὴ
2729 1853 2819 1909 καὶ
2871 1853 3201 1926 ὑποκειμένη
3244 1856 3314 1927 τῇ
3347 1848 3661 1927 δραστηρίῳ

262 1957 391 1997 nem
431 1956 534 2012 per
562 1944 931 2014 praesentiam
964 1962 1156 2014 suam,
1190 1965 1388 2005 verum
1439 1949 1619 2006 etiam
1651 1966 1721 2007 ex
1758 1950 1898 2006 sub-

2048 1948 2101 2002 αὶ
2131 1966 2438 2023 κυριωτατῃ
2470 1944 2637 2015 αἰτίᾳ.

252 2030 411 2101 jecto
438 2033 783 2176 iustitiam.
813 2034 987 2091 Serva
1014 2052 1149 2094 vero
1177 2044 1269 2094 est
1298 2039 1654 2110 substantia,
1688 2044 1890 2112 utpote
1920 2038 2199 2112 patibllis,
2229 2054 2294 2094 ac
2323 2054 2453 2109 quae
2484 2053 2672 2093 causa
2704 2034 2789 2090 illi
2821 2040 3071 2091 strenuae
3125 2030 3655 2105 principalissimaa-

262 2135 375 2176 aue
404 2136 453 2175 ει
509 2137 579 2175 su
628 2122 795 2176 iecta.

262 2135 375 2191 que
404 2122 482 2175 sit
509 2122 795 2193 subjecta.

1934 1814 1981 1881 Β

3546 276 3779 351 eos"

524 2209 804 2267 XXJllud
838 2213 994 2270 enim
1022 2232 1034 2272 :
1066 2216 1205 2272 Ante
1235 2216 1536 2289 luciferum
1562 2219 1735 2289 genui
1764 2218 1913 2291 te(e),

270 2304 355 2354 sio
386 2304 869 2370 interpretamur,
918 2304 1141 2361 ratione
1190 2305 1361 2361 Verbi
1412 2324 1445 2362 a
1492 2306 1608 2363 Deo
1653 2307 1911 2380 primum

270 2386 468 2454 creati,
501 2393 559 2443 et
599 2390 755 2460 quod
806 2395 940 2446 ante
986 2392 1168 2449 solem
1219 2398 1276 2449 et
1323 2394 1522 2451 lunam
1563 2410 1914 2465 omnemque

270 2480 599 2531 creaturam
634 2494 843 2534 nomen
875 2485 1045 2536 tuum
1076 2484 1153 2537 sit
1182 2482 1274 2555 (Γ).

341 2564 492 2621 ΧΧΙ.
527 2564 676 2621 Illud
708 2567 885 2623 etiam
916 2586 929 2623 :
960 2571 1273 2627 Secundum
1301 2573 1604 2643 imaginem
1634 2573 1736 2628 Dei
1761 2589 1915 2630 crea-

272 2655 349 2707 vit
376 2651 521 2720 illos,
551 2656 870 2711 masculum
898 2660 947 2712 et
976 2662 1246 2729 feminam
1271 2660 1403 2732 fecit
1431 2677 1519 2717 eos
1550 2662 1645 2733 (g),
1664 2663 1916 2733 produc-

275 2740 494 2796 tionem
524 2742 807 2813 optimam
840 2746 1139 2817 sapientias
1194 2749 1483 2805 nominari
1521 2749 1918 2805 Valentiniani

275 2835 569 2899 asserunt,
603 2848 672 2887 ex
701 2849 817 2904 qua
847 2835 948 2906 qui
976 2838 1221 2893 masculi
1252 2844 1415 2903 sunt,
1445 2837 1673 2904 electio,
1703 2838 1920 2894 femina

273 2934 406 2973 vero
438 2920 662 2976 vocatio
690 2927 852 2991 sunt,
884 2928 941 2980 et
971 2926 1267 2982 masculos
1297 2927 1535 2998 quidem
1566 2926 1805 3000 angelos
1826 2943 1917 2983 vo-

275 3010 430 3074 cant,
465 3007 712 3066 feminas
742 3028 873 3068 vero
903 3013 1147 3086 seipsos,
1194 3016 1467 3087 spiritum
1515 3015 1915 3073 excellentem.

276 3096 369 3151 Sic
399 3101 457 3151 et
486 3096 543 3151 in
574 3098 796 3155 Adamo
815 3103 968 3173 quod
998 3103 1233 3175 quidem
1265 3105 1592 3162 masculum
1629 3105 1825 3175 fuit,in
1856 3121 1923 3161 eo

282 3187 536 3256 mansit;
568 3205 742 3245 omne
773 3196 968 3248 autem
1003 3194 1598 3268 femininum,quippe
1628 3211 1822 3252 semen
1856 3211 1926 3252 ex

279 3274 380 3330 illo
413 3275 526 3331 Eva
569 3278 811 3350 exstitit,
840 3284 905 3349 >14
932 3298 963 3338 e
992 3300 1108 3352 qua
1153 3289 1294 3339 sunt
1345 3285 1595 3353 feminae,
1641 3284 1814 3340 sicuti
1858 3302 1929 3341 ex

281 3363 380 3419 illo
412 3366 697 3436 masculi;
732 3369 978 3425 masculi
1009 3371 1206 3444 itaque
1237 3389 1370 3429 cum
1403 3372 1593 3430 Verbo
1626 3378 1768 3430 sunt
1798 3391 1927 3430 cor-

283 3453 453 3525 repti,
488 3455 721 3513 feminas
752 3475 884 3514 vero
912 3458 973 3515 in
1002 3460 1159 3518 viros
1201 3461 1393 3518 relatae
1441 3462 1663 3535 angelis
1714 3462 1929 3519 uniun-

284 3545 401 3611 tur,
433 3543 613 3617 inque
645 3546 1076 3605 Plenitudinem
1107 3552 1552 3607 evadunt.Hanc
1585 3554 1659 3608 ob
1690 3569 1931 3609 causam

287 3630 501 3688 mulier
531 3635 588 3689 in
619 3635 809 3692 virum
838 3639 1248 3696 transformari
1281 3641 1580 3710 dicitur,et
1599 3641 1659 3698 in
1693 3642 1934 3715 angelos

284 3723 584 3779 terrestris
613 3724 873 3782 Ecclesia
899 3729 1137 3785 mutari.

359 3808 809 3886 XXII.Cumque
838 3817 1155 3887 Apostolus
1187 3818 1345 3875 dicat
1379 3837 1391 3875 :
1450 3821 1666 3892 Ilioqui
1688 3820 1820 3892 quid
1848 3822 1936 3893 fa-

285 3899 433 3955 cient
462 3903 560 3973 qui
589 3903 946 3974 baptizantur
970 3922 1070 3978 pro
1109 3909 1341 3964 mortuis
1369 3908 1480 3982 (h)?
1510 3926 1613 3980 pro
1641 3910 1938 3980 nobis,in-

352 4088 416 4153 ›χ‹
445 4084 507 4136 p.
538 4082 643 4137 964
674 4082 783 4139 ED.
812 4084 1118 4142 POTTER.

2095 2217 2172 2273 K'.
2225 2215 2304 2272 Τὸ
2344 2214 2470 2291 γὰρ,
2527 2214 2643 2288 Πρὸ
2700 2206 2979 2289 ἐωσφόρου
3027 2208 3286 2285 ἑγὲννησά
3340 2229 3433 2277 σε,
3491 2206 3659 2267 οὕτως

2023 2303 2351 2378 ὲξακούομεν
2397 2302 2485 2359 ἐπὶ
2533 2306 2629 2357 τοῦ
2657 2301 3070 2375 πρωτοκτίστου
3127 2296 3262 2354 Θεοῦ
3320 2298 3520 2374 Λόγου,
3576 2295 3665 2350 καὶ

2022 2394 2130 2470 πρὸ
2181 2393 2347 2463 ἡλίου
2395 2392 2482 2447 καὶ
2517 2388 2778 2462 σελήνης,
2824 2389 2914 2445 καὶ
2943 2395 3050 2464 πρὸ
3109 2386 3287 2457 πάσης
3329 2386 3558 2448 κτίσεως
3607 2384 3671 2440 τὸ

2024 2477 2200 2555 ὄνομά
2228 2503 2345 2537 σου.

2096 2572 2198 2628 KA'
2226 2614 2241 2628 .
2298 2572 2408 2643 Τὸ,
2468 2570 2599 2627 Κατ’
2656 2567 2837 2625 εἰκόνα
2911 2570 3048 2622 Θεοῦ
3115 2565 3365 2637 ἐποίησεν
3427 2562 3624 2625 αὐτούς
3654 2582 3668 2597 ·

2026 2662 2180 2735 ἄρσεν
2250 2660 2338 2715 καὶ
2415 2660 2557 2729 θῆλυ
2614 2656 2865 2728 ἐποίησεν
2925 2654 3119 2718 αὐτούς
3153 2675 3167 2689 ο
3224 2655 3323 2723 τήν
3380 2648 3671 2730 προϐολὴν

2022 2751 2122 2819 τὴν
2162 2748 2386 2825 ἀρίστην
2416 2748 2575 2827 φασὶν
2606 2748 2659 2803 οἱ
2700 2744 3144 2805 Οὐαλεντινιανοὶ
3196 2750 3295 2815 τῆς
3352 2741 3542 2821 σοφίας
3576 2741 3668 2798 λέ-

2024 2848 2237 2911 γεσθαι,
2294 2836 2384 2913 ἀφ’
2460 2836 2527 2905 ἧς
2600 2834 2665 2890 τὰ
2725 2836 2821 2909 μὲν
2898 2832 3151 2909 ἁρῤενικὰ
3191 2834 3226 2902 ἠ
3258 2830 3481 2908 ἐκλογὴ,
3511 2830 3581 2885 τὰ
3611 2828 3669 2886 δὲ

2026 2923 2243 2996 θηλυκά
2292 2927 2327 2995 ἡ
2378 2923 2619 2990 κΑῆσις⁶
2681 2924 2770 2979 καὶ
2824 2923 2894 2979 τὰ
2943 2922 3045 2996 μὲν
3097 2920 3354 2998 ἀρρενικὰ
3407 2919 3668 2997 ἆγγελικὰ

1956 3038 1991 3089 η
2026 3012 2286 3081 καλοῦσι,
2341 3013 2408 3067 τὰ
2438 3011 2653 3082 θηλυκᾶ
2682 3010 2741 3067 δὲ
2780 3010 3024 3083 ἑαυτοὺς,
3052 3012 3115 3066 τὸ
3146 3008 3397 3089 διαφέρον
3429 3012 3664 3083 πνεῦμα.

2034 3100 2192 3161 Οὕτω
2238 3102 2328 3157 καὶ
2376 3101 2466 3158 ἰπὶ
2511 3106 2608 3157 τοῦ
2656 3098 2857 3174 Ἀδὰμ,
2905 3101 2968 3155 τὸ
3001 3100 3095 3173 μὲν
3127 3098 3408 3177 ἀῤῥενικὸν
3464 3094 3671 3172 ἔμεινεν

2034 3194 2200 3266 αὐτῷ,
2258 3198 2361 3248 πᾶν
2412 3189 2471 3247 δὲ
2523 3191 2586 3246 τὸ
2644 3189 2882 3261 θηλυκὸν
2943 3190 3159 3265 σπέρμα
3209 3185 3311 3264 ἄρα
3367 3187 3458 3243 ἀπ’
3511 3187 3677 3242 αὐτοῦ

2034 3281 2146 3340 Εὕα
2190 3283 2428 3359 γέγονεν,
2479 3281 2568 3359 ἀφ’
2624 3280 2692 3349 ἧς
2751 3280 2807 3334 αἱ
2865 3277 3106 3351 θήλειαι,
3166 3279 3241 3339 ὡς
3270 3276 3362 3333 ἄπ’
3391 3276 3598 3333 ἐκείνου
3628 3277 3683 3331 οἱ

2038 3371 2291 3450 ἄρρενες·
2358 3372 2428 3426 τὰ
2470 3371 2561 3426 οὗν
2621 3367 2875 3446 ἀρρενικὰ
2951 3369 3083 3441 μετὰ
3142 3371 3244 3423 τοῦ
3300 3365 3479 3443 Λόγου
3538 3386 3689 3421 συνε-

2043 3460 2240 3531 στάλη·
2296 3461 2364 3517 τὰ
2421 3457 2637 3531 θηλυκᾶ
2688 3455 2766 3529 δὲ,
2806 3455 3246 3532 άπανδρωθὲντα,
3306 3454 3517 3512 ἑνοῦται
3570 3460 3691 3519 τοῖς

2042 3550 2314 3626 ἀγγέλοις,
2359 3548 2449 3604 καὶ
2482 3548 2558 3611 εἰς
2590 3549 2881 3622 Ηλήρωμα
2911 3551 3107 3623 χωρεῖ.
3141 3546 3240 3601 Διὰ
3265 3549 3429 3602 τοῦτο
3458 3548 3493 3615 ἡ
3553 3546 3692 3621 γυνή

2044 3640 2121 3705 εἷς
2158 3637 2327 3716 ἄνδρα
2357 3638 2730 3712 μετατίθεσθαι
2784 3634 3023 3713 λέγεται,
3072 3635 3165 3691 καὶ
3206 3637 3242 3705 ἡ
3291 3633 3518 3691 ἐνταῦθα
3569 3635 3693 3692 Ἐκ-

2042 3728 2247 3799 κλησία
2279 3728 2357 3793 είς
2384 3726 2672 3803 ἀγγέλους.

2118 3818 2241 3874 ΚΒ’.
2274 3816 2396 3891 ,Καὶ
2448 3818 2573 3871 ὅταν
2631 3815 2755 3891 ε’ίπῃ
2785 3817 2814 3871 6
2858 3811 3217 3875 ’Δπόστολος’
3266 3812 3422 3870 Ἐπεὶ
3447 3813 3500 3868 τί
3530 3814 3691 3884 ποιή-

2046 3927 2229 3963 σουσιν
2273 3889 2362 3961 ὀἱ
2440 3889 2831 3982 βαπτιζόμενοι
2901 3904 3034 3980 ὑπὲρ
3106 3907 3214 3958 τῶν
3274 3906 3479 3977 νεκρῶν

1196 4087 1279 4161 (α),
1302 4090 1471 4161 Joan.
1502 4103 1544 4157 1,
1576 4086 1693 4161 tet
1724 4089 1835 4161 14,
1885 4088 1931 4161 (b

2048 4088 2138 4161 ph.
2174 4087 2369 4161 1v,_24.
2447 4087 2517 4160 (ο)
2541 4085 2659 4141 Col.
2688 4103 2727 4153 1,
2762 4087 2848 4142 15.
2924 4084 3004 4158 (ά)
3031 4082 3179 4140 Phil.
3214 4100 3276 4155 11,
3305 4082 3360 4137 7.
3436 4082 3510 4154 (ο)
3540 4080 3697 4141 Psal.

288 4166 401 4217 cxx,
430 4153 484 4208 3.
561 4154 629 4226 (f)
656 4155 811 4210 Psal.
846 4173 1018 4226 Lxxn,
1048 4158 1136 4216 l7.
1207 4153 1287 4230 ’(ῥ)
1318 4159 1462 4215 Gen.
1494 4153 1538 4229 ι,
1565 4160 1692 4214 267.
1769 4159 1847 4232 (h)
1881 4160 1904 4215 Ι
1934 4153 2063 4218 (ιοτῖ
2094 4175 2189 4227 xv,
2219 4159 2310 4214 29.

335 4350 475 4431 ,(77)
509 4351 610 4432 pi
659 4351 1049 4432 βαπτιζόμενοι
1105 4353 1239 4432 ὖπὶρ
1299 4359 1407 4411 τῶν
1435 4359 1723 4432 -.νεκρῶμ
1785 4358 1939 4432 AGra-

293 4422 454 4500 vicre
509 4422 909 4500 Valentiniani
947 4443 1155 4500 errore
1211 4422 1389 4500 quam
1434 4422 1691 4485 Marcion
1720 4429 1940 4487 relatus

294 4491 709 4578 Chrysostomo
736 4496 893 4578 hom.
930 4499 998 4578 4ο
1028 4499 1086 4554 in
1132 4499 1153 4555 l
1194 4491 1319 4578 Cor:
1367 4517 1461 4578 xv_,
1515 4500 1791 4557 vicarium
1840 4505 1940 4578 ba-

293 4568 577 4642 ptismum
612 4568 706 4642 hic
738 4569 1037 4642 insinuat:
1090 4588 1224 4626 nam
1258 4571 1356 4626 ille
1404 4571 1651 4628 alterum
1702 4588 1801 4642 pro
1850 4573 1939 4629 al-

293 4642 439 4716 tero,
474 4636 771 4716 hominem
806 4641 1136 4716 vivumpro
1172 4644 1447 4716 defuncto
1491 4636 1939 4716 catechumeno,

2048 4362 2221 4447 me.
2247 4356 2339 4447 είὲς
2369 4373 2501 4447 qua!
2529 4359 2870 4447 mea“???
2893 4354 3701 4447 eePiE_.°}_2u§e_-__Cb¥82-

2051 4430 2224 4486 stomi
2252 4424 2536 4501 expositio
2568 4430 2723 4501 quod
2756 4445 2864 4484 nos
2892 4428 3005 4500 ipsi
3035 4425 3134 4499 qui
3168 4424 3537 4501 intingimur.
3564 4424 3697 4500 ὗπὶρ

2048 4504 2155 4576 τῷν
2189 4497 2394 4576 νεκρῶν
2427 4497 2792 4576 δεριὶὶθωυι·
2832 4497 3214 4576 promortuis
3247 4497 3464 4553 nostris
3495 4497 3699 4570 corpo-

2054 4573 2238 4640 ribus,
2271 4569 2331 4629 et
2361 4573 2421 4628 in
2454 4569 2628 4628 fidem
2653 4569 3101 4628 resurrectionis
3121 4569 3379 4635 illorum,
3403 4584 3581 4639 quam
3602 4569 3700 4626 ore

2055 4646 2439 4717 proﬁteamur
2467 4646 2608 4717 dum
2635 4642 2964 4717 symbolum
2994 4641 3316 4717 reddimus,
3339 4646 3396 4696 et
3417 4640 3589 4712 signo
3610 4657 3698 4717 re-

293 4707 539 4790 ridiculo
584 4727 727 4790 sane
755 4716 967 4790 conatu
991 4707 1354 4790 intingebat,
1415 4720 1474 4771 et
1506 4720 1570 4771 ut
1594 4718 1719 4787 jam
1753 4707 1946 4790 ium
2055 4707 2512 4790 praesentemus,
2537 4707 2689 4771 dum'
2709 4715 2894 4790 _aqu_i_s
2924 4713 3334 4790 immergimur
3362 4716 3419 4767 et
3441 4707 3699 4790 emergi-

292 4780 550 4858 ascripta
606 4782 946 4858 intentione,
983 4780 1190 4840 ﬁdelid
1208 4780 1567 4851 censeretur,
1594 4780 1681 4842 ἰιι
1712 4788 1803 4842 cui
1839 4789 1943 4844 Ec-

298 4849 486 4933 clesiie
547 4869 749 4923 preces
808 4857 1085 4933 prodesse
1116 4863 1375 4933 possent.
1407 4849 1814 4933 Eum—demque
1852 4858 1943 4917 vel

293 4924 548 5005 similem
582 4924 833 5005 errorem
846 4928 974 4997 jam
1000 4924 1131 5005 tum
1151 4928 1484 5005 in_Ecclesis
1504 4924 1942 5005 corinthiorum

294 4997 549 5075 viguisse
573 4997 758 5075 jactat
781 4998 1051 5075 famosus
1073 5001 1356 5075 Scaliger,
1383 5001 1687 5075 quoisicin
1725 5019 1943 5075 memo-

295 5066 443 5139 riam
475 5066 688 5124 Christi
720 5069 1089 5139 baptismatis
1119 5066 1592 5129 Kaléndis'Febr.
1633 5077 1735 5129 aut
1764 5073 1941 5131 etiam

290 5138 326 5214 6_
355 5137 578 5205 Januar
627 5156 730 5214 pro
762 5137 960 5198 charis
991 5142 1471 5214 baptizarentur,
1506 5145 1577 5199 ad
1628 5161 1761 5200 eum
1795 5144 1940 5200 allu-

295 5209 824 5293 dereoApost—olum,
861 5219 924 5293 u_t_
955 5213 1039 5269 sic
1071 5209 1406 5270 omnimodo
1446 5220 1503 5269 et
1552 5215 1637 5271 sic
1668 5218 1835 5287 quasi
1861 5218 1941 5293 ad

294 5280 593 5336 hominem
620 5300 688 5337 ex
710 5284 837 5355 ipso
865 5285 1099 5341 illorum
1120 5302 1296 5342 sensu
1321 5294 1545 5343 asserat
1567 5280 1942 5344 resurrectio-

296 5368 430 5405 nem
465 5359 825 5411 mortuorum
855 5374 867 5410 :
913 5358 1067 5428 quod
1101 5364 1254 5413 certe
1288 5356 1406 5412 leve
1453 5363 1610 5414 esset
1638 5376 1704 5414 ex
1738 5359 1943 5416 inclita

298 5438 474 5505 prava
504 5428 928 5505 consuetudine
958 5446 1061 5486 nec
1112 5435 1573 5505 errorevacante
1602 5431 1760 5505 ﬁdei
1814 5448 1940 5505 my-

184 5526 185 5529 η
300 5497 477 5575 sterio
512 5498 1617 5575 praesidium_querere._VaIentiniani
1658 5519 1791 5559 vero
1838 5497 1939 5575 an-

298 5563 459 5644 gelos
487 5563 569 5619 sic
602 5567 883 5644 baptizari
916 5563 1018 5642 pro
1052 5571 1393 5644 hominibus
1440 5573 1666 5644 volunt,
1697 5579 1753 5631 et
1779 5574 1941 5631 salu-

297 5641 415 5693 tem
446 5639 727 5710 consequi
755 5639 932 5712 cujus
957 5644 1193 5701 nomine
1222 5642 1469 5717 angelus
1497 5639 1715 5721 aliquis
1746 5645 1944 5721 baptI-

2057 4782 2211 4855 inus,
2251 4804 2318 4870 ac
2370 4782 2656 4859 piscinam
2709 4782 2877 4869 Pauli
2926 4782 3261 4868 phrasi'pro
3293 4782 3561 4867 sepulcro
3592 4782 3698 4838 h'a-

2053 4859 2261 4915 bemus
2294 4875 2351 4913 1n
2388 4864 2632 4915 mortem
2663 4857 2880 4914 Christi
2913 4858 3190 4928 baptizati
3238 4854 3443 4926 illique
3492 4870 3698 4910 conse-

2096 4930 2225 5003 ulti,
2258 4931 2387 5002 ipsa
2418 4948 2535 5003 una
2564 4946 2700 4986 vera
2729 4927 3025 5003 dignaque
3046 4927 3241 5003 _P_aul_o_
3263 4934 3320 5003 et
3349 4932 3697 5003 argumento

2054 4948 2225 5058 Eum,
2258 4948 2387 5002 ipsa
2418 4948 2535 4987 una
2564 4948 2700 4986 vera
2729 4948 3025 5003 dignaque
3053 4948 3232 4983 ramo
3263 4948 3320 4982 et
3349 4948 3697 4997 argumento

2097 5002 2258 5059 aheri
2274 5002 2475 5073 possit,
2501 5003 2834 5073 frustraque
2849 5006 2940 5073 est
2959 4998 3247 5073 quidquid
3269 4998 3331 5073 in
3342 5014 3471 5055 eam
3493 4999 3704 5073 arietat

2054 5067 2333 5153 Scaliger,
2382 5067 2535 5153 quod
2569 5090 2705 5153 ,σου
2738 5067 3168 5153 's_criptu'm_sit,
3197 5067 3329 5153 ὑπερ
3360 5071 3563 5153 νεκρᾷξν
3602 5068 3700 5153 ﬁa-

2052 5139 2526 5219 ntt§6pavct,'sed
2564 5143 2695 5219 ῦπὶρ
2732 5146 2851 5219 τῶνΔ
2878 5139 3125 5219 ἶνεκρῷν,
3154 5139 3375 5219 ;addilo
3429 5139 3700 5219 articulo,

2053 5212 2324 5289 quodest
2356 5212 2853 5289 ὁριστικόν,ἰ]υεβί
2886 5212 3170 5289 baptizari
3205 5230 3306 5285 pro
3335 5229 3451 5269 uno
3505 5212 3702 5289 aliquo

2054 5284 2446 5354 mortuorum,
2496 5306 2611 5344 non
2640 5284 2812 5359 quasi
2846 5284 3168 5359 generatim
3206 5284 3314 5359 pro
3346 5284 3698 5341 mortuis’ad

2054 5361 2501 5417 resurrectionis
2553 5356 2933 5416 astruendam
2977 5358 3174 5413 fidem.
3216 5356 3399 5413 Certe
3454 5360 3700 5429 argutus

2009 5439 2017 5444 ”
2052 5433 2248 5511 homo,
2290 5439 2356 5487 ut
2406 5432 2524 5487 vim
2572 5432 2783 5511 Greca:
2812 5428 3308 5511 vocisagnoverit
3358 5427 3546 5511 qua-111'
3581 5427 3699 5511 ‘ha-

2051 5509 2257 5560 etenus
2289 5520 2492 5575 parum
2541 5504 2918 5559 adverterunt
2951 5500 3127 5575 etiam
3159 5500 3483 5575 acutissimi
3512 5500 3694 5555 inter-

2051 5581 2266 5649 pretes,
2290 5570 2467 5632 'Joan.
2498 5575 2947 5649 Chrysostomus
2968 5578 3026 5629 et
3041 5570 3222 5629 Grieci
3244 5571 3365 5649 alii,
3396 5571 3514 5649 imo
3533 5575 3696 5649 certe

2052 5642 2421 5709 adverterent
2458 5646 2559 5720 qui
2599 5642 2661 5706 in
2694 5645 2906 5710 Grecis
2942 5649 3001 5706 et
3045 5649 3279 5720 tyrones
3306 5645 3449 5716 sint,
3495 5642 3698 5715 sicque
