4078 6146
176 272 277 328 671
1408 280 1820 338 CLEMENTIS
1858 278 2359 336 ALEXANDRIN]
3479 279 3593 336 672

181 396 347 453 ritale
395 412 463 453 ex
517 399 734 471 Spiritu
795 405 997 457 sancto
1049 405 1106 458 et
1161 402 1416 475 Virgine,
1476 419 1544 459 eo
1595 401 1819 460 scilicet

1943 400 1983 454 ai
2043 396 2207 469 δεξιοὶ
2268 396 2491 474 ἄγγελοι
2539 401 2918 476 γινώσκουσιν.
2972 398 3147 466 Ίδίως
3202 401 3306 478 γὰρ
3355 398 3586 464 ἕκαστος

185 487 362 542 modo
393 504 508 558 quo
551 488 739 561 angeli
789 489 974 544 dextri
1023 497 1402 563 cognoscunt.
1446 491 1637 548 Mente
1667 491 1824 547 enim

1943 487 2190 565 γνωρίζει
2264 489 2355 545 τὸν
2419 489 2644 565 Κύριον,
2697 490 2785 546 καὶ
2844 490 2952 566 οὐχ
3011 491 3218 564 ὁμοίως
3274 491 3468 554 πάντες
3522 492 3585 546 τὸ

186 578 422 648 propria
455 578 766 634 Dominum
812 581 1219 652 unusquisque
1269 581 1585 651 cognoscit,
1619 586 1678 635 at
1709 596 1824 635 non

1943 577 2228 652 πρόσωπον
2304 583 2402 633 τοῦ
2475 579 2686 655 Πατρὸς
2751 580 2953 655 ὁρῶσιν
3030 581 3082 634 οἱ
3158 577 3383 656 ἄγγελοι
3456 580 3582 635 τού-

185 665 460 722 similiter
489 667 678 739 angeli
708 684 912 724 omnes
935 669 1140 724 borum
1166 687 1477 741 parvorum
1511 670 1825 726 electorum

184 755 283 825 qui
329 757 510 810 futuri
570 762 710 811 sunt
764 756 822 811 in
883 759 1086 813 eadem
1146 760 1470 816 haereditate
1525 764 1582 813 et
1639 759 1826 830 perfe-

182 845 371 899 ctione
405 845 504 914 (al,
536 848 739 914 faciem
771 847 959 902 Patris
987 849 1169 903 vident
1211 850 1306 920 (ὁ).
1341 849 1612 904 Fortasse
1651 848 1827 904 facies

184 935 422 1006 quidem
455 941 510 990 et
541 936 666 1007 ipse
720 937 897 993 Filius
943 944 1032 994 est
1063 956 1076 994 :
1111 939 1282 995 sicuti
1316 940 1488 995 etiam
1538 944 1626 994 est
1678 937 1822 992 illud

179 1040 351 1078 omne
410 1025 599 1079 Patris
644 1027 1172 1097 comprehensibile
1227 1029 1383 1100 quod
1466 1045 1565 1097 per
1618 1027 1823 1081 Filium

174 1113 360 1167 edocti
407 1114 622 1170 vident.
665 1116 827 1178 Quod
883 1120 1077 1172 autem
1130 1116 1423 1189 reliquum
1478 1116 1666 1172 Patris
1714 1120 1822 1184 est,

170 1200 436 1273 ignotum
466 1207 573 1258 est.
1129 1274 1132 1278 η

247 1292 445 1346 XXIV.
497 1292 712 1349 Dicunt
753 1293 1179 1362 Valentiniani,
1231 1295 1387 1366 quod
1437 1295 1694 1367 Spiritus
1728 1293 1823 1349 ille

178 1397 353 1452 quem
388 1382 806 1454 prophetarum
835 1383 1054 1456 singuli
1079 1385 1149 1439 ad
1175 1385 1570 1442 ministerium
1603 1383 1821 1439 habue-

180 1474 338 1537 runt,
369 1487 547 1542 super
571 1488 775 1527 omnes
803 1473 903 1543 qui
937 1473 1004 1528 de
1037 1473 1294 1529 Ecclesia
1323 1473 1547 1541 sint,sit
1573 1473 1822 1542 effusus,

177 1558 447 1631 hancque
478 1559 552 1614 ob
581 1576 819 1616 causam
859 1561 1029 1634 signa
1057 1561 1543 1632 Spiritus,nempe
1564 1560 1820 1617 senatio-

178 1653 368 1717 nes,et
399 1649 846 1720 prophetia,per
877 1650 1141 1706 Ecclesiae
1175 1654 1436 1707 membra
1472 1651 1818 1721 ﬁunthno-

1933 689 2040 723 των
2099 672 2204 722 τῶν
2262 673 2470 742 μικρῶν
2519 673 2626 724 τῶν
2694 668 2986 739 ἐκλεκτῶν,
3025 673 3131 724 τῶν
3201 667 3474 742 ἐσομένων
3529 669 3580 725 ἐν

1932 762 2001 831 τῇ
2058 759 2194 831 αὐτῇ
2252 757 2603 832 κληρονομίᾳ
2657 759 2746 814 καὶ
2801 758 3132 830 τελειότητι.
3194 760 3346 834 Τάχα
3405 756 3464 814 δὲ
3517 759 3581 814 τὸ

1933 847 2225 921 πρόσωπόν
2285 847 2394 902 ἐστι
2456 848 2553 920 μὲν
2613 848 2703 903 καὶ
2752 850 2780 903 6
2830 848 2992 910 Υἱός·
3029 846 3140 904 ἔστι
3198 846 3256 903 δὲ
3311 847 3402 903 καὶ
3459 847 3586 904 ὅσον

1933 935 2284 1007 καταληπτὸν
2379 941 2474 992 τοῦ
2555 939 2766 1013 Πατρὸς
2848 934 2917 991 δι’
2989 938 3119 991 Υἱοῦ
3205 933 3586 1011 δεδιδαγμένοι

1933 1027 2245 1099 θεωροῦσι·
2305 1025 2369 1081 τὸ
2429 1023 2486 1081 δὲ
2539 1024 2732 1082 λοιπὸν
2794 1021 3066 1102 ἄγνωστὸν
3135 1025 3246 1082 ἐστι
3319 1030 3418 1081 τοῦ
3477 1032 3586 1082 Πα-

1929 1115 2079 1186 τρός.

2002 1294 2125 1349 ΚΔ’.
2185 1296 2444 1369 Λέγουσιν
2523 1294 2574 1349 οἱ
2663 1292 3132 1362 Οὐαλεντινιανοὶ,
3191 1291 3274 1348 ὅτι
3359 1294 3389 1349 ’ὸ
3451 1292 3588 1348 κατὰ

1932 1386 2008 1445 εἷς
2040 1386 2150 1457 (83)
2189 1387 2296 1438 τῶν
2357 1387 2651 1461 προφητῶν
2711 1380 2870 1458 ἔσχεν
2928 1386 3148 1456 Πνεῦμα
3193 1381 3460 1458 ἐξαίρετον
3511 1381 3589 1445 εἴς

1932 1469 2204 1527 διακονίαν
2252 1475 2388 1546 (84),
2437 1477 2598 1527 τοῦτο
2652 1471 2736 1527 ἐπὶ
2781 1473 2985 1534 πάντας
3027 1470 3156 1534 τοὺς
3214 1478 3315 1541 τῆς
3343 1469 3584 1542 Ἐκκλη-

1931 1560 2048 1622 σίας
2077 1559 2337 1636 ἐξεχύθη·
2373 1559 2456 1616 διὸ
2486 1561 2663 1616 καὶτὰ
2693 1565 2896 1634 σημεῖα
2919 1564 3015 1615 τοῦ
3049 1559 3381 1633 Ηνεύματος,
3415 1559 3585 1626 ἰάσεις

1930 1650 2020 1706 καὶ
2073 1655 2424 1726 προφητεῖαι,
2487 1647 2576 1705 διὰ
2632 1656 2734 1718 τῆς
2787 1647 3116 1720 Ἐκκλησίας
3179 1647 3585 1709 ἐπιτελοῦνται.

177 1743 309 1792 rant
339 1742 532 1793 autem
558 1742 711 1811 quod
746 1741 1215 1814 Paracletus,qui
1245 1743 1302 1796 in
1335 1741 1591 1798 Ecclesia
1619 1741 1820 1796 imme-

1943 1744 2213 1816 Ἀγνοοῦσι
2255 1737 2340 1809 δὲ,
2376 1740 2460 1794 ὅτι
2510 1740 2538 1794 6
2584 1739 2944 1814 Παράκλητος
2997 1743 3287 1813 προσεχῶς
3323 1737 3582 1840 ’ἐνεργῶν

177 1827 330 1881 diate
362 1832 652 1898 operatur,
685 1830 949 1900 ejusdem
999 1830 1344 1886 substantiae
1393 1837 1450 1886 et
1478 1831 1713 1886 virtutis
1746 1830 1822 1886 sit

180 1933 312 1970 cum
347 1915 444 1972 illo
478 1917 576 1988 qui
609 1919 719 1972 sub
755 1920 944 1975 Veteri
974 1923 1345 1976 Testamento
1377 1921 1746 1991 operabatur.

250 2094 700 2165 XXV.Angclum
734 2097 1091 2153 deﬁnierunt
1119 2097 1512 2154 Valentiniani
1539 2115 1552 2151 :
1576 2098 1820 2153 verbum

181 2183 514 2238 exsistentis
531 2185 1039 2241 annuntiationem
1065 2186 1530 2242 habens.Dicunt
1552 2195 1744 2241 autem
1767 2188 1823 2240 et

177 2272 388 2327 onnas
419 2273 619 2328 eodem
653 2291 768 2345 quo
797 2276 1050 2330 Verbum
1075 2276 1253 2331 Verba
1284 2275 1818 2345 censeri.Apostoli,

177 2360 391 2431 inquit,
422 2362 482 2416 in
516 2363 684 2433 signa
718 2363 1026 2419 dualecim
1059 2365 1325 2419 translati
1359 2370 1518 2419 sunt.
1541 2365 1624 2419 Ad
1654 2381 1818 2420 eum-

177 2451 308 2515 dem
340 2451 495 2505 enim
531 2452 768 2506 modum
794 2468 910 2523 quo
941 2453 1149 2508 abillis
1179 2453 1475 2524 perﬁcitur
1505 2470 1699 2508 rerum
1723 2468 1819 2525 ge-

180 2540 425 2600 neratio,
457 2540 538 2593 ita
567 2541 639 2594 ab
672 2541 954 2611 apostolis
987 2542 1367 2612 regeneratio.

253 2629 407 2684 353
440 2629 638 2684 XXVI.
673 2628 919 2684 Videtur
958 2631 1016 2684 id
1047 2631 1188 2686 Jesu
1234 2631 1385 2701 quod
1439 2636 1528 2686 est
1575 2630 1820 2685 visibile.

185 2717 486 2789 Sapientia
515 2724 571 2772 et
602 2717 855 2774 Ecclesia
887 2719 1119 2775 fuerunt
1148 2721 1219 2776 ab
1251 2721 1555 2776 excellenti
1578 2721 1824 2789 semine,

187 2823 362 2876 quam
398 2806 590 2860 induit
620 2824 720 2878 per
749 2824 980 2880 corpus,
1015 2810 1096 2864 uti
1129 2809 1308 2864 sentit
1337 2811 1691 2866 Theodotus.
1726 2813 1825 2866 ln—

185 2894 411 2950 visibile
439 2911 573 2950 vero
623 2913 834 2952 nomen
890 2899 1043 2968 quod
1093 2903 1184 2953 est
1235 2898 1412 2955 Filius
1461 2899 1823 2970 unigenitus.

186 2983 349 3038 Unde
380 3000 513 3039 cum
548 2984 705 3039 dicat
739 3002 750 3040 :
786 2987 898 3054 Ego
936 3003 1056 3041 sum
1109 2989 1314 3044 ostium
1345 2988 1434 3059 (c),
1494 2989 1604 3044 hoc
1635 2988 1776 3044 dicit
1809 3007 1822 3044 :

182 3073 334 3142 quod
367 3073 438 3128 ad
471 3089 604 3128 eum
640 3090 825 3144 usque
852 3075 1299 3147 terminum,qui
1329 3093 1435 3149 ego
1467 3078 1822 3143 snm,veniev

1929 1833 2020 1884 νῦν
2078 1833 2147 1902 τῇ
2181 1826 2500 1900 Ἐκκλησίᾳ,
2534 1835 2633 1898 τῆς
2688 1827 2853 1882 αὐτοῦ
2912 1827 3100 1890 οὐσίας
3321 1825 3430 1882 ἐστὶ
3492 1829 3584 1882 καὶ

1931 1915 2212 1990 δυνάμεως
2238 1923 2318 1990 τῷ
2348 1922 2638 1994 προσεχῶς
2670 1915 3016 1993 ἐνεργήσαντι
3044 1917 3181 1971 κατᾶ
3210 1916 3308 1985 τὴν
3341 1914 3584 1980 Παλαιὰν

1931 2009 2230 2078 Διαθήκην,

2006 2099 2132 2155 KE'.
2188 2097 2290 2154 Τὸν
2352 2093 2580 2172 ἄγγελον
2633 2093 2901 2170 ὡρίσαντο
2935 2096 2986 2150 οἱ
3017 2093 3124 2149 ἀπὸ
3173 2092 3572 2152 Οὐαλεντίνουο

1931 2184 2094 2263 λόγον
2127 2183 2460 2261 ἀπαγγελίαν
2492 2183 2692 2260 ἔχοντα
2733 2188 2830 2239 τοῦ
2879 2180 3054 2245 ὄντος.
3089 2184 3322 2258 Λέγουσι
3377 2180 3436 2238 δὲ
3490 2183 3576 2237 καὶ

1929 2277 2059 2338 τοὺς
2113 2275 2326 2336 Αἷῶνας
2382 2273 2693 2347 ὁμωνύμως
2745 2277 2823 2345 τῷ
2875 2272 3032 2347 Λόγῳ
3079 2271 3312 2346 Λόγους,
3346 2272 3414 2328 Οἱ
3445 2271 3581 2326 ἀπό-

1931 2362 2143 2435 στολοι,
2176 2363 2332 2438 φησὶ,
2370 2360 2724 2434 μετετέθησαν
2773 2365 2889 2422 τοῖς
2950 2356 3176 2414 δεκαδύο
3227 2357 3468 2428 ζωδίοις.
3495 2360 3583 2420 Ὠς

1928 2453 2030 2530 γὰρ
2063 2453 2150 2507 ὑπ’
2182 2450 2401 2507 ἐκείνων
2433 2453 2468 2520 ἡ
2512 2451 2714 2526 γένεσις
2762 2446 3068 2515 διοικεῖται,
3102 2447 3274 2510 οὕτως
3321 2447 3425 2504 ὑπὸ
3471 2451 3581 2502 τῶν

1930 2540 2254 2600 ἀποστόλων
2287 2543 2321 2611 ἡ
2357 2539 2722 2616 ἀναγέννησις.

2004 2635 2114 2696 Κς’.
2149 2634 2368 2704 Ὀρᾶται
2425 2630 2486 2684 τὸ
2545 2629 2737 2704 ὁρατὸν
2777 2633 2874 2684 τοῦ
2916 2629 3204 2694 Ἰησοῦ.Ἡ
3260 2625 3438 2702 Σοφία
3493 2623 3586 2678 καὶ

1932 2723 1967 2790 ἡ
2002 2717 2304 2789 Ἐκκλησία
2360 2718 2427 2786 ἦν
2487 2721 2594 2772 τῶν
2654 2715 2978 2792 σπερμάτων
3033 2719 3140 2772 τῶν
3197 2711 3585 2792 διαφερόντων,

1932 2811 1994 2878 ἢν
2047 2807 2366 2863 ἐστολίσατο
2414 2805 2502 2860 διὰ
2532 2810 2626 2861 τοῦ
2658 2804 2904 2877 σαρκίου,
2939 2802 3013 2868 ὥς
3042 2823 3205 2880 φησιν
3238 2802 3266 2856 6
3297 2796 3586 2863 Θεόδοτος.

1936 2899 2015 2955 Τὸ
2064 2896 2123 2952 δὲ
2160 2895 2390 2972 ἀόρατον
2425 2892 2622 2968 ὄνομα,
2655 2893 2785 2969 ὅπερ
2819 2892 2956 2948 ἐστὶν
2989 2894 3018 2948 ὁ
3049 2893 3172 2955 Υἱὸς
3202 2892 3230 2946 6
3265 2890 3587 2964 μονογενής.

1931 2989 2090 3050 Ὅθεν
2155 2984 2280 3040 ὅταν
2336 2981 2488 3058 siin“,
2530 2985 2676 3058 Ἐγώ
2729 2982 2843 3056 εἰμι
2899 2985 2934 3052 ἡ
2993 2983 3147 3056 Θύρα,
3199 2983 3364 3034 τοῦτο
3415 2974 3586 3052 λέγει,

1938 3075 2022 3132 ὅτι
2083 3075 2248 3150 μέχρι
2293 3079 2390 3130 τοῦ
2435 3075 2592 3148 ὅρου,
2623 3073 2684 3128 οὗ
2735 3073 2847 3145 εἰμι
2902 3070 3030 3147 ἐγὼ,
3062 3069 3344 3132 ἐλεύσεσθε
3391 3067 3445 3122 οἱ
3491 3069 3588 3122 τοῦ

182 3165 282 3227 tis,
310 3166 597 3233 quotquot
625 3163 928 3219 excellenti
959 3166 1178 3220 semine
1209 3166 1330 3221 nati
1362 3166 1668 3221 sitis.Cum
1693 3183 1824 3223 vero

1943 3137 2285 3243 διαφέροῖτος
2317 3137 2823 3236 σπέρματος.”οταν
2853 3158 2911 3215 δὲ
2937 3137 3027 3215 καί
3057 3158 3216 3220 αὐτὸς
3249 3155 3590 3243 εἷσέρχηται,

182 3249 309 3321 ipse
340 3249 894 3322 ingreditur,semen
927 3269 1157 3324 quoque
1188 3270 1304 3309 una
1337 3270 1470 3309 cum
1502 3253 1601 3309 illo
1634 3255 1826 3325 ingre-

185 3339 344 3394 ditur
373 3340 430 3394 in
463 3339 920 3411 Plenitudinem,
957 3358 1056 3412 per
1085 3343 1302 3398 ostium
1334 3343 1558 3400 scilicet
1588 3343 1823 3417 colliga-

180 3432 309 3484 tum
343 3433 399 3484 et
433 3429 762 3485 inductum.

258 3516 478 3574 XXVII.
525 3520 805 3576 Sacerdos
849 3520 1184 3592 ingrediens
1235 3523 1390 3577 intra
1431 3522 1696 3579 velamen
1731 3541 1827 3580 se-

181 3607 601 3671 cundum,cum
631 3609 900 3664 laminam
921 3609 996 3681 (d)
1015 3611 1185 3681 juxta
1207 3611 1388 3667 altare
1409 3617 1473 3682 ›ι‹
1495 3613 1717 3669 incensi
1738 3614 1829 3669 de-

180 3693 400 3764 posuit,
437 3700 559 3749 tum
589 3700 644 3750 et
675 3697 798 3768 ipse
828 3699 886 3753 in
919 3697 1151 3754 silentio
1197 3717 1406 3756 nomen
1439 3701 1497 3756 in
1533 3705 1705 3757 corde
1737 3702 1826 3756 in-

182 3782 479 3853 sculptum
513 3783 737 3840 habens
766 3786 1182 3855 ingrediebatur
1211 3789 1299 3858 (ej.
1321 3789 1673 3860 Signiﬁcans
1695 3807 1827 3862 pos-

182 3870 400 3926 tionem
434 3870 612 3927 veluti
655 3872 881 3930 laminae
929 3893 1117 3932 aureas
1167 3894 1324 3948 purae
1375 3877 1633 3950 levisque
1665 3879 1829 3935 factae

187 3979 289 4034 per
322 3965 729 4036 purgationem
756 3967 922 4038 quasi
949 3968 1444 4039 corporis,animzs
1477 3969 1828 4041 positionem

189 4067 315 4108 esse
349 4069 361 4106 :
397 4052 455 4108 in
489 4070 605 4125 quo
631 4056 912 4126 splendor
956 4062 1014 4112 et
1066 4073 1277 4113 nomen
1327 4057 1520 4114 cultus
1569 4059 1830 4131 religiosi

183 4147 309 4195 erat
338 4140 836 4215 insculptum,per
866 4145 1019 4215 quod
1054 4145 1477 4218 principatibus
1499 4152 1556 4202 et
1577 4153 1830 4217 potesta-

183 4230 362 4297 tibus,
398 4231 497 4300 qui
525 4247 739 4286 nomen
773 4232 1016 4287 sortitus
1063 4238 1168 4300 est,
1203 4233 1482 4290 innotuit.
1520 4235 1691 4290 Ponit
1723 4254 1826 4292 au-

186 4323 304 4374 tem
338 4336 552 4391 corpus
579 4320 995 4390 hoc,laminam
1018 4323 1365 4394 Ievem,cum
1390 4324 1544 4380 intra
1566 4323 1829 4382 velamen

186 4408 511 4462 secundum
541 4409 596 4462 in
631 4411 850 4464 mundo
881 4409 1229 4481 intelligibili
1259 4413 1676 4484 exsistat,quod
1701 4415 1830 4487 qui-

1934 3242 2125 3311 καὶτὸ
2176 3252 2391 3330 σπέρμα
2439 3251 2848 3326 συνεισέρχηται
2894 3250 3006 3323 (86)
3055 3247 3202 3319 αὐτῷ
3240 3245 3320 3310 εἷς
3346 3244 3408 3300 τὸ
3440 3242 3590 3314 Πλή-

1939 3366 2101 3422 ρωμα
2132 3341 2222 3398 διὰ
2247 3350 2347 3412 τῆς
2381 3341 2544 3416 θύρας
2577 3339 2836 3414 συναχθὲν
2869 3339 2957 3394 καὶ
2991 3335 3259 3429 εἷσαχθέν.

2008 3523 2128 3578 ΚΖ’.
2160 3521 2221 3578 Ὁ
2273 3517 2448 3595 ἱερεὺς
2508 3517 2688 3573 εἰσιὼν
2747 3515 2896 3577 ἐντὸς
2950 3518 3047 3570 τοῦ
3103 3513 3588 3584 καταπετάσματος

1934 3616 2035 3668 τοῦ
2067 3608 2342 3684 δευτέρου,
2372 3607 2435 3662 τό
2481 3628 2540 3661 τε
2583 3605 2818 3661 πέταλον
2867 3607 2978 3678 (87)
3034 3602 3272 3666 ἀπετίθει
3323 3601 3473 3675 παρὰ
3509 3603 3589 3672 τῷ

1939 3695 2306 3771 θυσιαστηρίῳ
2361 3699 2458 3750 τοῦ
2515 3695 2878 3766 θυμιάματος.
2911 3691 3070 3753 αὐτὸς
3126 3688 3183 3745 δὲ
3239 3687 3291 3744 ἐν
3339 3693 3468 3764 σιγῇ
3526 3687 3588 3742 τὸ

1938 3791 1990 3847 ἐν
2035 3792 2104 3862 τῇ
2162 3782 2356 3857 καρδίᾳ
2407 3780 2879 3858 ἐγκεχαραγμένον
2934 3776 3109 3851 ὄνομα
3163 3773 3308 3854 ἔχων
3367 3776 3538 3851 εἲσῄει
3575 3800 3588 3814 ο

1939 3876 2148 3938 δεικνὺς
2200 3875 2301 3943 τὴν
2361 3873 2614 3936 ἀπόθεσιν
2671 3874 2768 3925 τοῦ
2814 3871 3056 3945 καθάπερ
3105 3865 3590 3943 πετάλονχρυσοῦ

1940 3969 2175 4042 καθαροῦ
2204 3963 2503 4038 γενομένου
2533 3958 2625 4014 καὶ
2656 3957 2862 4037 κούφου
2908 3955 2996 4013 διὰ
3045 3959 3146 4027 τὴν
3175 3959 3434 4032 κάθαρσιν
3493 3959 3592 4012 τοῦ

1941 4055 2121 4128 ὥσπερ
2172 4053 2448 4124 σώματος,
2497 4055 2597 4118 τῆς
2642 4052 2829 4123 ψυχῆς
2873 4047 3123 4103 ἀπόθεσιν
3161 4066 3174 4078 '
3207 4045 3261 4102 ἐν
3289 4045 3334 4119 ᾧ
3361 4043 3592 4122 ἐγκεχα-

1941 4164 2109 4220 ρακτο
2138 4141 2202 4197 τὸ
2229 4140 2460 4216 γάνωμα
2489 4138 2579 4192 καὶ
2606 4137 2667 4191 τὸ
2706 4138 2880 4210 ὄνομα
2925 4143 3027 4205 τῆς
3069 4131 3400 4205 θεοσεϐείας,
3431 4131 3501 4189 δι’
3531 4131 3593 4188 οὗ

1939 4219 2058 4296 ταῖς
2085 4232 2282 4308 ἀρχαῖς
2314 4230 2404 4284 καὶ
2435 4226 2699 4299 ἐξουσίαις
2732 4225 3050 4301 ἐγινώσκετο
3078 4225 3141 4278 τὸ
3164 4219 3339 4297 ὄνομα
3353 4222 3596 4300 περικεί-

1947 4343 2129 4398 μενος.
2164 4307 2502 4375 Ἄποτίθεται
2533 4315 2590 4372 δὲ
2618 4320 2778 4371 τοῦτο
2803 4316 2866 4370 τὸ
2897 4312 3131 4371 πέταλον
3171 4313 3233 4368 τὸ
3263 4307 3479 4388 ἀϐαρὲς,
3507 4331 3595 4389 γε·

1944 4411 2172 4485 νόμενον
2205 4407 2356 4469 ἐντὸς
2386 4410 2483 4461 τοῦ
2511 4405 2992 4478 καταπετάσματος
3021 4407 3118 4458 τοῦ
3158 4400 3412 4476 δευτέρου
3437 4399 3489 4457 ἐν
3519 4406 3597 4473 τῷ

185 4496 318 4550 dem
351 4497 615 4552 velamen
649 4500 969 4569 perfectum
1006 4501 1363 4574 plenumque
1393 4508 1482 4558 est
1509 4504 1683 4559 rebus
1707 4505 1824 4560 uni-

1943 4504 2123 4571 νοητῷ
2174 4498 2393 4568 κόσμῳ,
2453 4496 2484 4551 6'
2543 4495 2653 4550 ἐστι
2713 4492 2960 4568 δεύτερον
3009 4492 3306 4568 ὁλοσχερὲς
3357 4489 3592 4546 καταπέ-

183 4585 503 4653 versitatis,
530 4588 700 4657 juxta
729 4588 913 4644 altare
942 4590 1189 4662 incensi,
1215 4592 1384 4662 juxta
1427 4593 1664 4666 angelos
1696 4611 1824 4650 ora-

255 4736 317 4800 »Xt
347 4737 406 4792 P.
439 4740 547 4794 966
577 4740 689 4796 ED.
724 4742 1028 4798 POTTER.

255 4745 317 4800 »β
347 4745 406 4792 Ρ.
439 4745 547 4794 966
578 4745 689 4796 ED.
724 4745 1028 4798 POTTER.
1145 4745 1222 4816 (a)
1256 4745 1398 4802 Heb.
1426 4763 1466 4801 ι.
1502 4747 1589 4805 14.

186 4808 261 4879 (ε)
291 4809 467 4866 Levit.
499 4829 615 4877 xvr,
646 4813 700 4866 3.

257 4964 374 5087 (881,3)
435 4964 590 5020 Κατά
645 4966 760 5027 εἷς.
812 4967 1193 5025 Scribendum
1257 4969 1452 5041 potius
1527 4972 1838 5044 conjuncta

296 5055 392 5087 εις.

184 5055 392 5098 καυεις.

263 5109 371 5186 (84)
426 5106 521 5186 Εἰς
582 5105 876 5164 διακονίαν.
937 5112 1098 5166 Conf.
1153 5128 1279 5182 quae
1340 5113 1514 5184 paulo
1563 5115 1837 5186 superius

191 5179 337 5234 dixit
369 5185 588 5237 auctor.

266 5254 377 5326 (85)
399 5252 510 5326 Τῆς
571 5250 734 5326 αὐτοῦ
791 5251 991 5313 οὐσίας.
1025 5253 1454 5326 Congruentius
1509 5261 1610 5325 τῆς
1667 5255 1836 5324 αὐτῆς

191 5320 398 5383 οὐσίας.
430 5325 670 5392 ejusdem
701 5327 1052 5382 substantia.
1087 5320 1372 5382 SfLsunG.

268 5394 378 5471 (86)
415 5396 860 5471 Συνεισέρχηται.
914 5398 1079 5453 Forte
1138 5398 1556 5471 συνεισέρχεται,
1601 5403 1664 5453 ut
1713 5415 1841 5454 sen-

193 5479 301 5541 sus
329 5465 580 5541 sit,’cu_m
638 5465 792 5541 nam
827 5468 941 5538 ipse
998 5472 1192 5533 intrat,
1223 5465 1420 5526 semei?
1459 5487 1668 5541 quoque
1717 5488 1838 5527 cum

188 5551 246 5590 eo
282 5534 591 5604 intrat.'_.De
623 5534 868 5604 mystico
900 5546 1094 5595 autem
1138 5543 1354 5598 summi
1409 5534 1731 5599 sacerdotis
1777 5544 1838 5600 in

191 5606 589 5662 sanctuarium
622 5607 864 5664 introitu
888 5615 943 5666 et
973 5611 1179 5668 habitu
1211 5614 1499 5686 ejusdem,
1529 5613 1707 5671 latius
1739 5632 1839 5674 su-

1702 4747 1777 4819 (b)
1807 4745 2012 4805 Matth.
2043 4759 2206 4810 xvm,
2241 4741 2328 4796 10.

1935 4609 2119 4662 τασμα
2169 4587 2265 4642 τοῦ
2317 4586 2541 4654 παντὸς,
2584 4583 2730 4660 παρὰ
2785 4578 2848 4638 τὸ
2905 4583 3292 4656 θυσιαστήριον
3348 4584 3445 4636 τοῦ
3499 4591 3592 4644 θυ-

2443 4739 2516 4810 (c)
2545 4739 2713 4794 Joan.
2742 4737 2858 4806 x,7.
2973 4734 3054 4808 (ά)
3087 4735 3267 4791 Exod.
3294 4735 3594 4804 xxvm,36-

2402 4967 2421 4991 τ

1948 4986 2051 5043 pra
2081 4985 2212 5040 pag.
2243 4966 2372 5033 240,
2402 4966 2528 5020 241.
2561 4966 2848 5019 SYLBURG.
3148 5029 3162 5045 ο

2019 5041 2132 5114 (87)
2163 5036 2249 5114 Τό
2267 5057 2335 5114 τε
2358 5031 2611 5114 πέταλον,
2642 5035 2767 5090 Non
2801 5031 2992 5114 solum
3024 5030 3305 5114 laminam
3333 5047 3596 5114 'auream

1948 5105 2186 5166 nomine
2217 5110 2335 5165 DEI
2367 5109 2708 5180 inscriptam
2742 5105 3309 5180 ponebatsacerdos
3330 5105 3487 5180 intra
3516 5119 3599 5160 se-

1948 5184 2210 5239 cundum
2248 5180 2438 5237 velum
2472 5175 2852 5251 ingressu—rus
2883 5176 2942 5232 in
2975 5177 3070 5232 die
3099 5175 3469 5251 expiationis,
3502 5191 3594 5231 ve-

1948 5271 2078 5310 rum
2111 5254 2288 5309 etiam
2323 5246 2616 5324 reliquu'm
2649 5263 2884 5324 omnem
2908 5246 3188 5324 ornatum,
3212 5264 3278 5324 ex
3303 5246 3416 5324 ritu
3437 5263 3596 5324 sum-

1950 5326 2028 5381 mi
2054 5324 2385 5390 sacerdotii,
2403 5318 2554 5394 quod
2578 5321 2771 5394 luctus
2797 5319 2997 5394 habitu
3019 5325 3076 5374 et
3098 5319 3441 5394 paenitentis
3461 5318 3598 5376 illuc

1949 5389 2378 5469 ingrederetur,
2411 5389 2476 5449 ac
2508 5391 2957 5469 quasi_simplex
2988 5389 3600 5469 sacérdqslnullaque

1949 5461 2154 5540 majori
2190 5483 2403 5539 pompa
2433 5483 2466 5520 a
2497 5461 2740 5534 reliquis
2764 5480 2778 5518 :
2805 5461 2930 5534 quae
2964 5479 3098 5540 ver_a_
3125 5479 3190 5540 ac
3223 5461 3490 5540 litterulis
3507 5461 3592 5517 ra-

1950 5534 2060 5608 tio,
2085 5534 2205 5594 non
2231 5534 2403 5609 quam
2426 5540 2641 5609 auctor
2670 5551 2735 5591 ex
2765 5551 2874 5590 sua
2903 5539 3006 5590 aut
3051 5534 3596 5593 Valentinianorum

1949 5605 2198 5686 persona
2223 5605 2318 5668 Hic
2349 5605 2670 5686 ἀλληγορεῖ.
2702 5609 2956 5668 GOMBEF.
