4078 6146
445 341 550 397 673
1219 332 1464 388 DUBIA.
1486 357 1555 370 —-
1582 327 1974 386 EXCEBPTA
2011 329 2110 382 EX
2143 330 2168 383 ε

2293 331 2465 386 [ΡΤΙὸ
2499 333 2881 401 ΤΗΕΟΒΟΤῙ,
2922 333 3078 387 ETC.
3747 335 3817 390 67
3823 338 3853 392 4

452 466 746 541 μιάματος,
778 458 930 531 παρὰ
972 454 1097 516 τοὺς
1149 452 1505 527 λειτουργοὺς
1538 455 1643 506 τῶν
1678 449 2098 527 ἀναφερομένων
2131 452 2168 520 Α

2293 471 2441 510 ιηυῐη
2479 473 2603 528 quae
2645 456 2850 512 oblatae
2885 456 3099 512 fuerint
3143 456 3462 515 ministros.
3513 460 3682 518 Nuda
3720 479 3854 521 vero

449 537 624 630 εὐχῶν
681 547 977 626 ἀγγέλους.
1029 544 1214 618 Γυμνὴ
1247 541 1304 598 δὲ
1333 545 1367 612 ἡ
1418 542 1596 616 ψυχὴ,
1648 539 1700 595 ἐν
1745 537 1971 630 δυνάμει
2001 542 2098 594 τοῦ

2293 544 2404 600 ima
2432 545 2487 599 in
2512 547 2770 616 potentia
2788 545 3321 602 conscientimsicut
3345 564 3557 621 corpus
3580 555 3852 622 potentia:

448 629 764 702 συνειδότος
789 640 906 693 οἷον
939 639 1100 708 σῶμα
1140 640 1242 703 τῆς
1282 629 1564 702 δυνάμεως
1592 629 1881 705 γενομένη,
1940 648 2098 702 μετα·

2293 635 2512 701 ecta,ad
2543 634 2834 706 spiritalia
2863 636 3406 700 transit,rationalis
3439 641 3613 696 verbo
3632 647 3688 697 et
3713 659 3855 714 pon-

450 731 624 791 6αίνει
858 727 934 789 εἴς
977 725 1046 780 τὰ
1089 721 1448 796 πνευματικὰ,
1497 719 1694 796 λογικὴ
1738 724 1818 791 τῷ
1861 714 1972 773 ὄντι
2012 716 2102 771 καὶ

2293 723 2394 778 lcia
2424 725 2696 791 evadens,
2732 723 2934 794 utjam
2971 741 3004 777 a
3058 725 3238 780 Verbo
3285 727 3643 798 immediate,
3680 737 3741 786 ut
3772 733 3855 788 ita

458 819 820 901 ἀρχιερατικὴ
871 812 1158 893 γενομένη,
1207 811 1280 875 ὠς
1327 808 1387 865 ἂν
1435 805 1687 901 ἔμψυχον
1742 809 1892 901 μένῃ,
1923 808 1996 868 ὡς
2025 805 2104 901 εἰΤ

2293 813 2711 883 1uar,animata
2734 813 3147 880 maneat,sicut
3167 814 3499 888 archangeli
3516 821 3858 890 angelorum

462 895 771 978 πείίνξὸπὸ
825 908 918 960 τοῦ
975 901 1149 976 Λόγου
1204 903 1497 976 προσεχῶς
1553 895 1660 967 ἤδη
1693 941 1708 968 ,
1757 898 1996 967 καθάπερ
2057 895 2106 948 οἱ

2299 901 2524 956 ntiﬁces
2549 901 2679 956 facti
2697 901 2973 956 ethorum
3000 901 3267 958 similiter
3290 906 3386 974 qui
3404 907 3659 976 primum
3681 911 3862 968 creati

469 998 806 1077 ἀρχάγγελοι
861 999 964 1048 τῶν
1027 990 1267 1067 ἀγγέλων
1326 990 1605 1064 ἀρχιερεῖς
1659 987 1964 1077 γενόμενοι,
2018 982 2108 1038 καὶ

2298 990 2495 1044 nt.Ubi
2528 1007 2659 1045 vero
2705 990 2896 1044 adhuc
2935 991 3244 1061 Scripturaa
3278 1010 3344 1048 ac
3376 995 3699 1068 disciplinae
3731 1000 3864 1054 ofﬁ-

704 1085 866 1141 πάλιν
916 1083 967 1137 οἱ
1022 1079 1442 1156 πρωτόκτιστοι.
1498 1081 1610 1132 Ποῦ
1659 1073 1716 1130 δὲ
1764 1073 1840 1130 ἔτι
1892 1077 2110 1151 Γραφῆς

2293 1095 2378 1132 1m
2412 1078 2622 1134 anima:
2655 1077 2736 1132 illi
2771 1096 2896 1149 quae
2930 1097 3074 1150 pura
3105 1081 3201 1148 sit,
3253 1085 3488 1154 quando
3520 1087 3692 1143 etiam
3728 1090 3868 1144 facie

471 1180 556 1239 καὶ
592 1178 878 1252 μαθήσεως
908 1170 1236 1245 κατόρθωμα
1283 1171 1352 1242 τῇ
1393 1169 1548 1242 ψυχῇ
1599 1164 1880 1239 ἐκείνῃ
1907 1165 2116 1252 καθαρᾷ

2331 1168 2534 1223 faciem
2554 1168 2734 1223 Deum
2752 1167 2944 1223 videre
2966 1171 3262 1225 meretur?
3283 1174 3523 1230 Proinde
3544 1177 3866 1248 angelicam

467 1248 757 1347 γενομένῃ,
810 1264 948 1317 ὅπου
989 1259 1080 1314 καὶ
1133 1258 1374 1331 ἀξιοῦται
1417 1257 1713 1328 πρόσωπον
1751 1254 1887 1328 πρὸς
1937 1248 2115 1326 πρόσ-

2293 1257 2550 1311 ιοιιιὶηοῐῃ
2583 1273 2868 1328 superans
2901 1273 3231 1329 nomenque
3262 1259 3406 1316 illud
3461 1266 3614 1334 quod
3647 1267 3867 1338 scripto

469 1340 615 1413 ωπον
665 1355 796 1409 Θεὸν
847 1353 1016 1426 ὁρᾷν;
1075 1349 1188 1417 Τὴν
1245 1349 1374 1423 γοῦν
1424 1343 1723 1420 ἀγγελικὴν
1769 1340 2119 1397 διδασκαλίαν

2293 1351 2492 1412 μαθων,
2543 1346 2613 1400 ad
2668 1345 3058 1417 cognitionem
3110 1353 3167 1402 et
3220 1365 3414 1405 rerum
3485 1355 3868 1425 comprehen-

469 1439 746 1520 ὑπερϐἂσα
793 1439 884 1496 καὶ
940 1438 1005 1493 τὸ
1053 1432 1231 1509 ὄνομα
1277 1435 1339 1490 τὸ
1392 1431 1780 1523 διδασκόμενον
1816 1430 2119 1508 ἐγγράφως,

2293 1450 2455 1489 onem
2510 1434 2682 1501 venit,
2745 1451 2856 1489 non
2891 1434 3144 1506 amplius
3175 1453 3394 1506 sponsa
3436 1441 3537 1496 sed
3583 1443 3708 1512 jam
3743 1445 3874 1500 Ver-

472 1515 688 1602 ἐπὶ-τήν
735 1533 934 1605 γνῶσιν
981 1525 1073 1582 καὶ
1116 1521 1424 1596 κατάληψιν
1469 1527 1577 1578 τῶν
1608 1515 1942 1598 πραγμάτων
1971 1515 2124 1595 ἔρχεο

2293 1539 2372 1577 ιπι
2409 1523 2580 1588 facta,
2611 1528 2667 1578 et
2697 1523 2849 1593 apud
2884 1540 3168 1594 sponsum
3214 1542 3481 1595 manens,
3515 1547 3648 1585 cum
3683 1534 3872 1604 primo

471 1644 583 1691 ται,
631 1620 735 1676 οὐκ
773 1617 852 1673 ἔτι
901 1617 1114 1693 νύμφη,
1165 1612 1292 1668 ἀλλ’
1343 1609 1452 1682 ἥδη
1505 1611 1680 1685 Λόγος
1723 1610 1986 1687 γενομένη
2035 1607 2126 1661 καὶ

2293 1611 2456 1666 ωειιὶε
2489 1611 3045 1680 creatisque,amicis
3077 1614 3314 1684 quidem
3347 1617 3420 1671 ob
3451 1622 3876 1691 amoremﬁliis

480 1711 626 1787 ποιρά
653 1713 732 1782 τῷ
775 1703 996 1783 νυμφίῳ
1041 1702 1330 1758 καταλύων
1386 1700 1519 1774 μετά
1563 1705 1672 1755 τῶν
1713 1696 2125 1787 πρωτοκλήτων

2293 1716 2370 1755 :ro
2401 1699 2472 1754 ob
2503 1699 2827 1754 doctrinam
2863 1705 2917 1754 et
2947 1701 3652 1773 obedientiam,fratribus
3683 1716 3878 1767 autem

482 1783 570 1856 mi
599 1795 1042 1884 πρωτοχτίστων,
1092 1790 1269 1884 φίλων
1325 1791 1445 1884 μὶν-
1468 1787 1536 1844 δι’
1582 1788 2026 1884 ’ἀγάπηνκυὶίιὶἶν-
2073 1783 2131 1884 δέ
2161 1821 2168 1884 γ

2293 1794 2480 1860 ropter
2507 1794 2670 1844 ortus
2713 1790 3206 1846 communionem.
3243 1793 3430 1856 Quare
3462 1795 3607 1851 illud
3640 1799 3880 1869 quidem

488 1889 574 1946 διὰ
602 1889 697 1956 τήν
729 1881 1082 1941 διδασκαλίαν
1111 1880 1202 1935 καὶ
1245 1879 1509 1948 ὑπακοὴν,
1543 1876 1794 1952 ἀδελφῶν
1845 1874 1903 1931 δὶ
1951 1873 2040 1930 διὰ
2067 1873 2130 1928 τὸ
2161 1873 2168 1884 ⁴

2293 1877 2695 1950 ξερειιεοίίοοὶε
2727 1883 2869 1948 erat,
2890 1877 3170 1934 laminam
3205 1881 3427 1938 scilicet
3456 1891 3684 1956 gestare
3716 1906 3781 1944 ac
3808 1893 3876 1946 ad

483 1987 581 2049 τῆς
611 1975 866 2052 γενέσεως
896 1970 1103 2028 κοινόν.
1134 1972 1294 2024 Ὥστε
1320 1970 1382 2024 τὸ
1417 1969 1510 2041 μὲν
1542 1974 1642 2037 τῆς
1694 1965 2012 2039 οἷ’κονομίας
2042 1963 2129 2034 ἦν,

2293 1967 2541 2022 :ientiam
2573 1965 2797 2022 discere
2831 1982 2843 2019 :
2877 1966 3034 2034 illud.
3053 1973 3244 2024 autem
3263 1974 3524 2039 polentia
3541 1977 3694 2045 quod
3712 1976 3882 2034 homo

481 2069 542 2123 τὸ
590 2062 826 2121 πέταλον
885 2064 1244 2136 παρακεῖσθαι
1298 2058 1388 2112 καὶ
1450 2056 1732 2130 μανθάνειν
1788 2055 1866 2116 εἲς
1910 2058 2128 2131 γνῶσιν·

2293 2073 2421 2112 eum
2461 2061 2699 2126 portans
2728 2055 3065 2112 immediate
3096 2058 3168 2113 ab
3193 2059 3395 2116 afflatu
3430 2063 3657 2119 Domini
3690 2066 3884 2136 ﬁat,ac

480 2159 545 2213 τὸ
576 2153 635 2210 δὲ
679 2152 978 2226 δυνάμεως,
1009 2149 1072 2204 τὸ
1122 2147 1383 2222 θεοφόρον
1428 2145 1663 2220 γίνεσθαι
1711 2145 1800 2199 νὸν
1848 2142 2134 2219 ἄνθρωπον

2293 2145 2411 2202 uasi
2442 2145 2568 2216 ejus
2599 2162 2811 2216 corpus
2843 2145 3039 2200 fuerit.

485 2246 779 2320 προσεχῶς
809 2237 1196 2316 ένεργούμενον
1230 2236 1334 2291 ὑπὸ
1381 2238 1479 2290 τοῦ
1523 2233 1746 2309 Κυρίου,
1775 2233 1862 2288 καὶ
1897 2231 2134 2305 καθάπερ

486 2339 649 2407 σῶμα
678 2331 843 2386 αὐτοῦ
873 2328 1186 2404 γινόμενον.

560 2423 692 2479 KH’.
748 2419 841 2490 Τὸ,
888 2417 1016 2477 Θεὸς
1075 2411 1368 2475 ἀποδιδοὺς
1421 2411 1510 2467 ἐπὶ
1562 2411 1749 2487 τρίτην
1799 2411 1890 2466 καὶ
1947 2407 2138 2484 τετάρ-

486 2533 590 2581 την
644 2507 823 2586 γενεὰν
877 2511 995 2566 τοῖς
1053 2504 1353 2570 ἀπειθοῦσι,
1415 2501 1574 2574 φασὶν
1635 2501 1686 2555 οἱ
1736 2501 1841 2555 ἀπὸ
1892 2495 2140 2557 Βασιλεί-

491 2600 591 2658 δου
635 2599 774 2654 κατὰ
799 2596 894 2659 τὰς
943 2592 1379 2666 ἐνσωματώσεις·
1422 2591 1475 2644 οἱ
1517 2587 1575 2645 δὲ
1605 2589 1710 2644 ἀπὸ
1757 2587 2139 2656 Οὐαλεντίνου,

492 2690 620 2752 τοὺς
669 2691 814 2761 τρεῖς
859 2685 1068 2744 τόπους
1097 2726 1110 2749 ,
1158 2677 1457 2751 δηλοῦσθαι
1500 2677 1628 2740 τοὺς
1674 2677 2010 2753 ἀριστερούς·
2059 2697 2143 2731 τε·

498 2779 696 2854 τάρτην
755 2773 814 2830 δὲ
869 2773 1078 2849 γενεὰν,
1123 2771 1190 2826 τὰ
1246 2767 1528 2844 σπέρματα
1585 2767 1782 2824 αὐτῶν.
1839 2765 2029 2824 Ἔλεον
2092 2762 2149 2820 δὲ

504 2872 676 2924 ποιῶν
703 2864 780 2926 εἷς
810 2859 1107 2940 χιλιάδας,·
1128 2858 1216 2914 ἐπὶ
1241 2859 1308 2914 τά
1337 2856 1502 2929 δεξιά.

578 2957 701 3013 ΚΘ’.
731 2959 794 3010 Ἡ
830 2951 990 3025 Σιγὴ,
1021 2948 1172 3027 φασὶ,
1209 2949 1393 3022 μήτηρ
1443 2947 1580 3001 οὖσα
1608 2947 1823 3001 πάντων
1862 2950 1970 3001 τῶν
2023 2965 2157 3017 προ-

504 3041 818 3117 ϐληθέντων
869 3040 974 3095 ὑπὸ
1015 3041 1114 3094 τοῦ
1154 3038 1384 3106 Βάθους,
1417 3036 1446 3090 ὃ
1481 3037 1573 3109 μὲν
1618 3035 1715 3090 οὐκ
1761 3030 1918 3112 ἔσχεν
1962 3035 2157 3110 εἰπεῖν,

503 3135 628 3211 περὶ
674 3136 771 3187 τοῦ
817 3128 1092 3205 Ἀῤῥήτου
1142 3124 1435 3200 σεσίγηκεν·
1471 3126 1502 3180 ’ὸ
1555 3122 1613 3180 δὲ
1656 3120 1942 3195 κατέλαϐε,
1991 3130 2152 3180 τοῦτο

507 3222 890 3293 ὰατάληπτον
917 3215 1380 3293 προσηγόρευσεν.

583 3400 658 3456 Λ’.
691 3397 819 3453 Εἶτα
861 3394 1224 3468 ἐκλαθόμενοι
1271 3399 1371 3463 τῆς
1426 3389 1588 3463 δόξης
1630 3395 1727 3447 τοῖ’)
1778 3395 1937 3459 Θεοῦ,
1969 3397 2158 3454 παθεῖν

511 3489 674 3545 αὐτὸν
732 3484 987 3562 λέγουσιν
1026 3485 1220 3549 ἀθέως.
1274 3484 1343 3540 ’Ὀ
1397 3482 1499 3558 γὰρ
1555 3483 1914 3551 συνεπάθησεν
1971 3482 2083 3554 (89)
2134 3482 2162 3535 ὁ

517 3579 727 3651 Πατὴρ,
760 3575 973 3649 στερεὸς
1006 3570 1080 3628 ὣν
1131 3576 1200 3646 τῇ
1247 3570 1424 3651 φύσει,
1471 3570 1634 3648 φησὶν
1667 3571 1695 3623 ὁ
1735 3566 1998 3630 Θεόδοτος
2028 3571 2164 3644 (90),

515 3667 607 3722 καὶ
660 3661 964 3734 ἀνένδοτος,
1015 3659 1302 3734 ἐνδόσιμον
1346 3659 1533 3715 ἑαυτὸν
1588 3659 1886 3734 παρασχὼν
1922 3700 1935 3727 ,
1981 3655 2073 3712 ἵνα
2128 3659 2164 3727 ἡ

523 3757 661 3830 Σιγή
725 3757 890 3808 τοῦτο
949 3754 1064 3826 (91)
1115 3743 1426 3824 καταλάϐῃ,
1485 3749 1657 3809 πάθος
1714 3747 1852 3802 ἐστίν
1887 3765 1898 3779 ·
1959 3749 1994 3817 ἡ
2064 3747 2166 3823 γὰρ

523 3845 832 3917 συμπάθεια
885 3843 1056 3905 πάθος
1110 3840 1257 3902 τινὸς
1313 3836 1402 3892 διὰ
1448 3837 1616 3901 πάθος
1666 3837 1869 3912 ἐτέρου⁹
1920 3838 2006 3892 ναὶ
2061 3837 2187 3912 μὴν¹

517 3933 608 3989 καὶ
636 3936 734 3988 τοῦ
780 3930 982 3991 πάθους
1027 3926 1343 4004 γενομένου,
1389 3927 1450 3981 τὸ
1499 3925 1628 3982 ὅλον
1683 3926 2037 3996 συνεπάθησε,
2079 3926 2169 3980 καὶ

520 4021 716 4084 αὐτοὺς
749 4020 822 4084 είς
854 4017 1142 4094 διόρθωσιν
1171 4021 1270 4072 τοῦ
1300 4016 1566 4081 παθόντος
1598 4014 1823 4091 ἤγαγεν.

591 4201 716 4257 ΛΑ’.
779 4195 956 4253 Ἀλλὰ
993 4195 1080 4250 καὶ
1125 4193 1174 4250 c’t
1205 4195 1232 4248 ὁ
1288 4192 1566 4257 κατελθὼν
1624 4189 1860 4249 Εὐδοκία
1911 4191 2008 4248 τοῦ
2038 4191 2174 4250 ὅλου

520 4292 606 4359 ἧν·
641 4287 718 4361 (ἐν
775 4287 926 4357 αὖτῷ
955 4286 1058 4360 γὰρ
1110 4287 1216 4338 πᾶν
1264 4283 1327 4337 τὸ
1378 4282 1669 4357 Ιιλήρωμα
1697 4283 1764 4351 ἧν
1797 4288 2174 4356 σωματικῶς⁹)

523 4373 684 4433 ἔπαθε
739 4373 796 4431 δὶ
844 4376 1026 4444 οὗτος,
1070 4370 1329 4443 δηλονότι
1367 4370 1456 4425 καὶ
1495 4370 1563 4425 τὰ
1601 4369 1650 4424 ἐν
1706 4370 1856 4444 αὐτῷ
1895 4371 2177 4446 σπέρματα

525 4467 808 4535 συνέπαθε,
859 4459 929 4518 δι’
969 4462 1044 4516 ὧν
1082 4461 1144 4515 τὸ
1184 4459 1314 4516 ὅλον
1354 4459 1444 4514 καὶ
1481 4460 1544 4514 τὸ
1583 4463 1688 4514 πᾶν
1728 4459 2032 4534 εὑρίσκεται
2073 4463 2177 4516 πά-

2317 2413 2548 2470 XXVlII.
2582 2412 2801 2481 Nempe
2833 2413 2976 2469 illud
3011 2431 3022 2469 :
3063 2421 3204 2470 Deus
3235 2417 3463 2473 reddens
3491 2418 3550 2474 in
3584 2420 3807 2478 tertiam
3828 2432 3882 2479 et

2249 2511 2505 2574 quartam
2516 2504 2921 2570 generationem
2933 2505 3345 2577 incredulis(a),
3357 2507 3695 2564 Basilidiani
3710 2511 3884 2567 inter-

2251 2595 2557 2665 pretantur
2585 2591 2656 2646 de
2687 2607 2996 2663 corporum
3031 2609 3298 2664 carcere;
3339 2595 3729 2654 Valentiniani
3760 2618 3893 2656 vero

2253 2681 2380 2736 loca
2411 2680 2521 2735 tria
2559 2681 2798 2735 sinistra
2836 2681 3154 2752 significari
3203 2686 3584 2754 contendunt,
3618 2693 3889 2759 quartam

2258 2773 2453 2826 autem
2486 2769 2944 2841 generationem,
2977 2786 3177 2825 eorum
3212 2773 3461 2831 semina.
3513 2777 3739 2834 Faciem
3764 2795 3892 2835 vero

2259 2857 2702 2914 misericordiam
2731 2861 2786 2912 in
2819 2858 3074 2925 mille,de
3108 2861 3177 2914 iis
3208 2862 3307 2932 qui
3340 2865 3410 2918 ad
3445 2864 3704 2922 dextram
3738 2873 3902 2923 sunt.

2335 2947 2522 3004 XXIX.
2557 2947 2710 3019 Sige,
2745 2948 2969 3017 dicunt,
3003 2965 3106 3004 seu
3154 2949 3482 3022 Silentium,
3536 2973 3661 3026 quae
3713 2962 3901 3012 mater

2267 3038 2346 3094 sit
2377 3037 2643 3092 omnium
2671 3054 2795 3108 quae
2823 3056 2855 3092 a
2884 3037 3089 3109 Bytho,
3110 3057 3211 3095 seu
3244 3043 3554 3114 profundo,
3576 3045 3729 3102 facta
3746 3054 3906 3116 sunt,

2270 3128 2420 3198 quod
2455 3126 2525 3180 de
2554 3125 2819 3194 Arrheto,
2860 3143 2959 3181 seu
3011 3127 3312 3194 ineffabili,
3344 3131 3507 3201 loqui
3542 3150 3657 3188 non
3700 3139 3906 3205 potuit,

2185 3190 2229 3258 (ἶ
2269 3190 2488 3283 tacuit;
2520 3215 2671 3284 quod
2703 3190 2835 3269 vero
2867 3190 3444 3286 comprehendit,hoc
3474 3190 3915 3292 incomplrehen:

2269 3322 2400 3361 sum
2435 3303 2676 3359 vocavit.

2342 3392 2513 3448 XXX.
2553 3393 2795 3463 Insuper
2823 3391 3018 3463 gloriae
3052 3393 3259 3448 divinae
3292 3394 3691 3469 immemores,
3728 3404 3906 3455 Deum

2274 3482 2390 3554 pati
2414 3480 2592 3552 impie
2617 3481 3169 3546 contendunt.Quod
3195 3485 3350 3539 enim
3384 3486 3551 3542 Pater
3573 3503 3920 3562 compassus

2273 3574 2383 3642 est,
2417 3571 2611 3641 inquit
2639 3569 2993 3638 Theodotus,
3017 3572 3115 3643 qui
3150 3577 3358 3629 natura
3389 3593 3496 3632 sua
3527 3577 3734 3634 ﬁrmus
3763 3579 3926 3649 sit,et

2274 3660 2333 3714 in
2367 3675 2480 3730 quo
2505 3663 2568 3726 ›ι‹
2596 3657 2758 3713 nulla
2782 3659 2858 3713 sit
2890 3660 3178 3730 remissio,
3210 3665 3534 3733 gratuitum
3569 3667 3923 3740 facilemque

2276 3747 2654 3819 semetipsum
2682 3748 3056 3819 praebens,uti
3083 3749 3192 3805 hoc
3215 3751 3347 3822 Sige
3378 3756 3921 3827 comprehenderet,

2278 3839 2469 3911 passio
2492 3842 2600 3892 est.
2633 3837 2974 3908 Compassio
3004 3855 3159 3893 enim
3183 3840 3488 3910 cujusdam
3521 3847 3716 3916 passio
3741 3856 3831 3902 est
3853 3848 3924 3901 ob

2279 3927 2522 3985 alterius
2554 3928 2884 3998 passionem
2921 3944 2933 3980 2
2961 3927 3100 3998 quin
3125 3933 3180 3983 et
3206 3946 3341 3984 cum
3373 3933 3566 4001 passio
3599 3934 3933 4001 fuerit,uni-

2277 4033 2513 4074 versum
2563 4033 2796 4088 quoque
2838 4015 3106 4087 passione
3155 4019 3424 4074 affectum
3474 4027 3584 4091 est,
3616 4029 3673 4077 et
3713 4025 3825 4095 ipsi
3857 4025 3926 4080 ad

2282 4106 2750 4164 emendationem
2777 4103 2938 4159 illius
2968 4107 3068 4176 qui
3109 4123 3322 4177 passus
3352 4112 3462 4176 est,
3498 4110 3735 4165 adducti
3769 4117 3930 4167 sunt.

2354 4194 2571 4251 XXXI.
2605 4194 2711 4249 Sed
2745 4194 3014 4265 quamvis
3040 4194 3138 4249 ille
3165 4196 3264 4267 qui
3319 4196 3931 4265 descendit,.Eudocia

2286 4302 2386 4342 seu
2413 4283 2692 4340 Voluntas
2725 4283 2981 4337 universi
3008 4283 3214 4354 l'uit(in
3249 4284 3376 4355 ipso
3407 4286 3564 4341 enim
3597 4288 3792 4343 omnis
3815 4289 3935 4344 Ple-

2287 4373 2493 4430 nitudo
2522 4369 2897 4442 corporaliter
2925 4371 3148 4426 exstitit
3178 4372 3257 4444 (b)
3284 4392 3296 4441 ;
3331 4373 3424 4429 hic
3456 4390 3690 4448 quoque
3722 4394 3933 4449 passus

2287 4469 2394 4530 est,
2428 4461 2602 4517 sicuti
2636 4465 2692 4516 et
2723 4459 2852 4530 ipsa
2882 4460 3132 4527 semina,
3185 4477 3313 4532 quae
3357 4463 3415 4517 in
3473 4463 3574 4520 illo
3605 4471 3765 4536 sunt,
3799 4484 3934 4538 pas-

528 4574 686 4630 σχον.
703 4549 882 4609 Ἀλλά
898 4550 989 4606 καὶ
1029 4547 1119 4604 διὰ
1135 4555 1234 4619 τῆς
1253 4553 1350 4603 τοῦ
1380 4545 1686 4603 δωδεκάτου
1712 4548 1926 4613 Αίῶνος
1956 4551 2168 4610 micam:

2293 4554 2455 4608 sione
2486 4554 2626 4605 sunt
2657 4550 2881 4618 affecta,
2915 4565 3160 4619 quorum
3193 4551 3380 4621 gratia
3408 4555 3596 4608 totum
3629 4571 3862 4626 quoque
3885 4561 3942 4611 et

527 4644 595 4700 τὰ
651 4641 758 4699 ὅλα
805 4637 1177 4708 παιδευθέντα,
1220 4636 1295 4700 ὥς
1344 4657 1492 4715 φασι,
1533 4638 1884 4709 συνεπάθησε.
1918 4638 2054 4695 Τότε
2082 4643 2185 4721 γὰρ

600 4770 664 4836 >14
687 4768 748 4824 P.
780 4768 885 4823 967
915 4768 1027 4824 ED.
1059 4765 1358 4822 POTTEB.

603 4894 716 4966 (88)
771 4884 1121 4966 Μεταϐαινει.
1183 4887 1533 4966 Lactantius
1579 4887 1680 4942 lib.
1705 4904 1842 4966 _VII,
1865 4961 1876 4966 _
1903 4905 2032 4966 cap.
2093 4893 2128 4947 8
2164 4909 2178 4949 :

603 4908 716 4966 (δῦ)
771 4908 1121 4948 Μεταοαινει.
1186 4908 1521 4946 hactanuus
1579 4908 1680 4942 ιιο.
1740 4908 1842 4955 VII,
1903 4908 1970 4946 ca
2021 4933 2032 4947 .
2093 4908 2178 4949 δῖ

532 4968 757 5022 Necesse
805 4979 918 5020 esse
964 4962 1036 5018 in.
1075 4965 1286 5016 terram
1330 4960 1552 5028 resolvi,
1578 4958 1719 5030 quod
1747 4961 1916 5015 estin
1964 4908 2186 5022 famine

533 5035 921 5108 ponderosum,
964 5037 1015 5088 et
1061 5031 1414 5108 dissolubile;
1443 5030 1581 5102 quod
1609 5036 1798 5108 autem
1829 5035 1991 5108 tenue
2021 5042 2191 5106 atque

536 5102 762 5177 "subtile,
787 5108 847 5162 id
885 5120 1009 5161 vero
1038 5119 1152 5178 esse
1181 5102 1554 5178 individuum,
1586 5117 1653 5178 ao
1678 5103 1968 5178 domicilio
1997 5102 2190 5178 oorpo-

537 5181 621 5234 ris
649 5172 796 5234 velat
821 5192 1044 5234 carcere
1069 5176 1385 5244 liberatum,
1415 5173 1484 5228 ad
1517 5172 1710 5228 emtum
1737 5177 1790 5228 et
1818 5174 1892 5230 ad
1920 5172 2191 5233 naturam

539 5267 696 5306 suam
723 5249 1030 5322 percolere.
1075 5248 1203 5322 Haec
1244 5249 1362 5322 fere
1391 5245 1638 5300 Platoni:
1666 5244 1894 5322 collecta
1927 5249 2189 5315 breviter,

541 5336 667 5393 qua
695 5317 845 5393 apud
872 5319 1056 5393 ipsum
1103 5319 1214 5393 tate
1241 5318 1554 5393 copioseqae
1583 5317 1956 5386 explicantur.
1990 5322 2050 5375 In
2099 5338 2190 5377 ea-

542 5388 666 5448 dem
709 5388 984 5465 sententia
1030 5389 1346 5465 fuit_etiam
1376 5388 1732 5460 Pythagora:
1787 5394 1935 5460 ante,
1968 5394 2196 5465 eiusque

543 5473 849 5537 praeceptor
882 5460 1238 5537 Ptierecydes.

612 5529 833 5608 (89)'__"0
890 5533 990 5608 γὰρ
1051 5529 1244 5608 adven.
1296 5530 1633 5608 Legendum
1687 5529 1916 5608 videtur
1975 5531 2036 5586 οὐ
2094 5531 2162 5606 γὰ

545 5601 929 5735 guis-ﬁssam“
964 5601 1077 5662 aut
1105 5601 1134 5658 δ
1162 5602 1580 5676 interrogative
1602 5601 1955 5673 capiendum
1990 5622 2094 5678 pro
2108 5601 2195 5660 τί.

592 5693 842 5735 nenae.

592 5693 842 5736 YLBUBG.

1470 4770 1545 4828 (α)
1573 4763 1745 4820 Deut.
1776 4780 1832 4833 ν,
1863 4763 1939 4834 9;
1971 4767 2121 4826 Num
2152 4786 2270 4840 xxv,
2307 4768 2393 4822 18.

2299 4643 2634 4699 universum
2671 4637 2789 4709 pati
2820 4637 3136 4694 invenitur.
3178 4639 3289 4695 Sed
3341 4645 3397 4695 et
3438 4643 3712 4712 passione
3739 4644 3941 4702 Eonis

2509 4763 2585 4836 (b)
2616 4761 2737 4820 Col.
2772 4779 2838 4831 ιι,
2859 4762 2921 4818 9.

2366 4889 2486 4964 (9ο)
2559 4890 2735 4964 Φησῖν
2792 4886 2838 4964 ,ὁ
2899 4882 3193 4964 Θεόδοτος,
3269 4893 3403 4956 etc.,
3485 4891 3742 4964 inqseq.
3812 4894 3949 4951 Esse

2297 4958 2662 5036 Theodotum
2719 4959 2872 5013 inter
2899 4958 3191 5036 Valentini
3232 4958 3790 5036 sequacesclaru'm,
3824 4967 3946 5036 qui,

2298 5033 2458 5107 velut
2486 5031 2842 5107 alii,sectam_
2867 5031 3488 5107 auxeritacceptaque
3508 5031 3785 5107 dogmata
3813 5031 3948 5093 cum

2301 5104 2490 5162 aetatis
2519 5101 2701 5174 plenae
2729 5102 2938 5174 majori
2964 5101 3701 5174 impietate—cumulave'rit.
3735 5111 3953 5164 Absur-

2303 5179 2414 5233 dus
2445 5172 2628 5246 igitur
2660 5172 3235 5246 epitomatorivisus,
3261 5177 3359 5246 qui
3391 5177 3462 5230 ab
3491 5177 3589 5231 illo
3621 5183 3857 5234 notatur
3889 5187 3955 5236 ut

2303 5243 2527 5318 impius
2556 5263 2568 5301 :
2621 5243 2876 5300 et’certe
2900 5243 3151 5318 impium
3186 5243 3339 5316 quod
3372 5247 3488 5302 Deo
3518 5249 3689 5311 πάθος
3723 5253 3952 5307 tribuit.

2304 5315 2463 5376 velut
2489 5333 2648 5371 more
2668 5320 2868 5370 nostro
2894 5315 3225 5388 miserando
3252 5319 3626 5388 perturbetur
3648 5321 3962 5388 labemque

2307 5389 2493 5468 ullam
2526 5390 2920 5468 incurratnaut
2949 5387 3173 5458 vitium,
3225 5387 3376 5460 quod
3431 5394 3722 5449 utrumvis
3766 5387 3961 5468 (solet)

2309 5461 2570 5535 prodere
2589 5459 2759 5535 πάθος
2778 5459 3044 5535 Coresus.

2383 5531 2498 5610 (gi)
2527 5527 2724 5610 Τοξτο.
2760 5529 2972 5601 Aptius
2999 5527 3090 5583 καὶ
3136 5529 3292 5600 αὐτό,
3347 5539 3398 5589 et
3457 5533 3687 5606 ipsum:
3748 5553 3964 5610 nempe

2308 5601 2372 5656 τὸ
2389 5599 2552 5660 ὅλον.
2597 5602 2765 5660 SYLB.
