4078 6146
242 295 354 350 675
1474 296 1888 353 CLEMENTIS
1922 294 2430 352 ALBXANDBINI
2722 310 2725 315 ‘
3543 282 3661 339 676

243 421 580 479 duodecimi
611 420 882 477 universa
911 419 1293 492 castigata,ut
1322 418 1730 491 loquuntur,et
1753 436 1853 491 pas

2053 417 2335 494 ιέγνωσαν,
2362 418 2443 473 ὅτι
2477 414 2607 472 εἰσὶν
2642 412 2830 491 χάριτι
2877 414 2975 468 τοῦ
3023 410 3268 498 Πατρὸς,
3309 408 3443 465 εἶσῖν
3476 403 3663 498 ,ὄνομα

244 510 409 567 sione
442 512 662 583 pariter
692 510 897 566 affecta
926 514 1083 563 sunt.
1124 508 1286 564 Tunc
1332 509 1490 564 enim
1523 525 1854 582 agnoverun

2055 508 2427 580 ρωνόμαστον,
2479 506 2664 583 μορφή
2720 502 2810 559 καὶ
2860 505 3078 578 γνῶσις.
3137 501 3199 558 Ὀ
3252 496 3310 554 δέ
3368 497 3665 574 βουληθεὶς

240 616 374 656 esse
406 616 467 656 se
497 601 687 672 gratia
717 599 927 662 Patris,
949 613 1077 653 esse
1106 614 1335 669 quoque
1362 614 1570 654 nomen
1601 598 1757 670 quod
1786 614 1850 653 ne

2056 595 2151 650 ἰὼν
2205 598 2317 669 (92)
2366 596 2428 650 τὸ
2479 596 2611 669 ὑπὶρ
2659 595 2759 663 τὴν
2799 596 2996 668 γνῶσιν
3057 583 3272 657 λαϐεῖν,
3322 585 3376 643 έν
3428 587 3666 664 ἀγνωσία

247 688 458 744 minari
491 705 605 744 non
640 693 848 759 potest,
879 703 1009 743 esse
1040 688 1294 758 denique
1337 688 1582 743 formam
1613 694 1670 743 et
1700 688 1857 742 scien

2050 684 2092 738 εἰ
2123 684 2373 763 ἀμορφία
2418 683 2645 759 ἔγένετσ
2701 682 2817 738 ὅθεν
2869 679 2959 736 καὶ
3007 680 3230 753 κένωμα
3268 678 3518 754 γνώσεως
3548 676 3660 750 εἰρ-

238 778 408 834 tiam.
436 778 541 841 Qui
572 793 706 833 vero
736 775 924 831 voluit
952 780 1117 843 1E0n,
1153 774 1296 831 illud
1331 777 1489 847 quod
1522 775 1769 831 scientia
1788 792 1848 831 su

2051 774 2225 828 ίσατο·
2287 775 2421 848 ὅπερ
2481 772 2592 829 ἐστὶ
2652 771 2777 827 σκιὰ
2829 774 2928 825 τοῦ
2988 767 3273 842 ὀνόματος,
3334 764 3468 843 ὅπερ
3518 764 3661 821 έστὶν

237 867 437 938 perius
468 871 559 922 est
587 881 810 937 rapere,
842 865 1189 938 ignorantia:
1218 881 1283 920 ac
1313 864 1673 921 delormitati
1700 865 1847 920 factu

2055 862 2148 935 ιὸς,
2184 864 2375 936 μορφή
2411 866 2519 916 τῶν
2548 861 2802 917 Δίώνων.
2827 856 3000 921 Οὗτος
3030 857 3094 912 τὸ
3122 856 3256 912 κατὰ
3290 855 3455 930 μέρος
3489 850 3665 930 ὄνομα

236 960 327 1012 est
356 954 686 1022 obnoxius;
737 955 894 1011 unde
921 959 977 1010 et
1023 956 1287 1010 vacuitas
1335 953 1592 1009 scientiae
1639 953 1846 1009 exstitit

1578 971 1592 1008 3
1639 953 1885 1021 exstitit,
1995 955 2103 1005 τῶν
2138 950 2364 1006 Αἰώνων
2399 946 2592 1025 ἆμέλει
2625 950 2736 1005 έστὶ
2765 953 2865 1005 τοῦ
2895 947 3188 1021 ὂνόματος.

232 1045 388 1116 quod
420 1051 509 1101 est
540 1045 750 1101 umbra
781 1043 1061 1114 nominis,
1096 1044 1252 1115 quod
1275 1049 1366 1098 est
1395 1042 1602 1111 Filius,
1633 1043 1729 1115 qoi
1762 1042 1949 1100 forma
1978 1042 2228 1098 Eanum
2252 1048 2361 1098 est.
2398 1043 2497 1098 Hic
2531 1041 2839 1115 sigillatim
2872 1044 3118 1097 Bonum
3158 1037 3425 1095 nominis
3457 1035 3661 1109 utique

235 1138 327 1190 est
359 1150 597 1194 nomen.

304 1223 539 1279 XXXII.
584 1223 726 1279 Cum
776 1223 956 1295 igitur
1002 1224 1060 1277 in
1111 1222 1484 1278 Plenitudine
1534 1223 1610 1277 sit
1661 1221 1879 1291 unitas,

2062 1220 2189 1276 AB’.
2225 1221 2310 1275 ’Ev
2364 1218 2712 1295 Ῑίληρώματι
2761 1216 2852 1273 οὖν
2901 1216 3146 1283 ένότητος
3195 1211 3384 1284 οὔσης,
3430 1210 3658 1279 ἕκαστος

232 1313 479 1369 Eanum
511 1312 729 1384 singuli
756 1312 1045 1385 propriam
1072 1311 1503 1367 Plenitudinem
1534 1311 1842 1383 conjugiur

2040 1308 2097 1362 ὗν
2130 1308 2356 1364 Αἷώνων
2390 1306 2531 1364 ἴδιον
2562 1306 2677 1385 ἔχει
2716 1304 3025 1382 υλήρωμα,
3055 1305 3155 1373 τὴν
3185 1303 3467 1377 συζυγίαν.
3510 1304 3650 1360 "Oct

232 1401 471 1457 habent.
504 1401 876 1472 Quaecunque
908 1401 1091 1473 igitur
1119 1417 1187 1455 ex
1218 1400 1709 1471 conjugio,aiunt,
1745 1416 1842 1472 pro

2043 1400 2083 1452 iv
2140 1396 2201 1452 ἐκ
2259 1398 2551 1473 συζυγίας,
2634 1397 2801 1475 φασὶ,
2860 1396 3241 1469 προέρχεται,
3300 1390 3653 1467 πληρώματά

228 1491 496 1556 veniunt,
547 1489 943 1562 plenitudines
991 1494 1150 1555 sunt,
1212 1505 1577 1560 quaecunque
1626 1504 1761 1543 vero
1809 1505 1838 1543 e

2037 1506 2152 1541 mv'
2179 1487 2278 1541 ὅσα
2308 1484 2365 1542 δέ
2396 1482 2502 1541 ἀπὸ
2546 1486 2686 1557 ἑνὸς,
2716 1483 2941 1547 εῗκόνες.
2974 1485 3134 1547 Ὅθεν
3187 1482 3214 1536 ὁ
3264 1478 3529 1545 Θεόδοτος
3555 1481 3647 1537 τὸν

230 1595 371 1644 uno,
403 1578 712 1650 imagines.
763 1577 922 1633 Unde
973 1578 1311 1633 Theodotus
1350 1576 1645 1633 Christum
1676 1575 1775 1647 qui
1808 1593 1839 1633 θ

2039 1575 2211 1648 ριστὸν
2264 1575 2313 1648 ἐξ
2363 1575 2574 1640 ἐννοίας
2626 1573 2962 1650 προελθόντα
3003 1576 3103 1637 τῆς
3165 1569 3369 1648 Σοφίας
3402 1613 3416 1639 ,
3465 1570 3649 1626 έίκόνα

227 1666 722 1740 contemplatione
775 1667 1086 1738 Sapientiae
1136 1665 1503 1738 processerit,
1557 1664 1837 1738 imagine:

2036 1669 2075 1718 ιῦ
2102 1662 2491 1741 Πλὴρώματος
2526 1664 2800 1722 ἐκάλεσεν,
2833 1660 3005 1725 Οὗτος
3056 1658 3135 1731 δὶ,
3184 1658 3517 1734 καταλείψας
3545 1661 3646 1731 τήν

225 1756 619 1812 Plenitudinis
649 1757 1005 1811 vocavit.Hic
1035 1761 1231 1811 autem
1257 1760 1501 1811 matrem
1532 1754 1835 1827 relinquen

2031 1755 2213 1828 ητέρα,
2266 1752 2507 1817 ἀνελθὼν
2558 1755 2634 1816 εἱς
2680 1756 2741 1809 τὸ
2787 1751 3098 1828 Πλήρωμα,
3130 1750 3428 1825 ἐκρατήθη,
3461 1751 3641 1826 ὥσπερ

223 1851 282 1901 et
312 1845 383 1901 ad
419 1844 851 1900 Plenitudinem
884 1846 1209 1900 ascendens
1259 1845 1429 1915 quasi
1462 1844 1534 1899 ab
1582 1844 1833 1900 universi

1589 1844 1871 1901 universis
1902 1867 1949 1933 Β
1979 1848 2094 1905 τοῖς
2127 1842 2303 1909 ὅλοῖς,
2336 1842 2479 1898 οὕτω
2510 1840 2567 1898 δὲ
2597 1842 2687 1897 καὶ
2715 1846 2797 1914 τῷ
2830 1838 3199 1917 Παρακλήτῳ.

219 1935 494 1989 detentus
524 1940 632 1997 est,
664 1934 989 2004 quinetiam
1022 1940 1081 1989 et
1115 1950 1148 1988 a
1183 1932 1495 1989 Paracleto.

292 2023 448 2080 854
478 2022 745 2078 XXXIII.
790 2023 1115 2095 Adoptatus
1166 2026 1419 2078 attamen
1452 2026 1542 2077 est
1571 2022 1866 2092 Christus,

2053 2028 2171 2078 Al".
2204 2022 2458 2087 Υἳόθετος
2512 2023 2698 2095 μέντοι
2743 2022 2959 2097 γέγονεν
3012 2020 3041 2073 ὁ
3073 2017 3328 2093 Χριστὸς,
3370 2016 3446 2078 ὡς
3494 2017 3628 2092 πρὸς

225 2119 287 2167 ut
315 2114 469 2167 inter
499 2111 894 2185 plenitudines
924 2110 1163 2181 electus,
1192 2115 1249 2167 et
1280 2127 1474 2166 rerum
1520 2112 1723 2169 mundi
1756 2112 1833 2168 hu

2017 2111 2041 2166 ‘1
2083 2110 2437 2185 πληρώματα
2484 2109 2738 2172 ἐκλεκτὸς
2782 2109 3097 2186 γενόμενος,
3144 2105 3235 2162 καὶ
3283 2105 3627 2174 πρωτότοκος

209 2203 381 2272 jusce
414 2200 867 2273 primogenitus.
908 2206 1005 2257 Est
1034 2201 1230 2271 itaque
1278 2201 1519 2256 verbum
1556 2202 1659 2256 hoc
1690 2218 1819 2273 prav

2012 2205 2085 2255 ὧν
2115 2198 2301 2264 ἐνθάδε
2331 2201 2687 2275 πραγμάτων.
2713 2201 2900 2256 Ἔστιν
2923 2196 3015 2252 οὖν
3048 2197 3075 2251 ὁ
3108 2193 3275 2270 λόγος
3298 2194 3454 2257 οὗτος
3483 2213 3622 2269 παρ-

224 2290 408 2345 nostri
441 2288 706 2345 doctrina
752 2306 819 2345 ex
873 2289 1115 2345 materia
1157 2290 1439 2361 subjecta,
1500 2289 1834 2345 Salvatoren

2019 2311 2226 2363 κουσμα
2269 2288 2367 2345 τοῦ
2413 2287 2687 2363 ἡμετέρου
2737 2287 2798 2342 ἐκ
2837 2291 2935 2342 τοῖ’)
2986 2285 3367 2358 ὑποκειμένου,
3414 2283 3629 2359 πρωτό-

224 2379 685 2451 primogenitum
722 2395 956 2447 vocans,
986 2395 1119 2433 cum
1152 2378 1250 2433 ille
1279 2378 1450 2450 quasi
1484 2379 1646 2434 radix
1675 2385 1733 2435 et
1763 2396 1829 2435 ca

2021 2401 2133 2434 mov
2162 2378 2336 2455 λέγων
2367 2379 2460 2434 τὸν
2494 2384 2748 2450 Σωτῆρα·
2798 2377 2887 2432 καὶ
2944 2374 3084 2431 ἔστιν
3125 2373 3358 2449 ὡσπερεὶ
3391 2371 3511 2447 ῥίζα
3542 2370 3631 2427 καὶ

219 2478 323 2539 put
357 2472 625 2523 nostrum
658 2468 755 2523 sit.
788 2466 1041 2522 Ecclesia
1086 2483 1219 2521 vero
1265 2468 1453 2538 ipsius
1484 2467 1724 2537 Christi,
1773 2468 1829 2523 di

2019 2466 2181 2546 εφαλή
2216 2470 2399 2538 ἡμῶν.
2443 2473 2506 2523 Ἡ
2562 2463 2619 2522 δὶ
2665 2464 2988 2535 Ἐκκλησία,
3037 2462 3237 2540 καρποὶ
3285 2460 3451 2517 αὐτοῦ
3494 2466 3629 2537 Χρι-

216 2561 379 2623 cunt,
410 2556 659 2621 fructus,
692 2560 961 2611 caventes
991 2556 1146 2627 quod
1179 2556 1596 2612 inconveniens
1625 2562 1735 2625 est,
1771 2574 1826 2613 re

2018 2560 2119 2624 ποῦ,
2162 2557 2312 2631 φασὶ,
2357 2556 2421 2611 τὸ
2470 2555 2734 2611 ἀνοίκειον
2787 2555 3046 2632 φυγόντες
3098 2554 3235 2626 (93),
3268 2549 3628 2615 συσταλέντος

214 2650 378 2717 cepto
409 2644 467 2699 in
502 2643 928 2700 Plenitudinem
960 2644 1061 2716 qui
1089 2660 1157 2699 ex
1196 2644 1690 2717 contemplatione
1732 2663 1824 2702 ma

2023 2646 2134 2709 ςτὸ
2185 2643 2475 2719 ιΙλήρωμα
2521 2644 2580 2700 ὲκ
2623 2647 2722 2713 τῆς
2776 2644 3034 2719 μητρῴας
3065 2638 3358 2717 γενομένου
3391 2638 3628 2702 ἐννοίας’

215 2739 383 2789 terna
412 2739 577 2789 ortus
604 2738 693 2788 est
724 2748 738 2787 :
775 2736 958 2788 mater
978 2750 1186 2789 rursus
1215 2734 1672 2806 dispensationis
1704 2736 1825 2806 prin

2036 2737 2220 2808 μήτηρ
2274 2732 2429 2799 αὖθις
2468 2733 2561 2789 τὸν
2609 2741 2710 2803 τῆς
2757 2731 3075 2804 οἷκονομίας
3120 2732 3468 2806 προηγάγετο
3517 2730 3618 2803 ἄρ-

217 2824 405 2895 cipem
436 2822 730 2894 produxit,
763 2821 821 2877 in
853 2820 1109 2894 imagine
1135 2822 1297 2878 illius
1329 2822 1430 2895 qui
1460 2824 1531 2879 ab
1571 2840 1638 2880 ea
1686 2824 1820 2897 fuge

1999 2843 2156 2899 ζοντα,
2190 2823 2264 2885 είς
2290 2822 2457 2878 τόπον
2488 2828 2585 2877 τοῦ
2611 2822 2878 2901 φυγόντος
2910 2820 3077 2889 αὐτὴν
3122 2819 3239 2874 κατ’
3287 2817 3609 2887 ἐπιπόθησιν

217 2916 572 2984 rat,propter
600 2909 958 2966 desiderium
991 2910 1151 2966 illius
1182 2912 1283 2983 qui
1319 2912 1490 2968 fuerit
1516 2912 1827 2985 melior,qu

2007 2913 2132 2968 ὐτοῦ
2159 2912 2467 2987 κρείττονος
2497 2911 2860 2988 ὑπάρχοντος,
2893 2910 2952 2973 ὃς
2983 2912 3049 2979 ἦν
3078 2908 3250 2970 τόπος
3280 2910 3378 2961 τοῦ
3403 2906 3617 2980 Πατρὸς

210 3002 514 3058 character
545 3002 733 3056 Patris
772 3001 1178 3057 universorum
1231 3001 1340 3057 fuit
1368 3019 1381 3057 :
1415 3008 1772 3075 quapropter
1799 3020 1820 3060 ε

2000 3006 2069 3056 ὦν
2102 2999 2270 3056 ὅλων·
2306 2998 2390 3057 διὸ
2437 3000 2527 3056 καὶ
2574 3000 2755 3069 ἥττων
2806 2999 3031 3074 γίνεται,
3064 2996 3139 3059 ὠς
3189 2995 3248 3050 ’ἂν
3300 2995 3361 3050 έκ
3406 2993 3610 3058 πάθους

214 3090 406 3146 minor
434 3089 533 3147 ille
562 3090 853 3163 est,quasi
884 3107 954 3146 ex
984 3091 1253 3163 passione
1273 3091 1611 3163 cupiditatis
1638 3094 1823 3149 forma

2004 3097 2061 3160 ἧς
2093 3089 2379 3163 ἐπιθυμίας
2408 3094 2735 3145 συνεστῶσα.
2773 3088 3093 3162 Ἐμυσάχθη
3131 3086 3315 3159 μέντοι
3365 3080 3614 3139 ἐνιδοῦσα

209 3181 374 3237 verit.
406 3181 755 3237 Abominata
786 3184 980 3235 tamen
1029 3184 1139 3249 est,
1170 3180 1449 3252 inquiunt
1481 3182 1587 3247 illi,
1620 3198 1753 3237 cum
1785 3182 1819 3237 il

1505 3182 1587 3247 lli,
1620 3198 1753 3237 cum
1785 3182 1853 3237 il-
1887 3238 1927 3256 ﬂ
1960 3180 2060 3249 τὴν
2092 3179 2394 3253 ἀποτομίαν
2424 3179 2611 3250 αὐτοῦ,
2644 3177 2718 3241 ὣς
2748 3199 2906 3256 φασιν
2940 3175 3115 3233 αὐτοί.

206 3270 325 3326 lius
356 3270 722 3326 severitatem
754 3269 995 3325 videret.

275 3359 535 3416 XXXIV.
566 3359 676 3414 Sed
708 3362 766 3413 et
795 3359 1069 3431 potantia)
1100 3358 1376 3428 sinistras,
1429 3359 1500 3414 ab
1548 3358 1653 3415 illa
1683 3360 1848 3432 prius

2029 3364 2148 3415 AA'.
2182 3356 2364 3417 Ἀλλά
2410 3357 2501 3412 καὶ
2549 3355 2821 3430 εὖώνυμοι
2873 3351 3156 3426 δυνάμεις,
3208 3356 3421 3429 πρῶται
3468 3371 3605 3427 προ-

204 3464 379 3520 quam
428 3448 640 3503 dextrae
690 3448 1005 3519 productis,
1038 3446 1246 3503 alucis
1294 3449 1543 3504 adventu
1594 3466 1814 3519 praesen

2001 3444 2245 3516 ληθεῖσαι
2275 3449 2383 3501 τῶν
2430 3443 2618 3516 δεξιῶν
2666 3445 2751 3500 ὑπ’
2802 3443 2995 3513 αὐτῆς,
3033 3442 3139 3498 ὑπὸ
3180 3447 3281 3511 τῆς
3303 3444 3401 3496 τοῦ
3431 3439 3611 3517 φωτὸς

204 3538 402 3607 tiaque
433 3552 549 3591 non
581 3536 933 3591 formantur.
974 3535 1237 3592 Sinistra:
1283 3553 1416 3593 vero
1464 3536 1675 3592 relictae
1706 3553 1814 3592 sun

2000 3535 2250 3605 αρουσίας
2297 3535 2362 3589 οὐ
2422 3538 2779 3611 μορφοῦνται·
2826 3530 3256 3600 κατελείφθησαν
3302 3526 3360 3585 δὶ
3404 3530 3459 3585 αἱ
3488 3530 3610 3603 ἀρι-

204 3642 237 3681 a
264 3624 391 3680 loco
423 3624 551 3695 ipso
583 3624 923 3679 formandis.
947 3628 1126 3681 Matre
1156 3626 1355 3697 itaque
1388 3642 1504 3681 una
1534 3642 1669 3680 cum
1705 3625 1814 3681 Filii

1994 3623 2140 3699 τεραὶ
2195 3624 2300 3678 ὑπὸ
2346 3627 2444 3679 τοῦ
2484 3622 2656 3679 τόπου
2712 3624 3066 3700 μορφοῦνται.
3120 3622 3236 3688 Τῆς
3268 3619 3475 3694 μητρὸς
3515 3615 3604 3673 οὖν

201 3718 260 3775 et
289 3712 621 3769 seminibus
654 3712 711 3767 in
742 3714 807 3778 ›ι‹
836 3713 1262 3770 Plenitudinem
1294 3715 1735 3786 ingressa,tunc
1766 3715 1811 3770 la

1991 3713 2093 3767 ,ετὰ
2133 3716 2231 3768 τοῦ
2280 3713 2409 3766 Υἱοῦ
2455 3712 2542 3767 καὶ
2591 3714 2699 3765 τῶν
2750 3710 3075 3785 σπερμάτων
3122 3706 3471 3774 εἰσελθούσης
3522 3704 3601 3767 εἷς

200 3818 305 3856 cus
336 3801 543 3857 matris
572 3804 924 3872 potestatem
951 3802 1335 3873 ordinemque
1365 3802 1632 3873 accipiet,
1665 3818 1810 3873 quan

1990 3802 2011 3856 ὸ
2042 3799 2353 3876 Πλήρωμα,
2383 3802 2508 3856 τότε
2536 3802 2565 3856 ὁ
2594 3800 2762 3863 τόπος
2809 3801 2910 3869 τὴν
2958 3798 3200 3870 ἐξουσίαν
3246 3800 3345 3867 τῆς
3374 3796 3600 3870 ιμητρὸς

199 3906 355 3945 nunc
388 3890 561 3945 habet
592 3897 795 3945 mater.

1949 3891 2037 3946 καὶ
2068 3894 2167 3962 τήν
2198 3893 2347 3963 τάξιν
2376 3889 2744 3966 ἀπολήψεται,
2774 3892 2835 3960 ἢν
2870 3894 2961 3945 νῦν
2992 3886 3110 3964 ἔχει
3140 3891 3175 3959 ἡ
3213 3890 3418 3963 μήτηρ.

267 3978 482 4035 XXXV.
513 3977 686 4035 Jesus
715 3980 815 4034 lux
854 3984 1071 4045 nostra,
1126 3983 1191 4036 ut
1238 3979 1380 4035 dicit
1410 3980 1711 4052 apostolus
1740 3984 1838 4053 (a),

2022 3982 2149 4038 AE'.
2180 3981 2243 4038 Ὁ
2289 3982 2501 4051 Ἰησοῦς
2557 3981 2620 4036 τὸ
2663 3984 2779 4057 φῶς
2826 3981 3012 4051 ἡμῶν,
3058 3978 3134 4040 ὡς
3179 3976 3329 4053 λέγει
3387 3977 3416 4031 ὁ
3464 3973 3602 4030 ἁπό-

198 4066 459 4139 seipsum
487 4069 814 4123 exinaniem
843 4068 939 4139 (ὁ),
967 4068 1075 4126 hoc
1105 4072 1213 4135 est,
1230 4073 1295 4123 ut
1324 4068 1447 4123 vult
1477 4069 1808 4126 Theodotus

1990 4067 2167 4137 τολος,
2217 4069 2404 4125 ἑαυτὸν
2458 4072 2718 4141 κενώσας,
2775 4068 3052 4123 τουτέστιν
3103 4065 3253 4129 ἐκτὸς
3311 4068 3410 4120 τοῦ
3468 4062 3600 4139 ὅρου

197 4166 360 4211 extra
388 4156 709 4211 terminum
760 4155 980 4225 exiens,
1029 4156 1305 4227 quoniam
1354 4157 1600 4230 angelus
1631 4163 1807 4221 erat.

1990 4157 2253 4231 ινόμενος,
2286 4158 2422 4213 κατὰ
2446 4142 2731 4224 Θεόδοτον,
2764 4155 2879 4212 ἐπεὶ
2911 4154 3145 4231 ἅγγελος
3176 4154 3269 4224 ἦν,
3297 4156 3394 4210 τοῦ
3439 4150 3600 4223 Πλη-

197 4244 569 4300 Plenitudine
634 4244 875 4316 angelos
922 4246 1168 4302 seminis
1234 4246 1569 4303 excellentis
1637 4264 1807 4303 secun

1984 4247 2203 4319 ώματος
2248 4246 2377 4311 τοὺς
2428 4244 2695 4321 ἀγγέλους
2742 4250 2840 4301 τοῦ
2885 4242 3237 4322 διαφέροντος
3286 4244 3594 4317 σπέρματος

196 4334 417 4389 eduxit.
467 4333 534 4388 Et
574 4332 700 4405 ipse
745 4334 983 4406 quidem
1052 4336 1537 4408 redemptionem,
1588 4335 1760 4408 quasi
1804 4366 1806 4381 ι

1986 4336 2302 4411 υνεξήγαγεν
2347 4336 2541 4407 έαυτῷο
2590 4334 2680 4389 καὶ
2731 4333 2890 4395 αὐτὸς
2938 4334 3031 4407 μέν
3062 4334 3161 4402 τὴν
3214 4330 3484 4406 λύτρωσιν
3517 4328 3596 4392 ὡς

194 4422 566 4478 Plenitudine
596 4438 965 4495 progressus.
998 4421 1223 4492 habuit,
1258 4424 1501 4497 angelos
1532 4431 1728 4481 autem
1760 4443 1804 4482 ai

1985 4423 2051 4480 πὸ
2084 4422 2466 4497 Πληρώματος
2513 4422 2799 4500 προελθὼν
2850 4422 3017 4498 εἶχεν,
3066 4420 3194 4485 τοὺς
3239 4418 3297 4476 δε
3326 4418 3595 4495 ἀγγέλους

192 4510 437 4567 seminis
467 4510 885 4567 correctionem
918 4512 1081 4569 duxit
1113 4530 1127 4569 :
1160 4514 1329 4584 quasi
1360 4514 1516 4569 enim
1546 4531 1649 4586 pro
1672 4520 1802 4587 part

1983 4515 2019 4576 ἱς
2076 4512 2365 4589 διόρθωσιν
2406 4516 2504 4567 τοῦ
2546 4511 2862 4587 σπέρματος
2911 4510 3133 4588 ἧγαγεψ
3190 4509 3267 4574 ὠς
3308 4510 3410 4584 γὰρ
3459 4508 3593 4583 ὕπερ

197 4602 406 4670 rogant
432 4598 859 4670 obsecrantque
887 4599 1095 4669 angeli,
1140 4602 1447 4673 nostrique
1490 4602 1681 4673 gratia
1727 4603 1798 4657 de

1986 4603 2141 4677 έρους
2175 4600 2385 4657 δέονται
2428 4602 2516 4656 καὶ
2569 4598 2965 4677 παρακαλοῦσι,
3009 4598 3099 4655 καὶ
3149 4595 3218 4652 δι’
3253 4599 3395 4671 ἡμᾶς
3440 4617 3594 4653 κατε·

192 4686 360 4753 tenti,
393 4686 620 4759 ingredi
645 4687 1012 4751 festinantes,
1043 4690 1268 4744 veniam
1302 4690 1470 4745 nobis
1502 4695 1802 4761 precantur

1983 4684 2195 4761 όμενοι,
2229 4685 2555 4751 σπεύδοντες
2586 4687 2871 4756 εἰσελθεῖν,
2904 4688 3087 4765 ἄφεσιν
3115 4689 3252 4760 ἡμῖν
3298 4685 3593 4755 αἰτοῦνται,

198 4781 264 4831 ut
280 4793 397 4832 una
412 4792 548 4832 cum
570 4775 687 4831 illis
702 4792 806 4831 nos
828 4776 1003 4832 etiam
1026 4777 1679 4851 ingrediamur.0uippe
1697 4795 1808 4835 cun

1978 4799 2029 4833 να
2057 4776 2487 4851 συνεισέλθωμεν
2540 4776 2746 4839 αὐτοῖς·
2797 4774 2990 4853 σχεδὸν
3041 4777 3141 4851 γὰρ
3192 4777 3350 4849 ἡμῶν
3400 4774 3588 4851 χρείαν

193 4864 379 4921 nostri
411 4864 530 4920 fere
558 4880 710 4937 opus
740 4864 957 4921 habent
984 4870 1052 4921 ut
1081 4866 1488 4938 ingrediantur
1527 4867 1803 4938 (quonian

1987 4886 2165 4942 (οντες
2188 4864 2280 4921 ’ίνα
2311 4865 2649 4930 εἰσέλθωσιν·
2684 4866 2822 4938 (ἐπεὶ
2854 4864 2977 4921 ἄνευ
3024 4867 3185 4938 ἡμῶν
3236 4864 3336 4921 οὐκ
3380 4862 3597 4940 ἐπιτρέ-

191 4954 319 5010 sine
346 4953 517 5010 nobis
549 4952 770 5025 ingredi
803 4968 917 5011 non
945 4953 1062 5011 illis
1102 4971 1445 5012 concessum
1476 4956 1732 5024 sit,hanc
1758 4956 1801 5011 ο]

1986 4976 2099 5011 εται
2149 4954 2355 5018 αὐτοῖς·
2407 4953 2498 5011 διὰ
2546 4958 2708 5011 τοῦτο
2752 4955 2855 5032 γὰρ
2904 4951 3028 5009 οὐδὲ
3057 4956 3100 5024 η’
3128 4955 3312 5030 μήτηρ
3361 4952 3594 5023 συνελή-

258 5113 322 5177 it
351 5110 414 5167 Ρ.
444 5109 551 5166 968
580 5110 693 5166 ED.
726 5109 1024 5167 PO'I‘TER.
1136 5114 1210 5183 (a)
1241 5110 1408 5168 Joan.
1437 5127 1563 5179 vm,
1597 5111 1683 5167 12.
1792 5110 1863 5184 (b)

612 5110 693 5166 ιι).
726 5109 1024 5167 PO'I‘TER.
1136 5114 1210 5183 (a)
1241 5110 1408 5168 Joan.
1437 5127 1563 5179 vm,
1597 5111 1683 5167 12.
1792 5110 1863 5184 (b)
1896 5111 2043 5168 Phil.
2077 5128 2140 5183 ιι,
2168 5112 2222 5167 7.

268 5263 470 5338 (92)βο
529 5260 587 5318 δὲ
628 5261 917 5338 βουληθεὶς
964 5263 1130 5320 Αἰών.
1163 5264 1322 5338 Clare
1370 5263 1480 5320 hoc
1530 5268 1833 5338 peccatum

1979 5281 2049 5321 .es
2080 5269 2139 5321 et
2167 5266 2267 5338 qui
2300 5265 2559 5322 scientia
2591 5282 2783 5322 arcem
2814 5270 3012 5338 tenere
3038 5264 3103 5338 in,
3129 5263 3482 5322 Christianis
3505 5263 3589 5319 vi-

268 5281 383 5335 um)
412 5281 470 5321 ὐ
529 5281 587 5318 οε
628 5281 917 5338 μουληυεις
964 5281 1130 5320 Αιων.
1163 5281 1322 5320 mare
1372 5281 1480 5320 noc
1530 5281 1833 5337 peccatum
1946 5281 2049 5321 nes
2080 5281 2139 5321 et
2167 5281 2267 5391 qui
2300 5281 2559 5322 scientia
2591 5282 2783 5322 arcem
2814 5281 3009 5321 tenere
3038 5281 3097 5320 in
3129 5281 3482 5322 unrisuanis
3505 5281 3588 5319 vi-

193 5333 509 5419 diaholi_ex
538 5336 816 5419 superbia
845 5338 973 5419 ejus
1006 5353 1174 5419 pinna
1204 5336 1610 5419 scelerumque
1631 5353 1709 5419 ex
1739 5336 1839 5419 illa
1946 5338 2082 5393 dere
2109 5353 2175 5392 ve
2204 5338 2344 5419 lent,
2371 5338 2436 5419 in
2458 5338 2799 5419 confusione
2830 5354 2937 5392 sua
2961 5336 3206 5419 gloriam
3240 5339 3588 5419 quaererent,

192 5405 597 5487 castigatione,
615 5405 697 5487 'ut
728 5423 790 5462 se
822 5405 1100 5487 adversus
1130 5412 1312 5487 Deum
1342 5405 1572 5487 erigant
1593 5407 1836 5487 etquasi
1946 5424 2195 5487 eamque
2227 5408 2371 5464 inler
2399 5409 2631 5487 _Sa_tanae
2663 5405 3108 5487 primogen‘itos,
3135 5405 3303 5480 quasi
3338 5405 3588 5479 apostoli

192 5490 316 5557 ause
337 5477 462 5557 sibi
483 5494 618 5557 esse
633 5482 860 5557 etquae
885 5480 1187 5557 possident
1207 5479 1375 5535 dotes
1395 5477 1660 5557 tribuant
1733 5495 1838 5557 nec
1945 5477 2197 5557 Joannis
2221 5479 2454 5557 oraculo
2479 5477 2781 5557 haberent.
2813 5477 3064 5557 Comisse.

193 5546 307 5625 alia
335 5546 564 5629 inistis
586 5546 1129 5629 desint_verze‘ﬁde.i‘
1159 5565 1437 5629 consona,
1488 5550 1803 5629 sed-fabuli

1995 5550 2127 5629 _(_93)
2163 5548 2460 5629 Φυγόντες.
2492 5550 2673 5629 ΗριιιάΔ
2691 5552 2811 5608 scio
2849 5568 2923 5608 an
2954 5551 3147 5607 verius
3176 5546 3468 5626 φυγόντος,
3498 5562 3585 5621 ge-

190 5616 454 5675 immista
480 5616 721 5692 illisque
748 5618 978 5689 obruta,
1010 5619 1228 5692 quibus
1256 5621 1341 5678 sic
1371 5616 1613 5693 superbi
1642 5621 1839 5679 homi-
1948 5616 2132 5681 nitivo
2163 5616 2326 5696 casu,
2359 5627 2427 5679 ut
2454 5638 2609 5679 mox.
2640 5622 2807 5681 Sus.
