4078 6146
436 325 543 382 6‘77

1211 323 1456 381 DUBIA'
1486 346 1559 364 —
1584 315 1976 377 IXCRBP'I‘A
2008 319 2111 378 EX
2142 321 2465 382 SCRIPTIB
2498 324 2882 397 THEODOTI,
2920 328 3077 387 ETC.

3739 337 3847 395 678

426 450 582 518 λυθεν
604 448 728 508 ἄνευ
758 454 946 526 ἡμῶν,
979 446 1132 527 φασίν
1251 444 1479 508 εΐκότως
1529 444 1663 522 ὁπὶρ
1708 445 1869 517 ἡμῶν
1934 437 2082 501 ἓέον-

2205 464 2429 505 :ausam
2451 449 2608 506 enim
2633 467 2704 508 ne
2726 454 2962 524 quidem
2988 460 3176 513 mater
3196 456 3418 531 absque
3441 462 3633 532 nobis,
3650 465 3840 533 aiunt,

431 563 540 601 ται.
1083 594 1087 598 .

497 633 611 697 Λς’.
643 634 733 690 Ἐν
763 630 979 701 ἓνότητι
1009 627 1254 703 μέντοιγε
1282 621 1706 702 προεϐλήθησαν
1755 625 1811 680 οἱ
1859 621 2085 702 ἄγγελοι

427 724 615 795 ἡμῶν,
668 719 853 796 φασὶν,
898 715 1174 789 εἷ’σιόντες,
1227 717 1300 779 ὡς
1356 717 1462 771 ἀπὸ
1524 716 1642 777 ἑνὸς
1701 712 2083 790 προελθόντες,

430 810 582 869 Ἐπεὶ
615 808 673 866 δὶ
697 811 861 884 ἡμεῖς
889 809 1052 881 ἦμεν,
1086 808 1137 862 οἱ
1167 804 1577 882 μεμερισμένοι,
1604 801 1695 859 διὰ
1722 808 1887 859 τοῦτο
1915 798 2084 858 ἐϐαπ-

433 900 624 955 τίσατο
672 900 700 954 6
750 899 980 969 Ἰησοῦς,
1027 895 1090 951 τό
1146 896 1431 971 ἀμέριστον
1486 900 1828 970 μερισθῆναι,
1886 892 2085 967 μέχρις

439 991 590 1061 ἡμᾶς
639 987 813 1062 ὶνώσῃ
863 986 1047 1049 αὐτοῖς
1092 984 1169 1048 εἷς
1214 985 1275 1039 τὸ
1323 979 1757 1060 Ηλήρωμα,⁸ίνα
1810 983 1975 1054 ἡμεῖς
2034 979 2089 1034 οἱ

442 1075 647 1132 πολλοὶ
698 1076 751 1130 ἓν
806 1074 1185 1149 γενόμενοι,οἱ
1235 1073 1434 1134 πάντες
1478 1076 1559 1145 τῷ
1607 1070 1680 1126 ἑνὶ
1728 1075 1809 1143 τῷ
1840 1068 1909 1125 δι’
1938 1073 2087 1143 ἡμᾶς

448 1167 746 1243 μερισθέντι
776 1165 1058 1239 ἀνακραθῶ
1066 1183 1183 1237 μεν.

508 1351 624 1401 AZ'.
657 1345 723 1402 Ol
774 1344 880 1399 ἀπὸ
911 1341 1094 1417 Ἀδὰμ
1137 1339 1465 1415 ἐξελθόντες,
1497 1341 1549 1396 οἱ
1603 1338 1696 1415 μὲν
1743 1336 1968 1407 δίκαιοι,
2000 1335 2091 1392 διὰ

434 1438 540 1489 τῶν
572 1432 903 1507 έκτισμὲνων
948 1434 1047 1503 τὴν
1099 1429 1225 1487 ὁδὸν
1265 1430 1613 1504 ποιούμενοι,
1644 1427 1791 1504 παρᾶ
1828 1431 1907 1500 τῷ
1936 1428 2090 1501 τόπῳ

433 1522 776 1598 κατείχοντο,
807 1521 947 1577 κατά
972 1519 1101 1582 τοὺς
1130 1517 1616 1580 Οὐαλεντινιανούς
1648 1535 1662 1551 ο
1696 1516 1752 1571 οἰ
1785 1514 1841 1571 δὶ
1887 1512 2089 1592 ἕτεροι,

440 1611 494 1667 έν
515 1616 595 1685 τῷ
620 1616 720 1666 106
745 1612 940 1666 σκότου
971 1609 1268 1683 έκτισμένῳ
1300 1608 1351 1664 έν
1383 1613 1502 1672 τοῖς
1532 1607 1837 1682 ἀριστεροῖς
1870 1603 2089 1680 ἔχοντες

447 1701 789 1772 συναίσθησιν
818 1704 913 1756 106
936 1701 1129 1777 πυρός.

2192 537 2459 610 ingressa
2488 539 2622 612 est),
2651 542 2965 599 verisimile
2994 550 3084 601 est
3126 548 3279 619 quod
3313 566 3416 621 pro
3449 552 3619 608 nobis
3649 558 3838 610 orent.

2264 626 2520 683 XXXVI.
2573 629 2633 683 In
2684 631 2965 687 unitatem
3015 638 3233 704 tamen,
3267 637 3455 705 aiunt,
3497 641 3685 713 angeli
3739 660 3841 699 no-

2194 716 2297 769 stri
2330 715 2576 787 ingressi
2614 721 2877 790 producti
2910 727 3067 789 sunt,
3105 728 3165 778 ut
3194 725 3295 797 qui
3345 727 3417 782 ab
3461 745 3575 784 uno
3608 745 3843 801 proces-

2195 809 2419 858 serunt.
2453 807 2739 869 Quoniam
2772 826 2902 865 vero
2934 828 3040 866 nos
3071 829 3306 870 eramus
3355 817 3455 887 qui
3506 818 3674 874 divisi
3715 820 3844 876 fue-

2195 908 2415 960 ramus,
2448 910 2574 948 eam
2616 898 2689 951 ob
2729 914 2965 954 causam
3017 900 3191 957 Jesus
3241 905 3569 975 baptizatus
3611 911 3722 978 est,
3756 907 3841 963 uti

2195 981 2345 1051 quod
2382 982 2491 1037 luit
2520 982 2837 1041 indivisum
2871 988 3250 1062 divideretur,
3274 992 3457 1049 donec
3480 994 3596 1050 illis
3622 996 3680 1052 in
3716 996 3842 1053 Ple-

2198 1068 2466 1125 nitudine
2493 1076 2550 1125 et
2579 1089 2686 1127 nos
2716 1075 2932 1144 uniret,
2965 1081 3029 1131 ut
3075 1095 3181 1134 nos
3227 1081 3396 1136 multi
3447 1100 3629 1140 unum
3684 1086 3839 1155 facti,

2197 1174 2402 1215 omnes
2435 1161 2559 1230 uni,
2584 1162 2680 1233 qui
2706 1180 2811 1235 pro
2832 1166 3002 1222 nobis
3031 1168 3257 1225 divisus
3287 1176 3428 1239 erat,
3454 1176 3843 1235 commiscea-

2200 1263 2354 1302 mur.

2269 1336 2532 1394 XXXVII.
2569 1340 2675 1405 Qui
2709 1342 2945 1413 quidem
2978 1345 3181 1401 Adami
3213 1354 3351 1406 sunt
3381 1354 3619 1425 posteri,
3652 1371 3720 1411 ex
3750 1356 3842 1414 bis

2198 1427 2462 1482 nonnulli
2488 1429 2636 1499 justi
2659 1437 2819 1497 sunt,
2845 1434 3123 1491 nimirum
3156 1439 3254 1509 qui
3291 1455 3392 1511 per
3415 1445 3736 1500 creataiter
3757 1446 3842 1502 fa-

2199 1514 2421 1572 cientes
2468 1535 2500 1572 a
2550 1519 2674 1575 loco
2727 1521 2956 1577 fuerant
3004 1525 3244 1597 detenti,
3277 1532 3602 1587 secundum
3629 1534 3843 1590 Valen-

2199 1603 2307 1658 tini
2341 1622 2624 1676 sequaces
2660 1626 2673 1663 :
2704 1608 2801 1663 alii
2836 1616 3028 1667 autem
3057 1613 3117 1669 in
3150 1617 3526 1676 tenebrarum
3558 1628 3752 1680 creato
3783 1624 3843 1679 in

2200 1690 2479 1764 sinistris,
2510 1696 2609 1767 qui
2640 1698 2796 1769 ignis
2826 1716 3001 1756 sensu
3036 1708 3175 1758 sunt
3203 1705 3413 1761 atl'ecti.

521 1792 647 1847 AH'.
677 1789 925 1863 Ποταμὸς
954 1788 1301 1865 ἐκπορεύεται
1334 1788 1502 1861 πυρὸς
1533 1787 1789 1842 ὑποκάτω
1841 1788 1941 1889 τρῦ
1972 1782 2089 1889 θρόέ

2271 1780 2560 1840 XXXVIII.
2595 1784 2835 1843 Fluvius
2881 1787 3091 1860 igneus
3121 1793 3232 1848 sub
3265 1794 3475 1851 throno
3505 1796 3614 1853 loci
3646 1799 3848 1873 ingre-

450 1900 541 1935 νου
569 1882 665 1933 106
691 1879 886 1949 τόπου,
908 1878 997 1933 καὶ
1029 1877 1113 1954 ῥεῖ
1143 1877 1219 1939 είς
1248 1878 1311 1932 τὸ
1338 1877 1490 1932 κενὸν
1520 1880 1617 1931 τοῦ
1666 1873 1983 1947 έκτισμένου
2015 1892 2028 1905 ·
2062 1871 2089 1927 6'

2205 1869 2495 1941 diebatur,
2528 1879 2585 1927 et
2617 1874 2749 1930 ﬂuit
2796 1876 2853 1931 in
2906 1880 3208 1937 cavitatem
3243 1885 3438 1954 creati,
3472 1902 3600 1956 quae
3631 1869 3844 1961 est'ge-

448 1969 589 2025 ἐστιν
646 1972 681 2039 ἡ
730 1967 915 2046 γέεννα
959 1970 1068 2024 ἀπὸ
1113 1968 1338 2033 κτίσεως
1382 1971 1479 2023 τοῦ
1524 1967 1696 2042 πυρὸς
1742 1964 1978 2043 ῥέοντος,
2015 1964 2091 2037 μὴ

448 2059 841 2135 πληρουμένης
873 2061 1007 2132 (94).
1040 2057 1146 2114 Καὶ
1178 2058 1336 2119 αὐτὸς
1358 2055 1415 2112 δὶ
1445 2058 1473 2112 6
1501 2057 1669 2118 τόπος
1701 2053 1927 2130 πύρινός
1958 2052 2091 2111 έστι.

447 2147 543 2203 Διά
596 2151 783 2216 10610,
810 2147 967 2226 φησὶ,
998 2147 1386 2219 καταπέτασμα
1424 2142 1565 2221 ἔχει,
1608 2144 1700 2199 ’ίνα
1753 2144 1827 2216 μὴ
1880 2141 1940 2198 έκ
1994 2148 2095 2212 τῆς

445 2237 769 2311 προσόψεως
798 2235 1057 2310 ἀναλωθῇ
1086 2237 1153 2291 τὰ
1182 2235 1494 2312 πράγματα.
1528 2233 1705 2295 Μόνος
1738 2230 1797 2288 δὲ
1826 2233 1854 2288 6
1881 2231 2093 2307 ἀρχάγ-

442 2323 609 2399 γελος
655 2325 957 2401 εἰσέρχεται
1006 2326 1143 2401 πρὸς
1200 2324 1383 2393 αὐτὸν,
1417 2324 1482 2378 οὗ
1536 2324 1652 2379 κατ’
1683 2321 1861 2377 εἰκόνα
1914 2321 2006 2376 καὶ
2064 2322 2093 2376 6

445 2413 736 2490 ἀρχιερεὺς
784 2415 921 2486 ἅπαξ
962 2418 1061 2470 106
1109 2410 1352 2469 ένιαυτοῦ
1400 2412 1477 2477 εἴς
1520 2413 1588 2467 τὰ
1635 2414 1758 2488 ἅγια
1783 2414 1891 2466 τῶν
1921 2409 2090 2485 ἁγίων

445 2504 640 2578 εἰσῄει.
673 2506 858 2560 Ἔνθεν
889 2503 981 2558 καὶ
1011 2504 1042 2558 6
1070 2504 1282 2573 Ἰησοῦς
1310 2500 1686 2578 παρακληθεὶς
1729 2500 2087 2570 συνεκαθέσθη

440 2596 522 2665 τῷ
575 2591 751 2664 τόπῳ,
776 2589 869 2647 ’ίνα
927 2593 1063 2667 μένῃ
1112 2592 1182 2646 τὰ
1229 2592 1520 2666 πράγματα
1546 2589 1637 2645 καὶ
1670 2590 1748 2664 μὴ
1778 2590 2090 2665 προαναστῇ

440 2678 626 2749 αὐτοῦ,
657 2680 747 2736 καὶ
781 2679 871 2735 τίνα
904 2680 998 2736 τὸν
1040 2680 1208 2736 τόπον
1251 2681 1540 2755 ἡμερώσῃ,
1573 2679 1662 2735 καὶ
1709 2683 1790 2752 τῷ
1820 2680 2090 2753 σπέρματι

447 2766 627 2825 δίοδον
660 2770 739 2834 εἷς
766 2768 1055 2846 ηλήρωμα
1080 2774 1363 2846 παράσχῃ.

519 2860 635 2915 ΛΘ’.
685 2860 747 2916 Ἦ
782 2862 969 2935 μήτηρ
1014 2854 1368 2935 προϐαλοῦσα
1421 2859 1512 2913 τὸν
1562 2859 1790 2933 Χριστὸν
1841 2852 2088 2928 ὁλόκλη-

443 2967 560 3025 ρον,
590 2948 679 3003 καὶ
711 2948 800 3003 ὑπ’
830 2947 995 3004 αὐτοῦ
1025 2946 1460 3023 καταλειφθεῖσα,
1492 2951 1590 3002 106
1620 2944 1820 3003 λοιποῦ
1864 2946 1963 3002 ούκ
2010 2944 2086 3002 ἔτι

443 3035 594 3092 οὐδὲν
626 3032 929 3115 προέϐαλεν
958 3036 1296 3113 ὁλόκληρον,
1326 3035 1474 3092 ἀλλά
1517 3038 1585 3092 τὰ
1615 3034 1813 3091 δυνατά
1844 3037 1971 3113 παρ’
1990 3034 2087 3090 αύ-

439 3130 508 3201 τῇ
543 3125 808 3202 παρέσχεν
828 3146 841 3159 '
875 3125 1013 3182 ὥστε
1040 3126 1129 3182 καὶ
1159 3131 1255 3182 τοῦ
1283 3126 1456 3181 τόπου
1485 3127 1576 3181 καὶ
1604 3131 1711 3191 τῶν
1739 3123 1964 3200 κλήρων
1993 3122 2085 3180 06v

2205 1957 2418 2028 henna,
2442 1976 2688 2033 quasque
2709 1980 2741 2019 a
2765 1972 3042 2038 perpetuo
3064 1969 3218 2041 ignis
3252 1970 3410 2028 ﬂuxu
3442 1974 3597 2031 haud
3629 1957 3847 2050 imple-

2201 2048 2571 2121 tur.lnsuper
2588 2050 2820 2109 locutus
2839 2054 2964 2125 ipse
2983 2056 3191 2128 igneus
3212 2070 3317 2116 est.
3345 2048 3842 2136 Propterea,dicit,

2200 2137 2462 2195 velamen
2518 2141 2695 2198 habet
2724 2148 2788 2199 ut
2828 2161 2897 2201 ex
2938 2154 3250 2220 conspectu
3313 2169 3404 2209 res
3462 2172 3578 2211 non
3635 2157 3847 2215 dissol-

2202 2234 2433 2284 vantur.
2466 2229 2641 2286 Solus
2672 2249 2804 2290 vero
2833 2235 3218 2309 archangelus
3263 2242 3333 2297 ad
3382 2242 3549 2300 illum
3582 2245 3847 2318 ingredi-

2201 2320 2318 2385 tur,
2351 2320 2462 2375 sub
2494 2322 2665 2391 cujus
2695 2324 2949 2396 imagine
2983 2327 3234 2397 pontifex
3264 2331 3444 2386 semel
3488 2333 3547 2388 in
3597 2351 3749 2391 anno
3781 2336 3842 2392 in

2200 2406 2410 2463 Sancta
2438 2414 2776 2466 sanctorum
2806 2411 3263 2486 ingrediebatur.
3296 2421 3436 2475 Inde
3464 2421 3637 2479 etiam
3670 2424 3846 2481 Jesus

2200 2501 2474 2553 evocatus
2505 2497 2629 2554 loco
2659 2502 2941 2573 consedit,
2967 2508 3029 2558 ut
3060 2522 3152 2560 res
3174 2514 3449 2565 maneant
3477 2516 3535 2566 et
3565 2529 3677 2568 non
3710 2520 3846 2570 ante

2200 2584 2387 2656 ipsum
2420 2592 2683 2661 surgant,
2719 2595 2901 2662 utque
2930 2590 3122 2648 locum
3157 2599 3600 2673 mansuefaciat,
3634 2607 3697 2657 ut
3744 2602 3845 2659 de-

2201 2675 2380 2746 nique
2425 2677 2636 2732 semini
2685 2682 3001 2737 transitum
3050 2682 3108 2737 in
3159 2686 3587 2745 Plenitudinem
3620 2693 3846 2763 praebe-

2199 2768 2305 2819 ret.

2268 2851 2512 2910 XXXIX.
2538 2860 2717 2913 Mater
2736 2862 3049 2930 postquam
3072 2861 3373 2920 Christum
3395 2865 3687 2939 integrum
3714 2886 3845 2941 pro-
3876 2904 3881 2908 -

2198 2943 2461 3007 duxerat.
2482 2951 2539 3001 et
2560 2948 2631 3002 ab
2643 2948 2842 3004 eodem
2868 2949 2979 3005 fuit
3000 2952 3296 3024 derelicta,
3321 2961 3524 3026 postea
3548 2958 3691 3015 nihil
3717 2976 3842 3017 am-

2198 3033 2353 3105 plius
2376 3034 2668 3107 integrum
2684 3038 3052 3109 protulit,sed
3070 3040 3448 3114 illa,quorum
3465 3062 3745 3104 concessa
3756 3053 3847 3106 est

2198 3120 2280 3176 illi
2317 3121 2584 3190 facultas,
2618 3126 2888 3196 praebuit.
2919 3134 3123 3200 Itaque
3152 3131 3375 3204 absque
3405 3133 3531 3191 loco
3553 3136 3844 3210 clarisque

438 3192 506 3272 τά
553 3192 819 3293 ἀγγελῖκά
861 3214 996 3286 αύτή
1046 3210 1460 3293 προϐάλλουσα,
1512 3215 1639 3291 παρ’
1689 3214 1822 3287 αὐτῇ
1866 3214 2085 3288 κατέχει

2205 3226 2332 3266 cum
2380 3211 2508 3283 ipsa
2547 3192 2786 3285 angelos
2833 3192 3209 3287 produaerat,
3240 3192 3392 3292 apud
3449 3239 3510 3277 se
3559 3192 3840 3294 continet,

435 3308 545 3359 τῶν
603 3302 873 3361 έκλεκτῶν
923 3311 1031 3361 τῶν
1089 3304 1394 3381 ἀγγελικῶν
1446 3305 1550 3361 ὑπὸ
1597 3307 1695 3360 106
1744 3302 1960 3381 ἄρῥενος
2009 3297 2089 3357 ἔτι

444 3394 709 3469 πρότερον
740 3389 1234 3471 προϐεϐλημένων.

516 3484 606 3542 Μ’.
635 3483 711 3538 Τὰ
744 3484 840 3558 μὲν
872 3484 976 3561 γὰρ
1009 3481 1154 3557 δεξιᾶ
1180 3484 1288 3560 πρὸ
1334 3489 1434 3552 τῆς
1459 3485 1556 3537 106
1585 3482 1766 3559 φωτὸς
1823 3480 2091 3552 αἰτήσεως

436 3573 760 3650 προηνέχθη
797 3574 902 3629 ὑπὸ
930 3580 1029 3644 τῆς
1073 3572 1305 3650 μητρός,
1325 3572 1393 3627 τὰ
1422 3569 1480 3627 δὲ
1518 3570 1799 3647 σπέρματα
1825 3577 1927 3639 τῆς
1967 3570 2089 3626 Ἐκ-

438 3660 695 3733 κλησίας,
731 3664 868 3736 μετά
915 3664 1017 3733 τήν
1064 3666 1162 3719 106
1206 3661 1387 3741 φωτὸς
1430 3659 1664 3731 αἴτησιν,
1696 3661 1786 3716 ὅτε
1836 3659 1938 3715 ὑπὸ
1991 3662 2089 3714 106

444 3748 667 3828 ἄρρενος
695 3751 764 3808 τὰ
790 3751 1061 3828 ἀγγελικᾶ
1085 3756 1194 3807 τῶν
1229 3749 1551 3828 σπερμάτων
1585 3743 1944 3825 προεϐάλετο.

516 3842 651 3899 MA'.
709 3840 793 3898 Τὰ
848 3838 1170 3919 διαφέροντα
1242 3840 1546 3916 σπέρματα,
1603 3839 1757 3917 φησὶ,
1818 3839 1958 3912 μήτε
2016 3837 2090 3901 ὡς

442 3928 613 4002 πάθη,
645 3930 722 3984 ὧν
768 3931 1077 4003 Λυομένων,
1107 3929 1374 4000 συνελύθη
1410 3927 1468 3983 ἂν
1505 3928 1595 3983 καὶ
1639 3928 1707 3983 τὰ
1758 3926 2040 4003 σπέρματα
2071 3948 2085 3961 ·

446 4018 588 4089 μήτε
616 4017 692 4079 ὡς
716 4017 890 4073 κτίσιν
922 4016 1378 4092 προεληλυθέναι,
1412 4014 1539 4071 ἀλλ’
1570 4016 1646 4080 ὡς
1672 4016 1849 4073 τέκνα.
1880 4019 2085 4091 Ἀπαρ-

437 4108 730 4179 τιζομένης
759 4107 861 4184 γὰρ
907 4112 1008 4177 τῆς
1052 4106 1297 4175 κτίσεως,
1330 4104 1731 4179 συναπηρτίσθη
1784 4103 1843 4160 ἃν
1888 4104 2092 4177 καὶ,τᾶ

442 4194 726 4272 σπέρματα
749 4216 760 4229 ·
796 4192 881 4251 διὸ
919 4196 1008 4251 καὶ
1038 4197 1139 4265 τὴν
1164 4194 1473 4265 οἰκειότητα
1501 4192 1617 4269 ἔχει
1666 4195 1800 4269 πρὸς
1844 4194 1906 4249 τὸ
1949 4198 2088 4270 φῶς,

442 4283 471 4338 '6
502 4289 718 4360 πρῶτον
758 4286 1065 4361 προήγαγε,
1093 4283 1337 4339 τουτέστι
1383 4283 1475 4337 τὸν
1522 4283 1755 4353 Ἰησοῦν,
1788 4285 1817 4338 6
1859 4281 2091 4355 αἴτησά-

446 4392 607 4445 μενος
653 4373 780 4436 τοὺς
829 4372 1043 4435 Αἷῶνας
1091 4372 1343 4449 Χριστὸς,
1375 4370 1428 4426 ἐν
1458 4371 1504 4443 ᾧ
1543 4368 1897 4442 συνδιυλίσθη
1954 4371 2092 4427 κατὰ

446 4457 670 4535 δύναμιν
719 4462 809 4518 καὶ
864 4462 930 4517 τὰ
983 4461 1265 4538 σπέρματα
1317 4455 1645 4524 συνελθόντα
1693 4458 1842 4534 αύτῷ
1898 4459 1973 4523 είς
2025 4460 2090 4515 16

2197 3299 2397 3356 electis
2425 3300 2767 3373 angelorum
2790 3320 2822 3359 a
2845 3303 3108 3361 masculo
3142 3307 3307 3377 prius
3336 3311 3659 3379 productis.

2266 3477 2377 3533 XL.
2416 3479 2620 3535 Dextra
2663 3478 2897 3551 quidem
2929 3487 3063 3538 ante
3096 3484 3244 3541 lucis
3277 3486 3615 3558 petitionem
3647 3506 3681 3546 a
3712 3507 3841 3548 ma-

2194 3571 2285 3623 tre
2316 3567 2555 3624 fuerunt
2599 3569 2901 3640 producta,
2945 3573 3174 3629 semina
3216 3591 3350 3632 vero
3397 3576 3664 3635 Ecclesiae
3712 3583 3846 3652 post

2197 3656 2347 3713 lucis
2378 3657 2741 3729 petitionem,
2774 3674 2908 3715 cum
2938 3677 2973 3717 a
2999 3662 3259 3720 masculo
3307 3666 3534 3724 semina
3579 3669 3846 3743 angelica

2199 3746 2481 3818 producta
2512 3751 2669 3802 sunt.

2266 3840 2330 3908 id
2357 3833 2492 3889 XLI.
2515 3834 2873 3892 Excellentia
2902 3838 3144 3904 semina,
3180 3841 3281 3912 ait,
3311 3859 3416 3899 nec
3464 3849 3530 3901 ut
3576 3847 3848 3921 affectus,

2198 3925 2410 3997 quibus
2440 3923 2650 3980 solutis
2680 3930 2738 3981 et
2765 3926 2992 3983 semina
3041 3944 3159 3985 una
3205 3929 3606 4004 solverentur;
3658 3953 3849 4010 neque

2197 4017 2261 4067 ut
2283 4016 2552 4067 creatura
2578 4014 2840 4083 quasdam
2874 4016 3239 4090 prodierunt,
3262 4020 3362 4076 sed
3388 4025 3453 4076 ut
3476 4021 3603 4077 filii.
3620 4024 3850 4098 Quippe

2197 4100 2489 4157 creatione
2517 4100 2731 4168 soluta,
2755 4103 2978 4160 semina
2998 4121 3231 4178 quoque
3248 4108 3428 4164 simul
3449 4114 3590 4167 sunt
3610 4112 3804 4170 soluta
3828 4132 3843 4172 :

2198 4195 2556 4261 quapropter
2574 4190 2749 4246 etiam
2773 4208 2904 4247 cum
2927 4192 3056 4251 luce
3077 4197 3569 4255 necessitudinem
3602 4199 3848 4269 habent,

2199 4295 2377 4352 quam
2410 4279 2598 4351 primo
2631 4281 2923 4351 produxit,
2947 4299 3158 4356 nempe
3185 4284 3412 4352 Jesum,
3441 4287 3712 4345 Christus
3742 4293 3842 4363 qui

2197 4374 2408 4425 Bonas
2438 4367 2622 4438 petiit,
2653 4366 2712 4422 in
2746 4385 2859 4440 quo
2890 4375 2947 4425 et
2976 4372 3203 4428 semina
3232 4390 3364 4430 cum
3399 4392 3467 4432 e0
3498 4377 3556 4431 in
3588 4377 3845 4436 Plenitu-

2200 4458 2395 4513 diuem
2428 4456 2713 4528 ingressa,
2746 4456 3016 4514 similiter
3045 4477 3148 4532 pro
3173 4462 3325 4517 virili
3358 4464 3634 4523 defecata
3682 4474 3844 4540 sunt,

445 4547 734 4626 Πλήρωμα
766 4571 780 4587 ο
813 4550 953 4608 διότι
984 4551 1090 4626 πρὸ
1129 4543 1443 4619 καταϐολῆς
1474 4548 1685 4623 κόσμου
1725 4547 1949 4612 εῗκότως
1996 4546 2085 4604 λέ-

2205 4544 2472 4618 quoniam
2489 4549 2623 4600 ante
2636 4544 2798 4615 jacta
2828 4549 3034 4603 mundi
3068 4551 3451 4609 fundamenta
3480 4557 3687 4612 merito
3705 4557 3848 4613 dici-

439 4660 588 4716 γεται
619 4643 654 4711 ἡ
687 4640 987 4713 Ἐκκλησία
1016 4637 1364 4715 ἐκλελέχθαι.
1396 4638 1485 4696 Ἐν
1515 4638 1665 4713 ἀρχῇ
1712 4639 1893 4693 τοίνυν
1940 4659 2091 4694 συνε-

442 4725 800 4807 λογίσθημεν,
859 4729 1009 4808 φασὶ,
1056 4729 1147 4785 καὶ
1203 4727 1640 4807 έφανερώθημεν.
1697 4728 1797 4783 Διά
1846 4730 2012 4784 τοῦτο
2059 4728 2089 4782 6

442 4824 641 4897 Σωτὴρ
673 4817 818 4895 λέγει
852 4838 867 4854 °
901 4818 1186 4894 Λαμψάτω
1223 4818 1286 4873 16
1316 4820 1431 4895 φῶς
1483 4817 1661 4891 ὑμῶν,
1694 4815 1915 4891 μηνύων
1964 4817 2089 4892 περὶ

436 4911 535 4962 τοῦ
566 4907 748 4985 φωτὸς
800 4911 899 4964 106
952 4908 1210 4986 φανέντος
1267 4905 1357 4961 καὶ
1406 4905 1819 4983 μορφώσαντος,
1847 4904 1972 4983 περί
2028 4905 2090 4961 οὗ

441 4994 784 5060 ’Λπόστολος
842 4996 1012 5074 λέγει,
1043 5002 1109 5053 ⁸0
1160 4995 1383 5074 φωτίζει
1429 4995 1603 5049 πάντα
1658 4992 1941 5071 ἄνθρωπον
2000 4993 2092 5070 έρ-

440 5102 677 5159 χομενον
735 5084 813 5147 si:
864 5085 958 5140 16v
1013 5082 1244 5158 κόσμον,
1265 5084 1356 5139 τὸν
1382 5085 1480 5139 τοῦ
1528 5079 1791 5161 διαφόρου
1840 5083 2091 5157 σπέρμα-

437 5193 550 5236 τος.
591 5176 721 5233 "On
771 5172 874 5251 γὰρ
928 5171 1198 5248 ἆφωτίσθη
1259 5172 1287 5226 6
1339 5172 1648 5245 ἄνθρωπος,
1690 5170 1816 5226 τότε
1869 5168 1947 5236 εἷς
1994 5171 2087 5227 τὸν

436 5261 639 5337 κόσμον
699 5260 858 5332 ἦλθε,
914 5261 1190 5317 τουτέστιν
1248 5259 1436 5317 ἑαυτὸν
1494 5258 1785 5333 έκόσμησε,
1847 5258 2091 5336 χωρίσας

438 5349 602 5409 αὐτοῦ
654 5352 723 5408 τὰ
781 5350 1169 5407 ἐπισκοτοῦντα
1223 5351 1314 5406 καὶ
1372 5349 1886 5425 συναναμεμιγμένα
1939 5348 2089 5423 αὐτῷ

2196 4639 2293 4690 tur
2314 4633 2572 4689 Ecclesia
2591 4633 2774 4690 fuisse
2794 4634 2996 4692 electa.
3024 4638 3219 4709 Itaque
3238 4639 3297 4695 in
3321 4641 3627 4715 principio,
3655 4645 3843 4713 aiunt,

2199 4728 2257 4780 et
2305 4739 2411 4779 nos
2462 4722 2630 4779 electi
2679 4724 3157 4799 manifestatique
3208 4747 3436 4788 sumus.
3471 4734 3621 4789 Dicit
3665 4736 3848 4807 igitur

2199 4811 2460 4869 Salvator
2491 4829 2504 4868 :
2536 4811 2827 4882 Splendeat
2855 4815 2958 4870 lux
2984 4823 3170 4874 vestra
3200 4819 3297 4893 (a),
3321 4819 3591 4879 indicans
3620 4840 3723 4881 seu
3755 4823 3847 4882 Io-

2198 4918 2388 4975 quens
2419 4901 2490 4957 de
2514 4900 2643 4957 luce
2697 4901 2858 4959 illius
2888 4905 2988 4975 qui
3019 4908 3293 4978 apparuit
3311 4914 3367 4964 et
3388 4910 3845 4984 transformavit,

2199 4990 2270 5047 de
2317 5007 2436 5063 quo
2485 4990 2786 5062 apostolus
2832 4991 3068 5063 inquit:
3120 4996 3233 5066 Qui
3287 4998 3577 5055 illuminat
3631 5017 3847 5059 omnem

2200 5079 2474 5137 hominem
2500 5078 2807 5135 venientem
2824 5080 2887 5137 in
2909 5082 3183 5140 mundum
3205 5086 3299 5156 (b),
3320 5087 3427 5144 hoc
3447 5094 3535 5145 est
3553 5092 3843 5147 mundum

2198 5168 2444 5227 seminis
2475 5168 2834 5226 excellentis.
2858 5170 3005 5227 Cum
3034 5175 3191 5230 enim
3222 5174 3592 5235 illuminatus
3621 5185 3710 5236 est
3740 5180 3848 5236 h0-

2199 5276 2317 5328 mo,
2349 5262 2490 5315 tunc
2520 5258 2579 5313 in
2611 5260 2901 5316 mundum
2940 5261 3116 5334 venit,
3148 5262 3256 5321 hoc
3303 5270 3412 5335 est,
3441 5267 3704 5340 seipsum
3750 5285 3845 5325 or-

2199 5348 2360 5406 navit
2388 5347 2676 5418 separatis
2697 5365 2731 5404 a
2750 5363 2813 5404 se
2848 5349 3100 5407 tenebris
3129 5356 3188 5407 et
3219 5353 3594 5425 passionibus
3622 5356 3709 5413 illi
3742 5357 3846 5415 ad-

514 5498 578 5563 it
605 5497 669 5555 P.
699 5500 809 5554 969
839 5498 959 5555 ΕΙ).
992 5496 1289 5555 PO'I'I‘ER.
1366 5495 1444 5569 (a)
1476 5493 1682 5551 Matth.
1716 5510 1772 5562 ν,
1807 5495 1891 5550 16.
1971 5496 2044 5567 (b)
2073 5496 2089 5554 ζ

2205 5510 2242 5550 ι.
2276 5509 2315 5561 1,
2346 5491 2402 5546 9.

511 5643 622 5715 (94)
652 5641 1074 5718 Πληρουμενης.
1106 5641 1492 5700 Scribendum
1524 5638 1726 5715 potius
1756 5635 2089 5714 πληρουμένη

2205 5640 2246 5693 lt
2274 5634 2564 5692 referatur
2590 5633 2663 5690 ad
2692 5629 2899 5708 γέεννα.
