4078 6146
275 285 382 340 679

1503 284 1910 341 CLEMENTIS
1947 284 2448 339 ALEXANDRINI

3578 286 3690 342 680

278 409 470 468 mistis
495 411 780 466 Adamum
813 423 1044 480 quoque
1074 423 1206 462 cum
1258 407 1316 461 in
1370 411 1563 462 mente
1603 406 1900 462 continere

2040 405 2206 474 πάθη.
2244 405 2344 460 Καὶ
2393 407 2486 460 τὸν
2518 403 2698 478 Ἀδὰμ
2727 406 2754 460 6
2791 407 3135 482 Δημιουργὸς
3185 405 3362 478 ἐννοίᾳ
3403 410 3691 485 προσχὼν,

279 500 652 570 Demiurgus,
689 515 788 554 seu
831 513 1024 554 rerum
1056 497 1343 567 conditor,
1374 496 1433 550 in
1466 497 1581 550 ﬁne
1611 495 1920 551 creationis

276 590 544 644 eumdem
579 588 869 660 produxit.

351 678 524 733 XLII.
559 682 709 732 Crux
745 675 981 732 termini
1039 676 1286 747 hujusce
1335 675 1437 747 qui
1489 676 1545 729 in
1599 674 1924 730 Pleromate

281 785 380 822 seu
416 767 782 822 Plenitudiue
813 771 920 830 est,
955 767 1186 833 signum
1233 771 1355 833 est;
1408 764 1673 819 inﬁdeles
1704 763 1858 818 enim
1893 780 1925 817 a

280 857 552 912 fidelibus
601 865 854 927 separal,
885 863 946 911 ut
997 854 1096 908 ille
1145 855 1432 909 mundum
1467 871 1499 908 a
1532 853 1919 908 Plenitudine.

282 947 556 1017 Hancque
577 947 649 1000 ob
672 962 909 1001 causam
933 945 1163 1000 semina
1185 960 1287 1015 per
1306 943 1542 1011 signum
1567 942 1626 996 in
1647 941 1923 995 humeros

278 1035 605 1105 suscipiens
636 1034 829 1100 Jesus,
855 1035 910 1087 in
942 1032 1373 1088 Plenitudinem
1405 1031 1671 1086 induxit:
1709 1029 1924 1101 quippe

277 1123 507 1178 humeri
539 1123 782 1179 seminis
809 1122 980 1178 Jesus
1025 1123 1258 1188 dicitur,
1292 1125 1468 1193 caput
1514 1126 1707 1174 autem
1755 1117 1921 1174 Chri-

276 1221 421 1268 slus.
450 1212 612 1267 Unde
647 1212 868 1266 dictum
904 1216 1030 1266 est:
1081 1213 1186 1278 Qui
1214 1228 1323 1266 non
1351 1211 1495 1264 tollit
1525 1225 1736 1263 crucem
1767 1225 1922 1262 suam

277 1308 330 1356 et
359 1304 607 1372 sequitur
633 1319 741 1369 me,
772 1317 884 1355 non
917 1304 994 1356 est
1023 1303 1201 1369 frater
1230 1316 1380 1355 meus
1409 1300 1505 1368 (α).
1540 1297 1700 1353 Tulit
1741 1297 1923 1368 igitur

277 1407 491 1462 corpus
519 1390 683 1460 Jesu,
716 1393 869 1462 quod
906 1389 1408 1445 consubstantiale
1439 1388 1547 1443 fuit
1577 1386 1865 1443 Ecclesiae.

350 1571 498 1627 355
525 1569 714 1624 XLIII.
739 1569 952 1623 Dicunt
973 1567 1154 1640 igitur
1183 1567 1336 1639 quod
1364 1571 1675 1638 potestates
1704 1567 1917 1622 dextrae

276 1662 417 1717 Jesu
450 1664 625 1730 atque
654 1658 863 1713 Christi
911 1657 1150 1712 nomina
1179 1657 1570 1728 cognoverint,
1599 1662 1730 1711 ante
1760 1658 1917 1728 ejus-

2031 492 2116 547 ἐπὶ
2147 492 2291 548 τέλει
2321 498 2419 564 τῆς
2454 493 2819 570 δημιουργίας
2853 495 3012 551 αὐτὸν
3045 498 3384 573 προήγαγεν.

2056 692 2058 696 ·
2104 677 2230 732 ΜΒ’.
2263 676 2326 732 Ὁ
2359 675 2588 746 σταυρὸς
2618 679 2715 731 τοῦ
2767 675 2819 730 ἐν
2871 674 3218 751 Πληρώματι
3267 676 3399 752 ὅρου
3456 680 3687 751 σημεῖόν

2033 762 2220 818 ἐστιν’
2279 765 2507 840 χωρίζει
2596 765 2721 826 τοὺς
2803 765 3060 828 ἀπίστους
3127 770 3234 820 τῶν
3322 771 3553 833 πιστῶν,
3608 768 3687 830 ὡς

2033 852 2236 914 ἐκεῖνος
2293 853 2384 908 τὸν
2443 851 2646 927 κόσμον
2703 859 2799 908 τοῦ
2860 853 3262 928 Πληρώματος.
3323 855 3416 908 Διὸ
3472 855 3560 909 καὶ
3621 857 3688 911 τὰ

2033 941 2313 1015 σπέρματα
2343 944 2370 996 6
2404 942 2615 1012 Ἰησοῦς
2649 941 2737 997 διὰ
2775 947 2873 997 τοῦ
2924 943 3154 1016 σημείου
3206 943 3291 998 ἐπὶ
3349 948 3458 998 σῶν
3514 941 3684 1018 ὤμων

2036 1031 2301 1106 βαστάσας
2358 1031 2554 1106 εἰσάγει
2607 1032 2682 1094 εἷς
2735 1032 2797 1086 τὸ
2849 1029 3138 1106 Πλήρωμα
3172 1053 3184 1064 ·
3234 1034 3380 1106 ὦμοι
3433 1033 3534 1109 γάρ
3587 1039 3687 1089 τοῦ

2031 1119 2341 1194 σπέρματος
2383 1121 2410 1173 ὁ
2443 1122 2652 1190 Ἰησοῦς
2702 1118 2915 1195 λέγεται
2951 1139 2964 1152 ⁸
2994 1119 3206 1196 κεφαλή
3255 1117 3311 1174 δὲ
3355 1121 3382 1174 ὁ
3427 1121 3683 1197 Χριστός.

2029 1209 2187 1264 ’Ὀθεν
2247 1205 2481 1283 εἶ’ρηται,
2539 1210 2635 1270 Ὃς
2694 1208 2792 1263 οὐκ
2846 1209 2984 1284 αἶ’ρει
3041 1210 3133 1264 τὸν
3207 1211 3432 1284 σταυρὸν
3494 1211 3683 1286 αὐτοῦ,

2028 1297 2116 1351 καὶ
2176 1295 2466 1362 ἀκολουθεῖ
2519 1319 2632 1370 μοι,
2693 1297 2792 1352 οὐκ
2848 1295 2960 1352 ἔστι
3043 1319 3148 1371 μου
3227 1297 3465 1373 ἀδελφός
3522 1302 3684 1376 (95).

2027 1388 2189 1460 Ἦρεν
2239 1384 2328 1440 οῦν
2374 1389 2438 1441 τὸ
2483 1391 2642 1460 σῶμα
2681 1391 2778 1442 τοῦ
2825 1389 3025 1456 Ἰησοῦ,
3079 1386 3210 1461 ὅπερ
3263 1387 3560 1461 ὁμοούσιον
3614 1391 3680 1459 ἦν

2023 1479 2091 1549 τῇ
2125 1475 2442 1546 Ἐκκλησία.

2097 1565 2222 1619 Ml".
2260 1561 2520 1637 Λέγουσιν
2546 1561 2659 1633 οὖν,
2686 1562 2767 1618 ὅτι
2811 1565 2866 1618 αἱ
2905 1561 3069 1634 δεξιαί
3115 1559 3313 1639 ᾔδεσαν
3365 1570 3464 1620 τοῦ
3498 1568 3683 1638 Ἰησοῦ

2027 1652 2116 1706 καὶ
2146 1657 2242 1706 τοῦ
2281 1654 2513 1727 Χριστοῦ
2541 1652 2608 1706 τὰ
2637 1653 2899 1724 ὀνόματα,
2926 1654 3014 1708 καὶ
3041 1655 3147 1728 πρὸ
3179 1661 3281 1724 τῆς
3327 1655 3629 1732 παρουσίας
3663 1675 3677 1690 ·

277 1752 405 1806 dem
437 1749 750 1805 adventum
778 1765 790 1804 :
825 1747 1050 1818 signum
1079 1763 1212 1802 vero
1244 1745 1445 1801 dicunt
1467 1745 1742 1800 virtutem
1801 1763 1911 1802 non

2031 1739 2174 1795 ἀλλὰ
2207 1742 2271 1796 τὸ
2311 1746 2539 1813 σημεῖον
2582 1743 2680 1796 οὐκ
2708 1738 2925 1815 ᾔδεσαν,
2959 1743 3112 1818 φασὶ,
3147 1741 3376 1818 δύναμιν
3411 1747 3545 1820 (96).
3581 1748 3675 1816 Καὶ

276 1839 535 1894 scivisse.
571 1837 751 1891 Dante
796 1837 972 1906 etiam
1023 1835 1242 1906 Spiritu
1277 1839 1624 1907 potestatem
1659 1851 1914 1902 omnem,

276 1927 635 1996 approbante
679 1922 941 1978 similiter
991 1929 1048 1977 et
1091 1922 1478 1992 Plenitudine,
1509 1922 1739 1990 angelus
1787 1939 1917 1977 con—

273 2015 396 2070 silii
417 2015 489 2085 (b)
513 2013 732 2067 missus
757 2017 864 2078 est,
891 2016 946 2066 et
972 2016 1103 2083 post
1134 2011 1361 2066 Patrem
1395 2012 1796 2066 universorum
1821 2027 1915 2065 ca-

274 2109 380 2176 put
403 2105 588 2158 factus
609 2107 716 2156 est.
743 2100 932 2156 Omnia
954 2103 1108 2155 enim
1129 2100 1188 2154 in
1208 2104 1322 2171 ipso
1341 2109 1536 2156 creata
1560 2103 1686 2154 sunt
1717 2101 1916 2154 visibi-

273 2195 353 2248 lia
381 2197 433 2248 et
464 2190 798 2256 invisibilia,
830 2191 1032 2258 throni,
1065 2190 1490 2258 dominationes,
1523 2205 1712 2259 regna,
1745 2187 1917 2243 deita-

273 2285 371 2348 tes,
393 2277 830 2333 ministrationes
849 2278 920 2349 (c)
943 2295 961 2330 :
982 2293 1152 2348 quare
1184 2279 1320 2332 Deus
1348 2277 1516 2332 etiam
1544 2279 1728 2346 ipsum
1757 2279 1916 2331 exal-

275 2369 432 2432 tavit,
464 2366 717 2436 deditque
748 2365 840 2420 illi
861 2381 1060 2421 nomen
1087 2381 1253 2436 supra
1286 2381 1443 2420 omne
1465 2382 1683 2434 nomen,
1708 2372 1766 2420 ut
1796 2381 1913 2420 om-

274 2473 344 2511 ne
369 2473 508 2527 genu
553 2458 828 2526 ﬂectatur,
862 2455 1147 2524 omnisque
1180 2454 1369 2524 lingua
1397 2457 1745 2524 conﬁteatur,
1779 2454 1918 2525 quod

273 2544 536 2601 Dominus
564 2543 759 2614 gloriae
787 2544 938 2598 Iesus
960 2542 1208 2599 Christus
1230 2543 1480 2597 Salvator
1507 2543 1606 2613 (ἀ),
1631 2542 1779 2598 idem
1802 2543 1918 2613 ipse

275 2635 374 2704 qui
418 2632 679 2699 ascendit,
716 2634 914 2704 quique
961 2631 1251 2686 descendit.
1288 2632 1438 2699 Quod
1483 2647 1611 2686 vero
1648 2633 1913 2698 ascendit,

272 2723 403 2794 quid
429 2725 506 2777 est
535 2723 649 2776 nisi
673 2721 816 2792 quod
847 2725 897 2775 et
934 2719 1252 2776 descendit?
1303 2721 1408 2788 Qui
1448 2721 1738 2789 descendit,
1770 2724 1915 2778 idem

271 2820 370 2878 est,
403 2816 462 2865 in
489 2815 670 2882 partes
718 2819 882 2866 terra
923 2809 1165 2876 inﬁmas,
1197 2817 1248 2866 et
1290 2811 1385 2880 qui
1431 2825 1606 2882 supra
1651 2812 1807 2866 caelos
1849 2828 1912 2867 a-

268 2900 479 2956 scendit
509 2906 601 2971 χε).

341 2988 531 3045 XLIV.
564 2987 781 3043 Videns
831 2995 1020 3042 aulem
1069 2988 1365 3059 Sapientia
1413 2987 1662 3044 similem
1715 2990 1909 3062 ipsum

267 3078 381 3134 luci
414 3093 545 3148 quis
589 3077 771 3148 ipsam
819 3075 1152 3147 reliquerat,
1180 3079 1466 3148 cognovit,
1500 3079 1772 3149 accurrit,
1807 3097 1907 3136 ex-

2027 1829 2211 1890 δόντος
2266 1835 2438 1884 πᾶσαν
2497 1831 2598 1897 τήν
2659 1829 2901 1900 ἐξουσίαν
2933 1836 3029 1885 τοῦ
3062 1832 3396 1905 ΙΙνεύματος,
3432 1833 3675 1890 συναινέ-

2025 1939 2215 1982 σαντος
2271 1916 2328 1972 δὲ
2375 1918 2463 1972 καὶ
2511 1923 2607 1973 τοῦ
2655 1918 3059 1993 Πληρώματος,
3109 1920 3441 1994 ἐκπέμπεται
3495 1925 3522 1978 6
3572 1930 3669 1993 τῆς

2031 2005 2238 2082 βουλῆς
2286 2005 2538 2081 ἄγγελος,
2569 2007 2658 2062 καὶ
2688 2007 2885 2083 γίνεται
2927 2008 3139 2086 κεφαλή
3185 2015 3293 2064 τῶν
3343 2010 3484 2066 ὅλων
3533 2010 3665 2082 μετὰ

2023 2097 2115 2150 τὸν
2172 2095 2402 2168 Πατέρα.
2436 2096 2613 2150 Πάντα
2657 2098 2758 2172 γὰρ
2808 2096 2858 2151 ἐν
2911 2097 3058 2170 αὐτῷ
3115 2097 3335 2170 ἐκτίσθη
3384 2099 3446 2152 τὰ
3499 2098 3664 2174 ὁρατὰ

2025 2185 2113 2239 καὶ
2196 2186 2262 2239 τά
2344 2185 2546 2260 ἀόρατα
2579 2230 2592 2253 ,
2653 2185 2870 2258 θρόνοι,
2928 2187 3249 2260 κυριότητες
3282 2231 3296 2257 ,
3353 2185 3616 2263 βασιλεῖαι
3651 2233 3665 2259 ,

2025 2276 2295 2344 θεότητες,
2329 2272 2706 2349 λειτουργίαι·
2760 2273 2844 2329 διὸ
2893 2275 2982 2330 καὶ
3033 2278 3061 2331 6
3110 2277 3239 2337 Θεὸς
3298 2277 3459 2331 αὐτὸν
3515 2277 3670 2351 ὑπερ-

2027 2363 2351 2434 ύψωσε,καὶ
2409 2359 2604 2417 ἔδωκεν
2667 2364 2816 2435 αὐτῷ
2871 2360 3043 2436 ὄνομα
3100 2365 3163 2418 τὸ
3216 2365 3348 2440 ὑπὲρ
3403 2371 3504 2419 πᾶν
3553 2363 3674 2420 ὅνο-

2028 2473 2122 2525 μα,
2173 2449 2266 2506 ἵνα
2321 2458 2424 2506 πᾶν
2477 2451 2607 2528 γόνυ
2663 2453 2872 2526 κάμψῃ,
2933 2453 3022 2507 καὶ
3079 2459 3224 2508 πᾶσα
3281 2453 3505 2528 γλῶσσα
3556 2454 3673 2524 ἐξο-

2028 2539 2432 2614 μολογήσηται,
2460 2539 2541 2594 ὅτι
2574 2540 2774 2614 Κύριος
2818 2544 2916 2605 τῆς
2967 2539 3128 2612 δόξης
3162 2544 3375 2612 Ἰησοῦς
3440 2543 3676 2617 Χριστὸς

2027 2631 2245 2704 Σωτήρ,
2295 2625 2492 2690 ἀναϐὰς
2549 2629 2710 2694 αὐτὸς
2763 2631 2853 2684 καὶ
2904 2627 3166 2694 καταϐάς.
3209 2632 3284 2689 Τὸ
3351 2629 3428 2700 δὲ,
3481 2627 3672 2704 ἀνέϐη,

2022 2717 2076 2772 τί
2134 2718 2298 2790 ἐστιν,
2332 2717 2379 2772 εἷ’
2435 2719 2510 2791 μή
2571 2719 2653 2773 δτι
2713 2719 2803 2773 καὶ
2834 2715 3071 2791 κατὲϐη;
3105 2721 3166 2777 Ὀ
3216 2715 3454 2782 καταϐὰς
3512 2720 3674 2783 αὐτός

2023 2808 2163 2862 ἐστιν
2224 2806 2299 2869 εἷς
2338 2809 2405 2862 τὰ
2442 2809 2724 2863 κατώτατα
2779 2815 2878 2878 τῆς
2911 2816 3035 2883 γῆς,
3067 2810 3156 2864 καὶ
3189 2804 3384 2871 ἀναϐὰς
3423 2808 3671 2885 ὑπεράνω

2021 2901 2127 2951 τῶν
2162 2896 2418 2971 οὐρανῶν.

2093 2988 2218 3041 ΜΔ’.
2255 2983 2466 3040 ’ἰδοῦσα
2524 2984 2581 3040 δὲ
2637 2984 2797 3041 αὐτὸν
2854 2989 2888 3056 ἡ
2939 2988 3116 3064 Σοφία
3157 2988 3349 3061 ὅμοιον
3399 2986 3477 3061 τῷ
3506 3007 3670 3042 κατα.

2025 3076 2243 3133 λιπόντι
2301 3076 2465 3144 αὐτὴν
2525 3077 2688 3151 φωτὶ,
2722 3077 2978 3153 ἐγνώρισε
3033 3076 3121 3132 καί
3164 3076 3533 3155 προσέδραμε,
3581 3077 3672 3134 καὶ

267 3167 530 3235 sultavit,
562 3171 618 3220 et
647 3164 897 3236 denique
930 3165 1188 3220 adoravit
1220 3183 1232 3220 :
1286 3167 1524 3237 angelos
1557 3177 1747 3224 autem
1783 3187 1906 3225 ma-

2031 3130 2058 3133 ’⁷
2095 3130 2147 3132 V77
2207 3130 2214 3132 ἡ
2383 3130 2388 3131 ⁷
2426 3130 2434 3144 ⁸
2536 3130 2550 3151 Ῐ
2597 3130 2635 3131 νγ
2675 3130 2688 3145 ⁷
2761 3130 2771 3152 θ
2865 3130 2970 3153 l""
3037 3130 3097 3132 IVN
3173 3130 3360 3152 "l""'
3409 3130 3533 3152 "I""
3584 3130 3671 3134 η’-ν

2031 3165 2400 3242 ἠγαλλιάσατο
2450 3165 2540 3220 καὶ
2571 3165 2941 3238 προσεκύνησε
2974 3186 2986 3199 ·
3018 3165 3147 3230 τοὺς
3177 3164 3233 3221 δὲ
3263 3130 3487 3245 ἆῤῥένας
3520 3166 3673 3242 ἀγγέ-

263 3257 458 3314 sculos
491 3272 621 3311 cum
643 3253 1008 3325 vidissetqui
1040 3271 1173 3308 cum
1207 3253 1304 3309 illo
1341 3256 1507 3310 missi
1531 3262 1686 3326 sunt,
1711 3259 1910 3314 incan-

263 3347 392 3403 duit
447 3362 544 3402 ore
601 3343 798 3408 rubor,
844 3351 1160 3415 velumque
1205 3344 1267 3406 ›ι‹
1313 3345 1612 3416 imposuit.
1656 3347 1913 3417 Hujusce

264 3435 522 3508 mysterii
557 3433 745 3505 gratia
775 3431 990 3487 Paulus
1013 3433 1182 3500 jubet
1214 3442 1272 3488 ut
1297 3433 1556 3490 mulieres
1589 3441 1910 3506 potestatem

261 3529 467 3596 gestent
496 3538 661 3592 super
687 3525 876 3591 caput,
905 3529 1125 3592 prapter
1153 3523 1372 3592 angelos
1403 3523 1488 3594 (f).

332 3613 494 3669 XLV.
531 3614 659 3667 Mox
689 3612 869 3683 igitur
914 3611 1174 3667 Salvator
1220 3613 1467 3668 formam
1517 3615 1698 3680 affert,
1734 3617 1906 3672 nimi-

264 3720 394 3760 rum
455 3703 766 3758 alfectuum
821 3702 1250 3756 damnationem
1299 3708 1474 3773 atque
1533 3705 1904 3776 medicinam,

262 3793 578 3850 ostendens
636 3808 764 3862 qua».
813 3808 846 3845 a
888 3791 1055 3845 Patre
1099 3791 1360 3862 ingenito
1409 3793 1466 3846 in
1520 3793 1904 3863 Plenitudine,

266 3899 511 3955 quaeque
537 3883 608 3936 ad
632 3881 819 3953 ipsam
844 3896 1030 3951 usque
1049 3887 1280 3935 essent:
1315 3899 1592 3938 amovens
1615 3901 1745 3938 vero
1777 3885 1906 3955 qui-

262 3975 374 4028 bus
404 3973 764 4026 laboraverat
795 3970 1051 4036 aﬁ‘eclus,
1088 3971 1272 4039 ipsam
1323 3970 1560 4040 quidem
1592 3973 1662 4025 ab
1695 3973 1905 4027 iisdem

265 4064 587 4116 immunem
609 4060 759 4114 fecit.
786 4059 1094 4114 Passiones
1123 4063 1318 4112 autem
1353 4059 1691 4116 discernens
1714 4077 1906 4117 serva-

262 4151 365 4215 vit,
390 4155 446 4204 et
477 4166 592 4205 non
629 4153 694 4203 ut
723 4149 794 4202 ab
826 4145 1084 4202 interiori
1117 4147 1501 4218 dispositione
1533 4148 1819 4217 liberavit,
1850 4155 1909 4204 et

263 4239 598 4310 diripiebat,
631 4237 732 4292 sed
763 4240 821 4290 et
851 4236 921 4290 ad
955 4235 1143 4307 ipsam
1195 4234 1596 4306 dispositionis
1640 4239 1907 4293 secundae

265 4328 658 4384 substantiam
708 4325 965 4380 deduxit.
1000 4324 1164 4378 Hunc
1195 4324 1251 4378 in
1286 4326 1522 4380 modum
1572 4343 1674 4397 per
1720 4327 1910 4383 Salva-

262 4419 406 4474 toris
437 4414 857 4488 apparitionem
891 4411 1187 4484 Sapientia
1216 4417 1306 4468 est
1336 4413 1633 4484 producta,
1665 4433 1909 4489 quaeque

265 4506 518 4562 exterius
549 4508 690 4560 sunt
715 4507 906 4558 creata
937 4503 1187 4557 fuerunt.
1220 4502 1418 4558 Omnia
1436 4505 1585 4559 enim
1602 4521 1700 4575 per
1729 4505 1912 4578 ipsum
1939 4494 1988 4558 D

260 4598 407 4666 facta
436 4599 582 4661 sunt,
617 4595 819 4663 absque
847 4591 946 4646 illo
973 4593 1182 4662 factum
1207 4599 1284 4645 est
1312 4591 1458 4646 nihil
1489 4593 1589 4661 (θ).

334 4683 525 4738 XLVI.
560 4682 819 4737 Primum
850 4681 1048 4748 itaque
1090 4696 1158 4736 ex
1203 4680 1409 4736 affectu
1459 4682 1798 4754 incorporeo
1845 4688 1904 4740 et

259 4772 556 4830 accidente
587 4772 645 4826 in
677 4769 1111 4841 incorporeum,
1142 4768 1201 4823 in
1254 4769 1554 4824 materiam
1609 4773 1724 4827 hac
1773 4773 1904 4844 ipsa

2022 3256 2150 3320 λους
2192 3257 2318 3319 τοὺς
2367 3257 2459 3311 σὺν
2496 3258 2646 3329 αὐτῷ
2695 3257 3096 3334 ἐκπεμφθέντας
3147 3260 3472 3332 θεασαμένη,
3508 3280 3672 3332 κατῃ-

2020 3345 2180 3417 δέσθη
2214 3347 2302 3401 καὶ
2333 3345 2599 3419 κάλυμμα
2630 3346 2870 3410 ἐπέθετο.
2892 3347 2988 3400 Διά
3013 3347 3210 3402 τούτου
3239 3346 3336 3402 τοῦ
3371 3347 3674 3421 μυστηρίου

2020 3437 2047 3491 6
2099 3435 2312 3496 Παῦλος
2358 3434 2566 3490 κελεύει
2615 3435 2709 3496 τὰς
2757 3441 3015 3510 γυναῖκας
3065 3441 3250 3512 φορεῖν
3309 3435 3550 3510 ἐξουσίαν
3584 3435 3673 3491 ἐπὶ

2015 3533 2114 3586 τ’ῖς
2143 3524 2406 3601 κεφαλῆς,
2441 3521 2529 3578 διὰ
2557 3522 2682 3584 τοὺς
2716 3523 3005 3599 ἀγγέλους.

2088 3615 2219 3670 ME'.
2257 3613 2430 3674 Εὐθὺς
2461 3603 2572 3666 κοῦν
2608 3613 2635 3665 6
2679 3614 2874 3688 Σωτὴρ
2931 3612 3172 3691 ἐπιφέρει
3219 3613 3384 3684 αὐτὴν
3438 3613 3667 3692 μόρφωο

2016 3725 2097 3757 σιν
2129 3705 2226 3771 τὴν
2258 3703 2594 3774 κατάγνωσιν
2623 3703 2712 3756 καὶ
2746 3701 2885 3757 ἴασιν
2929 3707 3036 3756 τῶν
3088 3707 3296 3771 παθῶν,
3331 3702 3504 3774 δείξας
3555 3703 3664 3759 ἀπὸ

2015 3790 2224 3864 Πατρὸς
2279 3791 2576 3862 ἀγεννήτου
2620 3789 2688 3844 τὰ
2736 3788 2788 3843 ἐν
2841 3789 3184 3864 Ηλήρώματι
3233 3793 3320 3846 καὶ
3371 3793 3438 3845 τὰ
3498 3789 3661 3866 μέχρι

2014 3879 2182 3948 αὐτῆς
2217 3897 2229 3911 ·
2266 3879 2576 3948 ἀποστήσας
2604 3875 2661 3932 δὲ
2689 3879 2756 3932 τὰ
2786 3877 2927 3948 πάθη
2968 3886 3070 3948 τῆς
3116 3880 3464 3948 πεπονθυίας,
3497 3878 3664 3947 αὐτὴν

2019 3969 2112 4041 μὲν
2156 3968 2335 4036 ἀπαθῆ
2381 3966 2757 4036 κατεσκεύασε,
2789 3969 2856 4021 τὰ
2909 3967 3053 4037 πάθη
3108 3965 3164 4022 δὲ
3210 3966 3488 4044 διακρίνας
3536 3967 3662 4045 ἐφύ-

2016 4054 2166 4128 λαξε,
2185 4057 2273 4111 καὶ
2327 4056 2435 4130 οὐχ
2482 4056 2662 4129 ὥσπερ
2697 4062 2798 4124 τῆς
2841 4050 2992 4110 ἔνδον
3043 4059 3154 4128 (97)
3187 4053 3512 4133 διεφορήθη,
3539 4054 3667 4111 ἀλλ’

2017 4146 2092 4208 εἷς
2127 4146 2315 4200 οὐσίαν
2341 4144 2542 4221 ἤγαγεν
2579 4147 2717 4200 αὐτά
2743 4167 2800 4200 τε
2829 4145 2918 4200 καὶ
2948 4153 3046 4214 τῆς
3079 4143 3326 4222 δευτέρας
3356 4144 3666 4209 διαθέσεως.

2016 4235 2173 4293 Οὕτω
2197 4231 2284 4289 διὰ
2311 4243 2411 4304 τῆς
2436 4238 2530 4289 τοῦ
2556 4238 2814 4309 Σωτῆρος
2849 4234 3156 4311 ἐπιφανείας
3185 4237 3219 4304 ἡ
3250 4234 3421 4311 Σοφία
3440 4234 3668 4307 γίνεται,

2015 4323 2198 4379 καίτᾶ
2240 4322 2339 4395 ἔξω
2381 4323 2638 4392 κτίζεται.
2674 4323 2855 4377 Πάντα
2883 4323 2985 4397 γὰρ
3022 4320 3090 4376 δι’
3124 4323 3289 4377 αὐτοῦ
3344 4324 3546 4398 γέγονε,
3577 4321 3669 4376 καὶ

2017 4413 2192 4488 χωρὶς
2223 4412 2386 4468 αὐτοῦ
2406 4411 2616 4488 γὲγονεν
2651 4408 2828 4468 οὐδὲν.

2087 4681 2207 4749 MC.
2243 4681 2464 4754 Πρῶτον
2522 4676 2614 4732 οῦν
2672 4675 2723 4747 ἐξ
2783 4677 3076 4750 ἀσωμάτου
3133 4677 3340 4741 πάθους
3388 4679 3479 4734 καὶ
3530 4701 3666 4750 συμ.

2017 4765 2319 4840 ϐεϐηκότος
2370 4766 2447 4830 εἷς
2500 4767 2818 4839 ἀσώματον,
2847 4765 2934 4821 ἐπὶ
2982 4766 3082 4834 τὴν
3131 4765 3268 4836 ὕλην
3300 4766 3434 4824 αὐτᾶ
3469 4771 3667 4841 μετήν-

329 4899 392 4962 ›ι‹
423 4902 484 4952 Ρ.
515 4896 622 4951 97o
653 4896 764 4950 sn.
799 4893 1103 4968 POTTEB.
1161 4893 1470 4968 (a_)M_atth.
1503 4911 1559 4963 χ,
1590 4896 1678 4951 39.
1733 4900 1810 4968 (δ)
1845 4901 1911 4956 ιει

2031 4917 2064 4967 ἰ,
2099 4898 2153 4951 6.
2208 4895 2280 4966 (c)
2310 4892 2427 4949 Col.
2464 4911 2502 4961 ι,
2541 4894 2627 4948 16.
2683 4895 2769 4963 (d)
2799 4893 2946 4948 Phil.
2980 4909 3043 4963 ιι,
3074 4892 3128 4961 9,
3164 4893 3250 4962 10,
3279 4893 3366 4949 ll.
3422 4894 3492 4965 (ε)
3522 4892 3668 4966 Eph.

261 4986 340 5042 ιν,
367 4971 423 5041 9,
454 4969 539 5024 l0.
619 4968 681 5038 (f)
714 4972 734 5020 Ι
765 4971 892 5022 Cor.
925 4983 1000 5035 x1,
1034 4966 1121 5022 l0.
1171 4965 1276 5037 '(g)
1306 4965 1472 5022 Joan.
1507 4984 1546 5036 1,
1577 4968 1632 5021 3.

477 5110 590 5168 Οὐκ
639 5107 748 5186 ἔστι
799 5131 902 5182 μου
934 5107 1189 5186 ἀδελφός.
1223 5110 1396 5186 Vulg.
1587 5113 1790 5170 Matth.
1822 5132 1858 5170 x
1891 5131 1904 5169 ε

258 5180 370 5238 Οὐκ
401 5180 517 5270 iain
550 5203 654 5270 μευ
685 5180 832 5267 ἄξιος
855 5200 867 5212 ”
902 5180 1394 5270 atque'it‘a‘eti’am
1430 5185 1696 5240 Clemens
1728 5203 1909 5258 supra

151 5321 156 5324 _
259 5251 560 5346 pag.j3'2l.'
589 5251 738 5310 Ferri
769 5251 1056 5346 tamen—et
1095 5251 1330 5346 ἀᾷελξρρς
1373 5259 1579 5324 potest,
1624 5251 1904 5346 qponiam

260 5321 412 5401 apud
450 5328 664 5401 Lucam
696 5344 812 5394 XIV,
843 5329 932 5397 27,
962 5333 1050 5382 est
1097 5324 1159 5378 οὐ
1218 5321 1433 5378 δ’ύνατα.
1487 5347 1591 5399 μου
1637 5321 1769 5382 εἶναι
1805 5349 1906 5401 μα-

260 5397 452 5464 θητής.
487 5397 771 5452 SYLBUsG.

332 5468 441 5537 (96)
487 5464 741 5546 pompm.
778 5465 1033 5546 Aegae
1061 5467 1462 5546 accipiendum
1518 5484 1629 5546 per_
1671 5470 1904 5546 ellipsin

257 5536 693 5616 prmpOgitionis
731 5537 864 5616 κατά
896 5536 1046 5616 ’ἐιυῒζ
1074 5536 1434 5616 transposita
1461 5536 1671 5616 copula
1711 5536 1906 5616 legen-

255 5600 421 5680 δυαὶ,
460 5600 684 5676 δύναμιν
735 5603 920 5670 δόντος
961 5608 1051 5663 καὶ
1097 5600 1268 5661 πᾶσαν
1312 5608 1412 5677 τήν
1460 5600 1718 5681 ἐξᾶυσίαν.
1768 5600 1904 5670 ἕΥιι

2021 5129 2195 5170 BURG.

2092 5185 2202 5255 (97)
2231 5185 2339 5249 Τῆς
2366 5175 2536 5255 ἔνδον.
2567 5180 3137 5255 νὶἀθιυςορροηθτθ
3165 5176 3226 5230 τὸ
3246 5183 3355 5255 ,τῆς
3380 5171 3554 5255 ἔνδον,
3588 5181 3667 5255 τῷ

2019 5249 2561 5328 δευτέραςγκτίσεως,
2610 5257 2674 5306 ut
2721 5250 2859 5328 velit
2906 5250 3195 5328 mundum
3242 5249 3578 5328 interiorem
3611 5253 3668 5305 et

2017 5320 2183 5398 quod'
2231 5320 2557 5398 Pleromate
2594 5323 2957 5398 continetur,
3001 5320 3299 5398 _qui_dquid
3333 5321 3663 5398 _a_li:ectuum

2017 5391 2125 5463 est,
2161 5396 2527 5468 passionum,
2554 5391 3290 5468 vitiorum,_aegrit_udinum
3317 5391 3579 5468 dilﬂasse
3607 5396 3666 5446 et

2015 5463 2387 5539 exstirpasse,
2420 5463 2531 5539 etc.
2587 5463 3305 5539 HaecAYalentinianorum
3363 5463 3663 5539 Gnostico-

2016 5533 2268 5610 rumque
2297 5537 2584 5610 doctrina,
2616 5553 2685 5610 εξ
2725 5534 2844 5590 illis
2893 5533 3159 5606 Origenis
3188 5533 3492 5606 disputata
3519 5538 3576 5591 et
3603 5533 3660 5589 in

2015 5607 2338 5670 Ecclesiam
2364 5608 2611 5665 invecta.
2642 5607 2898 5664 Gomasr.
