4078 6146
377 280 479 339 681

1148 276 1387 337 ῡῠΒιΔ.
1424 307 1494 319 -
1522 279 1907 336 RXCERPTA
1946 278 2045 335 ΒΧ

2170 276 2402 333 BIPTIS
2437 278 2817 347 THEODOTI,
2856 281 3010 337 RTC.

3680 286 3790 344 602

377 404 573 477 τλησεν
602 401 692 459 καὶ
726 396 1049 477 μετεϐαλεν,
1081 401 1176 465 εἶθ’
1225 400 1402 464 οὕτως
1435 402 1510 463 εἱς
1551 400 1889 478 συγκρίματα
1916 402 2029 474 (98)

2169 400 2359 457 nfudit
2411 418 2477 457 ac
2526 402 2849 470 transtulit,
2881 404 3016 461 dein
3065 406 3338 465 similiter
3366 409 3425 466 in
3459 410 3635 469 mista
3665 413 3793 470 ani-

379 496 466 551 καὶ
527 495 776 569 σώματα’
831 490 1047 567 ἀθρόως
1090 490 1194 566 γὰρ
1235 492 1423 545 οὐσίαν
1481 493 1705 560 ποιῆσαι
1761 491 1829 545 τὰ
1884 490 2028 561 πάθη

380 586 479 642 οὐκ
506 584 649 654 ἐνῆν
682 584 772 639 καὶ
824 586 945 645 τοῖς
990 580 1206 653 σώμασι
1252 580 1389 635 κατά
1418 579 1573 656 φύσιν
1614 576 2032 651 ἐπιτηδειότητα

382 675 696 745 ἐνεποίησεν
706 719 720 732 .

450 763 590 821 MZ’.
624 765 855 837 Πρῶτος
890 758 983 823 μὶν
1016 758 1111 812 οὗν
1145 759 1488 834 Δημιουργὸς
1531 756 1560 812 ὁ
1605 758 1803 833 Σωτὴρ
1828 754 2033 833 γίνεται

385 850 682 913 καθολικός
716 868 730 882 ·
794 851 829 919 ἡ
904 846 962 903 δὲ
1020 846 1193 921 Σοφία
1269 844 1488 922 δευτέρα
1544 845 1831 919 οἷκοδομεῖ
1887 846 2033 900 οἷκον

391 942 582 1015 ἑαυτῇ,
639 938 732 995 καὶ
812 938 1069 1013 ὁτι-ἤρεισε
1143 934 1371 997 στύλους
1443 934 1595 990 ἑπτά*
1672 936 1762 989 καὶ
1817 938 2034 1009 πρῶτον

393 1030 609 1087 πάντων
650 1022 1019 1102 προϐάλλεται
1065 1024 1243 1081 εἰκόνα
1285 1028 1383 1079 τοῦ
1431 1023 1642 1099 Πατρὸς
1691 1024 1843 1093 Θεὸν,
1875 1021 1944 1079 δι’
1976 1022 2038 1077 οὗ

397 1118 617 1190 ἐποίησε
645 1118 734 1173 τὸν
774 1113 1005 1191 οὐρανὸν
1035 1114 1128 1170 καὶ
1174 1115 1276 1183 τὴν
1316 1121 1444 1191 γῆν,
1481 1111 1727 1169 τουτέστι
1773 1115 1840 1167 τὰ
1869 1111 2036 1188 οὐρά-

393 1230 481 1265 νια
515 1207 602 1263 καὶ
631 1206 699 1263 τὰ
724 1204 956 1281 ἐπίγεια,
987 1203 1056 1259 τὰ
1085 1199 1232 1274 δεξιᾶ
1276 1203 1366 1258 καὶ
1408 1202 1475 1258 τὰ
1522 1204 1797 1280 ἀριστερά.
1843 1202 2038 1269 Οὗτος,

394 1300 469 1360 ὡς
525 1295 684 1352 εἰκὼν
734 1294 944 1368 Πατρὸς
977 1340 992 1364 ,
1040 1293 1226 1368 Πατὴρ
1282 1293 1535 1369 γίνεται,
1586 1290 1673 1347 καί
1732 1286 2040 1368 προϐάλλει

387 1391 603 1465 πρῶτον
654 1385 748 1441 τὸν
802 1384 1041 1459 ψυχικὸν
1100 1383 1336 1458 Χριστὸν
1390 1383 1519 1438 Υἱοῦ
1577 1383 1758 1438 εἶ’κόνα
1784 1424 1798 1437 .
1859 1380 2045 1437 ἔπειτα

386 1475 513 1538 τοὺς
570 1472 981 1551 ἀρχαγγέλους,
1040 1471 1305 1536 αΐώνωνςο
1353 1471 1534 1528 είκόνα
1581 1472 1696 1527 εἶτα
1752 1470 2042 1547 ἀγγέλους,

392 1564 667 1642 ἀγγέλων,
718 1563 779 1619 ἐκ
820 1569 922 1633 τῆς
973 1565 1219 1637 ψυχικῆς
1262 1561 1354 1616 καὶ
1397 1568 1668 1640 φωτεινῆς
1714 1559 1924 1630 οὐσίας,
1974 1559 2040 1629 ἦν

399 1639 562 1733 φησιν
616 1639 657 1708 δ
693 1651 1035 1732 προφητικὸς
1084 1649 1269 1727 λόγος,
1329 1639 1427 1705 Καὶ
1483 1653 1694 1723 πνεῦμα
1743 1654 1878 1705 Θεοῦ
1930 1648 2046 1704 ἐπε-

401 1746 593 1824 φέρετο
631 1740 813 1798 ἐπάνω
880 1745 987 1797 τῶν
1065 1736 1299 1806 ὑδάτων,
1364 1739 1503 1795 κατὰ
1550 1740 1651 1808 τήν
1719 1737 2047 1812 συμπλοκὴν

401 1839 512 1890 τῶν
544 1831 639 1888 δύο
672 1831 871 1888 οὐσιῶν
899 1834 1006 1885 τῶν
1054 1829 1229 1885 αὐτῶν
1278 1829 1677 1902 πεπεισμένων,
1707 1829 1769 1883 τὸ
1815 1826 2047 1904 εἰλικρι-

402 1924 489 1986 νὶς
547 1920 887 1998 ἐπιφέρεσθαι
937 1916 1124 1975 εῗπών·
1175 1917 1238 1974 τὸ
1309 1915 1367 1973 δὲ
1412 1912 1665 1995 ἐμϐριθὶς
1712 1918 1803 1972 καὶ
1858 1916 2045 1973 ὑλικὸν

398 2011 781 2090 ὐποιρέρεσθαι,
828 2008 892 2064 τὸ
948 2005 1174 2085 θολερὸν
1223 2005 1313 2062 καὶ
1366 2007 1682 2081 παχυμερὲς
1717 2049 1730 2063 .
1790 2007 2048 2080 Ἀσώμα-

396 2122 490 2158 τον
548 2097 606 2156 δὲ
656 2099 746 2155 καὶ
803 2096 1007 2169 ταύτην
1062 2095 1116 2152 ἐν
1166 2095 1314 2172 ἀρχῇ
1374 2095 1687 2169 αἰνίσσεται,
1718 2096 1779 2150 τὸ
1828 2096 2049 2174 φάσκειν

399 2192 649 2261 ἀόρατονο
704 2186 828 2244 οῦτε
875 2188 980 2263 γὰρ
1025 2186 1298 2261 ἀνθρώπῳ
1342 2188 1423 2258 τῷ
1475 2183 1707 2258 μηδέπω
1739 2181 1851 2239 ὅντι
1882 2183 2051 2260 ἀόρα-

396 2302 491 2343 τος
538 2281 631 2350 ἦν,
682 2275 806 2335 οὔτε
846 2282 927 2350 τῷ
1209 2272 1561 2351 ἐδημιούργει
1610 2276 1733 2350 γάρ’
1790 2272 1936 2329 ἀλλὰ
1988 2274 2052 2329 τὸ

399 2366 648 2448 ἄμορφον
698 2366 792 2423 καὶ
839 2363 1078 2422 ἀνείδεον
1123 2363 1215 2419 καὶ
1262 2363 1677 2441 ἀσχημάτιστον
1710 2362 1900 2434 αὐτῆς,
1946 2360 2054 2419 ὦδέ

400 2479 520 2521 πως
550 2456 907 2536 ἐξεφώνησεν.

475 2634 613 2692 MH'.
667 2630 951 2709 Διακρίνας
1003 2627 1060 2686 δὶ
1107 2631 1136 2685 ὁ
1182 2630 1531 2706 Δημιουργὸς
1570 2628 1637 2683 τὰ
1690 2630 1899 2704 καθαρὰ
1949 2627 2056 2684 ἀπὸ

405 2728 502 2781 τοῦ
550 2718 866 2798 ἐμϐριθοῦς,
908 2721 982 2784 ὡς
1041 2718 1101 2775 ἃν
1158 2716 1344 2775 ἐνιδὼν
1405 2719 1504 2787 τὴν
1564 2719 1820 2793 ἐκατέρου
1877 2718 2057 2796 φύσιν,

408 2818 523 2892 φῶς
571 2811 817 2884 ἐποίησε,
859 2809 1133 2866 τουτέστιν
1181 2808 1536 2887 ἐφανέρωσεν,
1568 2807 1657 2863 καὶ
1708 2806 1784 2870 είς
1817 2812 1932 2886 φῶς
1967 2809 2055 2863 καὶ

414 2900 560 2959 ἰδέαν
602 2902 966 2978 προσήγαγεν·
1029 2896 1145 2953 ἐπεὶ
1199 2897 1325 2974 τόγε
1378 2895 1607 2966 ἡλιακὸν
1666 2897 1753 2951 καὶ
1810 2896 2060 2972 οὐράνιον

415 2996 529 3072 φῶς
589 2988 788 3062 πολλῷ
843 2988 1063 3064 ὕστερον
1121 2987 1442 3064 ἐργάζεται·
1503 2986 1590 3072 καὶ
1637 2990 1786 3041 ποιεῖ
1836 2985 1897 3041 ἐκ
1950 2990 2058 3041 τῶν

415 3079 642 3149 ὐλικῶν,
672 3080 735 3135 τὸ
766 3080 861 3153 μὲν
895 3076 955 3133 ἐκ
990 3080 1091 3141 τῆς
1130 3073 1312 3146 λύπης
1346 3071 1625 3145 οὐσιῶδες,
1668 3073 1850 3143 κτίζον
1898 3095 2060 3129 πνευ-

2143 490 2431 545 mentium
2466 508 2731 565 corpora,
2766 494 2888 549 ﬁeri
2919 495 3075 551 enim
3104 514 3218 554 non
3251 501 3444 571 potuit
3474 506 3537 557 ut
3566 504 3795 575 passio-

2142 595 2246 635 nes
2279 578 2436 637 illico
2467 580 2868 639 substantiam
2900 583 3178 654 facerent,
3212 593 3270 643 et
3314 592 3657 663 corporibus
3688 593 3794 651 ha-

2141 669 2264 724 bita
2299 674 2518 724 natura
2550 672 2887 729 eorumdem
2922 675 3142 731 ratione
3172 678 3486 737 utilitatem
3520 681 3752 741 indidit.

2216 758 2437 814 XLVII.
2486 759 2715 816 Primus
2771 761 2974 835 itaque
3030 763 3406 841 Demiurgus,
3450 786 3555 827 ceu
3607 771 3803 846 opifex

2146 846 2494 902 universalis
2539 847 2800 905 Salvator
2843 851 3034 908 factus
3077 860 3186 924 est,
3219 856 3354 913 dein
3384 858 3679 931 Sapientia
3704 877 3798 918 se-

2145 935 2338 990 cunda
2386 935 2494 990 sibi
2530 936 2753 993 domum
2800 939 3040 1011 aediﬁcat
3071 943 3171 1015 (α),
3203 945 3449 1003 collocat
3495 948 3801 1008 columnas

2147 1029 2395 1096 septem,
2432 1024 2808 1114 primumque
2839 1032 3106 1087 omnium
3137 1038 3319 1090 Deum
3362 1038 3549 1094 Patris
3594 1038 3799 1114 imagi-

2148 1128 2281 1169 nem
2318 1113 2608 1185 producit,
2643 1132 2747 1188 per
2785 1133 2961 1189 quem
3009 1121 3147 1177 fecit
3194 1123 3406 1182 oculum
3453 1131 3511 1182 et
3554 1113 3796 1198 terram,

2148 1200 2259 1257 hoc
2306 1209 2412 1270 est,
2447 1202 2701 1260 coelestia
2732 1209 2909 1279 atque
2938 1211 3259 1283 terrestria,
3292 1214 3493 1272 dextra
3538 1232 3605 1273 ac
3650 1217 3799 1273 sini-

2149 1296 2291 1347 stra.
2328 1291 2429 1347 Hic
2477 1298 2540 1347 ut
2583 1293 2766 1349 Patris
2798 1297 2990 1370 imago
3021 1303 3193 1355 Pater
3219 1302 3409 1359 factus
3442 1308 3548 1377 est,
3581 1310 3639 1361 et
3666 1323 3802 1379 pro-

2150 1380 2315 1435 ducit
2342 1380 2601 1452 primum
2631 1383 2941 1441 animalem
2977 1386 3273 1446 Christum
3307 1391 3801 1468 Filiiimaginem:

2152 1469 2287 1525 dein
2318 1471 2699 1544 archangelos
2720 1473 2966 1531 Eanum
2998 1476 3307 1551 imagines,
3332 1482 3605 1556 deinceps
3635 1500 3805 1559 ange-

2149 1555 2239 1614 los
2266 1559 2605 1631 angelorum
2640 1578 2710 1618 ex
2735 1562 2974 1619 animali
3007 1564 3321 1641 lucidaque
3353 1555 3810 1645 substantia,'de

2153 1663 2266 1720 qua
2297 1664 2487 1703 sermo
2518 1651 2897 1723 propheticus
2931 1671 2945 1710 :
2976 1657 3049 1711 Et
3093 1658 3344 1728 Spiritus
3391 1662 3490 1717 Dei
3530 1663 3810 1735 ferebatur

2153 1753 2314 1809 super
2341 1754 2513 1808 aquas
2544 1739 2639 1810 (b),
2673 1740 2918 1798 duarum
2969 1744 3439 1805 substantiarum
3500 1750 3809 1825 complexu

2160 1842 2287 1898 quae
2316 1826 2536 1882 cedunt
2564 1827 2703 1898 ipsa:
2734 1834 2791 1885 et
2822 1831 3245 1905 obsequuntur,
3281 1839 3435 1910 quod
3467 1856 3683 1912 purum
3717 1858 3812 1897 su-

2157 1930 2263 1987 pra
2309 1918 2526 1970 terram
2579 1917 2714 1972 ferri
2767 1918 2992 1989 dicens,
3026 1924 3179 1994 quod
3229 1941 3361 1982 vero
3410 1943 3583 1999 grave
3636 1938 3811 2001 atque

2159 2002 2478 2073 materiale,
2510 2004 2816 2062 turbidum
2847 2024 3232 2084 crassumque
3263 2015 3591 2072 subsidere.
3615 2021 3806 2075 Incor-

2159 2108 2398 2165 poream
2422 2110 2555 2150 vero
2578 2098 2635 2150 et
2658 2094 2809 2151 hanc
2830 2113 2956 2153 esse
2977 2098 3037 2154 in
3060 2100 3370 2174 principio,
3396 2104 3567 2161 nobis
3593 2106 3810 2179 innuit,

2161 2198 2295 2237 cum
2328 2185 2384 2238 et
2415 2181 2768 2239 invisibilem
2825 2186 3109 2243 nominat.
3147 2189 3345 2262 Neque
3371 2194 3528 2249 enim
3560 2194 3813 2265 homini,

2162 2270 2262 2343 qui
2292 2271 2555 2328 nondum
2587 2276 2761 2340 esset,
2785 2273 3101 2331 invisibilis
3131 2282 3469 2354 erat,neque
3502 2282 3813 2357 Demiurgo

2163 2375 2263 2415 ceu
2298 2359 2513 2431 opiﬁci,
2549 2361 2673 2433 ipse
2720 2362 2877 2419 enim
2930 2363 3233 2422 condidit:
3288 2369 3390 2425 sed
3450 2371 3605 2443 quod
3657 2370 3817 2428 illius

2163 2446 2434 2516 informe,
2472 2449 2627 2521 quod
2676 2451 2912 2524 speciei,
2944 2455 3099 2525 quod
3144 2454 3342 2529 ﬁgurae
3392 2458 3571 2516 fuerit
3612 2475 3818 2533 expers

2165 2537 2275 2592 hoc
2308 2537 2481 2593 modo
2510 2539 2859 2596 enuntiavit.

2237 2626 2476 2682 XLVIII.
2508 2626 2857 2686 Discernens
2899 2647 3033 2688 vero
3080 2634 3433 2709 Demiurgus
3490 2653 3617 2710 qum
3670 2654 3819 2712 pura

2168 2715 2240 2771 ab
2289 2731 2355 2771 eo
2403 2717 2556 2786 quod
2610 2733 2893 2787 crassum,
2929 2723 2994 2775 ut
3031 2723 3130 2793 qui
3182 2724 3490 2781 amborum
3548 2730 3816 2784 naturam

2170 2804 2390 2877 optime
2421 2806 2707 2878 cognovit,
2735 2807 2925 2864 lucem
2948 2812 3184 2882 creavit,
3211 2812 3319 2869 hoc
3339 2819 3451 2883 est,
3480 2816 3820 2874 manifesta-

2168 2894 2273 2958 vit,
2308 2899 2483 2967 atque
2513 2896 2582 2950 ad
2617 2894 2808 2953 lucem
2842 2900 3217 2974 speciemque
3265 2905 3560 2976 produxit.
3592 2905 3817 2979 Quippe

2172 2983 2271 3038 diu
2304 2989 2434 3055 post
2465 2985 2751 3041 formatur
2797 2987 2936 3045 solis
2984 2990 3229 3063 oculique
3273 2991 3500 3063 lumen,
3527 2994 3706 3067 idque
3745 3011 3817 3052 ex

2172 3072 2535 3129 materiatis:
2569 3090 2778 3147 nempe
2804 3078 2958 3148 quod
2982 3079 3374 3138 substantiale
3405 3081 3516 3138 fuit
3531 3100 3597 3139 ex
3630 3084 3816 3140 tristi-

413 3170 613 3245 ματικὰ
658 3174 762 3238 τῆς
809 3165 1075 3243 πονηρίας
1122 3166 1219 3241 (ί),
1249 3165 1387 3241 πρὸς
1431 3162 1465 3218 ἃ
1511 3166 1545 3234 ἠ
1590 3161 1741 3234 πάλη
1778 3165 1938 3237 ἡμῖν,
1972 3160 2051 3218 διὸ

2169 3163 2269 3231 tia,
2304 3162 2568 3217 condidit
2598 3163 2885 3235 spiritalia
2925 3168 3222 3240 nequitiae,
3254 3172 3535 3226 adversus
3582 3179 3647 3244 νχ‹
3693 3189 3819 3244 quas

407 3258 498 3315 καὶ
527 3256 674 3334 λέγει
717 3257 747 3311 ὁ
792 3253 1151 3316 Ἀπόστολος’
1205 3252 1300 3307 Καὶ
1355 3253 1430 3325 μὴ
1480 3250 1704 3307 λυπεῖτε
1747 3252 1811 3306 τὸ
1843 3255 2061 3324 Πνεῦμα

411 3347 475 3403 τὸ
532 3348 683 3423 ἅγιον
740 3348 838 3400 τοῦ
889 3346 1045 3413 Θεοῦ,
1094 3341 1146 3398 ἐν
1206 3340 1253 3414 ᾧ
1308 3340 1718 3420 ἐσφραγίσθητε·
1776 3339 1841 3395 τὸ
1898 3337 1956 3395 δὲ
2002 3340 2062 3395 ἐκ

410 3440 508 3493 τοῦ
557 3430 753 3509 φόϐου,
793 3435 863 3489 τὰ
918 3432 1101 3508 θηρία·
1155 3431 1219 3485 τὸ
1278 3428 1335 3486 δὲ
1391 3429 1451 3485 ἐκ
1504 3436 1606 3498 τῆς
1661 3427 1914 3500 πλήξεως
1967 3428 2058 3483 καὶ

413 3524 667 3602 ἀπορίας,
713 3524 783 3579 τὰ
828 3526 1076 3597 στοιχεῖα
1120 3520 1219 3576 τοῦ
1264 3520 1495 3593 κόσμου.
1530 3519 1619 3575 Ἐν
1665 3515 1723 3572 δὲ
1769 3522 1884 3580 τοῖς
1914 3516 2058 3589 τρισὶ

415 3613 711 3691 στοιχείοις
764 3612 827 3667 τὸ
875 3615 982 3685 πῦρ
1038 3608 1378 3684 ἐναιωρεῖται
1457 3608 1546 3662 καὶ
1604 3604 1919 3683 ἐνὲσπαρται
1967 3605 2056 3661 καὶ

405 3702 737 3779 ἐμφωλεύει,
786 3700 876 3757 καὶ
926 3700 1030 3756 ὑπὸ
1076 3698 1282 3753 τούτων
1339 3696 1641 3768 ἐξάπτεται,
1696 3696 1787 3751 καὶ
1838 3694 2056 3759 τούτοις

404 3793 824 3864 ἐπαποθνήσκει,
879 3791 955 3864 μὴ
1001 3785 1128 3864 ἔχον
1171 3791 1341 3843 τῦπον
1391 3787 1694 3842 ἀποτακτὸν
1742 3790 1821 3857 (2)
1865 3787 2055 3841 ἑαυτοῦ

404 3885 479 3946 ὡς
511 3882 602 3938 καί
646 3883 714 3936 τᾶ
762 3878 907 3937 ἄλλα
958 3882 1226 3953 στοιχεῖα,
1259 3875 1311 3948 ἐξ
1361 3877 1434 3931 ὧν
1463 3875 1533 3932 τὰ
1570 3874 1905 3953 συγκρίματα
1957 3873 2055 3946 δη-

408 3977 723 4049 μιουργεῖτα
733 3991 747 4025 ι
757 4013 770 4027 .

478 4062 611 4119 ΜΘ’.
644 4059 797 4118 Ἐπεὶ
856 4054 913 4113 δὶ
971 4056 1071 4112 οὐκ
1124 4053 1384 4131 ἐγίνωσκε
1437 4054 1537 4123 τὴν
1600 4051 1672 4109 δι’
1720 4052 1883 4109 αὐτοῦ
1908 4052 2054 4129 ἐνερ-

404 4155 620 4226 γοῦσαν,
652 4147 905 4221 οἰόμενος
954 4143 1067 4217 ῗδίᾳ
1114 4141 1339 4217 δυνάμει
1367 4140 1753 4218 δημιουργεῖν,
1793 4139 2053 4220 φιλεργὸς

408 4238 484 4296 ὣν
534 4239 705 4319 φύσει,
757 4234 847 4291 διὰ
892 4236 1052 4291 τοῦτο
1111 4234 1252 4289 εἶπεν
1307 4233 1336 4288 ὁ
1385 4231 1741 4294 Ἀπόστολος·
1784 4232 2050 4319 ξϊπετάγη

407 4333 477 4405 τῇ
539 4317 865 4403 ματαιότητι
918 4328 1017 4380 τοῦ
1074 4323 1286 4397 κόσμου
1342 4320 1449 4397 οὐχ
1499 4321 1636 4377 ἑκὼν
1672 4365 1687 4391 ,
1745 4317 1894 4376 ἀλλὰ
1966 4318 2056 4375 διὰ

408 4419 501 4474 τὸν
552 4415 889 4487 ὑποτάξαντα
920 4455 935 4484 ,
980 4411 1065 4468 ἐπ’
1112 4408 1317 4481 ἐλπίδι,
1361 4410 1445 4465 δτι
1487 4409 1578 4465 καὶ
1626 4407 1786 4472 αὐτὸς
1833 4405 2053 4472 ἐλευθε-

2170 3249 2340 3305 nobis
2370 3254 2461 3306 est
2490 3249 2667 3322 lucta,
2705 3252 2861 3308 unde
2910 3254 3051 3309 dicit
3075 3256 3385 3328 Apostolus
3422 3274 3436 3312 :
3484 3260 3561 3313 Et
3595 3275 3665 3313 ne
3692 3274 3821 3315 con-

2171 3340 2390 3394 trismte
2420 3339 2690 3411 Spiritum
2718 3346 2969 3397 sanctum
2998 3344 3182 3410 Dei,in
3214 3361 3320 3417 quo
3349 3347 3557 3418 signati
3583 3349 3823 3420 estis(c):

2167 3442 2236 3483 ex
2292 3427 2500 3483 timore
2548 3444 2699 3496 vero,
2751 3428 2990 3499 bestias,
3043 3448 3112 3488 ex
3159 3436 3399 3507 stupore
3446 3450 3582 3491 vero
3632 3452 3820 3510 angu-

2167 3515 2416 3587 stiaque,
2450 3514 2739 3572 elementa
2763 3518 2990 3574 mundi.
3020 3520 3083 3575 In
3115 3521 3306 3578 tribus
3336 3527 3533 3579 autem
3564 3522 3819 3582 elemen-

2165 3604 2244 3660 tis
2272 3603 2427 3674 ignis
2458 3604 2731 3661 sublimis
2760 3610 2965 3675 exstat,
2998 3614 3055 3664 et
3102 3608 3221 3666 illis
3268 3611 3574 3685 inepersus
3620 3618 3729 3682 est,
3760 3621 3819 3672 et

2164 3692 2223 3749 in
2258 3692 2374 3749 illis
2406 3693 2566 3763 latet,
2600 3698 2658 3750 et
2686 3695 2798 3750 sub
2828 3694 3039 3753 iisdem
3098 3700 3455 3770 accenditur,
3487 3701 3668 3776 inque
3697 3702 3814 3761 illis

2165 3781 2434 3852 moritur,
2480 3782 2726 3838 formam
2779 3783 2871 3839 sui
2915 3785 3362 3845 determinatam
3413 3807 3531 3847 non
3587 3791 3813 3848 habens

2164 3871 2335 3928 sicuti
2388 3871 2616 3944 reliqua
2658 3872 2965 3943 elementa,
3019 3892 3087 3931 ex
3135 3877 3351 3950 quibus
3401 3880 3575 3936 mista
3612 3881 3812 3938 viven-

2159 3962 2429 4031 tiumque
2456 3978 2699 4034 corpora
2728 3962 3073 4019 formantur.

2234 4049 2420 4105 XLIX.
2457 4052 2741 4116 Quoniam
2771 4068 2908 4108 vero
2934 4055 3251 4124 nesciebat,
3281 4073 3407 4129 quae
3460 4076 3562 4132 per
3608 4059 3805 4131 ipsum

2160 4140 2531 4212 operabatur,
2558 4140 2773 4196 virtute
2821 4143 3058 4213 propria
3109 4160 3171 4199 se
3227 4161 3318 4201 res
3373 4164 3567 4204 creare
3619 4147 3815 4205 existi-

2160 4244 2351 4297 mans,
2378 4245 2511 4284 cum
2546 4233 2757 4285 natura
2788 4229 2998 4287 lubens
3029 4238 3324 4305 operetur,
3352 4242 3589 4309 propter
3611 4238 3815 4294 hocdi-

2159 4319 2238 4372 xit
2272 4318 2584 4389 Apostolus
2617 4334 2632 4373 :
2680 4320 3005 4390 Subjectum
3051 4337 3167 4378 esse
3216 4326 3454 4381 vanitati
3482 4327 3679 4383 mundi
3709 4344 3818 4383 non

2158 4423 2261 4462 sua
2290 4410 2497 4478 sponte,
2526 4407 2618 4462 sed
2662 4417 2885 4478 propter
2931 4426 3061 4464 eum
3103 4413 3203 4482 qui
3248 4414 3477 4485 subjecit
3506 4418 3563 4470 in
3595 4432 3688 4487 spe
3718 4416 3816 4489 (ἁ),

412 4508 738 4584 ρωθήσεται,
795 4501 920 4559 ὅταν
973 4499 1215 4575 συλλεγῇ
1265 4500 1334 4554 τά
1389 4498 1672 4587 σπέρματα
1718 4501 1818 4587 τοῦ
1874 4501 2051 4587 Θεοῦ.

2166 4496 2317 4567 quod
2352 4495 2477 4567 ipse
2502 4496 2676 4551 etiam
2716 4494 3084 4566 liberabitur,
3104 4516 3234 4554 cum
3259 4501 3359 4556 Dei
3393 4504 3622 4559 semina
3650 4502 3819 4561 colle-

411 4583 727 4671 Τεκμήριον
775 4590 832 4648 δὲ
880 4589 1120 4665 μάλιστα
1146 4592 1245 4644 τοῦ
1291 4586 1546 4644 ἀκουσίου
1592 4587 1655 4642 τὸ
1703 4586 1947 4662 εὐλογεῖν
1994 4586 2051 4640 τὸ

2168 4587 2257 4638 cta
2290 4583 2524 4639 fuerint.
2556 4583 2851 4655 Praecipue
2881 4601 3014 4641 vero
3043 4586 3119 4642 sit
3149 4588 3363 4645 indicio
3396 4593 3549 4662 quod
3596 4593 3817 4648 invitus

416 4680 695 4741 Σάϐϐατον
726 4683 816 4738 καὶ
859 4682 958 4751 τὴν
1008 4680 1115 4735 ἀπὸ
1160 4682 1270 4734 τῶν
1315 4676 1498 4733 πόνων
1546 4675 1841 4731 ἀνάπαυσιν
1894 4677 2056 4752 ὑπερ-

417 4774 725 4845 ασπίζεσοαι
753 4773 853 4846 (3).

484 4865 565 4921 N‘.
598 4857 794 4918 Λαϐὼν
819 4863 956 4936 χοῦν
988 4857 1095 4915 ἀπὸ
1125 4863 1225 4928 τῆς
1269 4861 1397 4932 γῆς,
1428 4854 1490 4911 οὐ
1536 4861 1637 4926 τῆς
1685 4855 1871 4932 ξηρᾶς,
1916 4851 2062 4909 ἀλλὰ

416 4960 516 5026 τῆς
570 4950 923 5025 πολυμεροῦς
975 4947 1065 5003 καὶ
1121 4944 1385 5017 ποικίλης
1435 4943 1571 5013 ὕλης
1634 4945 1822 5019 μέρος,
1874 4944 2060 5019 ψυχὴν

420 5144 439 5217 (
476 5070 640 5217 ὢν.
671 5068 919 5196 (φξβ.
952 5064 1243 5123 POTTER.
1337 5062 1416 5136 (α)
1447 5066 1613 5119 Prov.
1647 5078 1725 5131 Ix,
1758 5062 1845 5117 11.

443 5160 473 5203 ε
571 5159 665 5200 en.
698 5157 762 5211 ι,
828 5183 839 5195 .

443 5157 497 5211 ε)
522 5157 665 5200 uen.
698 5157 762 5211 ιι,
785 5157 839 5195 δ.

491 5267 605 5340 (98)
636 5260 1009 5344 gpncpipata.
1042 5260 1320 5344 Eamdem
1350 5273 1551 5315 vocem
1586 5256 1761 5344 paulo
1791 5256 1945 5313 intra
1974 5256 2072 5313 ad-

424 5325 609 5412 hibet,
641 5334 694 5407 ἐξ
726 5325 809 5412 ξῦν,
830 5325 898 5390 τά
926 5325 1725 5412 συγκρίμοςταυδημιουργεῖται.

496 5398 612 5483 (993
784 5409 847 5463 A.
881 5398 1225 5486 suppleta?
1254 5398 1391 5486 ὅντ’ς.
1416 5398 1940 5486 Βοξὶἰὲοψιεηῒεω
1973 5414 2072 5486 cu:

422 5470 524 5553 jus
557 5470 777 5537 mentio
809 5470 1251 5546 mox'o'ccurri't,
1283 5475 1416 5531 vide
1456 5475 1514 5530 et
1556 5471 1863 5541 Basiliam,
1912 5486 1969 5543 p.
2020 5470 2073 5527 6.

432 5553 821 5632 Ηηξγιειηιο.
960 5617 976 5632 ι
1078 5620 1106 5632 _
1317 5615 1360 5632 ﬂ
1434 5620 1476 5632 μ
1648 5611 1662 5632 ,
1726 5615 1918 5632 Α

452 5634 456 5641 ’
502 5623 581 5696 (1)
641 5617 987 5694 Ηνευματικὰ
1037 5620 1139 5686 τῆς
1198 5634 1259 5672 π.
1317 5615 1487 5674 Forte
1534 5615 1816 5697 πνεύματα
1851 5615 1954 5680 τῆς
1979 5631 2079 5666 πο-

714 5741 983 5802 Ριειιοι..
1030 5735 1142 5800 Gn.
1187 5733 1297 5797 lx.

1939 5060 2015 5133 (b)
2044 5059 2188 5117 Gen.
2224 5074 2264 5129 ι,
2289 5059 2345 5113 2.
2441 5056 2514 5128 (c)
2542 5056 2687 5129 Eph.
2720 5073 2800 5127 v1,
2829 5057 2932 5127 22;
2969 5074 3043 5128 IV,
3078 5057 3168 5115 30.

2168 4675 2443 4744 operatus
2473 4676 2582 4738 est,
2617 4673 2897 4744 quoniam
2950 4675 3189 4733 Sabbato
3221 4678 3499 4735 benedixit
3526 4684 3621 4751 (e),
3645 4689 3701 4737 et
3725 4698 3814 4737 re-

2170 4760 2370 4833 quiem
2404 4778 2438 4816 a
2466 4760 2769 4817 laboribus
2798 4767 3018 4818 tuetur.

2246 4850 2303 4906 L.
2356 4849 2594 4907 Pulvere
2643 4867 2674 4906 e
2719 4854 2875 4907 terra
2904 4857 3138 4924 sumpto
3171 4872 3285 4911 non
3317 4871 3382 4912 ex
3414 4857 3597 4927 arida,
3625 4860 3726 4916 sed
3756 4876 3822 4917 ex

2173 4940 2426 4997 diversis
2458 4941 2726 5013 partibus
2759 4940 2995 4996 dividua
3023 4944 3299 5016 variaque
3348 4948 3594 5004 materia
3640 4955 3820 5006 terre.

3272 5060 3349 5134 (ἀ)
3381 5061 3548 5120 Rom.
3578 5081 3703 5136 vm,
3733 5065 3825 5121 20.

2181 5251 2392 5328 νηρίας.
2422 5257 2705 5308 SYLBUBG.

2225 5325 2333 5407 2)
2358 5322 2540 5407 ,Τύπον
2569 5321 2725 5379 ἀπότ.
2756 5323 2925 5382 Forte
2951 5324 3119 5382 τόπον
3146 5326 3474 5401 ἆποτακτόν,
3519 5331 3700 5389 locum
3729 5349 3826 5391 as-

2183 5405 2483 5469 signatum.

2261 5469 2337 5539 (3)
2435 5462 2911 5539 Ὑπερασπίζεσθαι
2946 5511 2959 5523 .
3057 5470 3509 5530 Convenientius
3606 5474 3836 5533 videtur

2192 5533 2677 5613 ὑπερασπᾶζεσθαι,
2703 5539 2968 5608 amplecti
3009 5549 3060 5597 et
3083 5544 3345 5617 praeferri
3373 5546 3668 5603 laboribus.
3699 5547 3836 5605 Su.-

2192 5628 2365 5669 BURG.

3480 5736 3558 5797 29
