4078 6146
286 323 395 381 683

1529 328 1663 383 CLE
1671 327 1868 382 MENS
1907 326 2473 383 ALEXANDBINUS

3591 323 3702 381 684

289 467 425 507 nam
458 451 715 508 animam
747 453 804 507 et
833 451 1192 508 meterialem
1219 450 1540 508 fabricatus
1569 450 1930 518 est,rationis

2049 446 2222 525 γεώδη
2272 447 2363 504 καὶ
2417 447 2606 518 ὑλινὴν
2649 446 2970 523 ἔτεκτῂνατο
3017 445 3240 524 ἄλογον,
3297 449 3387 504 καὶ
3441 454 3543 519 τῆς
3593 453 3706 504 τῶν

291 546 609 613 expertem,
641 541 1026 613 ejusdemque
1058 557 1189 596 cum
1244 540 1566 598 bestiarum
1623 539 1936 597 animabus

181 677 183 680 .
292 631 652 686 substantiae.
687 630 792 685 Hic
821 634 910 686 est
941 630 1138 698 homo,
1171 630 1274 703 qui
1317 631 1388 686 ad
1441 630 1757 703 imaginem
1791 649 1803 686 :
1835 629 1937 702 qui

292 736 427 776 vero
458 721 528 775 ad
555 719 741 792 ipsius
776 719 1072 791 Demiurgi
1102 719 1575 792 similitudinem,
1607 719 1706 775 ille
1736 725 1844 787 est,
1877 720 1936 775 in

292 825 468 882 quem
501 809 822 864 insufﬂavit
850 809 1274 881 inspiravitque
1303 811 1567 881 ejusdem
1595 809 1938 866 substantia;

295 898 633 970 aliquid,il|i
666 898 1009 972 angelorum
1043 901 1600 972 operainserens.Et
1617 919 1682 958 eo
1701 901 1938 973 quidem

293 993 563 1062 respectu
595 1006 708 1061 quo
741 989 1056 1046 invisibilis
1077 996 1166 1046 est
1185 991 1938 1064 etincorporeus,substan-

295 1079 436 1135 tiam
471 1080 600 1149 ejus
627 1078 754 1134 vitae
786 1078 991 1134 ﬂatum
1023 1078 1498 1152 appellavit,cum
1525 1085 1717 1137 autem
1751 1081 1944 1136 induit

297 1168 768 1238 formam,anima
799 1170 986 1224 vivens
1014 1170 1093 1238 (a)
1126 1169 1313 1224 factus
1340 1171 1731 1242 est,quodque
1749 1169 1828 1225 ita
1858 1170 1943 1225 fu-

294 1251 495 1314 turum
525 1256 652 1329 ipse
683 1258 740 1312 in
773 1259 1010 1328 scriptis
1042 1258 1456 1330 prophetarum
1492 1259 1728 1314 fatetur.
1856 1324 1862 1329 _

367 1346 521 1404 858
555 1346 644 1402 LI.
672 1351 856 1402 Homo
889 1349 1081 1418 itaque
1112 1352 1202 1403 est
1249 1347 1310 1402 in
1359 1347 1616 1420 homine,
1668 1346 1942 1404 animalis

297 1436 354 1491 in
388 1435 674 1504 terrestri,
706 1453 820 1492 non
854 1435 909 1490 in
946 1440 1108 1507 parte
1152 1453 1312 1508 pars,
1357 1437 1460 1492 sed
1510 1437 1568 1492 in
1615 1440 1734 1492 toto
1783 1441 1943 1492 totus

296 1525 574 1594 existens,
593 1525 655 1580 in
674 1524 949 1598 ineﬂabili
968 1525 1066 1581 Dei
1079 1529 1326 1598 potentia
1347 1527 1422 1599 (b)
1457 1543 1476 1581 :
1498 1527 1653 1582 unde
1683 1525 1740 1580 in
1777 1542 1943 1598 para-

299 1613 517 1681 diso,in
548 1612 692 1670 cmlo
723 1619 931 1685 quarto
963 1615 1462 1688 creaturzquippe
1492 1613 1632 1671 illuc
1661 1631 1796 1670 caro
1826 1619 1944 1670 ter-

299 1718 444 1759 rena
463 1719 580 1758 non
603 1703 996 1772 ascendit,sed
1015 1707 1139 1759 erat
1159 1703 1366 1758 animas
1388 1703 1597 1759 divinae
1624 1721 1726 1776 pro
1749 1719 1944 1772 carne,

307 1793 459 1864 quoc’
496 1791 796 1849 materiale
827 1793 1094 1848 fuit.Haac
1125 1793 1346 1866 indicat
1376 1793 1597 1849 dictum
1631 1793 1775 1849 illud
1804 1810 1816 1848 :
1845 1794 1949 1848 Hoc

307 1897 456 1936 nunc
484 1897 540 1938 os
568 1898 638 1936 ex
666 1882 878 1937 ossibus
908 1884 1044 1938 meis
1075 1881 1166 1954 (ο).
1209 1883 1424 1938 Anima
1472 1883 1670 1938 divina
1716 1882 1845 1954 ipsa
1889 1883 1950 1938 in

311 1987 485 2027 carne
515 1971 705 2028 latens
737 1976 793 2028 et
819 1970 1008 2028 solida
1037 1988 1279 2044 quaeque
1311 1971 1463 2028 male
1494 1973 1699 2027 affecta
1729 1989 1795 2028 ac
1847 1989 1952 2044 po-

312 2061 529 2115 tentior
549 2064 658 2132 est,
684 2061 792 2117 hoc
814 2060 874 2116 in
898 2059 1022 2117 loco
1048 2061 1434 2133 signiﬁcatur.
1461 2064 1522 2116 Et
1547 2078 1673 2117 caro
1697 2061 1763 2117 de
1790 2077 1956 2117 carne

308 2166 452 2220 mea,
484 2150 744 2206 animam
776 2149 1136 2206 materialem
1187 2150 1514 2223 signiﬁcat;
1565 2167 1695 2223 quae
1741 2151 1954 2206 divinae

309 2239 516 2294 animai
538 2255 750 2312 corpus
770 2244 878 2296 est.
895 2240 974 2295 De
999 2243 1245 2311 utraque
1269 2239 1467 2295 anima
1486 2237 1746 2296 Salvator
1765 2239 1955 2312 loqui-

306 2332 423 2397 tur,
456 2345 590 2384 cum
622 2329 786 2397 dicit,
819 2330 1127 2386 timendum
1155 2345 1266 2385 esse
1294 2347 1441 2398 eum,
1472 2329 1570 2402 qui
1606 2339 1780 2402 potest
1829 2330 1953 2386 ani-

308 2435 455 2474 mam
477 2420 620 2474 hanc
641 2429 800 2492 atque
819 2420 916 2476 hoc
935 2421 1101 2476 etiam
1122 2435 1318 2492 corpus
1346 2418 1595 2476 animale
1617 2421 1680 2476 in
1699 2419 1954 2492 gehenna

307 2507 535 2578 perdere
592 2507 670 2578 ά).

381 2597 745 2652 Lll.Carnem
771 2596 921 2652 hanc
944 2595 1323 2652 adversarium
1346 2596 1950 2668 (e)vocavitSalvator.

308 2685 527 2742 Paulus
548 2684 723 2740 etiam
747 2686 919 2755 legem
943 2685 1054 2757 legi
1073 2685 1274 2740 mentis
1292 2702 1426 2741 mea
1448 2695 1842 2758 repugnantem
1857 2687 1952 2759 (f);

309 2778 508 2830 monet
529 2789 759 2846 quoque
779 2774 1040 2829 Salvator
1061 2773 1318 2844 ligare(g)
1333 2790 1397 2829 ac
1416 2773 1666 2846 diripere
1685 2775 1953 2846 ejusdem

313 2881 454 2919 vasa
503 2863 670 2936 quasi
723 2862 973 2935 potentis
1022 2861 1302 2917 adversus
1353 2865 1608 2918 animam
1662 2863 1952 2920 caelestem

314 2951 534 3008 bellum
559 2951 832 3022 gerentis,
853 2957 1162 3021 monetque
1191 2952 1321 3005 dum
1351 2953 1411 3006 in
1446 2953 1534 3006 via
1560 2968 1750 3007 sumus
1771 2953 1850 3023 (ἡ)
1881 2952 1954 3009 ab

316 3041 436 3098 illis
468 3041 804 3111 liberari,ne
830 3039 889 3096 in
921 3056 1207 3096 carcerem
1239 3039 1570 3096 incidamus
1596 3045 1652 3097 et
1680 3059 1952 3114 poenam:

318 3129 589 3187 similiter
609 3129 672 3194 ἅ(
696 3134 753 3186 et
773 3129 1050 3185 benevolo
1081 3146 1220 3202 erga
1248 3146 1376 3186 eam
1409 3130 1605 3186 animo
1634 3132 1959 3202 simus,nec

2046 539 2248 612 θηρίων
2300 539 2614 612 ὁμοούσιον.
2657 540 2827 602 Οὗτος
2876 540 2994 594 κατ’
3054 537 3237 593 εἰκόνα
3295 539 3605 614 ἅνθρωπος·
3669 539 3699 593 ὁ

2047 625 2104 682 δὲ
2160 628 2274 682 καθ’
2332 627 2598 700 ὁμοίωσιν
2653 628 2752 696 τὴν
2813 627 2977 683 αὐτοῦ
3015 631 3111 682 106
3161 631 3508 705 Δημιουργοῦ
3559 626 3697 684 ἐκεῖ·

2045 719 2133 778 νός
2175 715 2340 784 ἐστιν,
2383 717 2440 771 ὃν
2492 717 2568 779 εἷς
2612 721 2803 772 τοῦτον
2851 715 3169 795 ἐνεφύσησεν
3219 737 3278 772 τε
3315 718 3405 772 καὶ
3457 715 3698 773 ἐνίσπει-

2051 826 2164 883 ρεν,
2195 805 2488 879 ὁμοούσιόν
2533 827 2584 860 τι
2617 805 2763 879 αὖτῷ
2806 804 2878 861 δι’
2906 803 3153 882 ἀγγέλων
3201 803 3386 871 ἐνθείς
3434 805 3567 871 καθὸ
3603 808 3699 881 μὲν

2048 893 2276 972 ἀόρατός
2313 893 2422 950 ἰστι
2451 896 2542 950 καὶ
2591 895 2906 970 ἀσώματος,
2952 896 3052 964 τήν
3107 894 3289 951 οὐσίαν
3333 895 3497 952 αὐτοῦ
3527 897 3701 966 πνοὴν

2052 988 2199 1054 ζωῆς
2249 989 2529 1059 προσεῖπε·
2595 986 2884 1064 μορφωθὲν
2938 982 3017 1057 δὲ,
3076 987 3229 1060 ψυχὴ
3281 989 3427 1056 ζῶσα
3465 985 3702 1061 ἐγένετο.

2049 1073 2182 1150 ὅπερ
2242 1075 2374 1129 εἶναι
2429 1073 2520 1130 καὶ
2577 1073 2741 1138 αὐτὸς
2797 1074 2850 1131 ἐν
2879 1079 2997 1138 ταῖς
3052 1080 3421 1155 προφητικαῖς
3463 1079 3700 1154 γραφαῖς

2051 1165 2158 1236 ὁμο
2167 1163 2337 1240 λογεῖ.

2122 1342 2248 1399 ΝΑ’.
2282 1344 2607 1416 ’Ἄνθρωπος
2655 1348 2785 1419 γοῦν
2818 1342 2959 1399 ἐστιν
3011 1343 3061 1399 ἐν
3118 1343 3412 1418 ἀνθρώπῳ,
3468 1345 3704 1419 ψυχικὸς

2052 1428 2103 1485 ἐν
2137 1435 2340 1506 χοῖκῷ,
2373 1431 2438 1487 οὐ
2473 1433 2623 1508 μέρει
2659 1431 2844 1510 μέρος,
2875 1429 3022 1487 ἀλλά
3053 1429 3170 1506 ὅλῳ
3217 1431 3347 1496 ὅλος
3386 1433 3580 1506 συνὼν,
3608 1433 3701 1511 a55-

2055 1518 2208 1596 ῥήτῳ
2257 1517 2480 1594 δυνάμει
2531 1525 2686 1577 Θεοῦ·
2739 1520 2858 1586 ὅθεν
2909 1520 2960 1576 ἦν
3015 1525 3094 1593 τῷ
3138 1517 3449 1596 παραδείσῳ
3495 1526 3575 1596 τῷ
3612 1543 3702 1577 τε-

2051 1610 2233 1685 τάρτῳ
2285 1615 2498 1683 ουρανῷ
2547 1608 2982 1687 δημιουργεῖται·
3043 1609 3155 1665 ἐκεῖ
3203 1611 3308 1686 γὰρ
3360 1613 3530 1686 χοϊκή
3577 1612 3703 1686 σὰρξ

2056 1696 2155 1752 οὐκ
2203 1693 2500 1770 ἀναϐαίνει,
2529 1695 2654 1754 ἀλλ’
2684 1698 2753 1768 ἦν
2799 1701 2867 1772 τῇ
2917 1701 3070 1774 ψυχῇ
3120 1698 3236 1770 θείᾳ
3266 1701 3338 1772 (4)
3366 1699 3482 1754 οἷον
3513 1701 3640 1776 σὰρξ
3667 1702 3702 1770 ἡ

2058 1787 2246 1858 ὑλική.
2295 1791 2471 1842 Ταῦτα
2517 1787 2810 1862 σημαίνει,
2860 1790 3035 1844 Τοῦτο
3085 1791 3173 1843 νῦν
3233 1787 3422 1844 ὀστοῦν
3482 1789 3543 1844 ἐκ
3596 1795 3702 1847 τῶν

2061 1877 2232 1932 ὀστῶν
2288 1898 2414 1950 μου·
2468 1879 2570 1948 την
2617 1878 2760 1942 θείαν
2822 1878 3007 1953 ψυχὴν
3053 1877 3344 1934 αἰνίσσεται
3403 1881 3502 1949 τὴν
3557 1879 3702 1957 ἐγκε-

2059 1968 2380 2042 κρυμμένην
2433 1971 2502 2041 τῇ
2555 1965 2711 2043 σαρκὶ
2759 1969 2848 2021 καὶ
2906 1967 3123 2042 στερεὰν
3179 1966 3267 2022 καὶ
3321 1964 3563 2038 δυσπαθῆ
3613 1969 3700 2024 καὶ

2062 2053 2464 2130 δυνατωτέρανο
2523 2056 2626 2112 Καὶ
2680 2057 2804 2129 σὰρξ
2861 2055 2921 2110 ἐκ
2986 2062 3085 2126 τῆς
3143 2056 3338 2129 σαρκός
3398 2075 3541 2130 μου·
3595 2058 3694 2126 τὴν

2063 2143 2258 2214 ὑλικῆν
2305 2145 2512 2221 ψυχὴν,
2565 2149 2724 2218 σῶμα
2773 2145 2931 2199 οὖσαν
2979 2147 3080 2215 τῆς
3131 2145 3274 2210 θείας
3322 2149 3520 2221 ψυχῆς.
3567 2146 3695 2219 Περὶ

2059 2233 2266 2289 τούτων
2297 2239 2402 2289 τῶν
2439 2233 2580 2290 δυεῖν
2613 2234 2701 2289 καὶ
2741 2235 2768 2289 ὁ
2815 2236 3012 2308 Σωτὴρ
3059 2234 3231 2310 λέγει,
3282 2229 3561 2313 φοϐεῖσθαι
3594 2232 3701 2290 δεῖν

2058 2325 2150 2379 τὸν
2207 2321 2500 2398 δυνάμενον
2570 2323 2774 2394 ταύτην
2849 2326 2948 2394 τήν
3026 2326 3210 2400 ψυχὴν
3286 2324 3375 2380 καὶ
3432 2329 3594 2381 τοῦτο
3647 2325 3710 2380 τὸ

2064 2416 2224 2486 σῶμα
2253 2413 2314 2468 τὸ
2341 2412 2578 2488 ψυχικὸν
2608 2410 2659 2468 ἐν
2687 2412 2872 2490 γεέννῃ
2902 2411 3191 2472 ἀπολέσαι.

2134 2594 2258 2650 NB'.
2312 2597 2487 2652 T0610
2533 2594 2596 2648 τὸ
2643 2592 2864 2669 σαρκίον
2915 2591 3184 2649 ἀντιδικον
3231 2593 3259 2649 ὁ
3321 2593 3521 2670 Σωτὴρ
3576 2593 3710 2666 εἶπε,

2060 2684 2149 2738 καὶ
2200 2685 2227 2739 ὁ
2274 2681 2486 2745 Παῦλος
2557 2684 2724 2756 νόμον
2796 2682 3341 2759 ἀντιστρατευόμενον
3407 2687 3488 2755 τῷ
3553 2684 3710 2756 νόμῳ

2061 2777 2157 2826 106
2213 2770 2336 2833 νοός
2383 2789 2506 2845 μου·
2564 2771 2653 2826 καὶ
2699 2767 2858 2838 δῆσαι
2905 2777 3158 2848 παραινεῖ
3203 2771 3292 2827 καὶ
3351 2771 3587 2847 ἁρπάσαι
3637 2771 3714 2834 ὡς

2063 2861 2294 2936 ἰσχυροῦ
2339 2861 2406 2915 τὰ
2453 2861 2640 2931 σκεύη,
2686 2864 2782 2916 106
2829 2858 3328 2935 ἀντιπολεμοῦντος
3371 2864 3442 2935 τῇ
3473 2858 3711 2936 οὐρανίῳ

2064 2953 2242 3024 ψυχῇ,
2273 2950 2300 3004 ὁ
2334 2951 2549 3024 Σωτήρ
2583 2949 2673 3004 καὶ
2703 2947 3066 3026 ἀπηλλάχθαι
3109 2949 3272 3006 αὐτοῦ
3318 2954 3570 3025 παραινεῖ
3614 2969 3709 3003 κα-

2063 3039 2130 3094 τὰ
2169 3040 2268 3107 τὴν
2327 3036 2474 3110 ὁδὸν,
2526 3044 2602 3111 μῆ
2660 3041 2728 3112 τῇ
2786 3037 3002 3116 φυλακῇ
3060 3039 3438 3113 περιπὲσωμεν
3494 3037 3582 3092 καὶ
3637 3039 3707 3112 τῇ

2063 3128 2308 3185 κολάσει·
2345 3127 2552 3202 ὁμοίως
2584 3125 2641 3182 δὲ
2689 3125 2780 3182 καί
2827 3128 3027 3183 εὐνοεῖν
3062 3127 3206 3200 αὐτῷ
3236 3130 3333 3202 (5),
3376 3130 3454 3202 μὴ
3483 3127 3710 3206 τρέφον-

311 3229 679 3295 peccatorum
704 3220 938 3276 licentia
968 3218 1194 3274 alamus
1226 3223 1328 3275 aut
1357 3219 1533 3275 robur
1560 3222 1942 3290 conferamus,

2059 3239 2152 3280 τας
2203 3217 2292 3272 καὶ
2347 3216 2652 3292 ῥωννύντας
2695 3219 2764 3291 τῇ
2825 3222 2936 3272 τῶν
3007 3215 3417 3293 ἁμαρτημάτων
3474 3205 3704 3286 ἐξουσίᾳ,

312 3313 412 3368 sed
440 3311 575 3366 inde
611 3309 734 3381 jam
789 3309 1214 3364 mortiﬁcemus
1267 3327 1296 3361 a
1344 3308 1562 3364 malitia
1602 3309 1954 3366 abstinendo

309 3401 638 3472 exilemque
669 3399 1081 3465 reddamus,ut
1112 3397 1168 3452 in
1198 3396 1585 3454 dissolutione
1615 3415 1722 3454 sua
1752 3399 1954 3455 exstir-

304 3495 439 3562 pata
466 3495 643 3562 atque
673 3488 896 3543 difﬂata
925 3490 1252 3554 evanescat,
1304 3503 1494 3559 neque
1544 3503 1646 3559 per
1688 3504 1750 3545 se
1804 3489 1949 3544 sub-

301 3578 546 3635 sistendi
575 3577 930 3646 facultatem,
965 3580 1064 3632 aut
1097 3577 1274 3631 robur
1305 3576 1541 3650 aliquod
1575 3581 1640 3633 ut
1678 3577 1738 3634 in
1787 3581 1946 3634 tran-

271 3708 273 3712 ι
301 3669 419 3724 situ
453 3684 554 3740 per
584 3665 778 3738 ignem
814 3669 1070 3732 maneat,
1106 3663 1387 3721 obtineat.

373 3775 642 3831 LIII.Hoc
671 3773 958 3829 zizaniam
990 3771 1052 3844 (ἱ)
1077 3771 1284 3827 anima:
1317 3777 1652 3829 concretum
1684 3777 1943 3843 vocatur,

299 3868 450 3921 bono
483 3863 762 3919 nimirum
794 3861 1030 3917 semini.
1077 3864 1192 3916 Hoc
1241 3876 1441 3916 semen
1492 3861 1729 3933 diaboli,
1774 3863 1943 3935 quasi

298 3954 561 4025 ejusdem
595 3967 728 4007 cum
758 3967 824 4007 eo
856 3950 1224 4020 substantiae,
1245 3955 1301 4004 et
1320 3965 1562 4021 serpens
1593 3951 1943 4022 supplanta-

296 4047 707 4114 torque,atque
737 4038 909 4103 latro.
931 4045 1108 4110 caput
1138 4040 1290 4110 regis
1318 4038 1942 4110 percutiens.Adamus

299 4137 496 4188 autem
529 4130 696 4186 habit
716 4129 960 4184 obscure
982 4128 1040 4182 in
1069 4128 1265 4199 seipso
1289 4128 1465 4199 inque
1486 4127 1742 4184 animam
1768 4147 1939 4187 suam

297 4237 499 4278 semen
529 4217 792 4291 spiritale
823 4233 858 4272 a
883 4216 1180 4288 Sapientia
1209 4217 1938 4291 seminatum,ordinatum,

296 4311 396 4380 ait,
423 4325 522 4381 per
550 4306 771 4377 angelos
800 4307 861 4360 in
890 4321 1060 4360 manu
1110 4305 1450 4360 mediatoris.
1504 4306 1770 4363 Mediator
1817 4325 1938 4365 vero

292 4401 460 4455 unius
491 4413 598 4452 non
628 4403 724 4462 est,
758 4395 897 4450 Deus
927 4399 1110 4451 autem
1139 4411 1281 4450 unus
1309 4405 1388 4450 est
1417 4394 1516 4466 (k).
1551 4401 1659 4451 Per
1702 4399 1937 4469 angelos

289 4490 490 4560 itaque
514 4484 807 4542 masculos
829 4485 1055 4540 semina
1077 4485 1490 4540 ministrentur
1511 4485 1938 4558 quaaaSapien-

2074 3303 2188 3361 (λλ,
2233 3306 2246 3326 ν
2346 3308 2432 3360 re.
2609 3325 2631 3338 Α
2670 3309 2716 3344 τ’,
2885 3303 2948 3326 "ﬁ
3110 3305 3125 3326 \
3177 3303 3190 3320 θ
3489 3305 3503 3322 τ
3668 3303 3681 3324 1

2063 3327 2094 3361 α
2229 3327 2375 3362 εντε.)
2415 3328 2463 3360 ιν
2513 3326 2830 3378 νεκρουθτας
2878 3324 2986 3377 ηοη
3037 3326 3125 3360 και
3173 3303 3423 3377 εξίτηλον
3477 3325 3709 3379 αποφαι-

2058 3416 2274 3464 νοντας,
2319 3393 2508 3470 ἀποχῇ
2552 3401 2652 3464 τῆς
2707 3393 2977 3470 πονηρίας
3011 3441 3024 3465 ,
3077 3391 3170 3449 *ίνα
3227 3393 3279 3448 ἐν
3335 3397 3404 3459 τῆ
3464 3391 3710 3450 διαλύσει

2055 3483 2222 3559 ταύτῃ
2256 3481 2578 3563 διαφορηθὲν
2625 3482 2714 3538 καὶ
2766 3481 3084 3538 διαπνεῦσαν
3135 3486 3209 3558 (6)
3242 3479 3406 3556 λάθῃ,
3450 3479 3596 3537 ἀλλὰ
3627 3483 3704 3556 μή

2055 3575 2174 3638 καθ’
2204 3575 2333 3630 αὐτό
2363 3594 2511 3636 τινος
2545 3572 2890 3635 ὑποστάσεως
2923 3567 3255 3646 λαϐόμενον,
3284 3573 3385 3641 τὴν
3419 3570 3578 3648 ἰσχὺν
3601 3569 3705 3648 ἔχῃ

2053 3663 2369 3740 παράμονον
2401 3664 2453 3719 ὲν
2485 3666 2552 3738 τῇ
2587 3659 2676 3718 διὰ
2701 3663 2869 3738 πυρὸς
2903 3659 3149 3735 διεξόδῳ.

2123 3779 2245 3832 NI".
2276 3776 2444 3827 T0610
2496 3770 2728 3840 ζιζάνιον
2779 3770 3104 3843 ὀνομάζεται
3148 3770 3387 3846 συμφυὲς
3441 3773 3509 3844 τῇ
3547 3770 3706 3844 ψυχῆ

2048 3868 2128 3936 τῷ
2150 3865 2378 3938 χρηστῷ
2427 3859 2718 3936 σπέρματι.
2762 3863 2938 3918 Τοῦτο
2987 3858 3076 3914 καὶ
3128 3859 3343 3934 σπέρμα
3380 3863 3475 3914 τοῦ
3511 3853 3699 3914 διαϐόο

2050 3951 2151 4007 λου
2196 3952 2268 4013 ὡς
2317 3949 2608 4022 ὁμοοῦσιον
2662 3947 2870 4020 ἐκείνῳ,
2922 3946 3012 4003 καὶ
3063 3943 3187 4022 ὄφις
3245 3948 3333 4002 καὶ
3389 3945 3700 4022 διαπτερνι-

2047 4042 2197 4110 στής,
2255 4039 2344 4094 καὶ
2405 4037 2610 4112 λῃστὴς
2664 4036 3031 4111 ἓπιτιθέμενος
3096 4035 3308 4114 κεφαλῇ
3371 4037 3644 4112 βασιλεως
3678 4078 3695 4095 .

2047 4136 2218 4205 Ἔσχε
2274 4125 2332 4183 δὶ
2388 4128 2417 4182 ὁ
2471 4123 2650 4199 Ἀδὰμ
2705 4123 2929 4196 ἀδήλως
2980 4125 3128 4198 αὐτῷ
3189 4126 3293 4182 ὑπὸ
3339 4132 3439 4196 τῆς
3492 4125 3694 4204 Σοφέας

2047 4218 2303 4293 ὲνσπαρὶν
2355 4217 2416 4270 τὸ
2467 4215 2682 4291 σπέρμα
2723 4213 2785 4268 τὸ
2833 4216 3200 4288 πνευματικὸν
3250 4214 3324 4277 εἷς
3352 4216 3452 4285 τήν
3483 4217 3696 4290 ψυχὴν,

2047 4304 2336 4382 διαταγεὶς,
2387 4304 2565 4383 φησὶ,
2611 4301 2680 4358 δι’
2724 4301 2968 4378 ἀγγέλων
3018 4305 3070 4360 ἓν
3129 4305 3276 4380 χειρῖ
3329 4305 3574 4378 μεσίτου-
3633 4306 3696 4364 Ὁ

2045 4393 2103 4450 δὲ
2131 4395 2352 4468 μεσίτης
2393 4391 2510 4454 ἐνὸς
2563 4391 2661 4447 οὐκ
2707 4388 2868 4446 ἔστιν·
2919 4393 2948 4448 ὁ
2998 4391 3054 4448 δὲ
3106 4394 3237 4456 Θεὸς
3285 4395 3358 4456 εἷς
3402 4394 3568 4453 ἔστιν.
3614 4395 3695 4450 Δι’

2043 4481 2288 4561 ἀγγέλων
2340 4483 2428 4537 οὖν
2478 4485 2585 4536 τῶν
2645 4480 2881 4557 ἀρῥὲνων
2933 4483 3000 4537 τὰ
3049 4477 3332 4560 σπέρματα
3389 4483 3699 4558 ὑπηρετεῖ-

289 4582 372 4635 tia
397 4580 536 4634 sunt
579 4575 882 4648 producta,
931 4578 1224 4646 quatenus
1274 4573 1398 4628 ﬁeri
1451 4573 1757 4646 contingit.
1812 4576 1935 4640 Quo

2049 4595 2129 4629 ται
2185 4575 2253 4628 τά
2302 4571 2378 4635 εἰς
2427 4570 2633 4646 γένεσιν
2696 4566 3084 4647 προϐληθέντα
3141 4572 3244 4628 ὑπὸ
3311 4575 3412 4638 τῆς
3469 4572 3696 4651 Σοφίας,

289 4668 443 4723 enim
477 4670 643 4738 pacto
673 4663 1027 4735 Demiurgus
1051 4663 1150 4736 qui
1173 4663 1419 4718 obscure
1439 4680 1469 4718 a
1495 4662 1793 4735 Sapientia
1815 4681 1934 4721 mo-

364 4836 428 4901 ἢ(
454 4842 516 4905 Ρ,
545 4833 653 4888 972
680 4833 792 4889 ED.
826 4832 1124 4888 POTTER.
1184 4832 1259 4902 (a)
1293 4832 1433 4905 Gen.
1467 4848 1528 4905 ιι,
1561 4833 1616 4905 7.

286 4910 390 4978 25;
425 4904 561 4962 Luc.
594 4907 861 4978 x,,5,A8.__
899 4906 965 4976 (Γ)
998 4905 1159 4978 Rom.
1193 4920 1292 4974 νιι,
1323 4904 1411 4958 23.

287 4975 554 5052 25ἐοίιιι.
631 4976 707 5049 (k)
739 4975 1007 5044 Gallﬁm,
1043 4975 1128 5030 19.

358 5149 438 5223 (4)
469 5144 616 5216 Θείᾳ.
645 5143 772 5215 Θείᾳ
817 5145 1130 5223 legendum
1175 5158 1305 5198 esse
1357 5141 1553 5198 dativo
1593 5158 1754 5215 casu,
1789 5144 1934 5201 satis

287 5219 589 5280 declarant
619 5219 1259 5290 sequentia._SYLnU,ac.

357 5295 432 5363 (5)
470 5282 895 5363 Εὐνοεῖνίαότῷ.
945 5287 1107 5363 Idem
1155 5282 1231 5341 ad
1281 5285 1418 5340 Luc.
1471 5301 1573 5352 xu,
1623 5286 1712 5352 58,
1747 5282 1935 5363 an”)-

286 5357 511 5437 λάχθαι,
546 5378 678 5417 cum
703 5361 803 5415 illo
827 5357 1278 5437 trans_ig_ere,res
1311 5372 1658 5437 componere
1681 5373 1746 5412 ac
1772 5357 1934 5437 litem

287 5427 456 5490 finire
498 5427 823 5504 antequam
871 5427 1099 5504 judicio
1145 5445 1280 5485 cum
1322 5427 1422 5504 illo
1453 5428 1771 5504 experiare.
1821 5430 1931 5504 Sed

289 5506 490 5560 durior
542 5498 680 5558 haec'
724 5498 1266 5557 Valentinianorum
1336 5498 1616 5570 allegoria
1648 5541 1662 5566 ,
1723 5505 1786 5555 ut
1841 5500 1931 5553 εὐ-

286 5579 430 5629 νοεῖν
462 5572 1008 5642 carni,intelligatur
1037 5573 1139 5643 qui
1161 5573 1286 5642 jam
1319 5570 1529 5625 deterit
1559 5574 1616 5625 et
1635 5575 1931 5643 extenuat,

291 5651 357 5704 ut
376 5647 508 5719 ipsa
525 5645 763 5701 tandem
785 5641 1236 5714 difﬂeturqueet
1256 5641 1933 5716 evanescat,nullamque

1685 4833 1768 4904 (bl,
1794 4834 1841 4888 II
1873 4832 2000 4890 Cor.
2033 4849 2135 4902 xu,
2170 4833 2220 4888 4.
2281 4831 2353 4904 (c)
2381 4834 2522 4888 Gen.
2557 4849 2619 4900 ιι,
2650 4831 2871 4904 23._(d)7
2895 4831 3099 4888 Matth.
3131 4849 3186 4901 ι,
3218 4834 3308 4888 28.

1509 4903 1582 4974 (g)
1614 4903 1816 4959 Matth.
1847 4922 1946 4974 xu,
1973 4905 2064 4961 29.

2044 4663 2180 4728 καθὸ
2219 4662 2460 4738 ὶγχωρεῖ
2495 4657 2752 4734 γίνεσθαι.
2808 4663 2936 4718 ’Ἀτε
2995 4661 3097 4736 γὰρ
3141 4661 3512 4739 Δημιουργὸς,
3560 4659 3698 4734 ἀδή-

3393 4833 3443 4904 e)
3490 4833 3690 4889 Matth.

2163 4905 2239 4977 (ἡ)
2277 4902 2405 4960 Luc.
2439 4919 2541 4969 xu,
2575 4904 2678 4975 58;
2713 4902 2918 4960 Matth.
2953 4920 3008 4974 ν,
3037 4904 3128 4960 25.
3223 4905 3287 4977 (ἰ)
3327 4902 3534 4964 Matth.
3565 4921 3688 4974 xm,

2045 5161 2272 5201 moram
2323 5145 2516 5216 faciat,
2549 5147 2692 5218 dum
2738 5146 2849 5202 erit
2879 5144 3204 5218 transitura
3235 5161 3338 5218 per
3366 5145 3584 5218 ignem.
3617 5145 3701 5218 De

2043 5233 2284 5289 corpore
2315 5218 2510 5274 carnis
2539 5217 2770 5288 vitaque
2803 5217 3024 5273 carnali
3057 5221 3114 5274 et
3154 5217 3564 5289 peccato’nihil
3597 5217 3700 5274 ab-

2043 5290 2326 5344 horreret.
2385 5289 2729 5344 metanhora
2774 5289 2948 5344 ducta
2994 5289 3066 5344 ab
3115 5287 3191 5344 iis
3231 5289 3333 5344 aui
3393 5286 3504 5344 insi
3533 5287 3698 5344 litem

2043 5290 2326 5357 horreret,
2385 5289 2729 5362 metaphora
2774 5289 2948 5344 ducta
2994 5289 3066 5344 ab
3115 5289 3191 5344 iis
3231 5289 3333 5361 qui
3393 5289 3504 5358 ipsi
3533 5289 3698 5344 litem

2045 5359 2332 5415 dirimunt
2356 5359 2587 5432 sibique
2610 5361 2971 5432 donant,aut
2994 5359 3448 5432 mitiusjustum
3471 5359 3700 5415 faciunt

2044 5436 2362 5504 antequam
2410 5431 2633 5502 judicis
2689 5431 2980 5489 sententia
3036 5431 3326 5489 severiore
3384 5434 3697 5504 cogantur.

2041 5502 2570 5644 ciiiiiﬁamsm.
2621 5573 2739 5634 Hac
2769 5591 2907 5632 voce
2953 5574 3141 5632 utitur
3183 5573 3448 5633 Clemens
3476 5572 3681 5630 Strom.

2040 5660 2099 5717 p.
2137 5643 2237 5702 H7
2267 5643 2407 5702 edit.
2444 5645 2627 5704 Paris.
