4078 6146
345 360 453 417 685

1114 360 1358 417 DUBIA.
1391 389 1460 402 -—
1497 362 1884 419 BXCERPTA
1921 363 2019 418 EX
2054 363 2375 419 SCRIPTIS
2414 362 2794 428 THEODOTI,
2837 365 2994 420 ETC.

3649 317 3757 421 686

346 485 457 550 λως
483 484 808 558 κινούμενος
839 484 946 540 ῦπὸ
999 487 1100 549 τῆς
1158 483 1386 562 Σοφίας,
1423 482 1591 539 οἷέται
1647 483 1988 557 αὐτοκίνητοι

2116 490 2304 560 vetur,
2338 505 2372 544 a
2415 505 2478 545 se
2527 489 2747 546 moveri
2797 488 2924 561 ipse
2956 491 3143 562 putat,
3177 487 3450 546 similiter
3479 491 3536 544 et
3566 489 3762 546 homi-

346 576 476 631 εἶναι
509 593 524 609 ·
561 574 776 648 ὁμοίως
806 575 900 630 καὶ
933 573 983 630 οἳ
1032 573 1332 650 ἄνθρωποι.
1365 578 1586 650 Πρῶτον
1639 571 1728 629 οῦν
1790 574 1988 650 σπέρμα

2113 594 2238 633 nes.
2272 578 2539 634 Primum
2572 578 2769 650 itaque
2817 594 3018 634 semen
3067 579 3221 650 quod
3268 579 3327 634 in
3361 578 3588 635 Adamo
3630 579 3762 649 fuit,

342 664 713 740 πνευματικὸν
745 664 809 720 τὸ
843 664 898 720 ἐν
926 668 1005 736 τῷ
1035 661 1215 737 Ἀδὰμ
1253 658 1552 738 προέϐαλεν
1600 665 1635 734 ἡ
1687 661 1883 738 Σοφία,
1911 661 1988 719 ’ίνο

2111 666 2385 738 produxit
2413 667 2738 739 Sapientia,
2776 671 2842 723 ut
2872 684 2937 724 os
2984 667 3185 724 anima
3235 667 3538 725 rationalis
3581 673 3758 742 atque

340 755 377 831 ᾗ
406 756 471 811 τὸ
526 755 720 810 ὀστοῦν
752 757 789 824 ἡ
825 753 1026 831 λογικὴ
1086 754 1176 810 καὶ
1224 753 1452 829 οὐρανία
1507 756 1661 830 ψυχὴ
1725 754 1802 828 μὴ
1847 755 1998 827 κενὴ,

343 843 492 901 ἀλλᾶ
526 848 736 918 μυεΛοῦ
765 845 1006 920 γέμουσα
1035 848 1422 918 πνευματικοῦ.

414 933 539 988 ΝΔ’.
575 931 714 989 Ἀπὸ
763 930 820 988 δὲ
876 935 971 987 τοῦ
1004 929 1179 1004 Ἀδὰμ
1233 937 1380 1008 τρεῖς
1437 934 1621 1008 φύσεις
1653 936 1949 1007 γεννῶνται
1985 951 1997 966 ·

344 1023 542 1098 πρώτη
599 1023 694 1096 μὲν
727 1023 760 1092 ἢ
791 1019 1007 1098 ἄλογος,
1039 1023 1104 1091 ἧς
1134 1021 1200 1090 ἦν
1234 1018 1390 1092 Κάιν,
1425 1018 1647 1095 δευτέρα
1701 1019 1758 1076 δὲ
1809 1023 1844 1091 ἡ
1896 1019 1996 1077 λο-

340 1113 499 1187 γικὴ,
531 1111 621 1166 καὶ
651 1113 684 1180 ἡ
738 1107 937 1180 δικαία,
971 1112 1036 1178 ἧς
1073 1110 1139 1179 ἦν
1180 1105 1351 1168 Ἅϐελ
1387 1131 1396 1140 ·
1431 1111 1587 1184 τρίτη
1639 1107 1696 1166 δὲ
1739 1113 1773 1182 ἡ
1830 1131 1993 1166 πνευ.

337 1201 564 1274 ματική,
597 1202 662 1268 ἧς
706 1201 771 1268 ἧν
819 1199 1088 1270 Σήθ.Καὶ
1133 1199 1161 1252 ὁ
1215 1199 1310 1272 μὶν
1358 1200 1552 1274 χοϊκὸς
1599 1197 1710 1255 ἐστὶ
1770 1201 1886 1254 κατ’
1917 1199 1993 1254 εί-

333 1289 482 1361 κόνα,
519 1289 546 1343 6
607 1285 664 1343 δὲ
710 1289 948 1364 ψυχικὸς
1000 1288 1120 1352 καθ’
1153 1288 1423 1362 ὁμοίωσιν
1475 1293 1633 1360 Θεοῦ,
1663 1289 1691 1343 6
1746 1285 1804 1344 δὲ
1832 1311 1993 1344 πνευ-

337 1378 566 1452 ματικὸς
614 1379 733 1432 κατ’
758 1375 901 1432 ἰδίαν
1078 1378 1195 1455 Ἐφ’
1229 1378 1307 1440 οῖς
1359 1379 1534 1454 τρισὶν
1576 1376 1699 1434 ἄνευ
1745 1381 1851 1434 τῶν
1895 1377 1992 1434 ἄλ·

331 1465 446 1522 λων
484 1464 697 1522 παίδων
739 1471 837 1521 τοῦ
869 1463 1050 1538 Ἀδὰμ
1081 1465 1293 1542 εἷ’ρηται
1328 1487 1341 1500 ·
1374 1467 1521 1537 Αὕτη
1571 1470 1604 1537 ἡ
1660 1462 1854 1544 βίϐλος
1903 1489 1992 1544 γε-

327 1554 528 1619 νέσεως
613 1555 943 1631 ἀνθρώπων.
999 1557 1124 1614 ’Ὁτι
1203 1553 1260 1612 δὲ
1341 1557 1709 1631 πνευματικὸς
1764 1558 1792 1611 ὁ
1851 1559 1991 1628 Σὴθ,

333 1643 460 1701 οὔτε
486 1645 768 1719 ποιμαίνει
803 1643 926 1701 οὕτε
951 1651 1206 1722 γεωργεῖ,
1238 1643 1386 1700 ἀλλὰ
1414 1643 1583 1700 παῖδα
1628 1650 1988 1724 καρποφορεῖ,

332 1735 407 1796 ὡς
436 1733 505 1789 τὸ,
532 1733 887 1808 πνευματικὰ,
917 1735 1003 1788 καὶ
1034 1733 1320 1806 τοῦτον,’ὀς
1350 1731 1586 1803 ἤλπισεν
1613 1731 1988 1798 ἐπικαλεῖσθαι

331 1823 396 1878 τὸ
446 1819 622 1898 ὄνομα
669 1823 894 1899 Κυρίου,
928 1823 1033 1877 ἄνω
1081 1822 1374 1898 βλέποντα,
1403 1823 1465 1878 οῦ
1491 1823 1552 1878 τὸ
1593 1821 1901 1897 πολίτευμα
1932 1819 1986 1878 ἐν

334 1910 550 1988 οὖρανῷ
584 1933 597 1946 ·
627 1917 818 1969 τοῦτον
846 1913 874 1968 6
903 1911 1110 1986 κόσμος
1140 1911 1201 1967 οὐ
1233 1917 1430 1988 χωρεῖ.

402 2094 524 2150 NE'.
550 2097 677 2156 Τοῖς
707 2092 881 2168 τρισὶν
915 2091 1230 2167 ἀσωμάτοις
1275 2091 1362 2148 ἐπὶ
1390 2097 1488 2149 τοῦ
1522 2090 1702 2166 Ἀδὰμ
1728 2094 1981 2170 τέταρτον

327 2178 635 2238 ἐπενδύεται
668 2184 758 2238 τὸν
791 2182 1004 2258 χοῖκὸν,
1037 2181 1169 2246 τοὺς
1201 2179 1551 2257 δερματίνους
1583 2179 1988 2259 χιτῶνας,οἷ5τ²

329 2271 420 2326 οῦν
479 2270 586 2326 ἀπὸ
631 2276 731 2327 τοῦ
789 2271 1099 2345 πνεύματος
1131 2269 1242 2328 οὔτ’
1277 2273 1365 2327 οῦν
1420 2272 1526 2327 ἀπὸ
1586 2271 1983 2351 ἐμφυσήματος

329 2361 534 2438 σπείρει
567 2362 596 2416 ὁ
627 2359 809 2435 Ἀδάμ
841 2380 854 2395 ⁸
890 2366 1008 2426 θεῖα
1043 2361 1145 2438 γὰρ
1177 2359 1344 2440 ἄμφω
1368 2379 1382 2392 ·
1415 2363 1504 2418 καὶ
1539 2359 1612 2416 δι’
1643 2361 1806 2418 αὐτοῦ
1864 2362 1982 2434 μὲν,

331 2449 440 2526 οὐχ
492 2450 581 2505 ὑπ’
608 2450 775 2506 αὐτοῦ
827 2447 885 2505 δὶ
929 2445 1307 2524 προϐάλλεται
1353 2447 1540 2524 ἄμφω.
1574 2451 1652 2508 Τὸ
1696 2447 1754 2505 δὲ
1796 2448 1983 2504 ὑλικὸν

334 2537 521 2610 αὐτοῦ,
568 2538 779 2616 ἐνεργὸν
839 2540 914 2602 εἷς
973 2540 1191 2616 σπέρμα
1245 2539 1335 2594 καὶ
1392 2540 1624 2614 γένεσιν,
1674 2538 1748 2601 ὡς
1807 2535 1867 2592 ἂν
1906 2541 1986 2609 τῷ

335 2628 606 2705 σπέρματι
673 2628 1129 2704 συγκεκραμένον,
1180 2628 1271 2684 καὶ
1345 2629 1547 2699 ταύτης
1598 2627 1650 2683 ἐν
1714 2631 1827 2701 ζωῇ
1882 2633 1983 2696 τῆς

334 2717 599 2790 ἁρμονίας
631 2717 934 2788 ἀποστῆναι
969 2718 1044 2792 μὴ
1079 2715 1399 2792 δυνάμενος.
1431 2718 1584 2774 Κατὰ
1611 2720 1773 2772 τοῦτο
1803 2716 1984 2792 πατὴρ

332 2806 496 2880 ἡμῶν
529 2806 557 2860 δ
590 2804 784 2881 Ἀδάμ.

406 2985 517 3054 Νζξ
567 2985 630 3042 Ὁ
686 2989 904 3061 πρῶτος
953 2981 1000 3040 δ’
1046 2982 1331 3059 ἅνθρωπος
1391 2984 1452 3041 ἐκ
1496 2991 1599 3061 γῆς
1653 2984 1869 3061 χοϊκός.
1922 2984 1984 3042 Et

336 3072 392 3129 δὶ
434 3073 524 3129 καὶ
582 3073 643 3129 ἐκ
694 3078 936 3150 ψυχικοῦ
993 3071 1206 3149 ἔσπειρε
1250 3075 1340 3130 καὶ
1380 3073 1440 3130 ἐκ
1464 3079 1852 3148 πνευματικοῦ,
1882 3095 1983 3129 κα-

335 3165 502 3240 θάπερ
534 3161 586 3234 ἐξ
619 3163 836 3234 ὑλικοῦ,
867 3163 1061 3227 πάντες
1089 3161 1149 3218 ἂν
1176 3161 1287 3219 ί¹σοι
1333 3165 1424 3219 καὶ
1473 3161 1671 3219 δίκαιοι
1721 3163 1986 3240 ἐγεγόνει-

2015 1876 2064 1942 Β

2110 755 2363 811 caelestis
2393 760 2566 826 esset,
2601 772 2715 812 non
2745 773 2931 813 vacua
2962 757 3056 812 sed
3095 755 3350 814 medulla
3379 756 3554 829 plena
3581 757 3755 830 spiri-

2107 846 2166 898 tu
2177 843 2274 898 ali.

2179 931 2317 990 LIV.
2349 933 2437 988 Ab
2466 934 2689 989 Adamo
2739 941 2934 990 autem
2976 938 3096 990 tres
3146 937 3364 990 naturae
3404 938 3751 1007 nascuntur,

2106 1021 2294 1092 prima
2321 1022 2557 1093 quidem
2590 1039 2718 1094 quae
2751 1023 2996 1079 rationis
3024 1039 3229 1095 expers
3264 1024 3395 1094 fuit,
3421 1027 3478 1080 et
3508 1025 3578 1080 ad
3603 1024 3753 1082 hanc

2105 1107 2246 1165 Cain
2278 1110 2638 1182 pertinebat;
2673 1112 2930 1168 secunda
2963 1128 3095 1167 vero
3128 1111 3355 1168 ratione
3387 1113 3630 1184 praadita
3651 1113 3750 1186 ju-

2104 1203 2334 1272 staque,
2370 1200 2442 1254 ad
2475 1216 2652 1271 quam
2702 1200 2878 1268 Abel;
2928 1201 3103 1257 tertia
3149 1219 3282 1258 vero
3327 1201 3629 1274 spiritalis,
3679 1203 3751 1258 ad

2101 1306 2276 1362 quam
2299 1290 2454 1345 Seth.
2488 1291 2559 1346 Et
2587 1290 2880 1348 terrestris
2906 1291 3144 1362 quidem
3177 1295 3268 1348 est
3299 1292 3370 1347 ad
3403 1292 3750 1365 imaginem,

2101 1379 2374 1434 animalis
2392 1397 2526 1435 vero
2550 1381 2620 1436 ad
2636 1380 2736 1435 Dei
2756 1379 3566 1452 similitudinem,spiritualis
3588 1381 3750 1437 deni-

2101 1483 2213 1537 que
2244 1469 2311 1523 ad
2339 1470 2654 1541 propriam.
2679 1469 2759 1525 De
2782 1469 2971 1525 tribus
2995 1469 3178 1538 hisce,
3203 1471 3329 1526 sine
3352 1471 3572 1529 caeteris
3592 1471 3743 1527 Ada-

2101 1557 2182 1612 mi
2212 1556 2436 1626 liberis,
2470 1560 2692 1615 dictum
2726 1564 2812 1615 est
2844 1576 2856 1613 :
2885 1559 2985 1614 Hic
3008 1560 3149 1616 liber
3169 1560 3544 1631 generationis
3571 1561 3746 1617 homi-

2097 1663 2230 1701 num
2253 1647 2353 1719 (a).
2390 1649 2554 1716 Quod
2585 1664 2719 1704 vero
2750 1648 2884 1704 Seth
2937 1648 3266 1720 spiritualis
3308 1649 3438 1715 fuit,
3472 1665 3578 1706 nec
3607 1665 3744 1722 pas-

2095 1739 2188 1790 tor
2217 1741 2343 1791 erat
2384 1753 2575 1810 neque
2605 1741 2819 1793 terram
2852 1737 3052 1806 coluit,
3087 1739 3188 1794 sed
3232 1739 3546 1810 spirituum
3581 1753 3744 1796 more

2097 1823 2318 1896 prolem
2349 1826 2572 1898 genuit,
2605 1842 2854 1898 eamque
2884 1843 3010 1898 quae
3039 1843 3236 1883 nomen
3268 1827 3492 1884 Domini
3522 1830 3741 1884 invoca-

2093 1930 2155 1970 re
2179 1914 2253 1986 (b)
2286 1917 2582 1988 speravit;
2614 1932 2739 1987 quae
2789 1933 3028 1972 sursum
3075 1917 3276 1972 oculos
3330 1917 3520 1987 tollat,
3581 1919 3740 1990 cujus

2088 2005 2430 2060 conversatio
2461 2006 2522 2059 in
2547 2004 2682 2060 aceto
2705 2005 2796 2076 (ο),
2829 2020 3004 2076 quam
3036 2005 3294 2061 mundus
3327 2022 3442 2062 non
3474 2006 3649 2078 capit.

2159 2094 2265 2149 LV.
2301 2093 2514 2149 Tribus
2544 2093 2603 2148 in
2637 2093 2862 2150 Adamo
2891 2093 3274 2166 incorporeis,
3298 2100 3576 2166 quartum
3601 2112 3740 2167 quo-

2088 2196 2202 2254 que
2233 2186 2528 2252 terrestre,
2561 2181 2777 2250 induit,
2826 2182 3102 2255 pelliceas
3153 2183 3434 2240 nimirum
3480 2184 3736 2241 tunicas.

2089 2270 2338 2327 Proinde
2368 2288 2473 2328 nec
2505 2289 2572 2328 ex
2602 2271 2810 2343 spiritu
2844 2288 3033 2344 neque
3060 2287 3127 2327 ex
3157 2272 3452 2345 spiraculo
3475 2274 3738 2330 Adamus

2088 2359 2543 2432 seminat,ambo
2574 2360 2790 2433 quippe
2818 2360 3114 2417 divina.Et
3142 2377 3246 2432 per
3274 2361 3443 2418 illum
3475 2362 3736 2435 quidem,

2089 2465 2206 2504 non
2238 2453 2437 2505 autem
2466 2450 2536 2505 ab
2570 2448 2669 2506 illo
2716 2450 3128 2521 producuntur
3166 2451 3362 2506 ambo.
3405 2451 3570 2515 Quod
3599 2467 3734 2508 vero

2088 2537 2252 2593 illius
2281 2541 2371 2593 est
2395 2541 2721 2608 terrenum,
2754 2537 2812 2593 id
2844 2539 2915 2594 ad
2947 2553 3147 2594 semen
3179 2543 3355 2611 atque
3401 2540 3730 2612 generatio-

2089 2643 2224 2681 nem
2255 2626 2462 2682 efﬁcax
2493 2631 2601 2698 est,
2663 2627 2831 2698 quasi
2881 2627 3095 2683 semini
3124 2629 3501 2684 commistum
3554 2633 3733 2699 esset,

2087 2719 2294 2786 estque
2323 2715 2636 2787 ejusmodi,
2671 2720 2735 2772 ut
2765 2717 2836 2773 ab
2863 2717 2966 2774 illa
2996 2734 3124 2789 qua
3157 2718 3214 2774 in
3245 2717 3365 2774 vita
3385 2723 3476 2775 est
3499 2717 3736 2776 harmo-

2089 2804 2188 2859 nia
2222 2804 2534 2861 absoedere
2569 2822 2685 2862 non
2718 2805 2924 2878 possit.
2957 2811 3078 2863 Hoc
3117 2807 3315 2880 itaque
3359 2809 3530 2865 modo
3560 2809 3732 2864 Pater

2089 2897 2288 2950 noster
2313 2895 2572 2950 Adamus
2612 2895 2854 2964 exstitit,
2887 2903 2942 2950 et
2969 2895 3195 2966 genuit.

2165 2982 2295 3038 LVI.
2330 2983 2563 3039 Primus
2596 2983 2759 3040 homo
2790 2985 2864 3040 de
2894 2989 3044 3040 terra
3073 2994 3322 3043 terrenus
3343 2987 3442 3059 (ἀ).
3490 2987 3653 3055 Quod
3680 2987 3732 3042 si

2090 3088 2158 3128 ex
2189 3071 2427 3128 animali
2458 3072 2810 3129 sominasset
2826 3090 2891 3129 ac
2913 3073 3188 3147 spiritali,
3208 3077 3280 3132 ad
3304 3077 3580 3133 eumdem
3605 3093 3734 3133 mo-

2089 3161 2233 3217 dum
2265 3178 2382 3233 quo
2412 3179 2482 3217 ex
2533 3162 2846 3230 materiali,
2887 3180 3091 3222 omnes
3128 3181 3296 3237 pares
3327 3183 3392 3222 ac
3413 3166 3564 3236 justi
3613 3166 3735 3223 nati

333 3273 447 3325 σαν,
476 3253 566 3307 καὶ
599 3251 652 3308 ἐν
679 3257 841 3308 πᾶσιν
874 3253 932 3308 ἂν
961 3255 996 3324 ἡ
1040 3249 1244 3328 διδαχὴ
1294 3254 1384 3323 ἦν.
1419 3253 1515 3308 Διᾶ
1562 3258 1726 3308 τοῦτο
1776 3251 1982 3309 πολλοὶ

2103 3267 2383 3317 essemus,
2406 3252 2544 3308 etin
2577 3252 2853 3308 omnibus
2895 3253 3162 3309 doctrina
3197 3259 3261 3323 ›ι‹
3307 3259 3484 3311 esset.
3535 3254 3740 3327 Itaque

335 3344 427 3416 μὶν
489 3343 541 3397 oi
575 3341 780 3410 ὑλικοῖ,
814 3342 875 3397 οὐ
908 3339 1114 3398 πολλοὶ
1147 3339 1205 3398 δὲ
1252 3344 1303 3398 o't
1352 3342 1583 3417 ψυχικοί
1617 3363 1629 3376 ο
1660 3340 1875 3398 σπάνιοι
1926 3339 1984 3397 δὲ

334 3431 388 3486 o't
434 3430 810 3504 πνευματικοί.
839 3430 914 3486 Τὸ
965 3432 1059 3504 μὲν
1110 3431 1201 3486 οῦν
1251 3430 1614 3502 πνευματικὸν
1673 3429 1826 3506 φύσει
1875 3450 1984 3483 σω-

341 3520 674 3593 ζόμενον·τὸ
707 3517 763 3575 δὲ
794 3520 1053 3596 ψυχικὸν,
1085 3518 1426 3591 αὐτεξούσιον
1455 3516 1536 3588 ὃν,
1568 3515 1985 3589 ἐπιτηδειότητα

340 3607 456 3684 ἔχει
504 3611 640 3685 πρὸς
686 3610 787 3678 τὴν
833 3607 1013 3664 πίστιν
1059 3609 1150 3664 καὶ
1192 3606 1511 3686 ἀφθαρσίαν,
1543 3607 1631 3662 καὶ
1680 3609 1815 3680 πρὸς
1854 3608 1983 3662 ἀπι-

338 3699 486 3754 στίαν
539 3697 628 3752 καὶ
678 3699 906 3775 φθορὰν,
937 3699 1076 3753 κατὰ
1128 3699 1227 3768 τήν
1279 3696 1478 3751 οἴκείαν
1524 3695 1727 3772 α’ίρεσιν
1765 3715 1778 3728 ·
1808 3696 1870 3750 τὸ
1927 3691 1985 3750 δὶ

341 3783 528 3842 ὑλικὸν
562 3785 717 3865 φύσει
753 3785 1081 3844 ἀπόλλυται.
1114 3788 1279 3844 ’Όταν
1309 3785 1404 3840 οὗν
1434 3786 1500 3840 τὰ
1546 3783 1756 3861 ψυχικὰ
1802 3783 1984 3860 ἐγκεν-

334 3878 530 3952 τρισθῇ
587 3878 657 3950 τῇ
716 3874 1060 3948 καλλιελαίῳ
1133 3875 1208 3937 εἷς
1283 3874 1461 3930 πίστιν
1517 3875 1607 3928 καὶ
1665 3873 1986 3952 ἀφθαρσίαν,

335 3964 424 4020 καὶ
491 3966 739 4040 μετάσχῃ
791 3971 892 4035 τῆς
967 3964 1231 4035 πιότητος
1295 3971 1396 4034 τῆς
1449 3962 1657 4031 ἐλαίας,
1715 3963 1804 4018 καὶ
1861 3961 1985 4018 ὅταν

343 4053 556 4128 εἰσέλθῃ
607 4055 673 4110 τὰ
725 4052 878 4125 ἔθνη,
935 4053 1060 4110 τότε
1117 4052 1259 4109 οὕτω
1314 4058 1417 4118 πᾶς
1464 4051 1686 4129 Ἰσραήλ
1895 4053 1992 4108 Ἰσ-

340 4141 485 4216 ραὴλ
515 4140 572 4199 δὲ
600 4141 995 4220 ἀλληγορεῖται
1028 4143 1056 4198 6
1086 4142 1473 4217 πνευματικὸς,
1507 4143 1535 4196 6
1578 4141 1849 4216 ὀψόμενος
1895 4140 1986 4196 τὸν

341 4233 490 4300 Θεὸν,
523 4234 551 4287 6
598 4236 696 4288 τοῦ
744 4236 939 4288 πιστοῦ
971 4228 1220 4309 Ἀϐραὰμ
1273 4232 1388 4295 υἱὸς
1433 4232 1678 4308 γνήσιος,
1713 4232 1742 4286 ὁ
1790 4229 1850 4286 ἐκ
1891 4236 1990 4300 τῆς

341 4321 646 4396 ἐλευθὲρας,
680 4320 788 4397 οὐχ
835 4322 863 4376 6
911 4321 1046 4377 κατὰ
1084 4322 1274 4398 σάρκα,
1312 4322 1340 4376 6
1394 4319 1453 4376 ὲκ
1485 4327 1586 4390 τῆς
1637 4317 1841 4390 δούλης
1889 4325 1991 4389 τῆς

339 4410 659 4488 Αἰγυπτίας.

2091 3339 2261 3394 multi
2294 3343 2434 3396 sunt
2462 3341 2698 3412 terreni,
2734 3357 2849 3397 non
2879 3358 3014 3398 vero
3047 3341 3220 3398 multi
3275 3341 3585 3411 animales,
3617 3342 3741 3398 rari

2089 3445 2226 3484 vero
2258 3429 2359 3500 qui
2389 3429 2725 3500 spirituales
2749 3435 2912 3486 sunt.
2941 3433 3145 3503 Itaque
3167 3431 3322 3502 quod
3346 3431 3584 3503 quidem
3613 3432 3738 3504 spi-

2094 3517 2284 3588 ritale,
2314 3521 2525 3575 natura
2556 3535 2663 3574 sua
2695 3518 2956 3576 salvetur
2978 3537 2991 3576 :
3017 3521 3175 3593 quod
3219 3535 3352 3578 vero
3380 3520 3631 3578 animale
3659 3520 3732 3577 Ii-

2094 3608 2351 3680 beroque
2379 3607 2618 3664 arbitrio
2651 3607 2985 3681 praeditum,
3009 3610 3066 3665 id
3089 3609 3367 3667 idoneum
3389 3615 3480 3668 est
3504 3629 3636 3669 cum
3657 3613 3729 3668 ad

2097 3695 2272 3750 ﬁdem
2303 3700 2431 3751 tum
2467 3696 2539 3751 ad
2561 3694 3081 3769 incorruptionem,
3101 3698 3219 3756 imo
3240 3704 3297 3755 et
3326 3701 3399 3756 ad
3428 3700 3737 3758 inﬁdelita-

2095 3787 2213 3838 tem
2237 3801 2302 3840 ac
2333 3785 2786 3857 corruptionem,
2809 3785 3035 3860 hocque
3055 3803 3124 3844 ex
3144 3788 3424 3847 electione
3441 3807 3506 3846 ac
3527 3791 3738 3846 volun-

2100 3876 2219 3928 tate
2251 3873 2503 3945 propria;
2539 3875 2694 3946 quod
2740 3875 2978 3931 demum
3028 3880 3348 3946 terrenum,
3395 3883 3605 3935 natura
3634 3895 3742 3934 sua

2099 3961 2208 4018 hoc
2238 3961 2455 4019 interit.
2489 3964 2635 4020 Cum
2669 3963 2866 4035 itaque
2895 3981 3021 4036 quae
3056 3981 3126 4022 ex
3157 3967 3398 4023 animali
3430 3973 3572 4024 sunt
3600 3969 3745 4024 sub-

2099 4051 2316 4107 stantia
2345 4053 2559 4108 inserta
2587 4055 2698 4108 sint
2719 4055 2778 4109 in
2798 4055 2996 4110 bonam
3024 4055 3254 4124 olivam,
3285 4057 3343 4111 in
3379 4057 3577 4124 fidem,
3609 4056 3744 4113 etin

2099 4140 2598 4212 incorruptionem
2613 4187 2626 4209 ,
2648 4152 2806 4215 alque
2827 4143 2991 4201 olivae
3016 4147 3414 4218 pinguedinem
3431 4145 3744 4218 participat,

2099 4245 2224 4285 cum
2253 4232 2494 4302 denique
2515 4241 2700 4303 gentes
2730 4235 2945 4302 fuerint
2976 4234 3261 4306 ingressae,
3286 4239 3424 4292 tunc
3451 4238 3540 4292 ita
3568 4234 3748 4291 omnis

2100 4318 2280 4374 Israel
2307 4321 2496 4376 salvus
2527 4321 2634 4375 erit
2656 4321 2746 4393 (ε).
2782 4323 2959 4379 Israel
2982 4329 3180 4380 autem
3213 4325 3538 4397 spiritualis
3565 4341 3745 4382 sensu

2101 4407 2410 4480 allegorico
2442 4409 2814 4483 intelligitur,
2837 4412 2940 4483 qui
2959 4417 3144 4469 Deum
3178 4414 3256 4470 sit
3285 4415 3543 4486 visurus,
3568 4415 3748 4471 Abra-

2097 4497 2258 4552 hami
2292 4497 2480 4554 ﬁdelis
2511 4498 2668 4555 illius
2724 4517 2918 4568 verus,
2983 4511 3164 4559 matre
3199 4504 3400 4574 libera,
3429 4521 3540 4561 non
3558 4519 3750 4560 secun-

2100 4585 2232 4641 dum
2261 4602 2486 4642 carnem
2514 4597 2682 4643 natus
2710 4593 2764 4644 et
2793 4605 2862 4644 ea:
2891 4591 3102 4646 ancilla
3130 4593 3454 4664 .‘Egyptz'aca
3473 4593 3561 4665 (Γ).

417 4682 535 4740 ΝΖ’.
568 4681 776 4736 Γίνεται
809 4679 900 4735 οῦν
933 4679 993 4735 ἐκ
1018 4682 1124 4734 τῶν
1167 4681 1342 4754 γενῶν
1387 4680 1493 4733 τῶν
1534 4679 1725 4752 τριῶν,
1750 4678 1847 4731 τοῦ
1897 4676 1988 4750 μὲν

2123 4640 2340 4731 "LV—Ii.
2371 4640 2674 4748 magis;
2697 4640 2767 4733 ei
2790 4640 2988 4736 sibi;
3001 4640 3356 4753 'géneriﬁts,
3387 4640 3627 4739 αάὲέἶιι
3648 4681 3754 4737 uni

350 4769 627 4848 udplcpwciq
686 4774 782 4826 τοῦ
844 4772 1240 4843 πνευματικοῦ,
1297 4771 1396 4823 τοῦ
1454 4763 1511 4822 δὶ
1569 4767 1853 4840 μετάθεσις
1900 4769 1988 4821 τοῦ

2106 4764 2345 4837 quidem
2379 4765 2566 4821 forma
2598 4766 2676 4822 sit
2707 4767 3057 4840 spiritualis,
3092 4769 3258 4826 alteri
3303 4788 3437 4829 vero
3483 4771 3757 4828 animalis

344 4862 585 4935 ψυχικοῦ
615 4859 674 4914 ἐκ
704 4855 954 4921 δουλείας
981 4856 1057 4921 εἷς
1089 4854 1419 4932 ἐλευθερίαν.

418 4954 544 5005 NH’.
570 4948 720 5004 Μετὰ
773 4948 872 5018 τήν
931 4950 1027 5002 τοῦ
1077 4946 1305 5001 θανάτου
1351 4943 1529 5001 τοίνυν
1563 4941 1865 5020 βασιλείαν,
1901 4963 1993 5016 με-

349 5034 525 5113 γάλην
558 5038 652 5112 μὲν
710 5035 803 5091 καὶ
841 5034 1196 5114 εὐπρόσωπον
1241 5035 1342 5106 τὴν
1390 5030 1716 5110 ἐπαγγελίαν
1763 5053 1998 5103 πεποιη-

519 5222 576 5273 Ρ.
636 5218 744 5274 973
791 5218 904 5275 ED.
964 5216 1268 5288 POTTER.
1326 5287 1333 5288 ί
1380 5219 1456 5288 (a)
1504 5215 1648 5273 Gen.
1695 5231 1753 5286 ν,
1807 5213 1855 5268 1.

355 5287 628 5362 (εγΒοῑιι.
661 5307 722 5360 ιι,
753 5290 844 5346 23.
957 5290 1024 5363 (Γ)
1053 5287 1176 5346 Gal.
1211 5305 1284 5361 ιν,
1313 5287 1404 5343 26.

375 5528 384 5533 -
427 5491 505 5563 (7)
534 5491 660 5546 Κατ’
692 5487 848 5547 ἰδίαν.
881 5495 950 5549 Η.
982 5490 1216 5548 dubitet
1245 5507 1319 5548 an
1348 5490 1543 5547 verius
1573 5488 1650 5547 sit
1691 5485 1809 5540 κατ’
1840 5481 2005 5540 ἰδέαν.

359 5565 647 5620 annuae.

1968 5212 2046 5285 (b)
2102 5212 2244 5269 Gen.
2296 5229 2374 5281 IV,
2420 5212 2509 5266 26.

2106 4872 2174 4912 ex
2206 4855 2482 4910 servitute
2513 4855 2571 4910 in
2603 4854 2934 4914 libertatem
2967 4859 3298 4916 translatio.

2177 4943 2367 5001 LVIII.
2405 4945 2540 5000 Post
2561 4945 2768 5000 mortis
2787 4945 2986 5018 itaque
3003 4946 3341 5019 imperium,
3365 4950 3759 5022 promissione

2107 5047 2325 5104 magna
2345 5035 2402 5087 et
2431 5033 2699 5104 speciosa
2732 5034 2970 5106 quidem
3005 5036 3352 5109 perfectum,
3387 5053 3512 5110 quos
3543 5037 3760 5096 nihilo-

2624 5213 2695 5285 (ο)
2727 5213 2877 5270 Phil.
2911 5231 2996 5286 ιιι,
3027 5215 3118 5272 20.
3231 5217 3311 5289 (d)
3341 5221 3365 5275 Ι
3399 5218 3511 5276 Cor
3537 5235 3631 5290 xv,
3663 5221 3754 5278 47.

2120 5483 2297 5540 etiam
2330 5482 2519 5552 potest
2547 5497 2616 5538 ex
2645 5484 3010 5540 antecedenti
3040 5487 3300 5544 membro
3337 5493 3578 5549 verbum
3624 5512 3761 5550 εισε-

2121 5551 2392 5624 λεῦσεται,
2426 5551 2483 5606 id
2538 5558 2627 5610 est
2676 5558 2802 5610 tunc
2843 5555 3065 5613 demum
3101 5563 3245 5615 totus
3290 5564 3465 5620 Israel
3510 5566 3762 5624 intrabit.

435 5634 514 5710 (8)
545 5639 659 5696 Πᾶς
690 5631 933 5710 Ἰσραήλ.
981 5635 1048 5690 Α.
1075 5635 1228 5710 _post
1279 5629 1423 5710 haec
1441 5631 1639 5710 yerpa
1677 5628 2012 5710 addendum
2122 5627 2204 5710 Pe
2227 5623 2508 5680 insitione
2539 5629 2734 5684 autem
2766 5627 2940 5686 latius
2970 5633 3287 5689 tractatum
3336 5652 3515 5710 supra
3548 5653 3606 5709 p.
3637 5623 3765 5694 285.

366 5709 536 5778 putat
589 5707 916 5777 σωθήσεται,
950 5721 1020 5762 ex

1125 5720 1243 5762 om.
1274 5721 1354 5774 x1,
1396 5705 1486 5760 26.
1531 5695 1643 5761 Sed
1703 5699 2014 5759 subaudiri
2125 5699 2412 5755 Susum.
