4078 6146
325 261 430 317 687

1570 259 1908 314 CLEMENS
1943 257 2518 315 ALEXANDBINUS

333 386 532 441 minus
583 384 788 441 mortis
831 382 1103 439 ministra
1135 382 1282 438 facta
1314 386 1423 450 est,
1455 379 1615 436 omni
1649 379 1977 451 principatu

2108 379 2287 450 μένην,
2321 374 2474 434 οὐδέν
2535 375 2592 433 δὲ
2635 381 2798 448 ἧττον
2843 375 3117 436 διακονίαν
3167 378 3400 445 θανάτου
3445 377 3748 455 γεγενημέ-

335 491 402 529 ac
433 475 648 531 deitate
677 473 982 529 deﬁciente
1012 487 1078 528 ac
1111 471 1434 538 fatiscente,
1470 486 1718 540 magnus
1748 467 1846 526 ille
1879 487 1978 541 pu-

335 563 415 635 gil
439 563 615 619 Jesus
645 561 988 618 Christusin
1021 561 1218 633 seipso
1249 559 1511 632 potentia
1543 558 1860 616 Ecclesiam
1887 576 1981 614 su-

338 668 524 718 mens,
558 667 767 723 nempe
795 651 1012 706 electos
1045 668 1109 706 ac
1145 655 1376 706 vocatos
1407 649 1564 721 quod
1595 648 1833 720 quidem
1857 648 1980 720 spi-

338 740 506 796 ritale
536 757 570 796 a
600 746 860 812 parente,
900 740 1056 811 quod
1107 757 1240 796 vero
1286 737 1540 794 animale
1570 755 1637 794 ex
1681 737 1980 808 dispensa-

339 829 518 898 tione,
550 829 711 884 salva
743 829 876 884 fecit
905 833 964 884 et
993 828 1202 884 extulit
1233 843 1596 899 quaecunque
1644 842 1984 898 assumpse-

337 921 448 984 rat,
478 933 541 972 ac
575 935 678 989 per
710 916 811 973 illa
859 935 1108 990 quaeque
1153 918 1241 973 his
1272 922 1411 973 sunt
1441 917 1683 972 similia.
1729 917 1787 972 Si
1831 917 1986 972 enim

334 1006 604 1079 primitiae
659 1010 891 1078 sanctae,
941 1005 1113 1062 etiam
1169 1023 1392 1069 massa;
1447 1008 1496 1061 si
1544 1005 1713 1062 radix
1767 1015 1986 1074 sancta,

339 1098 508 1152 etiam
532 1097 701 1152 rami.

413 1185 562 1242 857
584 1183 716 1240 LIX.
741 1185 1002 1240 Primum
1022 1185 1218 1256 itaque
1243 1201 1444 1240 semen
1463 1202 1494 1240 a
1515 1187 1755 1256 parente
1773 1182 1987 1254 induit,

345 1288 460 1330 non
491 1273 593 1344 qui
629 1278 958 1345 caperetur,
995 1274 1093 1329 sed
1130 1273 1228 1345 qui
1270 1272 1486 1328 virtute
1530 1279 1783 1344 caperet,
1835 1273 1991 1344 quod

348 1362 633 1435 paulatim
662 1378 766 1434 per
797 1362 1107 1418 scientiam
1139 1364 1442 1418 formatur.
1463 1362 1545 1417 Ad
1569 1361 1760 1417 locum
1797 1367 1992 1417 autem

346 1467 480 1507 cum
511 1451 757 1518 venerit,
783 1451 1224 1507 invenitJesum
1259 1449 1557 1506 Christum
1591 1450 1994 1522 induisse,qui

347 1545 482 1596 ante
505 1539 858 1612 prwdicatus
892 1540 1099 1608 fuerat,
1153 1556 1326 1611 quem
1373 1539 1668 1612 prophetae
1702 1544 1876 1611 atque
1905 1538 1996 1594 lex

348 1628 850 1702 praenuntiabant,
876 1628 1134 1702 etimago
1155 1628 1470 1685 Salvatoris
1492 1634 1636 1684 erat.
1663 1628 1994 1692 Quinetiam

351 1723 409 1773 et
429 1717 704 1773 animalis
727 1717 822 1772 hic
844 1717 1133 1785 Christus,
1160 1734 1334 1789 quem
1367 1717 1658 1784 induerat,
1685 1717 1999 1774 invisibilis

354 1813 497 1863 erat.
515 1806 831 1878 Oportebat
855 1811 1053 1863 autem
1079 1813 1137 1863 at
1163 1806 1260 1863 ille
1283 1807 1384 1879 qui
1402 1808 1461 1862 in
1483 1808 1771 1862 mundum
1795 1813 2000 1862 ventu-

356 1913 459 1953 rus
491 1901 617 1952 erat
645 1895 780 1953 talis
813 1901 990 1967 esset,
1022 1896 1122 1968 qui
1149 1896 1348 1966 videri,
1381 1897 1481 1968 qui
1515 1895 1721 1963 teneri,
1770 1897 1871 1968 qui
1916 1913 2004 1953 so~

357 1986 505 2042 ciam
534 1986 662 2040 vita
696 1986 981 2041 rationem
1032 1984 1202 2053 inire,
1249 1991 1307 2041 et
1347 1987 1585 2041 demum
1648 1986 1746 2057 qui
1791 2002 2005 2058 corpus

356 2073 650 2145 ejusmodi
682 2074 921 2131 haberet
949 2074 1104 2146 quod
1138 2091 1316 2131 sensu
1352 2075 1571 2148 percipi
1607 2079 1824 2147 posset.
1858 2075 2005 2132 Hinc

356 2163 539 2235 igitur
567 2163 650 2218 illi
681 2181 893 2236 corpus
924 2169 1010 2220 est
1042 2179 1111 2219 ex
1139 2163 1420 2220 invisibili
1455 2163 1695 2220 animali
1726 2164 2004 2220 substan~

354 2253 460 2318 tia,
489 2253 700 2308 virtute
730 2269 862 2308 vero
893 2269 959 2309 ex
989 2252 1186 2308 divina
1230 2253 1449 2309 fabrica
1480 2258 1836 2324 contextum,
1868 2269 2002 2310 cum

351 2340 412 2397 in
446 2341 734 2398 mundum
766 2341 1106 2397 sensibilem
1137 2340 1376 2397 veniret.

422 2431 532 2487 LX.
565 2435 684 2486 Hoc
717 2431 914 2502 itaque
947 2447 961 2497 ;
993 2429 1242 2502 Spiritus
1288 2435 1517 2486 sanctus
1567 2429 1627 2485 in
1655 2433 1710 2486 te
1738 2445 2002 2502 superve-

347 2522 487 2586 niet,
519 2519 780 2591 corporis
802 2518 1091 2574 Dominici
1117 2519 1396 2575 fabricam
1422 2519 1674 2586 indicat;
1706 2520 1884 2575 virtus
1905 2537 2000 2576 ve-

348 2627 412 2665 ro
443 2609 714 2664 Altissimi
761 2609 868 2664 tibi
913 2607 1398 2680 obumbrabit(a),
1459 2609 1867 2664 formationem
1900 2609 2004 2666 Dei

355 2699 520 2767 dicit,
549 2714 678 2768 qua:
705 2713 919 2768 corpus
951 2697 1012 2752 in
1043 2697 1282 2769 Virgine
1315 2698 1610 2753 formavit.

425 2787 567 2844 LXI.
601 2787 766 2852 Quod
798 2792 993 2842 autem
1029 2787 1154 2858 ipse
1185 2787 1286 2858 qui
1336 2789 1683 2859 assumpsit,
1738 2788 2005 2844 diversus

358 2876 556 2944 fuerit,
579 2894 648 2932 ex
686 2876 759 2931 iis
799 2877 1175 2932 manifestum
1218 2881 1325 2946 est,
1352 2877 1571 2948 quibus
1601 2879 1816 2933 fatetur
1850 2894 1862 2932 :
1897 2881 2007 2946 Ego

356 2983 481 3023 sum
510 2969 648 3033 vita,
675 2982 786 3035 ’δυο
825 2983 947 3020 sum
985 2967 1306 3038 vcritas(b),
1333 2974 1396 3039 ›ι‹
1424 2984 1520 3036 ego
1550 2977 1600 3022 et
1630 2971 1803 3022 Pater
1831 2984 2008 3022 unum

354 3073 549 3113 sumus
569 3056 659 3129 (c).
699 3055 849 3111 Illud
883 3059 1077 3110 autem
1105 3055 1392 3126 spiritale,
1427 3056 1605 3112 etiam
1638 3061 1694 3112 et
1725 3057 2001 3130 animale,

2091 489 2214 539 νην,
2246 467 2424 538 πάσης
2477 467 2820 539 ἀπειπούσης
2872 471 3051 546 ἀρχῆς
3105 469 3196 524 καὶ
3255 469 3537 539 θεότητος,
3572 469 3600 523 6
3650 464 3746 542 μ’έο

2089 578 2189 632 γας
2245 557 2548 630 ἀγωνιστὴς
2601 558 2813 628 Ἰησοῦς
2869 560 3112 636 Χριστὸς
3167 557 3219 614 ἐν
3281 559 3454 630 ἑαυτῷ
3524 555 3749 630 δυνάμει

2090 646 2190 712 τῆν
2219 643 2546 714 Ἐκκλησίαν
2596 641 2911 714 ἀναλαϐὼν,
2941 649 3004 703 τὸ
3053 645 3305 704 ἐκλεκτὸν
3355 645 3445 702 καὶ
3493 647 3555 701 τὸ
3601 643 3746 717 κλη-

2091 734 2207 806 τὸν,
2240 734 2302 789 τὸ
2346 735 2441 806 μὲν
2496 734 2642 809 παρά
2693 742 2794 805 τῆς
2852 734 3140 807 τεκούσης,
3169 735 3232 791 τὸ
3261 734 3655 808 πνευματικὸν,
3682 731 3747 789 τὸ

2095 819 2154 877 δὲ
2211 820 2262 876 έν
2318 825 2417 892 τῆς
2477 823 2821 897 οἰκονομίας,
2870 824 2934 880 τὸ
2991 825 3307 900 ψυχικὸν,’ὀ
3364 823 3600 880 ἀνέσωσε
3656 822 3748 878 καὶ

2095 911 2380 986 ἀνήνεγκεν
2414 912 2547 985 ἅπερ
2581 907 2827 983 ἀνέλαϐε,
2856 912 2946 968 καὶ
2980 910 3051 968 δι’
3081 913 3260 969 αὐτῶν
3288 913 3379 968 καὶ
3434 913 3500 968 τά
3525 911 3747 976 τούτοις

2098 1000 2415 1073 ὁμοιοῦν-ια,
2449 999 2517 1057 Εἴ
2543 1001 2646 1076 γὰρ
2677 1003 2712 1070 ἡ
2747 1001 2972 1078 ἀπαρχὴ
3004 1001 3148 1077 ἁγία,
3179 1001 3269 1058 καὶ
3316 1002 3380 1057 τὸ
3406 1001 3629 1081 φύραμα
3652 1021 3665 1035 ·
3699 1001 3751 1058 εἴ

2096 1091 2132 1159 ἡ
2167 1088 2286 1166 ῥίζα
2311 1089 2459 1164 ἁγία,
2489 1088 2579 1144 καὶ
2611 1090 2663 1144 οἱ
2693 1088 2911 1146 κλάδοι.

2169 1179 2297 1236 ΝΘ’.
2329 1179 2558 1253 Σπέρμα
2592 1179 2687 1252 μὲν
2715 1179 2809 1233 οὗν
2864 1182 3080 1254 πρῶτον
3135 1180 3281 1254 παρὰ
3335 1186 3434 1251 τῆς
3487 1179 3754 1251 τεκούσης

2101 1263 2404 1336 ἐνεδύσατο,
2437 1267 2500 1322 οὐ
2553 1266 2847 1342 χωρισθεὶς
2893 1266 3042 1323 ἀλλὰ
3087 1270 3350 1345 χωρήσας
3408 1269 3541 1324 αὐτὸ
3590 1265 3752 1323 δυνά-

2107 1376 2218 1429 μει,
2249 1356 2279 1410 ’ὀ
2329 1356 2465 1411 κατά
2513 1357 2705 1431 μικρὸν
2762 1360 3065 1435 μορφοῦται
3125 1355 3214 1413 διὰ
3268 1358 3523 1433 γνώσεως
3555 1377 3569 1391 ο
3621 1356 3758 1412 κατά

2105 1441 2163 1499 δὲ
2208 1444 2299 1499 τὸν
2351 1445 2520 1500 τόπον
2560 1445 2871 1522 γενόμενος,
2924 1447 3072 1522 εὗρεν
3119 1448 3328 1518 Ἰησοῦν
3389 1447 3621 1524 Χριστὸν
3679 1445 3754 1501 έν-

2106 1530 2364 1597 δύσασθαι
2421 1534 2512 1588 τὸν
2563 1534 3106 1610 προκεκηρυγμένον,
3158 1536 3215 1590 ὃν
3269 1535 3654 1612 κατήγγελλον
3705 1537 3756 1591 οἱ

2105 1626 2382 1701 προφῆται
2438 1623 2526 1678 καὶ
2583 1625 2610 1678 ὁ
2666 1624 2855 1696 νόμος,
2905 1619 3032 1680 ὄντα
3097 1623 3278 1680 εἰκόνα
3329 1630 3427 1680 τοῦ
3476 1631 3758 1702 Σωτῆρος,
3801 1652 3804 1655 -

2107 1709 2284 1769 Ἀλλά
2341 1713 2428 1767 καὶ
2482 1714 2640 1776 οὗτος
2697 1714 2725 1768 6
2769 1714 3004 1790 ψυχικὸς
3053 1715 3302 1789 Χριστὸς,
3333 1715 3390 1769 ’ὸν
3455 1712 3756 1790 ἐνεδύσατο,

2109 1802 2339 1876 ἀόρατος
2361 1803 2450 1872 ἦν.
2481 1799 2631 1859 Ἔδει
2681 1799 2738 1857 δὲ
2788 1801 2879 1857 τὸν
2941 1801 3017 1866 εἰς
3073 1802 3280 1878 κόσμον
3341 1804 3755 1883 ἀφικνούμενον,

2109 1891 2191 1969 ἐφ’
2248 1892 2294 1964 ᾧ
2350 1913 2408 1948 τε
2465 1892 2718 1970 ὀφθῆναι,
2771 1899 3130 1968 κρατηθῆναι,
3187 1891 3634 1962 πολιτεύσασθαι,
3665 1895 3752 1949 καὶ

2109 1980 2371 2051 αἰσθητοῦ
2421 1981 2674 2054 σώματος
2725 1980 3087 2057 ἀντέχεσθαι·
3147 1987 3307 2054 σῶμα
3361 1982 3534 2038 τοίνυν
3599 1983 3750 2055 αὖτῷ

2113 2070 2305 2145 ὑφάναι
2351 2076 2453 2139 τῆς
2504 2069 2564 2124 ἐκ
2616 2076 2717 2140 τῆς
2770 2071 3004 2149 ἀφανοῦς
3061 2073 3304 2148 ψυχικῆς
3356 2070 3556 2141 ούσίας,
3590 2068 3748 2126 δυνά-

2115 2179 2203 2231 μει
2261 2156 2319 2213 δὲ
2376 2159 2521 2223 θείας
2578 2157 2638 2214 ἐκ
2691 2167 3029 2230 κατασκευῆς
3083 2160 3157 2224 εἰς
3218 2160 3471 2232 αἰσθητὸν
3546 2160 3748 2234 κόσμον

2109 2250 2432 2326 ἀφιγμένον.

2179 2433 2262 2486 Ξ’.
2292 2431 2371 2486 Τὸ
2401 2427 2516 2487 οὗν.
2550 2433 2769 2503 Πνεῦμα
2802 2430 2950 2506 ἅγιον
3011 2427 3357 2486 ἐπελεύσεται
3407 2427 3498 2484 ἐπὶ
3542 2427 3622 2501 σέ,
3661 2429 3759 2500 τὴν

2107 2524 2204 2574 τοῦ
2235 2519 2492 2592 σώματος
2519 2523 2616 2574 τοῦ
2647 2518 2852 2592 Κυρίου
2883 2516 3031 2594 λέγει
3187 2517 3420 2592 Δύναμις
3452 2515 3508 2573 δὲ
3538 2519 3762 2594 ὑψίστου

2109 2608 2407 2664 ἐπισκιάσει
2441 2629 2548 2677 σοι,
2577 2609 2675 2678 τήν
2713 2609 2996 2687 μόρφωσιν
3024 2605 3192 2678 δηλοῖ
3237 2611 3334 2663 τοῦ
3375 2611 3534 2678 Θεοῦ,
3566 2609 3602 2678 ἢ
3653 2607 3760 2663 ἐνε-

2107 2697 2326 2752 τύπωσε
2347 2697 2408 2751 τὸ
2440 2701 2598 2768 σῶμα
2627 2697 2680 2750 ἓν
2713 2699 2782 2770 τῇ
2814 2696 3091 2773 Παρθένῳ.
3761 2742 3764 2744 -

2181 2787 2443 2843 ΞΑ’.Ὂτι
2480 2785 2576 2858 μὲν
2611 2783 2702 2839 οὖν
2733 2785 2896 2847 αὐτὸς
2925 2781 3109 2860 ἕτερος
3141 2785 3207 2854 ἦν
3241 2783 3287 2858 ᾧ
3313 2783 3600 2862 ἀνείληφεν
3626 2786 3758 2858 (10),

2113 2873 2282 2945 δῆλον
2342 2873 2392 2947 ἐξ
2444 2875 2516 2928 ὧν
2576 2873 2866 2948 ὁμολογεῖ,
2901 2874 3040 2950 Ἐγὼ
3088 2876 3122 2944 ἡ
3177 2875 3314 2945 ζωὴ,
3358 2874 3468 2949 ἐγὼ
3525 2876 3560 2944 ἡ
3619 2872 3758 2945 ἀλή-

2113 2977 2248 3032 θεια,
2283 2963 2388 3040 ἐγὼ
2447 2964 2532 3018 καὶ
2594 2964 2622 3018 6
2681 2965 2865 3038 Πατὴρ
2923 2960 2976 3018 ἓν
3037 2962 3218 3037 ἐσμεν.
3267 2963 3338 3018 Τὸ
3398 2960 3456 3018 δὲ
3511 2984 3760 3037 πνευμα-

2109 3053 2259 3108 τικὸν
2305 3052 2334 3106 ’ὀ
2381 3050 2670 3129 ἀνείληφεν
2729 3051 2818 3106 καὶ
2863 3053 2927 3107 τὸ
2975 3053 3208 3128 ψυχικὸν
3256 3051 3430 3116 οὕτως
3463 3051 3711 3130 ἐμφαίνει
3748 3071 3761 3086 ⁸

356 3146 513 3218 quod
537 3127 884 3215 assumpsit,
909 3144 1066 3198 hunc
1085 3143 1142 3198 in
1168 3145 1410 3200 modum
1437 3150 1642 3201 notum
1667 3144 1832 3200 facit:
1855 3127 1993 3204 Puei

2114 3141 2193 3200 T6
2253 3138 2310 3196 δὲ
2370 3127 2602 3195 παιδίον
2653 3137 2878 3210 ηὔξανεν
2943 3127 3466 3216 καὶηπροέκοπτειν
3536 3127 3762 3220 σφόδρα.

355 3251 482 3292 vero
509 3235 782 3290 crescebat
823 3237 876 3287 et
917 3233 1246 3304 proﬁciebat
1289 3233 1554 3305 valde(d).
1605 3236 1851 3305 Insuper
1905 3240 2002 3290 Sa-

352 3323 584 3396 pientia:
625 3321 756 3388 fuit,
804 3326 868 3376 ut
897 3321 1050 3392 quod
1084 3321 1392 3393 spirituale
1425 3329 1600 3390 esset,
1633 3324 1997 3394 ostenderet;

349 3410 798 3484 magnitudinis,
859 3415 924 3464 ut
972 3410 1027 3465 id
1059 3411 1213 3482 quod
1247 3411 1521 3467 animale.
1572 3417 1682 3469 Per
1733 3411 1836 3468 illa
1866 3429 2000 3470 vero

349 3515 477 3572 quae
507 3517 577 3556 ex
610 3501 780 3556 latere
807 3501 1093 3569 ﬂuxerunt
1143 3498 1236 3571 (θ),
1282 3499 1624 3556 elIluxiones
1679 3501 1997 3558 affectuum

351 3589 781 3656 manifestabut,
843 3594 898 3644 et
937 3589 1272 3645 affectiones
1301 3606 1369 3644 ex
1402 3589 1736 3646 libidinosis
1770 3591 1996 3662 pravis-

352 3694 466 3748 que
501 3683 690 3733 rectas
721 3678 1070 3748 sedatasque
1103 3677 1286 3733 factas
1317 3679 1707 3746 substantias,
1742 3679 1994 3735 salutem

353 3766 538 3822 luisse
582 3772 948 3822 consecutae.
998 3767 1065 3820 Et
1113 3783 1243 3820 cum
1304 3767 1506 3822 dicat:
1541 3767 1757 3838 Oportet
1788 3767 1996 3823 Filium

353 3855 596 3910 hominis
619 3855 932 3927 reprobari,
963 3854 1324 3910 contumeliis
1353 3855 1526 3925 afﬁci,
1550 3862 1604 3910 et
1632 3856 1992 3928 cruciﬁgi(f),

355 3944 521 4015 quasi
553 3945 623 4000 de
669 3943 783 3998 alio
815 3944 1048 3998 videtur
1080 3943 1258 4014 loqui,
1291 3960 1500 4016 nempe
1531 3945 1603 3999 de
1631 3961 1696 3999 eo
1728 3945 1825 4016 qui
1856 3962 1992 4017 pas-

353 4034 620 4090 sionibus
647 4034 724 4090 sit
752 4033 1059 4090 obnoxius.
1096 4035 1168 4087 Et
1189 4029 1500 4104 praecedam
1529 4049 1642 4102 vos,
1675 4034 1774 4100 ait,
1829 4036 1992 4090 tertia

348 4123 440 4178 die
468 4124 527 4178 in
561 4121 962 4193 Galilaamlg),
1014 4121 1140 4194 ipse
1172 4121 1326 4177 enim
1357 4123 1556 4178 omnia
1587 4124 1886 4194 praecedit,
1934 4130 1993 4179 et

347 4213 602 4268 animam
639 4212 811 4266 modo
843 4209 1125 4266 invisibili
1165 4209 1449 4266 salvatam
1473 4227 1534 4266 se
1562 4211 1989 4267 suecitaturum

341 4301 1106 4371 indicavit,restiturumque
1125 4315 1236 4371 quo
1257 4316 1412 4355 nunc
1437 4300 1812 4373 praeceditUt).
1838 4301 1990 4356 Mor-

339 4395 480 4445 tuus
502 4394 697 4447 autem
721 4394 810 4445 est
847 4389 1064 4460 Spiritu
1097 4389 1195 4460 qui
1230 4404 1405 4461 super
1433 4405 1567 4445 eum
1620 4390 1677 4444 in
1730 4389 1990 4445 Jordano

2109 3229 2312 3309 Σοφίας
2363 3229 2456 3303 μὶν
2511 3228 2613 3304 γὰρ
2659 3228 2720 3282 τὸ
2769 3229 3132 3302 πνευματικὸν
3166 3227 3356 3302 δεῖξαι,
3392 3230 3651 3306 μεγέθους
3707 3226 3765 3284 δὲ

2103 3320 2167 3374 τὸ
2224 3317 2482 3395 ψυχικόν.
2516 3318 2613 3372 Διά
2669 3315 2726 3372 δὲ
2781 3321 2888 3372 τῶν
2939 3315 3234 3394 ἐκρυέντων
3288 3316 3348 3374 ἐκ
3391 3325 3492 3390 τῆς
3520 3318 3761 3396 πλευρᾶς

2105 3406 2309 3479 ἐδήλου
2362 3409 2458 3469 τὰς
2496 3405 2736 3482 έκρύσεις
2782 3410 2889 3460 τῶν
2943 3408 3150 3478 παθῶν,
3183 3407 3288 3462 ἀπὸ
3341 3412 3450 3463 τῶν
3500 3407 3758 3481 έμπαθῶν

2103 3500 2326 3562 ἀπαθεῖς
2384 3497 2679 3572 γενομένας
2735 3496 2832 3560 τὰς
2887 3495 3074 3559 οὐσίας
3133 3497 3418 3555 σεσῶσθαι.
3471 3496 3570 3552 Καὶ
3628 3495 3756 3552 ὅταν

2105 3587 2273 3662 λέγῃ,
2335 3591 2425 3642 Δεῖ
2498 3586 2586 3640 τὸν
2668 3584 2792 3640 Υἱὸν
2876 3588 2976 3638 τοῦ
3056 3585 3343 3660 ἀνθρώπου
3417 3582 3754 3659 ἀποδεκιμα-

2103 3678 2341 3748 σθῆναι,
2399 3669 2716 3750 ὑϐρισθῆναι
2755 3717 2768 3743 ,
2838 3674 3264 3750 σταυρωθῆναι,
3324 3673 3399 3738 ὡς
3449 3674 3572 3749 περὶ
3651 3671 3752 3728 ἄλ-

2103 3765 2204 3820 λου
2257 3765 2494 3842 φαίνεται
2545 3761 2744 3839 λέγων,
2803 3759 3059 3834 δηλονότι
3113 3767 3211 3818 τοῦ
3281 3761 3579 3836 έμπαθοῦς.
3644 3763 3751 3818 Καὶ

2100 3855 2320 3930 προάξω
2380 3855 2540 3927 ὑμᾶς,
2600 3851 2769 3928 λέγει,
2827 3855 2896 3926 τῇ
2971 3850 3129 3926 τρίτῄ
3203 3852 3313 3908 τῶν
3390 3854 3614 3928 ἡμερῶν
3671 3850 3751 3914 εἷς

2097 3946 2198 4014 τήν
2240 3941 2534 3998 Γαλιλαίαν
2567 3961 2579 3973 ·
2614 3942 2777 4003 αὐτὸς
2831 3942 2931 4018 γάρ
2985 3940 3208 4016 προάγει
3259 3941 3450 4009 πάντα,
3501 3940 3591 3996 καὶ
3646 3941 3750 4010 τὴν

2099 4035 2318 4108 ἀφανῶς
2363 4030 2682 4104 σωζομένην
2737 4031 2924 4106 ψυχὴν
2977 4031 3293 4102 ἀναστήσειν
3350 4030 3600 4105 ᾐνίσσετο
3656 4029 3747 4085 καὶ

2097 4123 2558 4190 ἀποκαταστήσειν
2609 4117 2671 4173 οὗ
2717 4123 2810 4173 νῦν
2876 4121 3128 4194 προάγει.
3173 4119 3434 4184 Ἀπέθανε
3488 4115 3567 4187 δὶ,
3610 4119 3750 4174 ἀπο-

2096 4213 2319 4272 στάντος
2377 4213 2474 4264 τοῦ
2533 4203 2868 4270 καταϐάντος
2917 4207 3176 4282 έπάὐτῷ
3232 4207 3319 4263 ἐπὶ
3368 4211 3445 4280 τῷ
3501 4205 3749 4284 Ἰορδάνῃ

2097 4299 2428 4372 Πνεύματος,
2462 4296 2561 4351 οὐκ
2619 4293 2731 4368 ἰδίᾳ
2777 4297 3099 4371 γενομένου,
3157 4294 3302 4352 ἀλλά
3360 4293 3744 4371 συσταλέντος,

2095 4389 2187 4445 τίνα
2241 4389 2331 4443 καὶ
2387 4386 2651 4462 ἕνεργησῃ
2701 4386 2730 4439 6
2773 4385 2996 4450 θάνατος
3027 4383 3189 4440 ’ἐπεὶ
3240 4389 3379 4453 πῶς,
3436 4391 3538 4455 τῆς
3598 4391 3747 4455 ζωῆς

341 4478 637 4534 descendit
678 4479 1046 4548 abscedente,
1098 4493 1203 4532 nec
1237 4478 1446 4532 virtute
1493 4479 1728 4550 propria
1761 4478 1870 4534 hoc
1896 4480 1976 4534 fa-

2108 4479 2368 4556 παρούσης
2398 4475 2449 4530 έν
2497 4474 2668 4546 αύτῷ,
2701 4473 2932 4529 ἀπέθανε
2981 4473 3043 4528 τὸ
3093 4475 3292 4547 σῶμα;
3329 4472 3472 4529 οὕτω
3528 4475 3634 4552 γὰρ
3679 4471 3743 4529 ἃν

340 4574 498 4622 ctum
529 4573 641 4636 est,
669 4567 770 4622 sed
819 4566 978 4622 illius
1011 4567 1107 4638 qui
1144 4566 1428 4622 subduxit
1454 4584 1536 4627 se.
1561 4573 1626 4622 ut
1656 4568 1773 4622 vim
1807 4584 1977 4624 suam

2108 4570 2174 4624 ιαὶ
2234 4568 2400 4622 αὐτοῦ
2452 4568 2550 4618 τοῦ
2612 4569 2871 4638 Σωτῆρος
2926 4563 2954 4618 6
3003 4563 3235 4626 θάνατος
3285 4562 3578 4638 ἐκράτησεν
3623 4562 3686 4618 ἄν
3727 4581 3742 4597 ο

341 4675 500 4713 mors
553 4663 861 4722 exsereret,
907 4658 1124 4729 quippe
1172 4675 1286 4729 quo
1320 4663 1489 4730 pacto
1519 4660 1638 4714 vita
1696 4663 1980 4731 praesente

2108 4658 2221 4731 ἱπερ
2279 4653 2502 4710 ἄτοπον.
2534 4651 2692 4724 Δόλῳ
2735 4649 2793 4706 δὲ
2840 4653 2869 4706 6
2927 4650 3152 4715 θάνατος
3201 4654 3686 4730 κατεπρατηγήοη
3723 4670 3738 4684 ⁸

341 4749 486 4804 mori
523 4749 578 4802 in
603 4747 704 4802 illo
737 4747 927 4818 potuit
956 4765 1166 4817 corpus
1188 4748 1214 4802 ?
1239 4747 1322 4802 sic
1341 4748 1494 4802 enim
1529 4754 1586 4802 et
1612 4765 1770 4803 mors
1793 4750 1979 4820 potita

2108 4745 2451 4804 ἱποθανόντος
2480 4743 2582 4817 γάρ
2611 4745 2708 4796 τοῦ
2758 4741 3011 4814 σώματος
3067 4741 3157 4797 καὶ
3215 4743 3585 4818 κρατήσαντος
3637 4742 3734 4796 αύ-

335 4837 652 4894 Salvatoris
677 4837 865 4908 ipsius
897 4837 1228 4906 esset,quod
1263 4837 1760 4892 absurdum.Dolo
1783 4844 1976 4893 autem

2108 4835 2176 4889 τὸν
2202 4838 2304 4889 τοῦ
2347 4830 2594 4898 θανάτου,
2630 4830 2950 4891 ἀναστείλας
3003 4831 3104 4900 τῆν
3161 4830 3493 4886 ἐπελθοῦσαν
3551 4830 3739 4884 ἀκτῖνα

338 4943 493 4982 mors
559 4930 890 4997 expugnata
919 4930 1010 4979 est
1045 4941 1056 4978 :
1093 4941 1333 4995 corpore
1389 4926 1546 4979 enim
1598 4926 1880 4981 moriente
1909 4943 1976 4982 ac

2108 4926 2184 4989 τῆς
2237 4921 2513 4995 δυνάμεως
2571 4919 2600 4974 6
2660 4919 2880 4994 Σωτήρ,
2933 4917 3186 4974 ἀπείλεσε
3265 4919 3360 4992 μὲν
3423 4919 3516 4974 τὸν
3574 4917 3738 4972 θάνα-

332 5015 528 5088 ipsum
553 5013 862 5085 subigente
886 5020 1092 5079 morte,
1115 5012 1400 5083 Salvator,
1436 5013 1665 5069 radium
1700 5015 1973 5086 potentias

2108 5035 2172 5069 ὀν
2209 5016 2340 5087 (11),
2371 5011 2433 5068 τὸ
2492 5007 2550 5066 δὲ
2604 5009 2789 5076 θνητὸν
2842 5011 3004 5082 σῶμα
3069 5003 3368 5064 ἀποϐαλὼν
3416 5007 3563 5078 πάθη
3616 5005 3736 5063 ἀνέ-

389 5191 456 5254 ›ι‹
485 5185 544 5240 Ρ.
577 5185 684 5238 974
713 5182 825 5238 ED.
859 5181 1162 5254 POTTER.
1278 5184 1355 5254 (α)
1387 5188 1520 5239 Luc.
1563 5201 1604 5249 1,
1653 5185 1742 5239 35.

321 5258 386 5328 (θ)
413 5253 584 5312 ίιοεη.
620 5272 736 5322 xxx,
765 5256 855 5310 34.
973 5253 1038 5324 (Ῑ)
1072 5254 1210 5310 Luc.
1239 5271 1316 5324 ιχ,
1345 5257 1433 5308 22.

385 5421 461 5502 (9)
498 5421 676 5502 Λέγει.
702 5425 846 5502 ,Ροεί
875 5419 985 5502 hoc
1011 5420 1253 5502 verbum
1291 5421 1494 5478 deesse
1540 5421 1774 5478 videtur
1821 5417 1954 5475 σύλ-

321 5491 513 5561 Ληψιν,
546 5491 647 5546 aut
669 5491 860 5545 simile
889 5492 1050 5562 quid.
1084 5491 1371 5548 SYLBURG.

376 5561 499 5640 .10)
528 5562 749 5634 Ἕτερος
796 5560 862 5628 ἦν
913 5561 958 5632 ᾦ
999 5561 1081 5615 ἀν.
1122 5561 1554 5634 Congruentius
1603 5565 1748 5622 forte
1775 5559 1957 5640 ἕτερος

1856 5185 1932 5252 (b)
1958 5184 2131 5240 Joan.
2174 5201 2292 5251 xiv,
2342 5184 2397 5240 6.

1544 5256 1623 5328 (g)
1655 5255 1862 5311 Matth.
1893 5273 2048 5325 xxvr,
2081 5257 2168 5310 32.

2512 5183 2578 5254 (e)
2607 5181 2777 5237 Joan.
2810 5199 2868 5248 ι,
2899 5182 2990 5237 30.
3103 5179 3182 5252 (d)
3215 5179 3347 5236 Luc.
3399 5194 3464 5247 ιι,
3514 5178 3604 5245 40,
3636 5177 3729 5233 52.

2280 5255 2363 5326 (Ιι)
2394 5256 2519 5310 Act.
2555 5271 2618 5321 ιι,
2647 5254 2740 5308 24.

2067 5421 2136 5488 ἧν
2197 5419 2260 5474 οὗ
2317 5417 2628 5492 ἀνείληφεν,
2657 5419 2805 5476 alius
2843 5419 2972 5491 (seu
3022 5417 3294 5490 diversus)
3349 5416 3419 5474 ab
3461 5431 3523 5474 eo
3570 5432 3732 5488 quem

2067 5495 2387 5564 assumpsit.
2419 5497 2699 5564 Synnas.

2141 5557 2268 5637 (ΗΥ
2304 5561 2588 5619 ’Δπείλεσε
2647 5561 2742 5636 μὶν
2799 5559 2894 5617 τὸν
2963 5559 3213 5625 θάνατον.
3271 5559 3611 5634 Legendnm
3665 5557 3727 5618 νὶ
