4078 6146
442 353 552 410 689

1213 352 1456 411 DUBIA.
1491 383 1558 396 —
1590 355 1975 410 EXCERPTA
2011 357 2110 410 EX
2147 357 2471 416 SCRIPTIS
2507 363 2890 433 THEODOTI,
2930 366 3087 423 ETC.

3755 369 3863 423 690

444 498 631 550 στησι.
678 477 762 537 Τὰ
825 475 1043 553 ψυχικά
1115 477 1207 550 μὲν
1279 473 1376 531 οῦν
1453 474 1624 539 οὕτως
1683 474 1958 540 ἀνίσταται
2011 477 2095 531 καῖ

2215 483 2718 555 supervenientem
2751 489 3124 558 contrahens,
3149 495 3398 546 mortem
3416 492 3657 564 quidem
3689 493 3884 566 fugam

443 567 784 637 ἀνασώζεται
817 585 829 598 ⁸
889 566 1250 622 πιστεύσαντα
1327 563 1386 622 δὲ
1449 567 1514 621 τά
1569 567 1908 639 πνευματικά
1965 566 2098 642 ὑπὲρ

439 654 620 712 ἐκεῖνα
679 657 936 727 σώζεται,
993 652 1262 729 ἐνδύματα
1315 657 1503 731 γάμων
1579 656 1673 718 τὰς
1738 655 1922 730 ψυχὰς
1998 654 2097 711 λα-

441 740 632 802 ϐόντα.

519 1013 646 1070 ΞΒ’.
678 1013 921 1083 Κάθηται
966 1011 1061 1084 μὲν
1108 1011 1199 1065 οὗν
1250 1013 1278 1066 ὁ
1324 1012 1560 1086 ψυχικὸς
1607 1011 1838 1084 Χριστὸς
1868 1011 1918 1066 έν
1955 1009 2100 1084 δεξιᾷ

446 1105 545 1157 τοῦ
576 1098 917 1177 δημιουργοῦ
949 1121 964 1135 θ
998 1100 1131 1164 καθὸ
1169 1101 1258 1155 καὶ
1311 1102 1340 1156 ὁ
1397 1096 1564 1156 Δαϐὶδ
1604 1101 1777 1176 λέγει,
1812 1101 1985 1158 Κάθου
2040 1101 2100 1156 ἐκ

451 1187 635 1262 δεξιῶν
709 1209 837 1263 μου,
879 1187 966 1243 καὶ
1021 1188 1091 1243 τὰ
1137 1187 1258 1261 ἑξῆς
1290 1208 1302 1221 ·
1346 1188 1578 1260 κάθηται
1639 1185 1698 1244 δὲ
1748 1190 1914 1265 μέχρι
1972 1210 2098 1243 συν-

441 1276 678 1349 τελείας,
748 1275 840 1332 ’ίνα
910 1273 1098 1331 ἴδωσιν
1168 1276 1244 1337 εἷς
1312 1279 1372 1333 ’ὃν
1447 1277 1808 1349 ἐξεκέντησαν.
1861 1277 2098 1349 Ἐξεκέν-

437 1388 605 1437 τησαν
657 1363 716 1422 δὲ
770 1367 833 1422 τὸ
881 1367 1231 1445 φαινόμενον,
1279 1367 1310 1422 ὃ
1365 1367 1432 1437 ἦν
1494 1369 1621 1444 σὰρξ
1679 1372 1776 1424 τοῦ
1833 1371 2096 1443 ψυχικοῦ.

434 1457 656 1512 Ὀστοῦν
714 1455 816 1532 γὰρ
877 1455 1047 1511 αὐτοῦ
1103 1455 1164 1510 οὗ
1225 1452 1642 1532 συντριϐήσεται
1669 1505 1684 1530 ,
1717 1457 1851 1535 φησί
1882 1475 1896 1488 ·
1929 1459 2098 1522 καθά-

436 1566 540 1622 περ
600 1544 691 1600 ἐπὶ
737 1548 838 1600 τοῦ
894 1542 1075 1619 Ἀδὰμ
1129 1546 1231 1617 τὴν
1286 1548 1472 1622 ψυχὴν
1522 1546 1714 1602 ὀστοῦν
1765 1545 2099 1622 ἠλληγόρη-

443 1656 530 1691 σεν
586 1637 624 1705 ἡ
683 1635 1014 1713 προφητεία.
1043 1633 1191 1704 Αὖτή
1244 1636 1345 1710 γὰρ
1392 1639 1428 1706 ἡ
1473 1638 1627 1713 ψυχὴ
1687 1641 1784 1691 τοῦ
1842 1640 2102 1710 Χριστοῦ»

445 1725 755 1800 πάσχοντος
785 1728 883 1780 τοῦ
931 1725 1205 1798 σώματος,
1238 1725 1434 1796 ἑαυτὴν
1486 1726 1562 1787 είς
1615 1726 1710 1788 τὰς
1755 1731 1947 1801 χεῖρας
2000 1731 2098 1781 τοῦ

2207 570 2309 640 vit,
2344 574 2590 631 mortale
2618 593 2752 633 vero
2774 594 2987 651 corpus
3009 579 3313 651 passiones
3334 582 3631 637 excutiens
3663 583 3854 639 susci-

2205 661 2368 716 tavit.
2401 665 2534 727 Quaa
2582 666 2778 737 itaque
2809 668 3086 724 animalia
3135 673 3294 741 sunt,
3329 669 3484 726 hunc
3517 672 3577 726 in
3609 673 3850 728 modum

2208 748 2456 805 suscitat
2475 752 2748 826 salvaque
2783 756 2919 811 facit
2939 775 2952 812 :
2975 757 3266 830 spiritalia
3300 775 3432 814 vero
3454 759 3569 815 ﬁde
3599 760 3848 830 imbuta,

2207 839 2678 898 excellentiorem
2732 845 3002 902 obtinent
3051 847 3324 916 salutem,
3365 849 3713 906 vestimenta
3741 868 3850 907 nu-

2207 927 2463 998 ptiarum
2498 931 2728 988 animas
2764 940 2954 991 nacta.

2281 1018 2449 1073 LXII.
2505 1019 2774 1078 Christus
2827 1023 3024 1097 itaque
3073 1025 3341 1082 animalis
3370 1027 3430 1082 in
3480 1028 3716 1083 dextera
3741 1028 3853 1084 De—

2209 1106 2424 1179 miurgi
2484 1110 2668 1179 sedet,
2731 1112 2906 1168 sicuti
2965 1115 3146 1169 David
3201 1115 3322 1171 ait:
3357 1115 3491 1171 Sede
3541 1113 3851 1172 adexterz's

2205 1199 2342 1252 meis
2377 1196 2471 1269 (a),
2506 1204 2562 1254 et
2591 1217 2716 1271 qua:
2749 1209 3098 1274 sequuntur.
3127 1205 3211 1259 .4d
3231 1209 3751 1262 consummationem
3778 1208 3850 1277 (b)

2205 1302 2341 1342 vero
2371 1289 2628 1352 sedet,ut
2651 1289 2879 1346 videant
2901 1294 2960 1346 in
2991 1309 3151 1364 quem
3164 1295 3506 1364 conﬁxerunt
3535 1296 3627 1368 (e).
3657 1295 3849 1350 Conﬁ-

2207 1381 2415 1431 xerunt
2445 1394 2578 1433 vero
2633 1381 2786 1450 quod
2823 1382 3096 1438 sensibus
3147 1383 3480 1454 subjectum
3531 1384 3664 1455 fuit,
3695 1385 3847 1456 quod
3913 1449 3916 1452 _

2207 1465 2445 1530 quidem
2480 1467 2591 1522 fuit
2638 1467 2914 1525 animalis
2943 1487 3096 1526 caro.
3151 1472 3219 1527 Os
3247 1474 3419 1541 enim,
3474 1473 3574 1540 ait,
3602 1473 3719 1544 ejus
3739 1489 3850 1528 non

2206 1553 2719 1628 comminuetur(d),
2734 1557 2906 1612 sicuti
2921 1559 3093 1614 etiam
3130 1559 3186 1614 in
3201 1560 3427 1615 Adamo
3441 1561 3593 1616 ossis
3611 1561 3848 1616 nomine

2208 1658 2383 1698 sensu
2417 1645 2708 1715 spirituali
2763 1647 3022 1702 animam
3073 1648 3305 1703 induxit
3354 1649 3680 1721 prophetia.
3715 1650 3849 1721 Ipsa

2208 1731 2366 1786 enim
2408 1732 2624 1790 Christi
2675 1735 2873 1791 anima
2918 1753 3157 1808 corpore
3189 1737 3462 1808 patiente,
3499 1738 3752 1809 seipsam
3784 1738 3844 1793 in

452 1814 664 1888 Πατρὸς
718 1813 1134 1890 παρακατέθετο.
1193 1815 1271 1870 Τὸ
1342 1811 1386 1868 δ’
1446 1813 1500 1869 ἐν
1554 1820 1634 1887 τῷ
1707 1813 1876 1887 ὀστέῳ
1939 1835 2095 1869 πνευ-

2211 1821 2696 1895 manuDemiurgi
2731 1826 3434 1898 commendavit(e).Quod
3470 1843 3602 1883 vero
3633 1828 3691 1883 in
3714 1843 3847 1883 osse

453 1903 681 1978 ματικὸν
769 1903 869 1958 οὐκ
960 1902 1038 1960 ἔτι
1135 1904 1619 1980 παρακατατίθεται
1651 1923 1666 1938 ο
1729 1902 1855 1960 ἀλλ’
1928 1903 2089 1968 αὐτὸς

2211 1908 2487 1980 spiritale,
2551 1927 2661 1965 non
2723 1911 2976 1984 amplius
3033 1915 3502 1983 commendatur,
3563 1916 3663 1971 sed
3720 1916 3849 1987 ipse

447 1993 631 2063 σώζει.

512 2085 635 2140 ΞΓ.
687 2084 751 2139 Ἡ
803 2082 898 2156 μὶν
955 2079 1046 2137 οῦν
1095 2086 1203 2138 τῶν
1262 2087 1641 2157 πνευματικῶν
1686 2083 1981 2144 ἀνάπαυσις
2037 2081 2090 2138 ἐν

441 2171 686 2247 Κυριακῇ
713 2171 764 2227 ἐν
797 2168 1027 2248 ὀγδοάδι
1059 2174 1192 2245 (12),
1225 2174 1259 2242 ἡ
1293 2173 1537 2248 Κυριακὴ
1571 2171 1914 2246 ὀνομάζεται·
1947 2172 2093 2246 παρά

435 2264 506 2336 τῇ
541 2260 710 2339 μητρὶ
741 2256 940 2336 ἔχοντα
981 2260 1078 2324 τὰς
1110 2262 1290 2338 ψυχὰς
1335 2261 1403 2317 τὰ
1448 2259 1719 2336 ἐνδύματα
1774 2259 1907 2336 ἄχρι
1965 2283 2090 2316 συν-

433 2349 739 2413 τελείαςοαὶ
766 2347 823 2405 δὲ
853 2347 1020 2406 ἄλλαι
1047 2350 1230 2405 πισταὶ
1261 2351 1434 2425 ψυχαὶ
1471 2351 1617 2426 παρά
1634 2354 1714 2422 τῷ
1730 2353 2091 2426 Δημιουργῷ,-

437 2439 561 2515 περὶ
621 2437 678 2494 δὶ
726 2439 827 2510 τήν
880 2438 1186 2496 συντέλειαν
1241 2440 1589 2516 ἀναχωροῦσι
1654 2439 1743 2494 καὶ
1811 2441 1963 2494 αὗται
2017 2438 2094 2501 είς

437 2527 694 2605 ὀγδοᾶδα.
732 2529 861 2586 Εἶτα
887 2530 950 2585 τὸ
981 2527 1198 2584 δεῖπνον
1242 2534 1346 2585 τῶν
1397 2531 1611 2605 γάμων,
1643 2531 1826 2584 κοινὸν
1874 2532 2090 2584 πάντων

440 2626 550 2677 τῶν
583 2620 938 2694 σωζομένων,
971 2616 1133 2696 ἄχρις
1157 2615 1216 2674 ἂν
1249 2620 1500 2694 ἀπισωθῇ
1531 2619 1704 2674 πάντα
1743 2618 1832 2674 καὶ
1868 2616 2093 2690 ἄλληλα

442 2707 704 2785 γνωρίσῃ.

2198 1997 2452 2053 salutem
2481 2003 2718 2070 prestat

2273 2087 2448 2141 LXII.
2482 2089 2737 2159 Requies
2786 2089 2985 2162 itaque
3035 2091 3390 2162 spiritalium
3424 2093 3485 2147 in
3529 2093 3846 2162 Dominica,

2203 2175 2260 2229 in
2293 2177 2556 2248 ogdoade
2587 2193 2690 2232 ceu
2725 2183 2945 2247 octava,
2970 2197 3092 2250 quas
3123 2180 3426 2235 Dominica
3457 2181 3691 2251 dicitur,
3723 2197 3848 2252 quae

2203 2266 2359 2336 apud
2418 2270 2663 2321 matrem
2698 2267 2928 2322 animas
2977 2268 3325 2324 indumenta
3355 2268 3577 2325 habent
3603 2271 3672 2325 ad
3708 2286 3848 2325 con-

2202 2354 2657 2410 summationem
2709 2372 2916 2427 usque,
2967 2361 3181 2413 eceterae
3211 2373 3345 2412 vero
3394 2357 3598 2414 ﬁdeles
3637 2359 3846 2414 animas

2203 2443 2355 2515 apud
2391 2443 2811 2516 Demiurgum:
2847 2445 2903 2500 in
2953 2446 3464 2502 consummatione
3511 2464 3645 2502 vero
3697 2463 3847 2504 rece-

2206 2533 2355 2588 dunt
2382 2536 2441 2587 et
2470 2532 2609 2604 ipsa;
2643 2534 2702 2588 in
2746 2535 3108 2606 ogdoadem;
3139 2535 3275 2591 dein
3307 2553 3472 2592 omna
3503 2535 3842 2609 nuptiarum

2201 2621 2531 2678 communis
2562 2623 2826 2680 omnium
2851 2625 2947 2694 qui
2981 2624 3236 2680 salutem
3266 2631 3716 2697 consequentur,
3749 2627 3848 2682 do-

2187 2727 2308 2774 ,nec
2338 2710 2536 2767 omnia
2565 2711 2783 2768 fuerint
2811 2713 3080 2785 aequalia,
3115 2730 3292 2786 seque
3322 2714 3437 2770 alia
3468 2714 3718 2770 invicem
3750 2732 3846 2772 co-

2200 2800 2529 2874 gnoverint.

519 2887 642 2944 ΞΔ’.
699 2887 770 2941 Τὸ
826 2884 886 2942 δὶ
938 2885 1178 2951 ἐντεῦθεν
1260 2885 1569 2962 ἀποθέμενα
1631 2889 1699 2942 τὰ
1754 2891 2094 2963 πνευματικᾶ

2270 2889 2332 2954 ’Β
2367 2891 2561 2945 LXIV.
2596 2889 2811 2946 Exinde
2842 2907 2978 2948 vero
3008 2891 3301 2964 spiritalia
3341 2893 3654 2949 animabus
3684 2892 3851 2962 abje-

445 2976 541 3040 τάς
589 2977 772 3052 ψυχὰς
819 2977 931 3050 ἅμα
980 2979 1048 3051 τῇ
1112 2976 1280 3051 μητρὶ
1323 2977 1662 3052 κομιζομένῃ
1712 2979 1801 3033 τὸν
1834 2980 2092 3058 νυμφίον,

2211 2978 2593 3034 ctisunacum
2628 2983 2813 3035 matre
2836 2997 3118 3052 sponsum
3143 2987 3476 3050 consecuta,
3500 2998 3751 3054 sponsos
3774 2981 3852 3037 si-

445 3066 788 3140 κομιζόμενα
835 3067 925 3121 καὶ
972 3066 1113 3131 ¹αὐτὰ
1157 3065 1284 3128 τοὺς
1341 3064 1608 3142 νυμφίους
1655 3065 1783 3129 τοὺς
1833 3067 2095 3143 ἀγγέλους

2211 3066 2424 3122 militer
2474 3067 2715 3140 angelos
2748 3085 2889 3125 suos
2918 3074 2977 3125 et
3023 3070 3153 3142 ipsa
3182 3076 3518 3141 consecuta,
3552 3070 3609 3125 in
3660 3069 3853 3126 thala-

447 3157 672 3225 ἑαυτῶν,
706 3154 782 3217 είς
829 3155 920 3211 τὸν
970 3158 1236 3234 νυμφῶνα
1280 3153 1430 3219 ἐντὸς
1465 3158 1562 3210 τοῦ
1593 3154 1723 3233 ὅρου
1754 3155 1969 3227 εἰσίασι,
2002 3158 2092 3213 καὶ

2211 3172 2370 3211 mum
2405 3156 2558 3211 intra
2589 3157 2906 3210 terminum
2956 3157 3396 3228 ingrediuntur,
3439 3164 3496 3213 et
3526 3161 3581 3214 in
3615 3176 3858 3231 conspe-

445 3247 583 3318 πρὸς
614 3247 712 3317 τήν
741 3248 840 3300 τοῦ
871 3215 1183 3320 Πνεόματος
1213 3239 1337 3318 ὄψιν
1370 3239 1622 3322 ἔρχονται
1669 3223 1876 3308 λίῶνες
1914 3247 2095 3324 νοεροὶ

2211 3249 2368 3300 ctum
2401 3244 2655 3317 Spiritus
2697 3244 2958 3316 veniunt,
3010 3215 3220 3303 .jiiones
3251 3215 3649 3319 intelligentes
3682 3215 3853 3314 facta,

443 3336 731 3413 γενόμενα,
763 3333 840 3398 εἲς
886 3333 1014 3397 τοὺς
1054 3333 1283 3408 νυεροὺς
1325 3334 1415 3390 καὶ
1471 3334 1726 3398 αἰωνίους
1754 3336 1964 3412 γάμους
1995 3342 2094 3407 τῆς

2211 3333 2266 3388 ἱιι
2300 3332 2596 3406 spiritales
2627 3332 2850 3389 scilicet
2897 3340 3262 3408 aeternaeque
3289 3336 3546 3406 conjugii
3591 3335 3852 3408 nuptias.

449 3424 722 3495 συζυγίας.

519 3447 740 3573 gain?)
769 3511 826 3568 δὶ
852 3516 950 3569 τοῦ
982 3510 1202 3568 δείπνου
1253 3512 1348 3586 μὲν
1397 3511 1834 3589 ἀρχιτρίκλινος,
1862 3518 1970 3569 τῶν
1997 3514 2095 3590 γά-

2283 3511 2447 3567 LXV.
2497 3512 2682 3568 Cosme
2713 3528 2845 3568 vero
2894 3513 3352 3584 architriclinus,
3401 3530 3471 3570 ac
3510 3514 3850 3586 nuptiarum

454 3625 573 3678 μων
628 3600 686 3659 δὲ
733 3602 1123 3678 παράνυμφος,
1173 3604 1268 3656 τοῦ
1315 3601 1556 3680 νυμφίου
1597 3598 1654 3655 δὲ
1699 3599 1884 3679 φίλος,
1932 3602 2095 3663 ἑστὼς

2211 3600 2535 3673 pronubas,
2568 3603 2754 3672 sponsi
2780 3617 2906 3658 vero
2935 3604 3148 3658 amicus
3178 3605 3268 3675 (Γ),
3293 3607 3458 3659 stans
3489 3607 3623 3659 ante
3654 3601 3853 3660 thala-

452 3689 755 3768 ἔμπροσθεν
798 3695 896 3747 τοῦ
953 3693 1266 3767 νυμφῶνος,
1322 3688 1534 3745 ἀκούων
1612 3689 1707 3757 τῆς
1765 3697 1951 3768 φωνῆς
2005 3695 2095 3746 τοῦ

2212 3706 2397 3760 mum,
2433 3691 2637 3763 sponsi
2679 3707 2876 3746 vocem
2909 3691 3177 3759 audiens,
3225 3693 3438 3767 gaudio
3467 3693 3703 3766 gaudet.
3741 3694 3855 3750 Hoc

453 3782 712 3861 νυμφίου,
745 3785 892 3858 χαρᾷ
939 3779 1142 3856 χαίρει.
1174 3782 1352 3836 Τοῦτο
1384 3778 1548 3834 αὐτοῦ
1585 3780 1646 3835 τὸ
1691 3779 1974 3857 πλήρωμα
2001 3787 2095 3851 τῆς

2212 3779 2374 3836 illius
2404 3780 2604 3852 gaudii
2637 3779 2940 3854 plenitudo
2971 3785 3028 3836 et
3057 3781 3272 3853 quietis
3299 3782 3398 3856 (ο).
3445 3841 3462 3856 ο

454 3878 631 3949 χαρᾶς
659 3870 748 3928 καὶ
776 3877 875 3942 τῆς
907 3868 1278 3933 ἀναπαύσεως.

527 3965 642 4032 EC.
674 3960 736 4018 Ὀ
780 3961 976 4035 Σωτὴρ
1022 3957 1148 4021 τοὺς
1199 3955 1540 4020 ἀποστόλους
1587 3955 1852 4031 ἐδίδασκε,
1889 3959 1959 4013 τὰ
2009 3960 2095 4032 μὲι

2289 3959 2482 4014 LXVI.
2515 3959 2777 4014 Salvator
2807 3958 3102 4031 apostolos
3134 3961 3376 4016 docebat
3404 3961 3594 4032 primo
3626 3961 3862 4033 quidem

455 4054 650 4127 πρῶτα
699 4053 945 4114 τυπικῶς
978 4049 1067 4104 καὶ
1124 4048 1422 4123 μυστικῶς,
1472 4047 1538 4102 τοὶ
1587 4045 1644 4102 δὲ
1691 4047 1885 4123 ὕστερα
1931 4069 2095 4120 παρα-

2216 4049 2407 4123 typice
2436 4066 2501 4104 ac
2532 4050 2801 4122 mystice,
2831 4049 2965 4104 dein
3017 4066 3150 4106 vero
3177 4049 3472 4122 parabolis
3521 4055 3694 4121 atque
3724 4049 3865 4104 aeni-

455 4137 700 4203 6ολικῶς
721 4137 812 4194 καὶ
841 4137 1172 4213 ᾑνιγμένως,
1193 4136 1262 4192 τὰ
1291 4133 1350 4192 δὲ
1375 4136 1530 4213 τρίτα
1559 4140 1741 4216 σαφῶς
1771 4136 1861 4192 καὶ
1887 4141 2095 4214 γυμνῶ‹

2219 4139 2492 4213 gmatice,
2542 4143 2838 4211 postremo
2870 4137 3023 4194 clare
3071 4143 3130 4194 et
3159 4138 3314 4194 nude
3356 4139 3604 4194 seorsim
3639 4153 3866 4194 assum-

456 4228 593 4284 κατά
616 4229 785 4301 μόνας
815 4227 952 4302 (13).

2221 4233 2373 4303 ptos.

529 4318 651 4374 Ξῖ.
682 4317 814 4374 Ὅτε
858 4316 998 4390 ἦμεν
1050 4312 1104 4370 έν
1149 4316 1218 4380 τῆ
1265 4315 1447 4390 σαρκὶ,
1480 4315 1644 4393 φησὶν
1694 4315 1722 4371 ὁ
1748 4314 2089 4379 Ἀπόσ-τολος

2299 4317 2512 4373 LXVII.
2545 4318 2687 4374 Cum
2712 4333 2979 4374 essemus
3003 4318 3059 4372 in
3091 4316 3369 4390 earneUz),
3393 4317 3586 4391 inquit
3617 4319 3867 4389 Aposto-

459 4403 641 4482 ὥσπερ
687 4399 789 4478 ἔξω
828 4408 925 4458 τοῦ
979 4403 1231 4477 σώματος
1261 4399 1372 4474 ἤδη
1405 4399 1614 4458 λαλῶν.
1651 4402 1833 4480 Σάρκα
1879 4402 1972 4458 οὗν
2022 4402 2095 4459 λέ-

2226 4407 2339 4476 lus,
2373 4407 2537 4478 quasi
2581 4407 2708 4478 jam
2740 4411 2898 4462 extra
2951 4423 3163 4479 corpus
3211 4405 3570 4479 loqueretur.
3618 4406 3865 4462 Carnem

461 4516 575 4572 γειν
608 4493 770 4550 αὐτόν
794 4513 951 4572 φασιν
982 4491 1192 4563 ἐκείνην
1237 4492 1337 4561 τὴν
1384 4491 1684 4562 ἀσθένειαν,
1712 4495 1812 4562 τήν
1862 4494 1968 4547 ἀπὸ
2018 4500 2095 4563 τῆ⁴

2225 4497 2407 4570 igitur
2449 4500 2636 4566 vocat,
2667 4495 2967 4567 inquiunt,
3009 4495 3414 4552 infirmitatem
3462 4493 3624 4550 illam
3673 4512 3802 4567 quas
3835 4513 3869 4550 a

463 4584 574 4641 ἄνω
631 4585 888 4661 γυναικὸς
937 4578 1247 4659 προϐολήν.
1296 4581 1400 4638 Καὶ
1460 4583 1584 4636 ὅταν
1645 4584 1672 4636 ὁ
1722 4583 1917 4658 Σωτὴρ
1974 4583 2095 4656 πρὸς

2219 4584 2540 4658 propagine
2573 4583 2770 4656 prima:
2795 4585 3062 4641 mulieris
3096 4585 3222 4640 fuit.
3247 4586 3316 4639 Et
3345 4601 3478 4640 cum
3509 4584 3768 4640 Salvator
3789 4584 3870 4640 ait

466 4671 749 4747 Σαλώμην
810 4675 926 4745 (14)
995 4670 1177 4747 λέγῃ,
1237 4671 1404 4746 μέχρι
1469 4670 1594 4726 τότε
1657 4671 1787 4726 εἶναι
1865 4670 2088 4736 θάνατον

2226 4673 2495 4741 Salomae,
2546 4673 2751 4728 tandiu
2812 4677 3058 4729 mostem
3111 4674 3252 4742 fore,
3288 4674 3550 4746 quandiu
3595 4672 3872 4730 mulieres

462 4762 628 4841 ἄχρις
660 4761 719 4817 ἂν
753 4761 806 4818 αἱ
835 4765 1084 4838 γυναῖκες
1133 4760 1409 4828 τίκτωσιν,
1451 4759 1513 4815 οὐ
1559 4761 1659 4830 τήν
1705 4762 1912 4836 γένεσιν
1965 4761 2090 4816 κακί

2227 4766 2520 4836 parerent,
2570 4779 2683 4817 non
2727 4763 2895 4833 quasi
2948 4764 3378 4835 generationem
3432 4763 3868 4830 criminaretur,

466 4858 571 4923 ζων
617 4848 827 4928 ἔλεγεν,
857 4849 1166 4926 ἀναγκαίων
1208 4847 1368 4905 οὖσαν
1411 4847 1499 4904 διὰ
1543 4850 1642 4920 τὴν
1697 4849 1967 4926 σωτηρίαν
2006 4855 2095 4907 τῶ·

2230 4850 2513 4921 boodixil,
2550 4867 2676 4922 quae
2708 4851 2778 4905 ad
2812 4851 3059 4905 salutem
3088 4850 3344 4906 ﬁdelium
3379 4855 3469 4906 est
3497 4851 3828 4906 necessaria
3856 4869 3868 4905 :

464 4941 824 4998 πιστευόντων
852 4958 868 4975 ·
902 4937 983 4996 δεῖ
1017 4940 1117 5016 γὰρ
1151 4938 1286 4995 εἶναι
1313 4940 1414 5010 τὴν
1446 4939 1653 5015 γένεσιν
1697 4937 1924 5010 ταύτην,
1954 4936 2095 5016 ἄχρι

2227 4943 2455 5012 oportet
2476 4938 2632 4995 enim
2657 4940 3093 5011 generationem
3119 4939 3268 4996 hanc
3288 4955 3438 5010 esse,
3463 4941 3646 4996 donec
3666 4955 3866 4996 semen

564 5183 629 5249 ιι(
660 5182 724 5240 Ρ.
754 5181 862 5238 975
906 5179 1228 5252 POTTER.
1258 5178 1366 5252 ED.
1399 5179 1478 5251 (α)
1507 5177 1662 5252 Psal.
1708 5183 1905 5252 c1x,_t.
1937 5177 2010 5252 (ὸ)
2049 5182 2095 5252 -Α

2227 5195 2314 5241 ιιι.
2361 5177 2452 5252 2t.
2487 5175 2736 5252 (c)_Zach
2787 5193 2887 5246 xu,
2923 5177 3009 5252 t0.
3042 5176 3124 5249 (ά)
3167 5176 3339 5234 Joan.
3369 5193 3486 5246 xix,
3517 5177 3624 5247 37;
3657 5181 3737 5234 Ex
3764 5196 3866 5248 vn,

463 5255 550 5312 46.
584 5255 653 5327 (ε)
683 5258 824 5312 Luc.
857 5269 1020 5325 xxiii,
1047 5251 1136 5308 46.
1171 5251 1238 5324 (Γ)
1267 5251 1436 5308 Joan.
1459 5249 1530 5321 ἰι,
1562 5250 1596 5306 8
1615 5267 1636 5314 ;
1670 5266 1754 5320 ιιι,
1783 5250 1874 5306 29.
1906 5249 1984 5323 (g)
2039 5250 2095 5307 Jc

2242 5266 2356 5318 xvx,
2387 5250 2477 5306 24.
2512 5249 2591 5320 (Ιι)
2625 5249 2784 5304 Rom.
2820 5265 2918 5315 vn,
2943 5249 2996 5304 5.

469 5488 637 5545 detur
661 5482 1060 5557 ﬁnstlnacptv
1089 5486 1169 5557 τῷ
1220 5481 1727 5557 θανάτῳληιίηαεαξ
1773 5487 1852 5539 est
1879 5483 2070 5557 morti

2228 5482 2404 5557 detur
2428 5477 2482 5535 ἐν
2513 5482 2763 5557 Κυριακῇ
2797 5477 3040 5557 όγδοάδι,
3073 5483 3132 5537 in
3160 5481 3447 5557 Dominica
3475 5483 3735 5557 ogdqade.

470 5558 558 5616 vel
586 5550 794 5616 saltem
822 5550 1102 5627 ἠπείλεσε,
1135 5550 1372 5613 devolvit
1400 5550 1483 5627 (id
1513 5560 1602 5612 est
1628 5553 1942 5628 submovit)
1966 5571 2095 5611 more

475 5635 600 5687 tam.
631 5635 918 5688 Susum.
1274 5693 1288 5696 _
2072 5695 2081 5696 ,

2299 5553 2412 5696 (13g
2444 5550 2809 5624 Κατάμόνας.
2833 5550 3027 5610 Malim
3057 5555 3365 5625 conjuncta
3391 5550 3714 5628 καταμόνας.

2302 5626 2386 5692 (14
2460 5623 2740 5696 Σαλώμην
2777 5669 2788 5681 .
2850 5625 3003 5684 Conf
3027 5668 3040 5682 .
3090 5626 3402 5685 Clementis
3485 5628 3668 5692 Strtom
3700 5671 3712 5686 .

475 5623 918 5703 tonsusuao.
1028 5623 1120 5703 ς,
1207 5696 1222 5703 _
1273 5693 1295 5703 ,
1358 5623 1495 5703 --η
1615 5697 1628 5703 ,
2069 5695 2084 5703 -

2302 5623 2414 5703 (μέ)
2460 5623 2740 5698 Σαλώμην
2777 5669 2788 5681 .
2850 5625 3003 5684 Conf
3027 5668 3040 5682 .
3090 5623 3402 5685 Clementis
3485 5623 3668 5692 Sinam
3700 5671 3719 5695 .,
3765 5647 3869 5703 ιιι,

549 5703 660 5777 (12)
692 5702 780 5761 Ἐν
813 5701 1056 5777 Κυριακῇ
1104 5697 1155 5755 ἐν
1199 5693 1320 5776 ὀγδ.
1353 5697 1736 5756 Scribendum
1778 5697 1975 5772 potius
2032 5695 2088 5754 vi

2231 5713 2288 5770 p.
2316 5693 2441 5755 540.
