  <div class='ocr_page' id='page_1' title='image "/cluster/home/n/w/nwhite01/storage/ocr_20150623/9/mdp.39015008686282/353.png"; bbox 0 0 4078 6146; ppageno 0'>
   <div class='ocr_carea' id='block_1_1' title="bbox 276 263 378 320">
    <p class='ocr_par' dir='ltr' id='par_1_1' title="bbox 276 263 378 320">
     <span class='ocr_line' id='line_1_1' title="bbox 276 263 378 320; baseline 0 -1"><span class='ocrx_word' id='word_1_1' title='bbox 276 263 378 320; x_wconf 77' lang='grc'>691</span> 
     </span>
    </p>
   </div>
   <div class='ocr_carea' id='block_1_2' title="bbox 1505 261 2444 318">
    <p class='ocr_par' dir='ltr' id='par_1_2' title="bbox 1505 261 2444 318">
     <span class='ocr_line' id='line_1_2' title="bbox 1505 261 2444 318; baseline -0.001 0"><span class='ocrx_word' id='word_1_2' title='bbox 1505 265 1842 318; x_wconf 78' lang='lat' dir='ltr'>CLEMENS</span> <span class='ocrx_word' id='word_1_3' title='bbox 1879 261 2444 317; x_wconf 73' lang='lat' dir='ltr'>ALEXANDRINUB</span> 
     </span>
    </p>
   </div>
   <div class='ocr_carea' id='block_1_3' title="bbox 3591 250 3707 308">
    <p class='ocr_par' dir='ltr' id='par_1_3' title="bbox 3591 250 3707 308">
     <span class='ocr_line' id='line_1_3' title="bbox 3591 250 3707 308; baseline -0.034 0"><span class='ocrx_word' id='word_1_4' title='bbox 3591 250 3707 308; x_wconf 79' lang='lat'>692</span> 
     </span>
    </p>
   </div>
   <div class='ocr_carea' id='block_1_4' title="bbox 283 372 1940 463">
    <p class='ocr_par' dir='ltr' id='par_1_4' title="bbox 283 384 1927 463">
     <span class='ocr_line' id='line_1_4' title="bbox 283 384 1927 463; baseline -0.004 -18"><span class='ocrx_word' id='word_1_5' title='bbox 283 390 440 463; x_wconf 88' lang='lat' dir='ltr'>quod</span> <span class='ocrx_word' id='word_1_6' title='bbox 472 392 608 446; x_wconf 90' lang='lat' dir='ltr'>ante</span> <span class='ocrx_word' id='word_1_7' title='bbox 637 388 714 444; x_wconf 90' lang='lat' dir='ltr'>sit</span> <span class='ocrx_word' id='word_1_8' title='bbox 761 386 1266 460; x_wconf 83' lang='lat' dir='ltr'>praedestinatum,</span> <span class='ocrx_word' id='word_1_9' title='bbox 1319 386 1673 458; x_wconf 88' lang='lat' dir='ltr'>productum</span> <span class='ocrx_word' id='word_1_10' title='bbox 1707 384 1882 440; x_wconf 84' lang='lat' dir='ltr'>fuerit</span> <span class='ocrx_word' id='word_1_11' title='bbox 1913 401 1927 438; x_wconf 89' lang='lat'><strong>:</strong></span> 
     </span>
    </p>
   </div>
   <div class='ocr_carea' id='block_1_5' title="bbox 2061 372 3705 463">
    <p class='ocr_par' dir='ltr' id='par_1_5' title="bbox 2061 372 3705 459">
     <span class='ocr_line' id='line_1_5' title="bbox 2061 372 3705 459; baseline -0.005 -22"><span class='ocrx_word' id='word_1_12' title='bbox 2061 381 2110 437; x_wconf 63' lang='grc' dir='ltr'>ἓν</span> <span class='ocrx_word' id='word_1_13' title='bbox 2137 384 2200 437; x_wconf 87' lang='grc' dir='ltr'>τὸ</span> <span class='ocrx_word' id='word_1_14' title='bbox 2231 383 2447 459; x_wconf 84' lang='grc' dir='ltr'>σπέρμα</span> <span class='ocrx_word' id='word_1_15' title='bbox 2475 379 2819 456; x_wconf 77' lang='grc' dir='ltr'>προσενεχθῇ</span> <span class='ocrx_word' id='word_1_16' title='bbox 2849 377 2912 432; x_wconf 88' lang='grc' dir='ltr'>τὸ</span> <span class='ocrx_word' id='word_1_17' title='bbox 2963 372 3467 452; x_wconf 81' lang='grc' dir='ltr'>προλιλογισμένον</span> <span class='ocrx_word' id='word_1_18' title='bbox 3505 392 3516 404; x_wconf 90' lang='grc'><strong>·</strong></span> <span class='ocrx_word' id='word_1_19' title='bbox 3552 372 3705 434; x_wconf 80' lang='grc' dir='ltr'>ἀλλὰ</span> 
     </span>
    </p>
   </div>
   <div class='ocr_carea' id='block_1_6' title="bbox 281 475 1930 550">
    <p class='ocr_par' dir='ltr' id='par_1_6' title="bbox 281 475 1930 550">
     <span class='ocr_line' id='line_1_6' title="bbox 281 475 1930 550; baseline -0.004 -15"><span class='ocrx_word' id='word_1_20' title='bbox 281 479 385 535; x_wconf 91' lang='lat' dir='ltr'>sed</span> <span class='ocrx_word' id='word_1_21' title='bbox 408 480 478 534; x_wconf 90' lang='lat' dir='ltr'>de</span> <span class='ocrx_word' id='word_1_22' title='bbox 501 477 690 550; x_wconf 89' lang='lat' dir='ltr'>prima</span> <span class='ocrx_word' id='word_1_23' title='bbox 713 476 956 532; x_wconf 85' lang='lat' dir='ltr'>muliere</span> <span class='ocrx_word' id='word_1_24' title='bbox 983 476 1229 531; x_wconf 81' lang='lat' dir='ltr'>obscure</span> <span class='ocrx_word' id='word_1_25' title='bbox 1251 475 1564 547; x_wconf 90' lang='lat' dir='ltr'>signiﬁcat,</span> <span class='ocrx_word' id='word_1_26' title='bbox 1589 476 1761 546; x_wconf 88' lang='lat' dir='ltr'>cujus</span> <span class='ocrx_word' id='word_1_27' title='bbox 1788 491 1930 547; x_wconf 87' lang='lat' dir='ltr'>pas-</span> 
     </span>
    </p>
   </div>
   <div class='ocr_carea' id='block_1_7' title="bbox 284 564 1937 636">
    <p class='ocr_par' dir='ltr' id='par_1_7' title="bbox 284 564 1937 636">
     <span class='ocr_line' id='line_1_7' title="bbox 284 564 1937 636; baseline -0.003 -12"><span class='ocrx_word' id='word_1_28' title='bbox 284 568 478 624; x_wconf 78' lang='lat' dir='ltr'>siones</span> <span class='ocrx_word' id='word_1_29' title='bbox 509 569 776 622; x_wconf 79' lang='lat' dir='ltr'>creatura</span> <span class='ocrx_word' id='word_1_30' title='bbox 806 566 1062 631; x_wconf 88' lang='lat' dir='ltr'>fuerunt,</span> <span class='ocrx_word' id='word_1_31' title='bbox 1105 568 1162 618; x_wconf 90' lang='lat' dir='ltr'>et</span> <span class='ocrx_word' id='word_1_32' title='bbox 1193 581 1319 636; x_wconf 68' lang='lat' dir='ltr'>quae</span> <span class='ocrx_word' id='word_1_33' title='bbox 1353 564 1720 620; x_wconf 78' lang='lat' dir='ltr'>substantias</span> <span class='ocrx_word' id='word_1_34' title='bbox 1760 564 1937 620; x_wconf 84' lang='lat' dir='ltr'>infor-</span> 
     </span>
    </p>
   </div>
   <div class='ocr_carea' id='block_1_8' title="bbox 286 653 1937 728">
    <p class='ocr_par' dir='ltr' id='par_1_8' title="bbox 286 653 1937 728">
     <span class='ocr_line' id='line_1_8' title="bbox 286 653 1937 728; baseline -0.003 -15"><span class='ocrx_word' id='word_1_35' title='bbox 286 673 412 712; x_wconf 90' lang='lat' dir='ltr'>mes</span> <span class='ocrx_word' id='word_1_36' title='bbox 438 655 741 728; x_wconf 82' lang='lat' dir='ltr'>producat,</span> <span class='ocrx_word' id='word_1_37' title='bbox 775 669 878 725; x_wconf 89' lang='lat' dir='ltr'>per</span> <span class='ocrx_word' id='word_1_38' title='bbox 911 669 1087 724; x_wconf 89' lang='lat' dir='ltr'>quam</span> <span class='ocrx_word' id='word_1_39' title='bbox 1125 658 1186 708; x_wconf 92' lang='lat' dir='ltr'>et</span> <span class='ocrx_word' id='word_1_40' title='bbox 1223 653 1512 708; x_wconf 87' lang='lat' dir='ltr'>Dominus</span> <span class='ocrx_word' id='word_1_41' title='bbox 1539 653 1663 724; x_wconf 90' lang='lat' dir='ltr'>ipse</span> <span class='ocrx_word' id='word_1_42' title='bbox 1693 653 1937 708; x_wconf 88' lang='lat' dir='ltr'>descen-</span> 
     </span>
    </p>
   </div>
   <div class='ocr_carea' id='block_1_9' title="bbox 285 740 1938 816">
    <p class='ocr_par' dir='ltr' id='par_1_9' title="bbox 285 740 1938 816">
     <span class='ocr_line' id='line_1_9' title="bbox 285 740 1938 816; baseline -0.004 -15"><span class='ocrx_word' id='word_1_43' title='bbox 285 747 394 815; x_wconf 88' lang='lat' dir='ltr'>dit,</span> <span class='ocrx_word' id='word_1_44' title='bbox 428 749 492 800; x_wconf 93' lang='lat' dir='ltr'>ut</span> <span class='ocrx_word' id='word_1_45' title='bbox 521 761 554 800; x_wconf 86' lang='lat' dir='ltr'>a</span> <span class='ocrx_word' id='word_1_46' title='bbox 585 741 858 816; x_wconf 81' lang='lat' dir='ltr'>passione</span> <span class='ocrx_word' id='word_1_47' title='bbox 885 759 992 798; x_wconf 90' lang='lat' dir='ltr'>nos</span> <span class='ocrx_word' id='word_1_48' title='bbox 1026 740 1322 812; x_wconf 79' lang='lat' dir='ltr'>liberaret,</span> <span class='ocrx_word' id='word_1_49' title='bbox 1357 746 1414 797; x_wconf 90' lang='lat' dir='ltr'>et</span> <span class='ocrx_word' id='word_1_50' title='bbox 1442 741 1826 814; x_wconf 87' lang='lat' dir='ltr'>semetipsum</span> <span class='ocrx_word' id='word_1_51' title='bbox 1850 740 1938 796; x_wconf 83' lang='lat' dir='ltr'>illi</span> 
     </span>
    </p>
   </div>
   <div class='ocr_carea' id='block_1_10' title="bbox 287 837 588 892">
    <p class='ocr_par' dir='ltr' id='par_1_10' title="bbox 287 837 588 892">
     <span class='ocr_line' id='line_1_10' title="bbox 287 837 588 892; baseline -0.017 -1"><span class='ocrx_word' id='word_1_52' title='bbox 287 837 588 892; x_wconf 88' lang='lat' dir='ltr'>insereret.</span> 
     </span>
    </p>
   </div>
   <div class='ocr_carea' id='block_1_11' title="bbox 358 937 1937 1010">
    <p class='ocr_par' dir='ltr' id='par_1_11' title="bbox 358 937 1937 1010">
     <span class='ocr_line' id='line_1_11' title="bbox 358 937 1937 1010; baseline -0.004 -11"><span class='ocrx_word' id='word_1_53' title='bbox 358 940 512 999; x_wconf 73' lang='lat'>858</span> <span class='ocrx_word' id='word_1_54' title='bbox 547 937 800 994; x_wconf 85' lang='lat' dir='ltr'>LXVIII.</span> <span class='ocrx_word' id='word_1_55' title='bbox 833 939 1145 1004; x_wconf 88' lang='lat' dir='ltr'>Quandum</span> <span class='ocrx_word' id='word_1_56' title='bbox 1178 937 1415 1010; x_wconf 84' lang='lat' dir='ltr'>quidem</span> <span class='ocrx_word' id='word_1_57' title='bbox 1447 937 1677 993; x_wconf 63' lang='lat' dir='ltr'>femina</span> <span class='ocrx_word' id='word_1_58' title='bbox 1709 941 1937 992; x_wconf 88' lang='lat' dir='ltr'>tantum</span> 
     </span>
    </p>
   </div>
   <div class='ocr_carea' id='block_1_12' title="bbox 285 1025 1942 1100">
    <p class='ocr_par' dir='ltr' id='par_1_12' title="bbox 285 1025 1942 1100">
     <span class='ocr_line' id='line_1_12' title="bbox 285 1025 1942 1100; baseline -0.004 -14"><span class='ocrx_word' id='word_1_59' title='bbox 285 1030 394 1087; x_wconf 84' lang='lat' dir='ltr'>ﬁlii</span> <span class='ocrx_word' id='word_1_60' title='bbox 448 1029 698 1099; x_wconf 87' lang='lat' dir='ltr'>fuimus,</span> <span class='ocrx_word' id='word_1_61' title='bbox 735 1028 905 1100; x_wconf 88' lang='lat' dir='ltr'>quasi</span> <span class='ocrx_word' id='word_1_62' title='bbox 940 1027 1216 1099; x_wconf 85' lang='lat' dir='ltr'>c-onjugio</span> <span class='ocrx_word' id='word_1_63' title='bbox 1257 1027 1434 1099; x_wconf 86' lang='lat' dir='ltr'>turpi,</span> <span class='ocrx_word' id='word_1_64' title='bbox 1476 1027 1822 1099; x_wconf 79' lang='lat' dir='ltr'>imperfecti,</span> <span class='ocrx_word' id='word_1_65' title='bbox 1849 1025 1942 1081; x_wconf 92' lang='lat' dir='ltr'>in-</span> 
     </span>
    </p>
   </div>
   <div class='ocr_carea' id='block_1_13' title="bbox 288 1115 1940 1188">
    <p class='ocr_par' dir='ltr' id='par_1_13' title="bbox 288 1115 1940 1188">
     <span class='ocr_line' id='line_1_13' title="bbox 288 1115 1940 1188; baseline -0.004 -12"><span class='ocrx_word' id='word_1_66' title='bbox 288 1121 499 1186; x_wconf 85' lang='lat' dir='ltr'>fantes,</span> <span class='ocrx_word' id='word_1_67' title='bbox 533 1117 698 1175; x_wconf 86' lang='lat' dir='ltr'>stulti</span> <span class='ocrx_word' id='word_1_68' title='bbox 730 1121 786 1172; x_wconf 88' lang='lat' dir='ltr'>et</span> <span class='ocrx_word' id='word_1_69' title='bbox 821 1115 1067 1181; x_wconf 88' lang='lat' dir='ltr'>inﬁrmi,</span> <span class='ocrx_word' id='word_1_70' title='bbox 1101 1121 1273 1188; x_wconf 89' lang='lat' dir='ltr'>atque</span> <span class='ocrx_word' id='word_1_71' title='bbox 1300 1117 1616 1186; x_wconf 51' lang='lat' dir='ltr'>.inl&#39;ormes,</span> <span class='ocrx_word' id='word_1_72' title='bbox 1650 1115 1940 1172; x_wconf 88' lang='lat' dir='ltr'>abortivo-</span> 
     </span>
    </p>
   </div>
   <div class='ocr_carea' id='block_1_14' title="bbox 291 1204 1940 1278">
    <p class='ocr_par' dir='ltr' id='par_1_14' title="bbox 291 1204 1940 1278">
     <span class='ocr_line' id='line_1_14' title="bbox 291 1204 1940 1278; baseline -0.003 -13"><span class='ocrx_word' id='word_1_73' title='bbox 291 1226 424 1266; x_wconf 88' lang='lat' dir='ltr'>rum</span> <span class='ocrx_word' id='word_1_74' title='bbox 440 1209 511 1264; x_wconf 89' lang='lat' dir='ltr'>ad</span> <span class='ocrx_word' id='word_1_75' title='bbox 525 1208 713 1264; x_wconf 90' lang='lat' dir='ltr'>instar</span> <span class='ocrx_word' id='word_1_76' title='bbox 735 1205 1007 1261; x_wconf 84' lang='lat' dir='ltr'>mulieris</span> <span class='ocrx_word' id='word_1_77' title='bbox 1038 1204 1144 1259; x_wconf 89' lang='lat' dir='ltr'>ﬁlii</span> <span class='ocrx_word' id='word_1_78' title='bbox 1164 1206 1570 1277; x_wconf 62' lang='lat' dir='ltr'>eramusiediti</span> <span class='ocrx_word' id='word_1_79' title='bbox 1595 1224 1608 1273; x_wconf 89' lang='lat'><strong>;</strong></span> <span class='ocrx_word' id='word_1_80' title='bbox 1628 1207 1940 1278; x_wconf 87' lang='lat' dir='ltr'>postquam</span> 
     </span>
    </p>
   </div>
   <div class='ocr_carea' id='block_1_15' title="bbox 291 1292 1942 1367">
    <p class='ocr_par' dir='ltr' id='par_1_15' title="bbox 291 1292 1942 1367">
     <span class='ocr_line' id='line_1_15' title="bbox 291 1292 1942 1367; baseline -0.004 -12"><span class='ocrx_word' id='word_1_81' title='bbox 291 1315 426 1355; x_wconf 89' lang='lat' dir='ltr'>vero</span> <span class='ocrx_word' id='word_1_82' title='bbox 461 1316 494 1353; x_wconf 89' lang='lat' dir='ltr'>a</span> <span class='ocrx_word' id='word_1_83' title='bbox 522 1297 815 1352; x_wconf 87' lang='lat' dir='ltr'>Salvatore</span> <span class='ocrx_word' id='word_1_84' title='bbox 845 1295 1094 1350; x_wconf 90' lang='lat' dir='ltr'>formam</span> <span class='ocrx_word' id='word_1_85' title='bbox 1116 1294 1474 1367; x_wconf 90' lang='lat' dir='ltr'>accepimus,</span> <span class='ocrx_word' id='word_1_86' title='bbox 1495 1293 1601 1348; x_wconf 88' lang='lat' dir='ltr'>viri</span> <span class='ocrx_word' id='word_1_87' title='bbox 1633 1292 1942 1366; x_wconf 86' lang='lat' dir='ltr'>nuptialis-</span> 
     </span>
    </p>
   </div>
   <div class='ocr_carea' id='block_1_16' title="bbox 201 1383 1174 1460">
    <p class='ocr_par' dir='ltr' id='par_1_16' title="bbox 201 1383 1174 1460">
     <span class='ocr_line' id='line_1_16' title="bbox 201 1383 1174 1460; baseline -0.007 -16"><span class='ocrx_word' id='word_1_88' title='bbox 201 1404 211 1415; x_wconf 84' lang='lat'><strong>&#39;</strong></span> <span class='ocrx_word' id='word_1_89' title='bbox 295 1403 408 1460; x_wconf 89' lang='lat' dir='ltr'>que</span> <span class='ocrx_word' id='word_1_90' title='bbox 437 1385 684 1442; x_wconf 84' lang='lat' dir='ltr'>thalami</span> <span class='ocrx_word' id='word_1_91' title='bbox 715 1383 823 1438; x_wconf 85' lang='lat' dir='ltr'>ﬁlii</span> <span class='ocrx_word' id='word_1_92' title='bbox 855 1383 1174 1439; x_wconf 85' lang='lat' dir='ltr'>evasimus.</span> 
     </span>
    </p>
   </div>
   <div class='ocr_carea' id='block_1_17' title="bbox 369 1487 1944 1561">
    <p class='ocr_par' dir='ltr' id='par_1_17' title="bbox 369 1487 1944 1561">
     <span class='ocr_line' id='line_1_17' title="bbox 369 1487 1944 1561; baseline -0.003 -13"><span class='ocrx_word' id='word_1_93' title='bbox 369 1491 555 1548; x_wconf 86' lang='lat' dir='ltr'>LXIX.</span> <span class='ocrx_word' id='word_1_94' title='bbox 588 1495 795 1547; x_wconf 82' lang='lat' dir='ltr'>Fatum</span> <span class='ocrx_word' id='word_1_95' title='bbox 844 1489 1082 1561; x_wconf 89' lang='lat' dir='ltr'>quidem</span> <span class='ocrx_word' id='word_1_96' title='bbox 1134 1492 1223 1544; x_wconf 90' lang='lat' dir='ltr'>est</span> <span class='ocrx_word' id='word_1_97' title='bbox 1268 1505 1589 1544; x_wconf 91' lang='lat' dir='ltr'>concursus</span> <span class='ocrx_word' id='word_1_98' title='bbox 1623 1487 1944 1545; x_wconf 88' lang='lat' dir='ltr'>multarum</span> 
     </span>
    </p>
   </div>
   <div class='ocr_carea' id='block_1_18' title="bbox 296 1578 1946 1653">
    <p class='ocr_par' dir='ltr' id='par_1_18' title="bbox 296 1578 1946 1653">
     <span class='ocr_line' id='line_1_18' title="bbox 296 1578 1946 1653; baseline -0.003 -15"><span class='ocrx_word' id='word_1_99' title='bbox 296 1583 529 1653; x_wconf 91' lang='lat' dir='ltr'>sibique</span> <span class='ocrx_word' id='word_1_100' title='bbox 559 1579 987 1636; x_wconf 81' lang='lat' dir='ltr'>contrariarum</span> <span class='ocrx_word' id='word_1_101' title='bbox 1021 1578 1327 1633; x_wconf 87' lang='lat' dir='ltr'>virtutum.</span> <span class='ocrx_word' id='word_1_102' title='bbox 1351 1578 1450 1633; x_wconf 64' lang='lat' dir='ltr'>Hae</span> <span class='ocrx_word' id='word_1_103' title='bbox 1480 1595 1611 1633; x_wconf 90' lang='lat' dir='ltr'>vero</span> <span class='ocrx_word' id='word_1_104' title='bbox 1644 1578 1946 1634; x_wconf 91' lang='lat' dir='ltr'>suntinvi-</span> 
     </span>
    </p>
   </div>
   <div class='ocr_carea' id='block_1_19' title="bbox 299 1667 1945 1739">
    <p class='ocr_par' dir='ltr' id='par_1_19' title="bbox 299 1667 1945 1739">
     <span class='ocr_line' id='line_1_19' title="bbox 299 1667 1945 1739; baseline -0.004 -11"><span class='ocrx_word' id='word_1_105' title='bbox 299 1669 503 1728; x_wconf 86' lang='lat' dir='ltr'>sibiles</span> <span class='ocrx_word' id='word_1_106' title='bbox 534 1673 590 1726; x_wconf 91' lang='lat' dir='ltr'>et</span> <span class='ocrx_word' id='word_1_107' title='bbox 637 1670 921 1735; x_wconf 83' lang='lat' dir='ltr'>obscurae,</span> <span class='ocrx_word' id='word_1_108' title='bbox 970 1667 1187 1739; x_wconf 88' lang='lat' dir='ltr'>quibus</span> <span class='ocrx_word' id='word_1_109' title='bbox 1236 1683 1375 1722; x_wconf 91' lang='lat' dir='ltr'>cura</span> <span class='ocrx_word' id='word_1_110' title='bbox 1408 1671 1602 1722; x_wconf 91' lang='lat' dir='ltr'>motus</span> <span class='ocrx_word' id='word_1_111' title='bbox 1651 1670 1945 1722; x_wconf 89' lang='lat' dir='ltr'>astrorum</span> 
     </span>
    </p>
   </div>
   <div class='ocr_carea' id='block_1_20' title="bbox 2043 467 3706 552">
    <p class='ocr_par' dir='ltr' id='par_1_20' title="bbox 2043 467 3706 552">
     <span class='ocr_line' id='line_1_20' title="bbox 2043 467 3706 552; baseline -0.005 -22"><span class='ocrx_word' id='word_1_112' title='bbox 2043 475 2168 552; x_wconf 81' lang='grc' dir='ltr'>περὶ</span> <span class='ocrx_word' id='word_1_113' title='bbox 2215 481 2316 545; x_wconf 79' lang='grc' dir='ltr'>τῆς</span> <span class='ocrx_word' id='word_1_114' title='bbox 2365 471 2476 529; x_wconf 89' lang='grc' dir='ltr'>ἄνω</span> <span class='ocrx_word' id='word_1_115' title='bbox 2525 471 2748 544; x_wconf 78' lang='grc' dir='ltr'>θηλείας</span> <span class='ocrx_word' id='word_1_116' title='bbox 2799 469 3112 538; x_wconf 69' lang='grc' dir='ltr'>αἰνίττεται,</span> <span class='ocrx_word' id='word_1_117' title='bbox 3143 470 3210 536; x_wconf 77' lang='grc' dir='ltr'>ἧς</span> <span class='ocrx_word' id='word_1_118' title='bbox 3257 467 3491 538; x_wconf 80' lang='grc' dir='ltr'>τὰπάθη</span> <span class='ocrx_word' id='word_1_119' title='bbox 3526 468 3706 530; x_wconf 78' lang='grc' dir='ltr'>κτίσις</span> 
     </span>
    </p>
   </div>
   <div class='ocr_carea' id='block_1_21' title="bbox 2043 551 3709 640">
    <p class='ocr_par' dir='ltr' id='par_1_21' title="bbox 2043 551 3709 640">
     <span class='ocr_line' id='line_1_21' title="bbox 2043 551 3709 640; baseline -0.006 -21"><span class='ocrx_word' id='word_1_120' title='bbox 2043 551 2282 640; x_wconf 80' lang='grc' dir='ltr'>γέγονεν,</span> <span class='ocrx_word' id='word_1_121' title='bbox 2312 569 2413 633; x_wconf 77' lang='grc' dir='ltr'>τῆς</span> <span class='ocrx_word' id='word_1_122' title='bbox 2445 562 2533 618; x_wconf 59' lang='grc' dir='ltr'>κα)</span> <span class='ocrx_word' id='word_1_123' title='bbox 2561 563 2654 624; x_wconf 71' lang='grc' dir='ltr'>τὰς</span> <span class='ocrx_word' id='word_1_124' title='bbox 2685 558 2973 637; x_wconf 78' lang='grc' dir='ltr'>ἀμόρφους</span> <span class='ocrx_word' id='word_1_125' title='bbox 3025 557 3211 619; x_wconf 77' lang='grc' dir='ltr'>οὐσίας</span> <span class='ocrx_word' id='word_1_126' title='bbox 3250 551 3709 631; x_wconf 74' lang='grc' dir='ltr'>προϐαλλούσης,</span> 
     </span>
    </p>
   </div>
   <div class='ocr_carea' id='block_1_22' title="bbox 2048 648 3706 729">
    <p class='ocr_par' dir='ltr' id='par_1_22' title="bbox 2048 648 3706 729">
     <span class='ocr_line' id='line_1_22' title="bbox 2048 648 3706 729; baseline -0.005 -20"><span class='ocrx_word' id='word_1_127' title='bbox 2048 651 2117 708; x_wconf 88' lang='grc' dir='ltr'>δι’</span> <span class='ocrx_word' id='word_1_128' title='bbox 2144 655 2206 724; x_wconf 78' lang='grc' dir='ltr'>ἣν</span> <span class='ocrx_word' id='word_1_129' title='bbox 2264 655 2355 709; x_wconf 83' lang='grc' dir='ltr'>καὶ</span> <span class='ocrx_word' id='word_1_130' title='bbox 2405 655 2433 708; x_wconf 88' lang='grc' dir='ltr'>ὁ</span> <span class='ocrx_word' id='word_1_131' title='bbox 2482 652 2684 729; x_wconf 83' lang='grc' dir='ltr'>Κύριος</span> <span class='ocrx_word' id='word_1_132' title='bbox 2728 648 3027 719; x_wconf 82' lang='grc' dir='ltr'>κατῆλθεν,</span> <span class='ocrx_word' id='word_1_133' title='bbox 3057 648 3161 703; x_wconf 87' lang='grc' dir='ltr'>ἀπὸ</span> <span class='ocrx_word' id='word_1_134' title='bbox 3213 648 3307 721; x_wconf 75' lang='grc' dir='ltr'>μὲν</span> <span class='ocrx_word' id='word_1_135' title='bbox 3353 651 3450 703; x_wconf 75' lang='grc' dir='ltr'>τοῦ</span> <span class='ocrx_word' id='word_1_136' title='bbox 3498 649 3706 702; x_wconf 77' lang='grc' dir='ltr'>πάθους</span> 
     </span>
    </p>
   </div>
   <div class='ocr_carea' id='block_1_23' title="bbox 2046 735 3399 817">
    <p class='ocr_par' dir='ltr' id='par_1_23' title="bbox 2046 735 3399 817">
     <span class='ocr_line' id='line_1_23' title="bbox 2046 735 3399 817; baseline -0.004 -17"><span class='ocrx_word' id='word_1_137' title='bbox 2046 745 2193 817; x_wconf 79' lang='grc' dir='ltr'>ἡμᾶς</span> <span class='ocrx_word' id='word_1_138' title='bbox 2223 743 2576 810; x_wconf 85' lang='grc' dir='ltr'>ἀποσπάσων,</span> <span class='ocrx_word' id='word_1_139' title='bbox 2605 740 2793 797; x_wconf 69' lang='grc' dir='ltr'>ἑαυτὸν</span> <span class='ocrx_word' id='word_1_140' title='bbox 2828 736 2886 794; x_wconf 74' lang='grc' dir='ltr'>δὲ</span> <span class='ocrx_word' id='word_1_141' title='bbox 2915 735 3399 810; x_wconf 78' lang='grc' dir='ltr'>εῒσποιησάμενος.</span> 
     </span>
    </p>
   </div>
   <div class='ocr_carea' id='block_1_24' title="bbox 2119 932 3705 1016">
    <p class='ocr_par' dir='ltr' id='par_1_24' title="bbox 2119 932 3705 1016">
     <span class='ocr_line' id='line_1_24' title="bbox 2119 932 3705 1016; baseline -0.003 -21"><span class='ocrx_word' id='word_1_142' title='bbox 2119 945 2248 998; x_wconf 87' lang='grc' dir='ltr'>ΞΗ¹.</span> <span class='ocrx_word' id='word_1_143' title='bbox 2284 946 2454 1016; x_wconf 70' lang='grc' dir='ltr'>’Ἄχρι</span> <span class='ocrx_word' id='word_1_144' title='bbox 2489 941 2585 1013; x_wconf 74' lang='grc' dir='ltr'>μὲν</span> <span class='ocrx_word' id='word_1_145' title='bbox 2618 939 2722 1014; x_wconf 81' lang='grc' dir='ltr'>γὰρ</span> <span class='ocrx_word' id='word_1_146' title='bbox 2773 938 2912 1010; x_wconf 81' lang='grc' dir='ltr'>ἠμεν</span> <span class='ocrx_word' id='word_1_147' title='bbox 2963 941 3063 1006; x_wconf 85' lang='grc' dir='ltr'>τῆς</span> <span class='ocrx_word' id='word_1_148' title='bbox 3118 932 3344 1005; x_wconf 82' lang='grc' dir='ltr'>θηλείας</span> <span class='ocrx_word' id='word_1_149' title='bbox 3396 933 3566 1008; x_wconf 88' lang='grc' dir='ltr'>μόνης</span> <span class='ocrx_word' id='word_1_150' title='bbox 3617 935 3705 990; x_wconf 84' lang='grc' dir='ltr'>τέ-</span> 
     </span>
    </p>
   </div>
   <div class='ocr_carea' id='block_1_25' title="bbox 2049 1024 3703 1104">
    <p class='ocr_par' dir='ltr' id='par_1_25' title="bbox 2049 1024 3703 1104">
     <span class='ocr_line' id='line_1_25' title="bbox 2049 1024 3703 1104; baseline -0.005 -18"><span class='ocrx_word' id='word_1_151' title='bbox 2049 1051 2170 1099; x_wconf 91' lang='grc' dir='ltr'>κνα,</span> <span class='ocrx_word' id='word_1_152' title='bbox 2203 1031 2280 1093; x_wconf 82' lang='grc' dir='ltr'>ὡς</span> <span class='ocrx_word' id='word_1_153' title='bbox 2328 1029 2390 1085; x_wconf 80' lang='grc' dir='ltr'>ἂν</span> <span class='ocrx_word' id='word_1_154' title='bbox 2440 1029 2672 1104; x_wconf 80' lang='grc' dir='ltr'>αἰσχρᾶς</span> <span class='ocrx_word' id='word_1_155' title='bbox 2722 1024 2995 1102; x_wconf 79' lang='grc' dir='ltr'>συζυγίας,</span> <span class='ocrx_word' id='word_1_156' title='bbox 3044 1026 3214 1089; x_wconf 83' lang='grc' dir='ltr'>ἀτελῆ</span> <span class='ocrx_word' id='word_1_157' title='bbox 3263 1025 3354 1079; x_wconf 73' lang='grc' dir='ltr'>καὶ</span> <span class='ocrx_word' id='word_1_158' title='bbox 3401 1026 3568 1095; x_wconf 80' lang='grc' dir='ltr'>νήπια</span> <span class='ocrx_word' id='word_1_159' title='bbox 3616 1031 3703 1085; x_wconf 78' lang='grc' dir='ltr'>καὶ</span> 
     </span>
    </p>
   </div>
   <div class='ocr_carea' id='block_1_26' title="bbox 2052 1111 3709 1197">
    <p class='ocr_par' dir='ltr' id='par_1_26' title="bbox 2052 1111 3709 1197">
     <span class='ocr_line' id='line_1_26' title="bbox 2052 1111 3709 1197; baseline -0.004 -22"><span class='ocrx_word' id='word_1_160' title='bbox 2052 1121 2260 1197; x_wconf 86' lang='grc' dir='ltr'>ἄφρονα</span> <span class='ocrx_word' id='word_1_161' title='bbox 2315 1118 2404 1174; x_wconf 79' lang='grc' dir='ltr'>καὶ</span> <span class='ocrx_word' id='word_1_162' title='bbox 2465 1119 2660 1188; x_wconf 83' lang='grc' dir='ltr'>ἀσθενῆ</span> <span class='ocrx_word' id='word_1_163' title='bbox 2719 1116 2809 1171; x_wconf 85' lang='grc' dir='ltr'>καὶ</span> <span class='ocrx_word' id='word_1_164' title='bbox 2889 1117 3133 1192; x_wconf 77' lang='grc' dir='ltr'>ἄμορφα,</span> <span class='ocrx_word' id='word_1_165' title='bbox 3195 1116 3309 1168; x_wconf 83' lang='grc' dir='ltr'>οἷον</span> <span class='ocrx_word' id='word_1_166' title='bbox 3386 1111 3709 1190; x_wconf 72' lang='grc' dir='ltr'>έκτρώματα</span> 
     </span>
    </p>
   </div>
   <div class='ocr_carea' id='block_1_27' title="bbox 2051 1201 3709 1285">
    <p class='ocr_par' dir='ltr' id='par_1_27' title="bbox 2051 1201 3709 1285">
     <span class='ocr_line' id='line_1_27' title="bbox 2051 1201 3709 1285; baseline -0.004 -21"><span class='ocrx_word' id='word_1_167' title='bbox 2051 1209 2499 1285; x_wconf 84' lang='grc' dir='ltr'>προσενεχθέντα,</span> <span class='ocrx_word' id='word_1_168' title='bbox 2556 1213 2657 1276; x_wconf 79' lang='grc' dir='ltr'>τῆς</span> <span class='ocrx_word' id='word_1_169' title='bbox 2711 1206 2966 1282; x_wconf 88' lang='grc' dir='ltr'>γυναικὸς</span> <span class='ocrx_word' id='word_1_170' title='bbox 3036 1205 3176 1277; x_wconf 85' lang='grc' dir='ltr'>ἦμεν</span> <span class='ocrx_word' id='word_1_171' title='bbox 3230 1203 3388 1258; x_wconf 76' lang='grc' dir='ltr'>τέκνα</span> <span class='ocrx_word' id='word_1_172' title='bbox 3419 1221 3431 1234; x_wconf 87' lang='grc'><strong>·</strong></span> <span class='ocrx_word' id='word_1_173' title='bbox 3488 1203 3592 1258; x_wconf 85' lang='grc' dir='ltr'>ὑπὸ</span> <span class='ocrx_word' id='word_1_174' title='bbox 3652 1201 3709 1259; x_wconf 76' lang='grc' dir='ltr'>δὲ</span> 
     </span>
    </p>
   </div>
   <div class='ocr_carea' id='block_1_28' title="bbox 2050 1291 3712 1375">
    <p class='ocr_par' dir='ltr' id='par_1_28' title="bbox 2050 1291 3712 1375">
     <span class='ocr_line' id='line_1_28' title="bbox 2050 1291 3712 1375; baseline -0.005 -22"><span class='ocrx_word' id='word_1_175' title='bbox 2050 1303 2147 1354; x_wconf 82' lang='grc' dir='ltr'>τοῦ</span> <span class='ocrx_word' id='word_1_176' title='bbox 2202 1305 2464 1373; x_wconf 83' lang='grc' dir='ltr'>Σωτῆρος</span> <span class='ocrx_word' id='word_1_177' title='bbox 2492 1296 2887 1375; x_wconf 74' lang='grc' dir='ltr'>μορφωθέντες,</span> <span class='ocrx_word' id='word_1_178' title='bbox 2918 1291 3110 1369; x_wconf 88' lang='grc' dir='ltr'>ἀνδρὸς</span> <span class='ocrx_word' id='word_1_179' title='bbox 3152 1291 3243 1348; x_wconf 84' lang='grc' dir='ltr'>καὶ</span> <span class='ocrx_word' id='word_1_180' title='bbox 3286 1295 3581 1366; x_wconf 80' lang='grc' dir='ltr'>νυμφῶνος</span> <span class='ocrx_word' id='word_1_181' title='bbox 3621 1313 3712 1368; x_wconf 81' lang='grc' dir='ltr'>γε-</span> 
     </span>
    </p>
   </div>
   <div class='ocr_carea' id='block_1_29' title="bbox 2053 1388 2496 1466">
    <p class='ocr_par' dir='ltr' id='par_1_29' title="bbox 2053 1388 2496 1466">
     <span class='ocr_line' id='line_1_29' title="bbox 2053 1388 2496 1466; baseline 0 -22"><span class='ocrx_word' id='word_1_182' title='bbox 2053 1389 2287 1466; x_wconf 85' lang='grc' dir='ltr'>γόναμεν</span> <span class='ocrx_word' id='word_1_183' title='bbox 2317 1388 2496 1444; x_wconf 84' lang='grc' dir='ltr'>τέκνα.</span> 
     </span>
    </p>
   </div>
   <div class='ocr_carea' id='block_1_30' title="bbox 2127 1486 3711 1570">
    <p class='ocr_par' dir='ltr' id='par_1_30' title="bbox 2127 1486 3711 1570">
     <span class='ocr_line' id='line_1_30' title="bbox 2127 1486 3711 1570; baseline -0.004 -20"><span class='ocrx_word' id='word_1_184' title='bbox 2127 1497 2254 1550; x_wconf 88' lang='grc' dir='ltr'>ΞΘ’.</span> <span class='ocrx_word' id='word_1_185' title='bbox 2286 1497 2349 1552; x_wconf 71' lang='grc' dir='ltr'><strong>Ἠ</strong></span> <span class='ocrx_word' id='word_1_186' title='bbox 2383 1493 2688 1570; x_wconf 71' lang='grc' dir='ltr'>εἱμαρμένη</span> <span class='ocrx_word' id='word_1_187' title='bbox 2721 1492 2832 1548; x_wconf 78' lang='grc' dir='ltr'>ἐστὶ</span> <span class='ocrx_word' id='word_1_188' title='bbox 2873 1487 3098 1552; x_wconf 89' lang='grc' dir='ltr'>σύνοδος</span> <span class='ocrx_word' id='word_1_189' title='bbox 3147 1487 3375 1544; x_wconf 83' lang='grc' dir='ltr'>πολλῶν</span> <span class='ocrx_word' id='word_1_190' title='bbox 3426 1487 3516 1543; x_wconf 80' lang='grc' dir='ltr'>καὶ</span> <span class='ocrx_word' id='word_1_191' title='bbox 3566 1486 3711 1544; x_wconf 67' lang='lat' dir='ltr'>am-</span> 
     </span>
    </p>
   </div>
   <div class='ocr_carea' id='block_1_31' title="bbox 2054 1577 3708 1656">
    <p class='ocr_par' dir='ltr' id='par_1_31' title="bbox 2054 1577 3708 1656">
     <span class='ocr_line' id='line_1_31' title="bbox 2054 1577 3708 1656; baseline -0.005 -16"><span class='ocrx_word' id='word_1_192' title='bbox 2054 1584 2185 1640; x_wconf 85' lang='grc' dir='ltr'>τίων</span> <span class='ocrx_word' id='word_1_193' title='bbox 2219 1581 2498 1656; x_wconf 81' lang='grc' dir='ltr'>δυνάμεων</span> <span class='ocrx_word' id='word_1_194' title='bbox 2535 1601 2549 1615; x_wconf 73' lang='grc' dir='ltr'><strong>ο</strong></span> <span class='ocrx_word' id='word_1_195' title='bbox 2581 1583 2737 1638; x_wconf 82' lang='grc' dir='ltr'>αὗται</span> <span class='ocrx_word' id='word_1_196' title='bbox 2788 1579 2844 1636; x_wconf 86' lang='grc' dir='ltr'>δέ</span> <span class='ocrx_word' id='word_1_197' title='bbox 2897 1579 3028 1635; x_wconf 77' lang='grc' dir='ltr'>εἷ’σιν</span> <span class='ocrx_word' id='word_1_198' title='bbox 3080 1577 3303 1654; x_wconf 87' lang='grc' dir='ltr'>ἀόρατοι</span> <span class='ocrx_word' id='word_1_199' title='bbox 3331 1577 3422 1632; x_wconf 86' lang='grc' dir='ltr'>καὶ</span> <span class='ocrx_word' id='word_1_200' title='bbox 3467 1577 3708 1655; x_wconf 81' lang='grc' dir='ltr'>ἀφανεῖς,</span> 
     </span>
    </p>
   </div>
   <div class='ocr_carea' id='block_1_32' title="bbox 2059 1663 3712 1750">
    <p class='ocr_par' dir='ltr' id='par_1_32' title="bbox 2059 1663 3712 1750">
     <span class='ocr_line' id='line_1_32' title="bbox 2059 1663 3712 1750; baseline -0.005 -21"><span class='ocrx_word' id='word_1_201' title='bbox 2059 1672 2512 1750; x_wconf 85' lang='grc' dir='ltr'>έπίτροπεύουσαι</span> <span class='ocrx_word' id='word_1_202' title='bbox 2541 1673 2639 1742; x_wconf 72' lang='grc' dir='ltr'>τὴν</span> <span class='ocrx_word' id='word_1_203' title='bbox 2672 1675 2780 1727; x_wconf 92' lang='grc' dir='ltr'>τῶν</span> <span class='ocrx_word' id='word_1_204' title='bbox 2810 1671 3018 1745; x_wconf 82' lang='grc' dir='ltr'>ἄστρων</span> <span class='ocrx_word' id='word_1_205' title='bbox 3051 1667 3241 1746; x_wconf 78' lang='grc' dir='ltr'>φορὰν,</span> <span class='ocrx_word' id='word_1_206' title='bbox 3273 1666 3363 1722; x_wconf 81' lang='grc' dir='ltr'>καὶ</span> <span class='ocrx_word' id='word_1_207' title='bbox 3398 1663 3467 1721; x_wconf 87' lang='grc' dir='ltr'>δι’</span> <span class='ocrx_word' id='word_1_208' title='bbox 3494 1665 3712 1723; x_wconf 85' lang='grc' dir='ltr'>ἐκείνων</span> 
     </span>
    </p>
   </div>
   <div class='ocr_carea' id='block_1_33' title="bbox 298 1753 1940 1837">
    <p class='ocr_par' dir='ltr' id='par_1_33' title="bbox 298 1755 1939 1829">
     <span class='ocr_line' id='line_1_33' title="bbox 298 1755 1939 1829; baseline -0.004 -13"><span class='ocrx_word' id='word_1_209' title='bbox 298 1759 621 1816; x_wconf 86' lang='lat' dir='ltr'>commissa</span> <span class='ocrx_word' id='word_1_210' title='bbox 649 1761 758 1828; x_wconf 90' lang='lat' dir='ltr'>est,</span> <span class='ocrx_word' id='word_1_211' title='bbox 792 1773 1010 1829; x_wconf 90' lang='lat' dir='ltr'>perque</span> <span class='ocrx_word' id='word_1_212' title='bbox 1040 1755 1140 1810; x_wconf 90' lang='lat' dir='ltr'>illa</span> <span class='ocrx_word' id='word_1_213' title='bbox 1171 1757 1486 1828; x_wconf 66' lang='lat' dir='ltr'>praesident</span> <span class='ocrx_word' id='word_1_214' title='bbox 1515 1772 1724 1827; x_wconf 85' lang='lat' dir='ltr'>resque</span> <span class='ocrx_word' id='word_1_215' title='bbox 1751 1756 1939 1812; x_wconf 87' lang='lat' dir='ltr'>admi-</span> 
     </span>
    </p>
   </div>
   <div class='ocr_carea' id='block_1_34' title="bbox 2061 1753 3704 1837">
    <p class='ocr_par' dir='ltr' id='par_1_34' title="bbox 2061 1753 3704 1837">
     <span class='ocr_line' id='line_1_34' title="bbox 2061 1753 3704 1837; baseline -0.004 -19"><span class='ocrx_word' id='word_1_216' title='bbox 2061 1760 2497 1836; x_wconf 81' lang='grc' dir='ltr'>πολιτευόμεναι.</span> <span class='ocrx_word' id='word_1_217' title='bbox 2531 1762 2676 1820; x_wconf 88' lang='grc' dir='ltr'>Καθὸ</span> <span class='ocrx_word' id='word_1_218' title='bbox 2728 1759 2830 1837; x_wconf 76' lang='grc' dir='ltr'>γὰρ</span> <span class='ocrx_word' id='word_1_219' title='bbox 2879 1755 3104 1814; x_wconf 72' lang='grc' dir='ltr'>ἕκαστον</span> <span class='ocrx_word' id='word_1_220' title='bbox 3150 1757 3325 1813; x_wconf 81' lang='grc' dir='ltr'>αὐτῶν</span> <span class='ocrx_word' id='word_1_221' title='bbox 3377 1753 3604 1833; x_wconf 73' lang='grc' dir='ltr'>ἔφθακεν</span> <span class='ocrx_word' id='word_1_222' title='bbox 3635 1759 3704 1830; x_wconf 78' lang='grc' dir='ltr'>τῇ</span> 
     </span>
    </p>
   </div>
   <div class='ocr_carea' id='block_1_35' title="bbox 298 1843 1951 1918">
    <p class='ocr_par' dir='ltr' id='par_1_35' title="bbox 298 1843 1951 1918">
     <span class='ocr_line' id='line_1_35' title="bbox 298 1843 1951 1918; baseline -0.002 -13"><span class='ocrx_word' id='word_1_223' title='bbox 298 1850 576 1906; x_wconf 89' lang='lat' dir='ltr'>nistrant.</span> <span class='ocrx_word' id='word_1_224' title='bbox 637 1849 758 1912; x_wconf 87' lang='lat' dir='ltr'>Quo</span> <span class='ocrx_word' id='word_1_225' title='bbox 791 1845 945 1901; x_wconf 91' lang='lat' dir='ltr'>enim</span> <span class='ocrx_word' id='word_1_226' title='bbox 1007 1849 1176 1918; x_wconf 90' lang='lat' dir='ltr'>pacto</span> <span class='ocrx_word' id='word_1_227' title='bbox 1209 1843 1442 1900; x_wconf 88' lang='lat' dir='ltr'>illorum</span> <span class='ocrx_word' id='word_1_228' title='bbox 1488 1846 1951 1917; x_wconf 88' lang='lat' dir='ltr'>unumquodque</span> 
     </span>
    </p>
   </div>
   <div class='ocr_carea' id='block_1_36' title="bbox 304 1934 1949 2008">
    <p class='ocr_par' dir='ltr' id='par_1_36' title="bbox 304 1934 1949 2008">
     <span class='ocr_line' id='line_1_36' title="bbox 304 1934 1949 2008; baseline -0.001 -14"><span class='ocrx_word' id='word_1_229' title='bbox 304 1937 514 1995; x_wconf 89' lang='lat' dir='ltr'>mundi</span> <span class='ocrx_word' id='word_1_230' title='bbox 544 1940 706 1992; x_wconf 89' lang='lat' dir='ltr'>motu</span> <span class='ocrx_word' id='word_1_231' title='bbox 740 1936 1047 2006; x_wconf 90' lang='lat' dir='ltr'>abreptum</span> <span class='ocrx_word' id='word_1_232' title='bbox 1082 1950 1198 1989; x_wconf 92' lang='lat' dir='ltr'>una</span> <span class='ocrx_word' id='word_1_233' title='bbox 1227 1939 1511 2002; x_wconf 87' lang='lat' dir='ltr'>movetur,</span> <span class='ocrx_word' id='word_1_234' title='bbox 1543 1934 1778 1990; x_wconf 91' lang='lat' dir='ltr'>illorum</span> <span class='ocrx_word' id='word_1_235' title='bbox 1821 1953 1949 2008; x_wconf 73' lang='lat' dir='ltr'>quas</span> 
     </span>
    </p>
   </div>
   <div class='ocr_carea' id='block_1_37' title="bbox 299 2024 1950 2097">
    <p class='ocr_par' dir='ltr' id='par_1_37' title="bbox 299 2024 1950 2097">
     <span class='ocr_line' id='line_1_37' title="bbox 299 2024 1950 2097; baseline -0.002 -11"><span class='ocrx_word' id='word_1_236' title='bbox 299 2030 626 2088; x_wconf 89' lang='lat' dir='ltr'>secundum</span> <span class='ocrx_word' id='word_1_237' title='bbox 656 2027 809 2083; x_wconf 90' lang='lat' dir='ltr'>idem</span> <span class='ocrx_word' id='word_1_238' title='bbox 858 2024 1344 2082; x_wconf 85' lang='lat' dir='ltr'>inclinamentum</span> <span class='ocrx_word' id='word_1_239' title='bbox 1375 2026 1527 2081; x_wconf 83' lang='lat' dir='ltr'>facta</span> <span class='ocrx_word' id='word_1_240' title='bbox 1596 2031 1759 2097; x_wconf 89' lang='lat' dir='ltr'>sunt,</span> <span class='ocrx_word' id='word_1_241' title='bbox 1790 2027 1950 2084; x_wconf 86' lang='lat' dir='ltr'>velut</span> 
     </span>
    </p>
   </div>
   <div class='ocr_carea' id='block_1_38' title="bbox 298 2115 1479 2191">
    <p class='ocr_par' dir='ltr' id='par_1_38' title="bbox 298 2115 1479 2191">
     <span class='ocr_line' id='line_1_38' title="bbox 298 2115 1479 2191; baseline -0.005 -16"><span class='ocrx_word' id='word_1_242' title='bbox 298 2119 490 2191; x_wconf 89' lang='lat' dir='ltr'>ipsius</span> <span class='ocrx_word' id='word_1_243' title='bbox 521 2117 777 2173; x_wconf 88' lang='lat' dir='ltr'>ﬁliorum</span> <span class='ocrx_word' id='word_1_244' title='bbox 805 2115 1175 2172; x_wconf 88' lang='lat' dir='ltr'>dominatum</span> <span class='ocrx_word' id='word_1_245' title='bbox 1207 2115 1479 2172; x_wconf 87' lang='lat' dir='ltr'>obtinuit.</span> 
     </span>
    </p>
   </div>
   <div class='ocr_carea' id='block_1_39' title="bbox 372 2223 1948 2297">
    <p class='ocr_par' dir='ltr' id='par_1_39' title="bbox 372 2223 1948 2297">
     <span class='ocr_line' id='line_1_39' title="bbox 372 2223 1948 2297; baseline -0.001 -15"><span class='ocrx_word' id='word_1_246' title='bbox 372 2227 548 2282; x_wconf 85' lang='lat' dir='ltr'>LXX.</span> <span class='ocrx_word' id='word_1_247' title='bbox 579 2226 686 2280; x_wconf 88' lang='lat' dir='ltr'>Per</span> <span class='ocrx_word' id='word_1_248' title='bbox 715 2223 910 2281; x_wconf 88' lang='lat' dir='ltr'>sidera</span> <span class='ocrx_word' id='word_1_249' title='bbox 938 2223 1138 2296; x_wconf 88' lang='lat' dir='ltr'>itaque</span> <span class='ocrx_word' id='word_1_250' title='bbox 1167 2239 1282 2279; x_wconf 92' lang='lat' dir='ltr'>non</span> <span class='ocrx_word' id='word_1_251' title='bbox 1310 2223 1557 2279; x_wconf 88' lang='lat' dir='ltr'>erratica</span> <span class='ocrx_word' id='word_1_252' title='bbox 1577 2223 1948 2297; x_wconf 76' lang='lat' dir='ltr'>errantisque</span> 
     </span>
    </p>
   </div>
   <div class='ocr_carea' id='block_1_40' title="bbox 300 2311 1949 2389">
    <p class='ocr_par' dir='ltr' id='par_1_40' title="bbox 300 2311 1949 2389">
     <span class='ocr_line' id='line_1_40' title="bbox 300 2311 1949 2389; baseline -0.002 -18"><span class='ocrx_word' id='word_1_253' title='bbox 300 2317 623 2389; x_wconf 86' lang='lat' dir='ltr'>potestates</span> <span class='ocrx_word' id='word_1_254' title='bbox 651 2311 977 2369; x_wconf 86' lang='lat' dir='ltr'>invisibiles</span> <span class='ocrx_word' id='word_1_255' title='bbox 1006 2329 1133 2385; x_wconf 73' lang='lat' dir='ltr'>qua:</span> <span class='ocrx_word' id='word_1_256' title='bbox 1166 2312 1259 2368; x_wconf 88' lang='lat' dir='ltr'>his</span> <span class='ocrx_word' id='word_1_257' title='bbox 1292 2317 1554 2384; x_wconf 70' lang='lat' dir='ltr'>praesunt</span> <span class='ocrx_word' id='word_1_258' title='bbox 1583 2311 1949 2384; x_wconf 71' lang='lat' dir='ltr'>invectae,re-</span> 
     </span>
    </p>
   </div>
   <div class='ocr_carea' id='block_1_41' title="bbox 302 2401 1948 2474">
    <p class='ocr_par' dir='ltr' id='par_1_41' title="bbox 302 2401 1948 2474">
     <span class='ocr_line' id='line_1_41' title="bbox 302 2401 1948 2474; baseline 0 -14"><span class='ocrx_word' id='word_1_259' title='bbox 302 2421 432 2462; x_wconf 91' lang='lat' dir='ltr'>rum</span> <span class='ocrx_word' id='word_1_260' title='bbox 493 2408 657 2459; x_wconf 90' lang='lat' dir='ltr'>ortus</span> <span class='ocrx_word' id='word_1_261' title='bbox 705 2403 1058 2474; x_wconf 80' lang='lat' dir='ltr'>dispensant</span> <span class='ocrx_word' id='word_1_262' title='bbox 1105 2405 1279 2472; x_wconf 88' lang='lat' dir='ltr'>atque</span> <span class='ocrx_word' id='word_1_263' title='bbox 1329 2401 1713 2474; x_wconf 88' lang='lat' dir='ltr'>prospiciunt.</span> <span class='ocrx_word' id='word_1_264' title='bbox 1743 2403 1948 2460; x_wconf 88' lang='lat' dir='ltr'>Sidera</span> 
     </span>
    </p>
   </div>
   <div class='ocr_carea' id='block_1_42' title="bbox 297 2491 1947 2566">
    <p class='ocr_par' dir='ltr' id='par_1_42' title="bbox 297 2491 1947 2566">
     <span class='ocr_line' id='line_1_42' title="bbox 297 2491 1947 2566; baseline -0.001 -16"><span class='ocrx_word' id='word_1_265' title='bbox 297 2511 431 2551; x_wconf 91' lang='lat' dir='ltr'>vero</span> <span class='ocrx_word' id='word_1_266' title='bbox 464 2493 595 2566; x_wconf 88' lang='lat' dir='ltr'>ipsa</span> <span class='ocrx_word' id='word_1_267' title='bbox 646 2491 727 2548; x_wconf 90' lang='lat' dir='ltr'>nil</span> <span class='ocrx_word' id='word_1_268' title='bbox 759 2491 997 2564; x_wconf 89' lang='lat' dir='ltr'>quidem</span> <span class='ocrx_word' id='word_1_269' title='bbox 1048 2491 1292 2559; x_wconf 81' lang='lat' dir='ltr'>faciunt,</span> <span class='ocrx_word' id='word_1_270' title='bbox 1322 2491 1439 2546; x_wconf 91' lang='lat' dir='ltr'>vim</span> <span class='ocrx_word' id='word_1_271' title='bbox 1472 2495 1668 2547; x_wconf 90' lang='lat' dir='ltr'>autem</span> <span class='ocrx_word' id='word_1_272' title='bbox 1705 2497 1947 2564; x_wconf 88' lang='lat' dir='ltr'>potesta-</span> 
     </span>
    </p>
   </div>
   <div class='ocr_carea' id='block_1_43' title="bbox 299 2579 1944 2653">
    <p class='ocr_par' dir='ltr' id='par_1_43' title="bbox 299 2579 1944 2653">
     <span class='ocr_line' id='line_1_43' title="bbox 299 2579 1944 2653; baseline -0.001 -14"><span class='ocrx_word' id='word_1_273' title='bbox 299 2587 426 2640; x_wconf 87' lang='lat' dir='ltr'>tum</span> <span class='ocrx_word' id='word_1_274' title='bbox 475 2581 910 2638; x_wconf 90' lang='lat' dir='ltr'>dominantium</span> <span class='ocrx_word' id='word_1_275' title='bbox 954 2579 1218 2635; x_wconf 89' lang='lat' dir='ltr'>indicant</span> <span class='ocrx_word' id='word_1_276' title='bbox 1269 2580 1340 2634; x_wconf 91' lang='lat' dir='ltr'>ad</span> <span class='ocrx_word' id='word_1_277' title='bbox 1389 2596 1524 2635; x_wconf 90' lang='lat' dir='ltr'>eum</span> <span class='ocrx_word' id='word_1_278' title='bbox 1558 2581 1796 2636; x_wconf 90' lang='lat' dir='ltr'>modum</span> <span class='ocrx_word' id='word_1_279' title='bbox 1829 2598 1944 2653; x_wconf 88' lang='lat' dir='ltr'>quo</span> 
     </span>
    </p>
   </div>
   <div class='ocr_carea' id='block_1_44' title="bbox 297 2668 1943 2742">
    <p class='ocr_par' dir='ltr' id='par_1_44' title="bbox 297 2668 1943 2742">
     <span class='ocr_line' id='line_1_44' title="bbox 297 2668 1943 2742; baseline -0.001 -13"><span class='ocrx_word' id='word_1_280' title='bbox 297 2673 528 2729; x_wconf 87' lang='lat' dir='ltr'>volatus</span> <span class='ocrx_word' id='word_1_281' title='bbox 561 2671 758 2727; x_wconf 88' lang='lat' dir='ltr'>avium</span> <span class='ocrx_word' id='word_1_282' title='bbox 791 2669 1012 2741; x_wconf 85' lang='lat' dir='ltr'>aliquid</span> <span class='ocrx_word' id='word_1_283' title='bbox 1046 2669 1360 2739; x_wconf 84' lang='lat' dir='ltr'>signiﬁcat,</span> <span class='ocrx_word' id='word_1_284' title='bbox 1413 2673 1471 2723; x_wconf 90' lang='lat' dir='ltr'>at</span> <span class='ocrx_word' id='word_1_285' title='bbox 1503 2668 1648 2724; x_wconf 91' lang='lat' dir='ltr'>nihil</span> <span class='ocrx_word' id='word_1_286' title='bbox 1681 2676 1943 2742; x_wconf 82' lang='lat' dir='ltr'>praestat.</span> 
     </span>
    </p>
   </div>
   <div class='ocr_carea' id='block_1_45' title="bbox 375 2775 1944 2851">
    <p class='ocr_par' dir='ltr' id='par_1_45' title="bbox 375 2775 1944 2851">
     <span class='ocr_line' id='line_1_45' title="bbox 375 2775 1944 2851; baseline -0.002 -16"><span class='ocrx_word' id='word_1_287' title='bbox 375 2778 568 2835; x_wconf 86' lang='lat' dir='ltr'>LXXI.</span> <span class='ocrx_word' id='word_1_288' title='bbox 602 2776 925 2834; x_wconf 89' lang='lat' dir='ltr'>Duodecim</span> <span class='ocrx_word' id='word_1_289' title='bbox 958 2775 1140 2846; x_wconf 87' lang='lat' dir='ltr'>igitur</span> <span class='ocrx_word' id='word_1_290' title='bbox 1171 2775 1340 2846; x_wconf 87' lang='lat' dir='ltr'>signa</span> <span class='ocrx_word' id='word_1_291' title='bbox 1373 2790 1436 2829; x_wconf 91' lang='lat' dir='ltr'>ac</span> <span class='ocrx_word' id='word_1_292' title='bbox 1487 2780 1708 2846; x_wconf 89' lang='lat' dir='ltr'>septem</span> <span class='ocrx_word' id='word_1_293' title='bbox 1742 2777 1944 2851; x_wconf 58' lang='lat' dir='ltr'>stellis,</span> 
     </span>
    </p>
   </div>
   <div class='ocr_carea' id='block_1_46' title="bbox 302 2863 1945 2941">
    <p class='ocr_par' dir='ltr' id='par_1_46' title="bbox 302 2863 1945 2941">
     <span class='ocr_line' id='line_1_46' title="bbox 302 2863 1945 2941; baseline 0 -18"><span class='ocrx_word' id='word_1_294' title='bbox 302 2885 427 2941; x_wconf 65' lang='lat' dir='ltr'>quae</span> <span class='ocrx_word' id='word_1_295' title='bbox 458 2866 894 2940; x_wconf 90' lang='lat' dir='ltr'>ingrediuntur,</span> <span class='ocrx_word' id='word_1_296' title='bbox 946 2863 1188 2936; x_wconf 60' lang='lat' dir='ltr'>haecque</span> <span class='ocrx_word' id='word_1_297' title='bbox 1217 2868 1586 2936; x_wconf 88' lang='lat' dir='ltr'>percurrunt,</span> <span class='ocrx_word' id='word_1_298' title='bbox 1619 2864 1778 2922; x_wconf 80' lang='lat' dir='ltr'>nunc</span> <span class='ocrx_word' id='word_1_299' title='bbox 1816 2868 1945 2938; x_wconf 90' lang='lat' dir='ltr'>qui-</span> 
     </span>
    </p>
   </div>
   <div class='ocr_carea' id='block_1_47' title="bbox 301 2955 1942 3025">
    <p class='ocr_par' dir='ltr' id='par_1_47' title="bbox 301 2955 1942 3025">
     <span class='ocr_line' id='line_1_47' title="bbox 301 2955 1942 3025; baseline -0.001 -11"><span class='ocrx_word' id='word_1_300' title='bbox 301 2960 434 3015; x_wconf 91' lang='lat' dir='ltr'>dem</span> <span class='ocrx_word' id='word_1_301' title='bbox 469 2973 584 3013; x_wconf 88' lang='lat' dir='ltr'>una</span> <span class='ocrx_word' id='word_1_302' title='bbox 613 2955 990 3021; x_wconf 88' lang='lat' dir='ltr'>comitantur,</span> <span class='ocrx_word' id='word_1_303' title='bbox 1016 2969 1170 3009; x_wconf 90' lang='lat' dir='ltr'>nunc</span> <span class='ocrx_word' id='word_1_304' title='bbox 1199 2969 1334 3010; x_wconf 89' lang='lat' dir='ltr'>vero</span> <span class='ocrx_word' id='word_1_305' title='bbox 1365 2958 1699 3025; x_wconf 90' lang='lat' dir='ltr'>occurrunt,</span> <span class='ocrx_word' id='word_1_306' title='bbox 1733 2955 1942 3013; x_wconf 89' lang='lat' dir='ltr'>horum</span> 
     </span>
    </p>
   </div>
   <div class='ocr_carea' id='block_1_48' title="bbox 298 3042 1944 3119">
    <p class='ocr_par' dir='ltr' id='par_1_48' title="bbox 298 3042 1944 3119">
     <span class='ocr_line' id='line_1_48' title="bbox 298 3042 1944 3119; baseline -0.001 -16"><span class='ocrx_word' id='word_1_307' title='bbox 298 3051 465 3104; x_wconf 89' lang='lat' dir='ltr'>ortus</span> <span class='ocrx_word' id='word_1_308' title='bbox 497 3063 624 3119; x_wconf 69' lang='lat' dir='ltr'>quae</span> <span class='ocrx_word' id='word_1_309' title='bbox 655 3043 1089 3116; x_wconf 90' lang='lat' dir='ltr'>apotestatibus</span> <span class='ocrx_word' id='word_1_310' title='bbox 1116 3042 1517 3112; x_wconf 52' lang='lat' dir='ltr'>*moventur,</span> <span class='ocrx_word' id='word_1_311' title='bbox 1547 3049 1773 3100; x_wconf 87' lang='lat' dir='ltr'>motum</span> <span class='ocrx_word' id='word_1_312' title='bbox 1806 3047 1944 3102; x_wconf 88' lang='lat' dir='ltr'>sub-</span> 
     </span>
    </p>
   </div>
   <div class='ocr_carea' id='block_1_49' title="bbox 2055 1845 3705 1926">
    <p class='ocr_par' dir='ltr' id='par_1_49' title="bbox 2055 1845 3705 1926">
     <span class='ocr_line' id='line_1_49' title="bbox 2055 1845 3705 1926; baseline -0.004 -20"><span class='ocrx_word' id='word_1_313' title='bbox 2055 1856 2151 1906; x_wconf 78' lang='grc' dir='ltr'>τοῦ</span> <span class='ocrx_word' id='word_1_314' title='bbox 2180 1851 2394 1926; x_wconf 85' lang='grc' dir='ltr'>κόσμου</span> <span class='ocrx_word' id='word_1_315' title='bbox 2432 1853 2642 1922; x_wconf 77' lang='grc' dir='ltr'>κινήσει</span> <span class='ocrx_word' id='word_1_316' title='bbox 2674 1847 3191 1925; x_wconf 76' lang='grc' dir='ltr'>συναναφερόμενον,</span> <span class='ocrx_word' id='word_1_317' title='bbox 3221 1847 3330 1901; x_wconf 79' lang='grc' dir='ltr'>τῶν</span> <span class='ocrx_word' id='word_1_318' title='bbox 3379 1847 3496 1901; x_wconf 88' lang='grc' dir='ltr'>κατ’</span> <span class='ocrx_word' id='word_1_319' title='bbox 3538 1845 3705 1916; x_wconf 75' lang='grc' dir='ltr'>αὐτὴν</span> 
     </span>
    </p>
   </div>
   <div class='ocr_carea' id='block_1_50' title="bbox 2053 1934 3710 2017">
    <p class='ocr_par' dir='ltr' id='par_1_50' title="bbox 2053 1934 3710 2017">
     <span class='ocr_line' id='line_1_50' title="bbox 2053 1934 3710 2017; baseline -0.004 -22"><span class='ocrx_word' id='word_1_320' title='bbox 2053 1942 2153 2009; x_wconf 81' lang='grc' dir='ltr'>τὴν</span> <span class='ocrx_word' id='word_1_321' title='bbox 2210 1940 2384 2017; x_wconf 80' lang='grc' dir='ltr'>ῥοπὴν</span> <span class='ocrx_word' id='word_1_322' title='bbox 2447 1939 2756 2016; x_wconf 74' lang='grc' dir='ltr'>γενομένων</span> <span class='ocrx_word' id='word_1_323' title='bbox 2803 1935 3029 2012; x_wconf 83' lang='grc' dir='ltr'>εἷ’ληχεν</span> <span class='ocrx_word' id='word_1_324' title='bbox 3087 1937 3185 2005; x_wconf 79' lang='grc' dir='ltr'>τὴν</span> <span class='ocrx_word' id='word_1_325' title='bbox 3241 1934 3601 2011; x_wconf 78' lang='grc' dir='ltr'>ἐπικράτειαν,</span> <span class='ocrx_word' id='word_1_326' title='bbox 3633 1935 3710 1999; x_wconf 88' lang='grc' dir='ltr'>ὡς</span> 
     </span>
    </p>
   </div>
   <div class='ocr_carea' id='block_1_51' title="bbox 2057 2029 2476 2087">
    <p class='ocr_par' dir='ltr' id='par_1_51' title="bbox 2057 2029 2476 2087">
     <span class='ocr_line' id='line_1_51' title="bbox 2057 2029 2476 2087; baseline 0 -1"><span class='ocrx_word' id='word_1_327' title='bbox 2057 2030 2221 2086; x_wconf 78' lang='grc' dir='ltr'>αὐτοῦ</span> <span class='ocrx_word' id='word_1_328' title='bbox 2250 2029 2451 2086; x_wconf 82' lang='grc' dir='ltr'>τέκνων</span> <span class='ocrx_word' id='word_1_329' title='bbox 2463 2073 2476 2087; x_wconf 94' lang='grc'><strong>.</strong></span> 
     </span>
    </p>
   </div>
   <div class='ocr_carea' id='block_1_52' title="bbox 2126 2218 3700 2296">
    <p class='ocr_par' dir='ltr' id='par_1_52' title="bbox 2126 2218 3700 2296">
     <span class='ocr_line' id='line_1_52' title="bbox 2126 2218 3700 2296; baseline -0.008 -9"><span class='ocrx_word' id='word_1_330' title='bbox 2126 2228 2319 2286; x_wconf 80' lang='grc' dir='ltr'>Ο’.Διὰ</span> <span class='ocrx_word' id='word_1_331' title='bbox 2333 2230 2440 2282; x_wconf 87' lang='grc' dir='ltr'>τῶν</span> <span class='ocrx_word' id='word_1_332' title='bbox 2465 2224 2721 2281; x_wconf 81' lang='grc' dir='ltr'>ἀπλανῶν</span> <span class='ocrx_word' id='word_1_333' title='bbox 2747 2223 2925 2280; x_wconf 87' lang='grc' dir='ltr'>τοίνυν</span> <span class='ocrx_word' id='word_1_334' title='bbox 2967 2223 3056 2278; x_wconf 85' lang='grc' dir='ltr'>καὶ</span> <span class='ocrx_word' id='word_1_335' title='bbox 3094 2219 3464 2295; x_wconf 83' lang='grc' dir='ltr'>πλανωμένων</span> <span class='ocrx_word' id='word_1_336' title='bbox 3495 2218 3700 2296; x_wconf 84' lang='grc' dir='ltr'>ἄστρων</span> 
     </span>
    </p>
   </div>
   <div class='ocr_carea' id='block_1_53' title="bbox 2054 2307 3701 2391">
    <p class='ocr_par' dir='ltr' id='par_1_53' title="bbox 2054 2307 3701 2391">
     <span class='ocr_line' id='line_1_53' title="bbox 2054 2307 3701 2391; baseline -0.005 -20"><span class='ocrx_word' id='word_1_337' title='bbox 2054 2317 2108 2371; x_wconf 75' lang='grc' dir='ltr'>αἱ</span> <span class='ocrx_word' id='word_1_338' title='bbox 2147 2315 2236 2372; x_wconf 82' lang='grc' dir='ltr'>ἐπὶ</span> <span class='ocrx_word' id='word_1_339' title='bbox 2267 2314 2472 2371; x_wconf 83' lang='grc' dir='ltr'>τούτων</span> <span class='ocrx_word' id='word_1_340' title='bbox 2498 2315 2720 2391; x_wconf 78' lang='grc' dir='ltr'>ἀόρατοι</span> <span class='ocrx_word' id='word_1_341' title='bbox 2767 2311 3022 2386; x_wconf 84' lang='grc' dir='ltr'>δυνάμεις</span> <span class='ocrx_word' id='word_1_342' title='bbox 3054 2311 3447 2387; x_wconf 85' lang='grc' dir='ltr'>έποχούμεναι,</span> <span class='ocrx_word' id='word_1_343' title='bbox 3477 2307 3701 2383; x_wconf 82' lang='grc' dir='ltr'>ταμίεύ-</span> 
     </span>
    </p>
   </div>
   <div class='ocr_carea' id='block_1_54' title="bbox 2053 2396 3703 2481">
    <p class='ocr_par' dir='ltr' id='par_1_54' title="bbox 2053 2396 3703 2481">
     <span class='ocr_line' id='line_1_54' title="bbox 2053 2396 3703 2481; baseline -0.005 -20"><span class='ocrx_word' id='word_1_344' title='bbox 2053 2427 2170 2461; x_wconf 89' lang='grc' dir='ltr'>ουσι</span> <span class='ocrx_word' id='word_1_345' title='bbox 2200 2406 2297 2469; x_wconf 76' lang='grc' dir='ltr'>τὰς</span> <span class='ocrx_word' id='word_1_346' title='bbox 2323 2404 2554 2481; x_wconf 82' lang='grc' dir='ltr'>γενέσεις</span> <span class='ocrx_word' id='word_1_347' title='bbox 2592 2403 2681 2458; x_wconf 81' lang='grc' dir='ltr'>καὶ</span> <span class='ocrx_word' id='word_1_348' title='bbox 2725 2405 3100 2478; x_wconf 80' lang='grc' dir='ltr'>προσκοποῦσι</span> <span class='ocrx_word' id='word_1_349' title='bbox 3131 2420 3144 2434; x_wconf 74' lang='grc' dir='ltr'><strong><em>ο</em></strong></span> <span class='ocrx_word' id='word_1_350' title='bbox 3175 2400 3240 2455; x_wconf 79' lang='grc' dir='ltr'>τὰ</span> <span class='ocrx_word' id='word_1_351' title='bbox 3271 2397 3329 2454; x_wconf 74' lang='grc' dir='ltr'>δὲ</span> <span class='ocrx_word' id='word_1_352' title='bbox 3372 2396 3540 2476; x_wconf 86' lang='grc' dir='ltr'>ἄστρα</span> <span class='ocrx_word' id='word_1_353' title='bbox 3569 2399 3703 2472; x_wconf 78' lang='grc'>(15),</span> 
     </span>
    </p>
   </div>
   <div class='ocr_carea' id='block_1_55' title="bbox 2051 2488 3699 2568">
    <p class='ocr_par' dir='ltr' id='par_1_55' title="bbox 2051 2488 3699 2568">
     <span class='ocr_line' id='line_1_55' title="bbox 2051 2488 3699 2568; baseline -0.005 -18"><span class='ocrx_word' id='word_1_354' title='bbox 2051 2496 2184 2550; x_wconf 84' lang='grc' dir='ltr'>αὐτά</span> <span class='ocrx_word' id='word_1_355' title='bbox 2219 2494 2312 2568; x_wconf 77' lang='grc' dir='ltr'>μὶν</span> <span class='ocrx_word' id='word_1_356' title='bbox 2347 2492 2500 2549; x_wconf 71' lang='grc' dir='ltr'>οὐδὲν</span> <span class='ocrx_word' id='word_1_357' title='bbox 2545 2491 2716 2563; x_wconf 74' lang='grc' dir='ltr'>ποιεῖ,</span> <span class='ocrx_word' id='word_1_358' title='bbox 2751 2489 2983 2547; x_wconf 85' lang='grc' dir='ltr'>δείκνυσι</span> <span class='ocrx_word' id='word_1_359' title='bbox 3033 2488 3090 2545; x_wconf 73' lang='grc' dir='ltr'>δὲ</span> <span class='ocrx_word' id='word_1_360' title='bbox 3129 2491 3229 2558; x_wconf 81' lang='grc' dir='ltr'>τήν</span> <span class='ocrx_word' id='word_1_361' title='bbox 3279 2489 3545 2564; x_wconf 78' lang='grc' dir='ltr'>ἐνέργειαν</span> <span class='ocrx_word' id='word_1_362' title='bbox 3593 2492 3699 2542; x_wconf 91' lang='grc' dir='ltr'>τῶν</span> 
     </span>
    </p>
   </div>
   <div class='ocr_carea' id='block_1_56' title="bbox 2049 2578 3700 2659">
    <p class='ocr_par' dir='ltr' id='par_1_56' title="bbox 2049 2578 3700 2659">
     <span class='ocr_line' id='line_1_56' title="bbox 2049 2578 3700 2659; baseline -0.005 -20"><span class='ocrx_word' id='word_1_363' title='bbox 2049 2583 2250 2659; x_wconf 84' lang='grc' dir='ltr'>κυρίων</span> <span class='ocrx_word' id='word_1_364' title='bbox 2297 2581 2600 2656; x_wconf 76' lang='grc' dir='ltr'>δυνάμεων,</span> <span class='ocrx_word' id='word_1_365' title='bbox 2647 2580 2827 2657; x_wconf 84' lang='grc' dir='ltr'>ὥσπερ</span> <span class='ocrx_word' id='word_1_366' title='bbox 2875 2579 2966 2636; x_wconf 85' lang='grc' dir='ltr'>καὶ</span> <span class='ocrx_word' id='word_1_367' title='bbox 2995 2582 3031 2650; x_wconf 79' lang='grc' dir='ltr'><strong>ἡ</strong></span> <span class='ocrx_word' id='word_1_368' title='bbox 3059 2583 3166 2635; x_wconf 92' lang='grc' dir='ltr'>τῶν</span> <span class='ocrx_word' id='word_1_369' title='bbox 3221 2578 3452 2654; x_wconf 84' lang='grc' dir='ltr'>ὀρνίθων</span> <span class='ocrx_word' id='word_1_370' title='bbox 3501 2584 3700 2648; x_wconf 83' lang='grc' dir='ltr'>πτῆσις</span> 
     </span>
    </p>
   </div>
   <div class='ocr_carea' id='block_1_57' title="bbox 2052 2671 2763 2746">
    <p class='ocr_par' dir='ltr' id='par_1_57' title="bbox 2052 2671 2763 2746">
     <span class='ocr_line' id='line_1_57' title="bbox 2052 2671 2763 2746; baseline 0 -19"><span class='ocrx_word' id='word_1_371' title='bbox 2052 2695 2118 2744; x_wconf 89' lang='grc' dir='ltr'>ση</span> <span class='ocrx_word' id='word_1_372' title='bbox 2129 2672 2306 2746; x_wconf 88' lang='grc' dir='ltr'>μάίνει</span> <span class='ocrx_word' id='word_1_373' title='bbox 2333 2694 2408 2744; x_wconf 84' lang='grc' dir='ltr'>τι,</span> <span class='ocrx_word' id='word_1_374' title='bbox 2443 2671 2573 2746; x_wconf 81' lang='grc' dir='ltr'>οὐχὶ</span> <span class='ocrx_word' id='word_1_375' title='bbox 2595 2675 2763 2727; x_wconf 89' lang='grc' dir='ltr'>ποιεῖ.</span> 
     </span>
    </p>
   </div>
   <div class='ocr_carea' id='block_1_58' title="bbox 2123 2771 3702 2846">
    <p class='ocr_par' dir='ltr' id='par_1_58' title="bbox 2123 2771 3702 2846">
     <span class='ocr_line' id='line_1_58' title="bbox 2123 2771 3702 2846; baseline -0.006 -9"><span class='ocrx_word' id='word_1_376' title='bbox 2123 2781 2247 2837; x_wconf 86' lang='grc' dir='ltr'>ΟΑ’.</span> <span class='ocrx_word' id='word_1_377' title='bbox 2279 2779 2359 2837; x_wconf 85' lang='grc' dir='ltr'>Τὰ</span> <span class='ocrx_word' id='word_1_378' title='bbox 2387 2776 2570 2834; x_wconf 87' lang='grc' dir='ltr'>τοίνυν</span> <span class='ocrx_word' id='word_1_379' title='bbox 2601 2774 2827 2832; x_wconf 85' lang='grc' dir='ltr'>δεκαδύο</span> <span class='ocrx_word' id='word_1_380' title='bbox 2863 2772 3051 2846; x_wconf 87' lang='grc' dir='ltr'>ζώδια,</span> <span class='ocrx_word' id='word_1_381' title='bbox 3085 2774 3174 2829; x_wconf 84' lang='grc' dir='ltr'>καὶ</span> <span class='ocrx_word' id='word_1_382' title='bbox 3224 2774 3274 2829; x_wconf 73' lang='grc' dir='ltr'>οἱ</span> <span class='ocrx_word' id='word_1_383' title='bbox 3302 2777 3470 2829; x_wconf 74' lang='grc' dir='ltr'>ταῦτα</span> <span class='ocrx_word' id='word_1_384' title='bbox 3514 2771 3702 2829; x_wconf 70' lang='grc' dir='ltr'>ἐπιόν-</span> 
     </span>
    </p>
   </div>
   <div class='ocr_carea' id='block_1_59' title="bbox 2049 2859 3706 2942">
    <p class='ocr_par' dir='ltr' id='par_1_59' title="bbox 2049 2859 3706 2942">
     <span class='ocr_line' id='line_1_59' title="bbox 2049 2859 3706 2942; baseline -0.005 -17"><span class='ocrx_word' id='word_1_385' title='bbox 2049 2891 2136 2934; x_wconf 88' lang='grc' dir='ltr'>τες</span> <span class='ocrx_word' id='word_1_386' title='bbox 2184 2869 2319 2924; x_wconf 77' lang='grc' dir='ltr'>έπτά</span> <span class='ocrx_word' id='word_1_387' title='bbox 2374 2869 2615 2942; x_wconf 80' lang='grc' dir='ltr'>ἀστέρες,</span> <span class='ocrx_word' id='word_1_388' title='bbox 2662 2866 2786 2922; x_wconf 73' lang='grc' dir='ltr'>τοτὲ</span> <span class='ocrx_word' id='word_1_389' title='bbox 2847 2866 2943 2940; x_wconf 76' lang='grc' dir='ltr'>μὲν</span> <span class='ocrx_word' id='word_1_390' title='bbox 3021 2861 3419 2932; x_wconf 77' lang='grc' dir='ltr'>συνοδεύοντες,</span> <span class='ocrx_word' id='word_1_391' title='bbox 3467 2863 3590 2918; x_wconf 75' lang='grc' dir='ltr'>τοτὲ</span> <span class='ocrx_word' id='word_1_392' title='bbox 3648 2859 3706 2917; x_wconf 78' lang='grc' dir='ltr'>δὲ</span> 
     </span>
    </p>
   </div>
   <div class='ocr_carea' id='block_1_60' title="bbox 2053 2949 3698 3030">
    <p class='ocr_par' dir='ltr' id='par_1_60' title="bbox 2053 2949 3698 3030">
     <span class='ocr_line' id='line_1_60' title="bbox 2053 2949 3698 3030; baseline -0.005 -16"><span class='ocrx_word' id='word_1_393' title='bbox 2053 2959 2460 3030; x_wconf 85' lang='grc' dir='ltr'>ὑπαπατῶντες,</span> <span class='ocrx_word' id='word_1_394' title='bbox 2491 2955 2880 3018; x_wconf 78' lang='grc' dir='ltr'>ἀνατέλλοντες</span> <span class='ocrx_word' id='word_1_395' title='bbox 2915 2955 3086 3024; x_wconf 75' lang='grc' dir='ltr'>οὗτοι,</span> <span class='ocrx_word' id='word_1_396' title='bbox 3116 2955 3253 3028; x_wconf 87' lang='grc' dir='ltr'>πρὸς</span> <span class='ocrx_word' id='word_1_397' title='bbox 3278 2957 3383 3007; x_wconf 91' lang='grc' dir='ltr'>τῶν</span> <span class='ocrx_word' id='word_1_398' title='bbox 3415 2949 3698 3024; x_wconf 79' lang='grc' dir='ltr'>δυνάμεων</span> 
     </span>
    </p>
   </div>
   <div class='ocr_carea' id='block_1_61' title="bbox 2048 3040 3702 3121">
    <p class='ocr_par' dir='ltr' id='par_1_61' title="bbox 2048 3040 3702 3121">
     <span class='ocr_line' id='line_1_61' title="bbox 2048 3040 3702 3121; baseline -0.005 -18"><span class='ocrx_word' id='word_1_399' title='bbox 2048 3047 2383 3121; x_wconf 80' lang='grc' dir='ltr'>κινούμενοι,</span> <span class='ocrx_word' id='word_1_400' title='bbox 2433 3045 2644 3116; x_wconf 89' lang='grc' dir='ltr'>κίνησιν</span> <span class='ocrx_word' id='word_1_401' title='bbox 2693 3049 2788 3115; x_wconf 75' lang='grc' dir='ltr'>τῆς</span> <span class='ocrx_word' id='word_1_402' title='bbox 2840 3043 3022 3106; x_wconf 82' lang='grc' dir='ltr'>οὐσίας</span> <span class='ocrx_word' id='word_1_403' title='bbox 3070 3040 3331 3114; x_wconf 81' lang='grc' dir='ltr'>δηλοῦσιν</span> <span class='ocrx_word' id='word_1_404' title='bbox 3378 3040 3453 3104; x_wconf 75' lang='grc' dir='ltr'>εἷς</span> <span class='ocrx_word' id='word_1_405' title='bbox 3492 3042 3702 3117; x_wconf 83' lang='grc' dir='ltr'>γένεσιν</span> 
     </span>
    </p>
   </div>
   <div class='ocr_carea' id='block_1_62' title="bbox 298 3129 1940 3211">
    <p class='ocr_par' dir='ltr' id='par_1_62' title="bbox 298 3132 1940 3208">
     <span class='ocr_line' id='line_1_62' title="bbox 298 3132 1940 3208; baseline 0.001 -16"><span class='ocrx_word' id='word_1_406' title='bbox 298 3137 525 3192; x_wconf 61' lang='lat' dir='ltr'>stantia</span> <span class='ocrx_word' id='word_1_407' title='bbox 583 3134 845 3189; x_wconf 85' lang='lat' dir='ltr'>indicant</span> <span class='ocrx_word' id='word_1_408' title='bbox 892 3136 959 3188; x_wconf 93' lang='lat' dir='ltr'>ut</span> <span class='ocrx_word' id='word_1_409' title='bbox 1014 3139 1364 3204; x_wconf 86' lang='lat' dir='ltr'>generentur</span> <span class='ocrx_word' id='word_1_410' title='bbox 1417 3132 1714 3203; x_wconf 87' lang='lat' dir='ltr'>animalia,</span> <span class='ocrx_word' id='word_1_411' title='bbox 1765 3139 1940 3208; x_wconf 86' lang='lat' dir='ltr'>atque</span> 
     </span>
    </p>
   </div>
   <div class='ocr_carea' id='block_1_63' title="bbox 2061 3129 3701 3211">
    <p class='ocr_par' dir='ltr' id='par_1_63' title="bbox 2061 3130 3701 3211">
     <span class='ocr_line' id='line_1_63' title="bbox 2061 3130 3701 3211; baseline -0.005 -17"><span class='ocrx_word' id='word_1_412' title='bbox 2061 3141 2158 3194; x_wconf 78' lang='grc' dir='ltr'>τῶν</span> <span class='ocrx_word' id='word_1_413' title='bbox 2192 3139 2368 3207; x_wconf 85' lang='grc' dir='ltr'>ζώων,</span> <span class='ocrx_word' id='word_1_414' title='bbox 2403 3135 2492 3194; x_wconf 66' lang='grc' dir='ltr'>καὶ</span> <span class='ocrx_word' id='word_1_415' title='bbox 2521 3137 2622 3205; x_wconf 81' lang='grc' dir='ltr'>τὴν</span> <span class='ocrx_word' id='word_1_416' title='bbox 2651 3139 2760 3191; x_wconf 88' lang='grc' dir='ltr'>τῶν</span> <span class='ocrx_word' id='word_1_417' title='bbox 2792 3132 3152 3211; x_wconf 84' lang='grc' dir='ltr'>περιστάσεων</span> <span class='ocrx_word' id='word_1_418' title='bbox 3174 3134 3408 3208; x_wconf 82' lang='grc' dir='ltr'>τροπήν.</span> <span class='ocrx_word' id='word_1_419' title='bbox 3441 3130 3701 3208; x_wconf 65' lang='grc' dir='ltr'>Διάφοροι</span> 
     </span>
    </p>
   </div>
   <div class='ocr_carea' id='block_1_64' title="bbox 299 3220 1936 3282">
    <p class='ocr_par' dir='ltr' id='par_1_64' title="bbox 299 3220 1936 3282">
     <span class='ocr_line' id='line_1_64' title="bbox 299 3220 1936 3282; baseline 0 -1"><span class='ocrx_word' id='word_1_420' title='bbox 299 3224 412 3281; x_wconf 91' lang='lat' dir='ltr'>sibi</span> <span class='ocrx_word' id='word_1_421' title='bbox 470 3222 894 3280; x_wconf 86' lang='lat' dir='ltr'>contrariorum</span> <span class='ocrx_word' id='word_1_422' title='bbox 973 3220 1436 3276; x_wconf 89' lang='lat' dir='ltr'>conversionem.</span> <span class='ocrx_word' id='word_1_423' title='bbox 1503 3221 1750 3280; x_wconf 72' lang='lat' dir='ltr'>Diversae</span> <span class='ocrx_word' id='word_1_424' title='bbox 1805 3240 1936 3282; x_wconf 86' lang='lat' dir='ltr'>vero</span> 
     </span>
    </p>
   </div>
   <div class='ocr_carea' id='block_1_65' title="bbox 296 3308 1941 3382">
    <p class='ocr_par' dir='ltr' id='par_1_65' title="bbox 296 3308 1941 3382">
     <span class='ocr_line' id='line_1_65' title="bbox 296 3308 1941 3382; baseline 0.001 -13"><span class='ocrx_word' id='word_1_425' title='bbox 296 3317 599 3369; x_wconf 87' lang='lat' dir='ltr'>suntcum</span> <span class='ocrx_word' id='word_1_426' title='bbox 649 3308 831 3366; x_wconf 64' lang='lat' dir='ltr'>stellas</span> <span class='ocrx_word' id='word_1_427' title='bbox 875 3313 1002 3364; x_wconf 89' lang='lat' dir='ltr'>tum</span> <span class='ocrx_word' id='word_1_428' title='bbox 1057 3313 1399 3380; x_wconf 88' lang='lat' dir='ltr'>potestates,</span> <span class='ocrx_word' id='word_1_429' title='bbox 1431 3310 1726 3382; x_wconf 72' lang='lat' dir='ltr'>beneﬁcae,</span> <span class='ocrx_word' id='word_1_430' title='bbox 1760 3313 1941 3370; x_wconf 88' lang='lat' dir='ltr'>male-</span> 
     </span>
    </p>
   </div>
   <div class='ocr_carea' id='block_1_66' title="bbox 298 3398 1941 3475">
    <p class='ocr_par' dir='ltr' id='par_1_66' title="bbox 298 3398 1941 3475">
     <span class='ocr_line' id='line_1_66' title="bbox 298 3398 1941 3475; baseline 0.002 -18"><span class='ocrx_word' id='word_1_431' title='bbox 298 3403 434 3472; x_wconf 77' lang='lat' dir='ltr'>ﬁcae,</span> <span class='ocrx_word' id='word_1_432' title='bbox 468 3402 702 3468; x_wconf 67' lang='lat' dir='ltr'>dextrae,</span> <span class='ocrx_word' id='word_1_433' title='bbox 737 3398 1028 3455; x_wconf 78' lang='lat' dir='ltr'>sinistrae:</span> <span class='ocrx_word' id='word_1_434' title='bbox 1063 3398 1157 3453; x_wconf 89' lang='lat' dir='ltr'>his</span> <span class='ocrx_word' id='word_1_435' title='bbox 1201 3414 1515 3455; x_wconf 88' lang='lat' dir='ltr'>commune</span> <span class='ocrx_word' id='word_1_436' title='bbox 1548 3403 1635 3456; x_wconf 90' lang='lat' dir='ltr'>est</span> <span class='ocrx_word' id='word_1_437' title='bbox 1661 3404 1941 3475; x_wconf 87' lang='lat' dir='ltr'>quodge-</span> 
     </span>
    </p>
   </div>
   <div class='ocr_carea' id='block_1_67' title="bbox 293 3487 1940 3564">
    <p class='ocr_par' dir='ltr' id='par_1_67' title="bbox 293 3487 1940 3564">
     <span class='ocr_line' id='line_1_67' title="bbox 293 3487 1940 3564; baseline 0.002 -18"><span class='ocrx_word' id='word_1_438' title='bbox 293 3491 506 3546; x_wconf 87' lang='lat' dir='ltr'>nitum.</span> <span class='ocrx_word' id='word_1_439' title='bbox 566 3494 783 3544; x_wconf 86' lang='lat' dir='ltr'>Harum</span> <span class='ocrx_word' id='word_1_440' title='bbox 843 3492 1040 3544; x_wconf 88' lang='lat' dir='ltr'>autem</span> <span class='ocrx_word' id='word_1_441' title='bbox 1073 3487 1377 3558; x_wconf 90' lang='lat' dir='ltr'>quodlibet</span> <span class='ocrx_word' id='word_1_442' title='bbox 1413 3490 1650 3561; x_wconf 88' lang='lat' dir='ltr'>proprio</span> <span class='ocrx_word' id='word_1_443' title='bbox 1680 3494 1940 3564; x_wconf 89' lang='lat' dir='ltr'>tempore</span> 
     </span>
    </p>
   </div>
   <div class='ocr_carea' id='block_1_68' title="bbox 294 3576 1938 3650">
    <p class='ocr_par' dir='ltr' id='par_1_68' title="bbox 294 3576 1938 3650">
     <span class='ocr_line' id='line_1_68' title="bbox 294 3576 1938 3650; baseline 0.002 -15"><span class='ocrx_word' id='word_1_444' title='bbox 294 3579 576 3647; x_wconf 88' lang='lat' dir='ltr'>nascitur,</span> <span class='ocrx_word' id='word_1_445' title='bbox 628 3577 728 3633; x_wconf 89' lang='lat' dir='ltr'>illo</span> <span class='ocrx_word' id='word_1_446' title='bbox 760 3578 861 3649; x_wconf 91' lang='lat' dir='ltr'>qui</span> <span class='ocrx_word' id='word_1_447' title='bbox 907 3576 1247 3636; x_wconf 90' lang='lat' dir='ltr'>dominatur</span> <span class='ocrx_word' id='word_1_448' title='bbox 1299 3593 1431 3649; x_wconf 71' lang='lat' dir='ltr'>quae</span> <span class='ocrx_word' id='word_1_449' title='bbox 1475 3579 1640 3650; x_wconf 87' lang='lat' dir='ltr'>juxta</span> <span class='ocrx_word' id='word_1_450' title='bbox 1671 3585 1938 3639; x_wconf 85' lang='lat' dir='ltr'>naturam</span> 
     </span>
    </p>
   </div>
   <div class='ocr_carea' id='block_1_69' title="bbox 294 3665 1939 3740">
    <p class='ocr_par' dir='ltr' id='par_1_69' title="bbox 294 3665 1939 3740">
     <span class='ocr_line' id='line_1_69' title="bbox 294 3665 1939 3740; baseline 0.002 -16"><span class='ocrx_word' id='word_1_451' title='bbox 294 3672 436 3724; x_wconf 91' lang='lat' dir='ltr'>sunt</span> <span class='ocrx_word' id='word_1_452' title='bbox 483 3667 841 3739; x_wconf 86' lang='lat' dir='ltr'>perﬁciente,</span> <span class='ocrx_word' id='word_1_453' title='bbox 871 3666 982 3723; x_wconf 90' lang='lat' dir='ltr'>hoc</span> <span class='ocrx_word' id='word_1_454' title='bbox 1033 3665 1274 3738; x_wconf 90' lang='lat' dir='ltr'>quidem</span> <span class='ocrx_word' id='word_1_455' title='bbox 1325 3667 1385 3721; x_wconf 91' lang='lat' dir='ltr'>in</span> <span class='ocrx_word' id='word_1_456' title='bbox 1439 3668 1746 3740; x_wconf 88' lang='lat' dir='ltr'>principio,</span> <span class='ocrx_word' id='word_1_457' title='bbox 1794 3671 1939 3728; x_wconf 91' lang='lat' dir='ltr'>illud</span> 
     </span>
    </p>
   </div>
   <div class='ocr_carea' id='block_1_70' title="bbox 294 3756 692 3820">
    <p class='ocr_par' dir='ltr' id='par_1_70' title="bbox 294 3756 692 3820">
     <span class='ocr_line' id='line_1_70' title="bbox 294 3756 692 3820; baseline 0 -6"><span class='ocrx_word' id='word_1_458' title='bbox 294 3773 431 3820; x_wconf 84' lang='lat' dir='ltr'>vero</span> <span class='ocrx_word' id='word_1_459' title='bbox 461 3757 520 3812; x_wconf 91' lang='lat' dir='ltr'>in</span> <span class='ocrx_word' id='word_1_460' title='bbox 553 3756 692 3814; x_wconf 88' lang='lat' dir='ltr'>ﬁne.</span> 
     </span>
    </p>
   </div>
   <div class='ocr_carea' id='block_1_71' title="bbox 371 3864 1942 3941">
    <p class='ocr_par' dir='ltr' id='par_1_71' title="bbox 371 3864 1942 3941">
     <span class='ocr_line' id='line_1_71' title="bbox 371 3864 1942 3941; baseline 0.003 -19"><span class='ocrx_word' id='word_1_461' title='bbox 371 3868 584 3923; x_wconf 85' lang='lat' dir='ltr'>LXXII.</span> <span class='ocrx_word' id='word_1_462' title='bbox 617 3865 704 3922; x_wconf 79' lang='lat' dir='ltr'>Ab</span> <span class='ocrx_word' id='word_1_463' title='bbox 736 3865 846 3920; x_wconf 89' lang='lat' dir='ltr'>hoc</span> <span class='ocrx_word' id='word_1_464' title='bbox 873 3868 1225 3938; x_wconf 84' lang='lat' dir='ltr'>potestatum</span> <span class='ocrx_word' id='word_1_465' title='bbox 1253 3864 1497 3921; x_wconf 89' lang='lat' dir='ltr'>dissidio</span> <span class='ocrx_word' id='word_1_466' title='bbox 1529 3881 1594 3922; x_wconf 91' lang='lat' dir='ltr'>ac</span> <span class='ocrx_word' id='word_1_467' title='bbox 1625 3884 1823 3941; x_wconf 85' lang='lat' dir='ltr'>pugna</span> <span class='ocrx_word' id='word_1_468' title='bbox 1841 3873 1942 3926; x_wconf 89' lang='lat' dir='ltr'>Do-</span> 
     </span>
    </p>
   </div>
   <div class='ocr_carea' id='block_1_72' title="bbox 277 3954 1942 4027">
    <p class='ocr_par' dir='ltr' id='par_1_72' title="bbox 277 3954 1942 4027">
     <span class='ocr_line' id='line_1_72' title="bbox 277 3954 1942 4027; baseline 0.002 -15"><span class='ocrx_word' id='word_1_469' title='bbox 277 3958 495 4012; x_wconf 85' lang='lat' dir='ltr'>minus</span> <span class='ocrx_word' id='word_1_470' title='bbox 527 3971 633 4011; x_wconf 91' lang='lat' dir='ltr'>nos</span> <span class='ocrx_word' id='word_1_471' title='bbox 663 3954 894 4025; x_wconf 90' lang='lat' dir='ltr'>liberat,</span> <span class='ocrx_word' id='word_1_472' title='bbox 915 3957 971 4009; x_wconf 91' lang='lat' dir='ltr'>et</span> <span class='ocrx_word' id='word_1_473' title='bbox 990 3971 1191 4027; x_wconf 90' lang='lat' dir='ltr'>pacem</span> <span class='ocrx_word' id='word_1_474' title='bbox 1225 3955 1444 4026; x_wconf 66' lang='lat' dir='ltr'>praebet</span> <span class='ocrx_word' id='word_1_475' title='bbox 1474 3955 1546 4010; x_wconf 90' lang='lat' dir='ltr'>ab</span> <span class='ocrx_word' id='word_1_476' title='bbox 1577 3955 1700 4013; x_wconf 82' lang='lat' dir='ltr'>acie</span> <span class='ocrx_word' id='word_1_477' title='bbox 1720 3957 1829 4014; x_wconf 88' lang='lat' dir='ltr'>hac</span> <span class='ocrx_word' id='word_1_478' title='bbox 1858 3960 1942 4016; x_wconf 92' lang='lat' dir='ltr'>in-</span> 
     </span>
    </p>
   </div>
   <div class='ocr_carea' id='block_1_73' title="bbox 295 4042 1939 4119">
    <p class='ocr_par' dir='ltr' id='par_1_73' title="bbox 295 4042 1939 4119">
     <span class='ocr_line' id='line_1_73' title="bbox 295 4042 1939 4119; baseline 0.003 -19"><span class='ocrx_word' id='word_1_479' title='bbox 295 4050 518 4102; x_wconf 84' lang='lat' dir='ltr'>structa</span> <span class='ocrx_word' id='word_1_480' title='bbox 551 4049 910 4116; x_wconf 89' lang='lat' dir='ltr'>potestatum</span> <span class='ocrx_word' id='word_1_481' title='bbox 953 4047 1010 4098; x_wconf 88' lang='lat' dir='ltr'>et</span> <span class='ocrx_word' id='word_1_482' title='bbox 1039 4042 1405 4116; x_wconf 86' lang='lat' dir='ltr'>angelorum,</span> <span class='ocrx_word' id='word_1_483' title='bbox 1465 4061 1580 4117; x_wconf 90' lang='lat' dir='ltr'>qua</span> <span class='ocrx_word' id='word_1_484' title='bbox 1610 4045 1670 4100; x_wconf 89' lang='lat' dir='ltr'>hi</span> <span class='ocrx_word' id='word_1_485' title='bbox 1700 4048 1939 4119; x_wconf 89' lang='lat' dir='ltr'>quidem</span> 
     </span>
    </p>
   </div>
   <div class='ocr_carea' id='block_1_74' title="bbox 294 4132 1941 4210">
    <p class='ocr_par' dir='ltr' id='par_1_74' title="bbox 294 4132 1941 4210">
     <span class='ocr_line' id='line_1_74' title="bbox 294 4132 1941 4210; baseline 0.001 -19"><span class='ocrx_word' id='word_1_486' title='bbox 294 4152 398 4207; x_wconf 92' lang='lat' dir='ltr'>pro</span> <span class='ocrx_word' id='word_1_487' title='bbox 430 4134 622 4204; x_wconf 90' lang='lat' dir='ltr'>nobis,</span> <span class='ocrx_word' id='word_1_488' title='bbox 654 4132 886 4190; x_wconf 89' lang='lat' dir='ltr'>illivero</span> <span class='ocrx_word' id='word_1_489' title='bbox 917 4137 1116 4188; x_wconf 88' lang='lat' dir='ltr'>contra</span> <span class='ocrx_word' id='word_1_490' title='bbox 1137 4149 1240 4188; x_wconf 91' lang='lat' dir='ltr'>nos</span> <span class='ocrx_word' id='word_1_491' title='bbox 1273 4132 1652 4203; x_wconf 89' lang='lat' dir='ltr'>collocantur,</span> <span class='ocrx_word' id='word_1_492' title='bbox 1687 4136 1941 4210; x_wconf 88' lang='lat' dir='ltr'>aliiqui-</span> 
     </span>
    </p>
   </div>
   <div class='ocr_carea' id='block_1_75' title="bbox 293 4221 1938 4294">
    <p class='ocr_par' dir='ltr' id='par_1_75' title="bbox 293 4221 1938 4294">
     <span class='ocr_line' id='line_1_75' title="bbox 293 4221 1938 4294; baseline 0.002 -14"><span class='ocrx_word' id='word_1_493' title='bbox 293 4224 425 4280; x_wconf 89' lang='lat' dir='ltr'>dem</span> <span class='ocrx_word' id='word_1_494' title='bbox 460 4223 746 4278; x_wconf 88' lang='lat' dir='ltr'>militibus</span> <span class='ocrx_word' id='word_1_495' title='bbox 778 4226 918 4278; x_wconf 91' lang='lat' dir='ltr'>sunt</span> <span class='ocrx_word' id='word_1_496' title='bbox 949 4221 1171 4278; x_wconf 91' lang='lat' dir='ltr'>similes</span> <span class='ocrx_word' id='word_1_497' title='bbox 1195 4223 1296 4294; x_wconf 91' lang='lat' dir='ltr'>qui</span> <span class='ocrx_word' id='word_1_498' title='bbox 1330 4221 1500 4279; x_wconf 91' lang='lat' dir='ltr'>nobis</span> <span class='ocrx_word' id='word_1_499' title='bbox 1532 4225 1746 4282; x_wconf 84' lang='lat' dir='ltr'>auxilio</span> <span class='ocrx_word' id='word_1_500' title='bbox 1779 4232 1938 4294; x_wconf 91' lang='lat' dir='ltr'>sunt,</span> 
     </span>
    </p>
   </div>
   <div class='ocr_carea' id='block_1_76' title="bbox 294 4309 1940 4382">
    <p class='ocr_par' dir='ltr' id='par_1_76' title="bbox 294 4309 1940 4382">
     <span class='ocr_line' id='line_1_76' title="bbox 294 4309 1940 4382; baseline 0.003 -14"><span class='ocrx_word' id='word_1_501' title='bbox 294 4317 360 4368; x_wconf 91' lang='lat' dir='ltr'>ut</span> <span class='ocrx_word' id='word_1_502' title='bbox 386 4315 488 4370; x_wconf 90' lang='lat' dir='ltr'>Dei</span> <span class='ocrx_word' id='word_1_503' title='bbox 521 4311 774 4368; x_wconf 82' lang='lat' dir='ltr'>ministri</span> <span class='ocrx_word' id='word_1_504' title='bbox 802 4329 817 4382; x_wconf 86' lang='lat'><strong>;</strong></span> <span class='ocrx_word' id='word_1_505' title='bbox 851 4309 1096 4367; x_wconf 89' lang='lat' dir='ltr'>aliivero</span> <span class='ocrx_word' id='word_1_506' title='bbox 1128 4310 1478 4368; x_wconf 89' lang='lat' dir='ltr'>latronibus.</span> <span class='ocrx_word' id='word_1_507' title='bbox 1513 4314 1616 4379; x_wconf 84' lang='lat' dir='ltr'>Qui</span> <span class='ocrx_word' id='word_1_508' title='bbox 1640 4314 1798 4372; x_wconf 92' lang='lat' dir='ltr'>enim</span> <span class='ocrx_word' id='word_1_509' title='bbox 1816 4333 1940 4373; x_wconf 89' lang='lat' dir='ltr'>ma-</span> 
     </span>
    </p>
   </div>
   <div class='ocr_carea' id='block_1_77' title="bbox 293 4400 1936 4475">
    <p class='ocr_par' dir='ltr' id='par_1_77' title="bbox 293 4400 1936 4475">
     <span class='ocr_line' id='line_1_77' title="bbox 293 4400 1936 4475; baseline 0.004 -18"><span class='ocrx_word' id='word_1_510' title='bbox 293 4400 386 4458; x_wconf 91' lang='lat' dir='ltr'>lus</span> <span class='ocrx_word' id='word_1_511' title='bbox 418 4406 524 4469; x_wconf 89' lang='lat' dir='ltr'>est,</span> <span class='ocrx_word' id='word_1_512' title='bbox 561 4418 675 4456; x_wconf 91' lang='lat' dir='ltr'>non</span> <span class='ocrx_word' id='word_1_513' title='bbox 709 4417 742 4456; x_wconf 92' lang='lat' dir='ltr'>a</span> <span class='ocrx_word' id='word_1_514' title='bbox 765 4415 897 4473; x_wconf 87' lang='lat' dir='ltr'>rege</span> <span class='ocrx_word' id='word_1_515' title='bbox 927 4401 1256 4456; x_wconf 89' lang='lat' dir='ltr'>succinctus</span> <span class='ocrx_word' id='word_1_516' title='bbox 1282 4401 1504 4474; x_wconf 86' lang='lat' dir='ltr'>accepit</span> <span class='ocrx_word' id='word_1_517' title='bbox 1525 4402 1810 4475; x_wconf 88' lang='lat' dir='ltr'>gladium,</span> <span class='ocrx_word' id='word_1_518' title='bbox 1835 4408 1936 4463; x_wconf 91' lang='lat' dir='ltr'>sed</span> 
     </span>
    </p>
   </div>
   <div class='ocr_carea' id='block_1_78' title="bbox 292 4489 1766 4565">
    <p class='ocr_par' dir='ltr' id='par_1_78' title="bbox 292 4489 1766 4565">
     <span class='ocr_line' id='line_1_78' title="bbox 292 4489 1766 4565; baseline 0.001 -17"><span class='ocrx_word' id='word_1_519' title='bbox 292 4490 404 4548; x_wconf 87' lang='lat' dir='ltr'>sibi</span> <span class='ocrx_word' id='word_1_520' title='bbox 438 4506 538 4562; x_wconf 89' lang='lat' dir='ltr'>per</span> <span class='ocrx_word' id='word_1_521' title='bbox 565 4489 894 4546; x_wconf 88' lang='lat' dir='ltr'>vecordiam</span> <span class='ocrx_word' id='word_1_522' title='bbox 927 4504 992 4545; x_wconf 91' lang='lat' dir='ltr'>ac</span> <span class='ocrx_word' id='word_1_523' title='bbox 1023 4489 1360 4561; x_wconf 87' lang='lat' dir='ltr'>superbiam</span> <span class='ocrx_word' id='word_1_524' title='bbox 1393 4491 1518 4563; x_wconf 89' lang='lat' dir='ltr'>ipse</span> <span class='ocrx_word' id='word_1_525' title='bbox 1548 4494 1766 4565; x_wconf 87' lang='lat' dir='ltr'>rapuit.</span> 
     </span>
    </p>
   </div>
   <div class='ocr_carea' id='block_1_79' title="bbox 367 4684 1937 4761">
    <p class='ocr_par' dir='ltr' id='par_1_79' title="bbox 367 4684 1937 4761">
     <span class='ocr_line' id='line_1_79' title="bbox 367 4684 1937 4761; baseline 0.003 -19"><span class='ocrx_word' id='word_1_526' title='bbox 367 4685 608 4742; x_wconf 85' lang='lat' dir='ltr'>LXXIII.</span> <span class='ocrx_word' id='word_1_527' title='bbox 635 4687 877 4757; x_wconf 91' lang='lat' dir='ltr'>Propter</span> <span class='ocrx_word' id='word_1_528' title='bbox 904 4685 1269 4742; x_wconf 88' lang='lat' dir='ltr'>adversarios</span> <span class='ocrx_word' id='word_1_529' title='bbox 1301 4684 1398 4742; x_wconf 90' lang='lat' dir='ltr'>alii</span> <span class='ocrx_word' id='word_1_530' title='bbox 1432 4703 1535 4758; x_wconf 93' lang='lat' dir='ltr'>per</span> <span class='ocrx_word' id='word_1_531' title='bbox 1571 4704 1784 4761; x_wconf 89' lang='lat' dir='ltr'>corpus</span> <span class='ocrx_word' id='word_1_532' title='bbox 1815 4707 1937 4746; x_wconf 86' lang='lat' dir='ltr'>res-</span> 
     </span>
    </p>
   </div>
   <div class='ocr_carea' id='block_1_80' title="bbox 291 4777 1935 4851">
    <p class='ocr_par' dir='ltr' id='par_1_80' title="bbox 291 4777 1935 4851">
     <span class='ocr_line' id='line_1_80' title="bbox 291 4777 1935 4851; baseline 0.001 -17"><span class='ocrx_word' id='word_1_533' title='bbox 291 4794 404 4851; x_wconf 90' lang='lat' dir='ltr'>que</span> <span class='ocrx_word' id='word_1_534' title='bbox 435 4781 708 4833; x_wconf 89' lang='lat' dir='ltr'>externas</span> <span class='ocrx_word' id='word_1_535' title='bbox 739 4777 999 4834; x_wconf 87' lang='lat' dir='ltr'>animam</span> <span class='ocrx_word' id='word_1_536' title='bbox 1030 4777 1314 4833; x_wconf 88' lang='lat' dir='ltr'>invadunt</span> <span class='ocrx_word' id='word_1_537' title='bbox 1361 4778 1738 4851; x_wconf 86' lang='lat' dir='ltr'>servitutique</span> <span class='ocrx_word' id='word_1_538' title='bbox 1771 4781 1935 4836; x_wconf 89' lang='lat' dir='ltr'>addi-</span> 
     </span>
    </p>
   </div>
   <div class='ocr_carea' id='block_1_81' title="bbox 289 4865 1936 4939">
    <p class='ocr_par' dir='ltr' id='par_1_81' title="bbox 289 4865 1936 4939">
     <span class='ocr_line' id='line_1_81' title="bbox 289 4865 1936 4939; baseline 0.002 -15"><span class='ocrx_word' id='word_1_539' title='bbox 289 4871 468 4924; x_wconf 89' lang='lat' dir='ltr'>cunt:</span> <span class='ocrx_word' id='word_1_540' title='bbox 502 4867 602 4939; x_wconf 89' lang='lat' dir='ltr'>qui</span> <span class='ocrx_word' id='word_1_541' title='bbox 634 4882 767 4923; x_wconf 91' lang='lat' dir='ltr'>vero</span> <span class='ocrx_word' id='word_1_542' title='bbox 787 4865 974 4922; x_wconf 83' lang='lat' dir='ltr'>dextri</span> <span class='ocrx_word' id='word_1_543' title='bbox 1005 4870 1164 4936; x_wconf 91' lang='lat' dir='ltr'>sunt,</span> <span class='ocrx_word' id='word_1_544' title='bbox 1193 4883 1309 4922; x_wconf 88' lang='lat' dir='ltr'>non</span> <span class='ocrx_word' id='word_1_545' title='bbox 1342 4868 1536 4924; x_wconf 90' lang='lat' dir='ltr'>idonei</span> <span class='ocrx_word' id='word_1_546' title='bbox 1563 4873 1706 4924; x_wconf 91' lang='lat' dir='ltr'>sunt</span> <span class='ocrx_word' id='word_1_547' title='bbox 1737 4875 1801 4926; x_wconf 92' lang='lat' dir='ltr'>ut</span> <span class='ocrx_word' id='word_1_548' title='bbox 1833 4887 1936 4927; x_wconf 89' lang='lat' dir='ltr'>no-</span> 
     </span>
    </p>
   </div>
   <div class='ocr_carea' id='block_1_82' title="bbox 284 4955 1935 5030">
    <p class='ocr_par' dir='ltr' id='par_1_82' title="bbox 284 4955 1935 5030">
     <span class='ocr_line' id='line_1_82' title="bbox 284 4955 1935 5030; baseline 0.001 -17"><span class='ocrx_word' id='word_1_549' title='bbox 284 4958 516 5015; x_wconf 86' lang='lat' dir='ltr'>biscum</span> <span class='ocrx_word' id='word_1_550' title='bbox 565 4957 806 5013; x_wconf 87' lang='lat' dir='ltr'>comites</span> <span class='ocrx_word' id='word_1_551' title='bbox 837 4955 1082 5012; x_wconf 86' lang='lat' dir='ltr'>salutem</span> <span class='ocrx_word' id='word_1_552' title='bbox 1130 4957 1428 5029; x_wconf 70' lang='lat' dir='ltr'>praebeant</span> <span class='ocrx_word' id='word_1_553' title='bbox 1478 4974 1699 5030; x_wconf 89' lang='lat' dir='ltr'>nosque</span> <span class='ocrx_word' id='word_1_554' title='bbox 1740 4963 1935 5015; x_wconf 89' lang='lat' dir='ltr'>custo-</span> 
     </span>
    </p>
   </div>
   <div class='ocr_carea' id='block_1_83' title="bbox 290 5045 1936 5117">
    <p class='ocr_par' dir='ltr' id='par_1_83' title="bbox 290 5045 1936 5117">
     <span class='ocr_line' id='line_1_83' title="bbox 290 5045 1936 5117; baseline 0.001 -14"><span class='ocrx_word' id='word_1_555' title='bbox 290 5048 474 5114; x_wconf 89' lang='lat' dir='ltr'>diant,</span> <span class='ocrx_word' id='word_1_556' title='bbox 510 5063 623 5102; x_wconf 89' lang='lat' dir='ltr'>non</span> <span class='ocrx_word' id='word_1_557' title='bbox 657 5046 813 5101; x_wconf 92' lang='lat' dir='ltr'>enim</span> <span class='ocrx_word' id='word_1_558' title='bbox 850 5045 1102 5117; x_wconf 81' lang='lat' dir='ltr'>perfecte</span> <span class='ocrx_word' id='word_1_559' title='bbox 1145 5046 1532 5117; x_wconf 89' lang='lat' dir='ltr'>prospiciunt,</span> <span class='ocrx_word' id='word_1_560' title='bbox 1564 5048 1716 5104; x_wconf 86' lang='lat' dir='ltr'>sicut</span> <span class='ocrx_word' id='word_1_561' title='bbox 1747 5049 1936 5105; x_wconf 90' lang='lat' dir='ltr'>bonus</span> 
     </span>
    </p>
   </div>
   <div class='ocr_carea' id='block_1_84' title="bbox 289 5134 1935 5209">
    <p class='ocr_par' dir='ltr' id='par_1_84' title="bbox 289 5134 1935 5209">
     <span class='ocr_line' id='line_1_84' title="bbox 289 5134 1935 5209; baseline 0 -15"><span class='ocrx_word' id='word_1_562' title='bbox 289 5140 496 5194; x_wconf 89' lang='lat' dir='ltr'>Pastor</span> <span class='ocrx_word' id='word_1_563' title='bbox 517 5157 530 5205; x_wconf 89' lang='lat'><strong>;</strong></span> <span class='ocrx_word' id='word_1_564' title='bbox 558 5136 660 5192; x_wconf 87' lang='lat' dir='ltr'>sed</span> <span class='ocrx_word' id='word_1_565' title='bbox 681 5134 1029 5191; x_wconf 79' lang='lat' dir='ltr'>mercenaria</span> <span class='ocrx_word' id='word_1_566' title='bbox 1052 5134 1262 5192; x_wconf 88' lang='lat' dir='ltr'>similis</span> <span class='ocrx_word' id='word_1_567' title='bbox 1283 5134 1553 5209; x_wconf 89' lang='lat' dir='ltr'>quisque,</span> <span class='ocrx_word' id='word_1_568' title='bbox 1571 5137 1671 5209; x_wconf 89' lang='lat' dir='ltr'>qui</span> <span class='ocrx_word' id='word_1_569' title='bbox 1692 5153 1826 5194; x_wconf 93' lang='lat' dir='ltr'>cum</span> <span class='ocrx_word' id='word_1_570' title='bbox 1849 5139 1935 5194; x_wconf 85' lang='lat' dir='ltr'>lu-</span> 
     </span>
    </p>
   </div>
   <div class='ocr_carea' id='block_1_85' title="bbox 393 5295 1157 5361">
    <p class='ocr_par' dir='ltr' id='par_1_85' title="bbox 393 5295 1157 5361">
     <span class='ocr_line' id='line_1_85' title="bbox 393 5295 1157 5361; baseline -0.001 -8"><span class='ocrx_word' id='word_1_571' title='bbox 393 5297 456 5361; x_wconf 60' lang='lat' dir='ltr'>»X‘</span> <span class='ocrx_word' id='word_1_572' title='bbox 485 5303 547 5353; x_wconf 93' lang='lat' dir='ltr'>P.</span> <span class='ocrx_word' id='word_1_573' title='bbox 577 5297 684 5351; x_wconf 84' lang='lat'>976</span> <span class='ocrx_word' id='word_1_574' title='bbox 714 5297 819 5352; x_wconf 90' lang='lat' dir='ltr'>ED.</span> <span class='ocrx_word' id='word_1_575' title='bbox 855 5295 1157 5353; x_wconf 81' lang='lat' dir='ltr'>POTTER.</span> 
     </span>
    </p>
   </div>
   <div class='ocr_carea' id='block_1_86' title="bbox 359 5452 1938 5540">
    <p class='ocr_par' dir='ltr' id='par_1_86' title="bbox 359 5452 1938 5540">
     <span class='ocr_line' id='line_1_86' title="bbox 359 5452 1938 5540; baseline 0.004 -34"><span class='ocrx_word' id='word_1_576' title='bbox 359 5453 472 5538; x_wconf 64' lang='lat' dir='ltr'>(l5)</span> <span class='ocrx_word' id='word_1_577' title='bbox 503 5453 833 5540; x_wconf 24' lang='lat' dir='ltr'>“ripaue</span> <span class='ocrx_word' id='word_1_578' title='bbox 880 5453 1334 5540; x_wconf 49' lang='lat' dir='ltr'>astris‘quogue</span> <span class='ocrx_word' id='word_1_579' title='bbox 1355 5527 1368 5540; x_wconf 26' lang='grc' dir='ltr'>ἱ</span> <span class='ocrx_word' id='word_1_580' title='bbox 1388 5452 1551 5540; x_wconf 70' lang='lat' dir='ltr'>Philo</span> <span class='ocrx_word' id='word_1_581' title='bbox 1601 5471 1734 5530; x_wconf 84' lang='lat' dir='ltr'>pag.</span> <span class='ocrx_word' id='word_1_582' title='bbox 1855 5456 1938 5540; x_wconf 59' lang='grc' dir='ltr'>οἷς</span> 
     </span>
    </p>
   </div>
   <div class='ocr_carea' id='block_1_87' title="bbox 285 5521 1932 5654">
    <p class='ocr_par' dir='ltr' id='par_1_87' title="bbox 285 5521 1932 5654">
     <span class='ocr_line' id='line_1_87' title="bbox 285 5521 1932 5654; baseline 0.005 -79"><span class='ocrx_word' id='word_1_583' title='bbox 285 5521 544 5654; x_wconf 60' lang='grc' dir='ltr'>ξυνάμεις</span> <span class='ocrx_word' id='word_1_584' title='bbox 583 5521 674 5594; x_wconf 63' lang='grc' dir='ltr'>μέν</span> <span class='ocrx_word' id='word_1_585' title='bbox 710 5521 904 5578; x_wconf 77' lang='grc' dir='ltr'>ἔδωκεν</span> <span class='ocrx_word' id='word_1_586' title='bbox 939 5525 966 5580; x_wconf 85' lang='grc' dir='ltr'>ὁ</span> <span class='ocrx_word' id='word_1_587' title='bbox 999 5521 1151 5593; x_wconf 75' lang='grc' dir='ltr'>Θεὸς,</span> <span class='ocrx_word' id='word_1_588' title='bbox 1186 5521 1253 5578; x_wconf 66' lang='grc' dir='ltr'>οὗ</span> <span class='ocrx_word' id='word_1_589' title='bbox 1301 5527 1407 5597; x_wconf 71' lang='grc' dir='ltr'>μὴν</span> <span class='ocrx_word' id='word_1_590' title='bbox 1458 5521 1829 5602; x_wconf 66' lang='grc' dir='ltr'>αὐτοκρατεῖς.</span> <span class='ocrx_word' id='word_1_591' title='bbox 1864 5533 1932 5585; x_wconf 86' lang='lat' dir='ltr'>H.</span> 
     </span>
     <span class='ocr_line' id='line_1_88' title="bbox 327 5609 575 5650; baseline -0.008 0"><span class='ocrx_word' id='word_1_592' title='bbox 327 5609 575 5650; x_wconf 74' lang='lat' dir='ltr'>YLBURG.</span> 
     </span>
    </p>
   </div>
   <div class='ocr_carea' id='block_1_88' title="bbox 2050 3220 3698 3301">
    <p class='ocr_par' dir='ltr' id='par_1_88' title="bbox 2050 3220 3698 3301">
     <span class='ocr_line' id='line_1_89' title="bbox 2050 3220 3698 3301; baseline -0.005 -19"><span class='ocrx_word' id='word_1_593' title='bbox 2050 3225 2096 3282; x_wconf 83' lang='grc' dir='ltr'>δ’</span> <span class='ocrx_word' id='word_1_594' title='bbox 2131 3226 2233 3282; x_wconf 81' lang='grc' dir='ltr'>εἰσὶ</span> <span class='ocrx_word' id='word_1_595' title='bbox 2273 3225 2364 3282; x_wconf 86' lang='grc' dir='ltr'>καὶ</span> <span class='ocrx_word' id='word_1_596' title='bbox 2413 3227 2464 3281; x_wconf 73' lang='grc' dir='ltr'>οἱ</span> <span class='ocrx_word' id='word_1_597' title='bbox 2513 3225 2730 3301; x_wconf 85' lang='grc' dir='ltr'>ἀστέρες</span> <span class='ocrx_word' id='word_1_598' title='bbox 2759 3223 2849 3279; x_wconf 85' lang='grc' dir='ltr'>καὶ</span> <span class='ocrx_word' id='word_1_599' title='bbox 2905 3225 2959 3279; x_wconf 78' lang='grc' dir='ltr'>αἱ</span> <span class='ocrx_word' id='word_1_600' title='bbox 3006 3221 3302 3296; x_wconf 86' lang='grc' dir='ltr'>δυνάμεις·</span> <span class='ocrx_word' id='word_1_601' title='bbox 3349 3220 3698 3296; x_wconf 80' lang='grc' dir='ltr'>ἀγαθοποιοῖ,</span> 
     </span>
    </p>
   </div>
   <div class='ocr_carea' id='block_1_89' title="bbox 2046 3309 3700 3389">
    <p class='ocr_par' dir='ltr' id='par_1_89' title="bbox 2046 3309 3700 3389">
     <span class='ocr_line' id='line_1_90' title="bbox 2046 3309 3700 3389; baseline -0.005 -18"><span class='ocrx_word' id='word_1_602' title='bbox 2046 3317 2358 3388; x_wconf 83' lang='grc' dir='ltr'>κακοποιοῖ,</span> <span class='ocrx_word' id='word_1_603' title='bbox 2387 3312 2579 3388; x_wconf 80' lang='grc' dir='ltr'>δεξιοὶ,</span> <span class='ocrx_word' id='word_1_604' title='bbox 2611 3313 2912 3389; x_wconf 86' lang='grc' dir='ltr'>ἀριστεροί·</span> <span class='ocrx_word' id='word_1_605' title='bbox 2939 3313 3010 3367; x_wconf 83' lang='grc' dir='ltr'>ὧν</span> <span class='ocrx_word' id='word_1_606' title='bbox 3046 3311 3224 3368; x_wconf 87' lang='grc' dir='ltr'>κοινὸν</span> <span class='ocrx_word' id='word_1_607' title='bbox 3256 3309 3319 3366; x_wconf 80' lang='grc' dir='ltr'>τὸ</span> <span class='ocrx_word' id='word_1_608' title='bbox 3347 3309 3666 3383; x_wconf 75' lang='grc' dir='ltr'>τικτόμενον</span> <span class='ocrx_word' id='word_1_609' title='bbox 3687 3326 3700 3340; x_wconf 89' lang='grc'><strong>·</strong></span> 
     </span>
    </p>
   </div>
   <div class='ocr_carea' id='block_1_90' title="bbox 2045 3395 3697 3478">
    <p class='ocr_par' dir='ltr' id='par_1_90' title="bbox 2045 3395 3697 3478">
     <span class='ocr_line' id='line_1_91' title="bbox 2045 3395 3697 3478; baseline -0.005 -18"><span class='ocrx_word' id='word_1_610' title='bbox 2045 3403 2269 3461; x_wconf 69' lang='grc' dir='ltr'>ἕκαστον</span> <span class='ocrx_word' id='word_1_611' title='bbox 2302 3407 2417 3477; x_wconf 88' lang='grc'>(16)</span> <span class='ocrx_word' id='word_1_612' title='bbox 2449 3401 2507 3458; x_wconf 77' lang='grc' dir='ltr'>δὲ</span> <span class='ocrx_word' id='word_1_613' title='bbox 2537 3402 2710 3458; x_wconf 81' lang='grc' dir='ltr'>αὐτῶν</span> <span class='ocrx_word' id='word_1_614' title='bbox 2740 3402 2941 3478; x_wconf 83' lang='grc' dir='ltr'>γίνεται</span> <span class='ocrx_word' id='word_1_615' title='bbox 2982 3402 3118 3457; x_wconf 88' lang='grc' dir='ltr'>κατά</span> <span class='ocrx_word' id='word_1_616' title='bbox 3156 3400 3343 3476; x_wconf 87' lang='grc' dir='ltr'>καιρὸν</span> <span class='ocrx_word' id='word_1_617' title='bbox 3389 3398 3482 3454; x_wconf 86' lang='grc' dir='ltr'>τὸν</span> <span class='ocrx_word' id='word_1_618' title='bbox 3533 3395 3697 3471; x_wconf 74' lang='grc' dir='ltr'>ἴδιον,</span> 
     </span>
    </p>
   </div>
   <div class='ocr_carea' id='block_1_91' title="bbox 2046 3487 3695 3566">
    <p class='ocr_par' dir='ltr' id='par_1_91' title="bbox 2046 3487 3695 3566">
     <span class='ocr_line' id='line_1_92' title="bbox 2046 3487 3695 3566; baseline -0.005 -17"><span class='ocrx_word' id='word_1_619' title='bbox 2046 3499 2143 3549; x_wconf 81' lang='grc' dir='ltr'>τοῦ</span> <span class='ocrx_word' id='word_1_620' title='bbox 2176 3492 2591 3555; x_wconf 86' lang='grc' dir='ltr'>δυναστεύοντος</span> <span class='ocrx_word' id='word_1_621' title='bbox 2622 3493 2689 3547; x_wconf 80' lang='grc' dir='ltr'>τὰ</span> <span class='ocrx_word' id='word_1_622' title='bbox 2715 3492 2851 3547; x_wconf 81' lang='grc' dir='ltr'>κατά</span> <span class='ocrx_word' id='word_1_623' title='bbox 2876 3491 3034 3566; x_wconf 77' lang='grc' dir='ltr'>φύσιν</span> <span class='ocrx_word' id='word_1_624' title='bbox 3064 3489 3480 3559; x_wconf 73' lang='grc' dir='ltr'>ἀποτελοῦν-τος,</span> <span class='ocrx_word' id='word_1_625' title='bbox 3501 3487 3566 3544; x_wconf 90' lang='grc' dir='ltr'>τὸ</span> <span class='ocrx_word' id='word_1_626' title='bbox 3601 3487 3695 3560; x_wconf 74' lang='grc' dir='ltr'>μὲν</span> 
     </span>
    </p>
   </div>
   <div class='ocr_carea' id='block_1_92' title="bbox 2050 3579 2806 3659">
    <p class='ocr_par' dir='ltr' id='par_1_92' title="bbox 2050 3579 2806 3659">
     <span class='ocr_line' id='line_1_93' title="bbox 2050 3579 2806 3659; baseline 0.004 -21"><span class='ocrx_word' id='word_1_627' title='bbox 2050 3584 2101 3638; x_wconf 70' lang='grc' dir='ltr'>ἐν</span> <span class='ocrx_word' id='word_1_628' title='bbox 2135 3583 2306 3659; x_wconf 78' lang='grc' dir='ltr'>ἀρχῇ,</span> <span class='ocrx_word' id='word_1_629' title='bbox 2339 3583 2401 3638; x_wconf 89' lang='grc' dir='ltr'>τὸ</span> <span class='ocrx_word' id='word_1_630' title='bbox 2433 3579 2491 3637; x_wconf 72' lang='grc' dir='ltr'>δὲ</span> <span class='ocrx_word' id='word_1_631' title='bbox 2523 3580 2609 3637; x_wconf 75' lang='grc' dir='ltr'>ἐπὶ</span> <span class='ocrx_word' id='word_1_632' title='bbox 2638 3579 2806 3641; x_wconf 86' lang='grc' dir='ltr'>τέλει.</span> 
     </span>
    </p>
   </div>
   <div class='ocr_carea' id='block_1_93' title="bbox 2121 3861 3698 3941">
    <p class='ocr_par' dir='ltr' id='par_1_93' title="bbox 2121 3861 3698 3941">
     <span class='ocr_line' id='line_1_94' title="bbox 2121 3861 3698 3941; baseline -0.003 -17"><span class='ocrx_word' id='word_1_633' title='bbox 2121 3870 2241 3926; x_wconf 86' lang='grc' dir='ltr'>ΟΒ’.</span> <span class='ocrx_word' id='word_1_634' title='bbox 2263 3869 2394 3926; x_wconf 82' lang='grc' dir='ltr'>Ἀπὸ</span> <span class='ocrx_word' id='word_1_635' title='bbox 2426 3867 2653 3939; x_wconf 87' lang='grc' dir='ltr'>’ταύτης</span> <span class='ocrx_word' id='word_1_636' title='bbox 2696 3873 2798 3938; x_wconf 83' lang='grc' dir='ltr'>τῆς</span> <span class='ocrx_word' id='word_1_637' title='bbox 2848 3867 3081 3931; x_wconf 83' lang='grc' dir='ltr'>στάσεως</span> <span class='ocrx_word' id='word_1_638' title='bbox 3132 3864 3223 3921; x_wconf 76' lang='grc' dir='ltr'>καί</span> <span class='ocrx_word' id='word_1_639' title='bbox 3255 3863 3442 3941; x_wconf 76' lang='grc' dir='ltr'>μάχης</span> <span class='ocrx_word' id='word_1_640' title='bbox 3466 3863 3572 3921; x_wconf 82' lang='grc' dir='ltr'>τῶν</span> <span class='ocrx_word' id='word_1_641' title='bbox 3606 3861 3698 3920; x_wconf 90' lang='grc' dir='ltr'>δυ-</span> 
     </span>
    </p>
   </div>
   <div class='ocr_carea' id='block_1_94' title="bbox 2048 3954 3698 4033">
    <p class='ocr_par' dir='ltr' id='par_1_94' title="bbox 2048 3954 3698 4033">
     <span class='ocr_line' id='line_1_95' title="bbox 2048 3954 3698 4033; baseline -0.004 -18"><span class='ocrx_word' id='word_1_642' title='bbox 2048 3959 2261 4033; x_wconf 75' lang='grc' dir='ltr'>νάμεων</span> <span class='ocrx_word' id='word_1_643' title='bbox 2309 3960 2336 4013; x_wconf 90' lang='grc' dir='ltr'>ὁ</span> <span class='ocrx_word' id='word_1_644' title='bbox 2387 3956 2582 4032; x_wconf 84' lang='grc' dir='ltr'>Κύριος</span> <span class='ocrx_word' id='word_1_645' title='bbox 2625 3959 2771 4030; x_wconf 77' lang='grc' dir='ltr'>ἡμᾶς</span> <span class='ocrx_word' id='word_1_646' title='bbox 2810 3955 3013 4033; x_wconf 81' lang='grc' dir='ltr'>ῥύεται,</span> <span class='ocrx_word' id='word_1_647' title='bbox 3052 3957 3137 4011; x_wconf 84' lang='grc' dir='ltr'>καὶ</span> <span class='ocrx_word' id='word_1_648' title='bbox 3187 3957 3419 4032; x_wconf 75' lang='grc' dir='ltr'>παρέχει</span> <span class='ocrx_word' id='word_1_649' title='bbox 3465 3957 3566 4026; x_wconf 75' lang='grc' dir='ltr'>τὴν</span> <span class='ocrx_word' id='word_1_650' title='bbox 3617 3954 3698 4010; x_wconf 83' lang='grc' dir='ltr'>εἰ-</span> 
     </span>
    </p>
   </div>
   <div class='ocr_carea' id='block_1_95' title="bbox 2051 4041 3696 4126">
    <p class='ocr_par' dir='ltr' id='par_1_95' title="bbox 2051 4041 3696 4126">
     <span class='ocr_line' id='line_1_96' title="bbox 2051 4041 3696 4126; baseline -0.004 -22"><span class='ocrx_word' id='word_1_651' title='bbox 2051 4051 2220 4126; x_wconf 79' lang='grc' dir='ltr'>ρήνην</span> <span class='ocrx_word' id='word_1_652' title='bbox 2277 4047 2382 4103; x_wconf 83' lang='grc' dir='ltr'>ἀπὸ</span> <span class='ocrx_word' id='word_1_653' title='bbox 2421 4053 2521 4117; x_wconf 87' lang='grc' dir='ltr'>τῆς</span> <span class='ocrx_word' id='word_1_654' title='bbox 2566 4051 2673 4102; x_wconf 89' lang='grc' dir='ltr'>τῶν</span> <span class='ocrx_word' id='word_1_655' title='bbox 2729 4043 3009 4120; x_wconf 87' lang='grc' dir='ltr'>δυνάμεων</span> <span class='ocrx_word' id='word_1_656' title='bbox 3058 4044 3147 4099; x_wconf 85' lang='grc' dir='ltr'>καὶ</span> <span class='ocrx_word' id='word_1_657' title='bbox 3175 4051 3276 4114; x_wconf 83' lang='grc' dir='ltr'>τῆς</span> <span class='ocrx_word' id='word_1_658' title='bbox 3307 4049 3417 4100; x_wconf 90' lang='grc' dir='ltr'>τῶν</span> <span class='ocrx_word' id='word_1_659' title='bbox 3447 4041 3696 4119; x_wconf 82' lang='grc' dir='ltr'>ἀγγέλων</span> 
     </span>
    </p>
   </div>
   <div class='ocr_carea' id='block_1_96' title="bbox 2047 4131 3694 4213">
    <p class='ocr_par' dir='ltr' id='par_1_96' title="bbox 2047 4131 3694 4213">
     <span class='ocr_line' id='line_1_97' title="bbox 2047 4131 3694 4213; baseline -0.004 -20"><span class='ocrx_word' id='word_1_660' title='bbox 2047 4136 2411 4213; x_wconf 79' lang='grc' dir='ltr'>παρατάξεως,</span> <span class='ocrx_word' id='word_1_661' title='bbox 2443 4137 2502 4205; x_wconf 78' lang='grc' dir='ltr'>ἣν</span> <span class='ocrx_word' id='word_1_662' title='bbox 2552 4136 2602 4190; x_wconf 78' lang='grc' dir='ltr'>οἱ</span> <span class='ocrx_word' id='word_1_663' title='bbox 2645 4137 2738 4208; x_wconf 75' lang='grc' dir='ltr'>μὲν</span> <span class='ocrx_word' id='word_1_664' title='bbox 2790 4135 2923 4210; x_wconf 73' lang='grc' dir='ltr'>ὑπὲρ</span> <span class='ocrx_word' id='word_1_665' title='bbox 2971 4137 3154 4206; x_wconf 82' lang='grc' dir='ltr'>ἡμῶν,</span> <span class='ocrx_word' id='word_1_666' title='bbox 3181 4135 3236 4189; x_wconf 77' lang='grc' dir='ltr'>οἱ</span> <span class='ocrx_word' id='word_1_667' title='bbox 3287 4131 3344 4189; x_wconf 75' lang='grc' dir='ltr'>δὲ</span> <span class='ocrx_word' id='word_1_668' title='bbox 3390 4135 3508 4189; x_wconf 86' lang='grc' dir='ltr'>καθ’</span> <span class='ocrx_word' id='word_1_669' title='bbox 3533 4136 3694 4207; x_wconf 80' lang='grc' dir='ltr'>ἡμῶν</span> 
     </span>
    </p>
   </div>
   <div class='ocr_carea' id='block_1_97' title="bbox 2048 4222 3700 4304">
    <p class='ocr_par' dir='ltr' id='par_1_97' title="bbox 2048 4222 3700 4304">
     <span class='ocr_line' id='line_1_98' title="bbox 2048 4222 3700 4304; baseline -0.004 -21"><span class='ocrx_word' id='word_1_670' title='bbox 2048 4229 2480 4304; x_wconf 75' lang='grc' dir='ltr'>παρατάσσονται</span> <span class='ocrx_word' id='word_1_671' title='bbox 2509 4245 2520 4256; x_wconf 89' lang='grc'><strong>·</strong></span> <span class='ocrx_word' id='word_1_672' title='bbox 2556 4226 2607 4280; x_wconf 76' lang='grc' dir='ltr'>οἱ</span> <span class='ocrx_word' id='word_1_673' title='bbox 2643 4225 2736 4298; x_wconf 77' lang='grc' dir='ltr'>μὲν</span> <span class='ocrx_word' id='word_1_674' title='bbox 2769 4225 2870 4300; x_wconf 71' lang='grc' dir='ltr'>γὰρ</span> <span class='ocrx_word' id='word_1_675' title='bbox 2902 4224 3256 4298; x_wconf 82' lang='grc' dir='ltr'>στρατιώταις</span> <span class='ocrx_word' id='word_1_676' title='bbox 3301 4222 3528 4291; x_wconf 85' lang='grc' dir='ltr'>ἐοίκασι,</span> <span class='ocrx_word' id='word_1_677' title='bbox 3561 4245 3700 4296; x_wconf 90' lang='grc' dir='ltr'>συμ-</span> 
     </span>
    </p>
   </div>
   <div class='ocr_carea' id='block_1_98' title="bbox 2052 4309 3701 4392">
    <p class='ocr_par' dir='ltr' id='par_1_98' title="bbox 2052 4309 3701 4392">
     <span class='ocr_line' id='line_1_99' title="bbox 2052 4309 3701 4392; baseline -0.003 -21"><span class='ocrx_word' id='word_1_678' title='bbox 2052 4321 2354 4392; x_wconf 76' lang='grc' dir='ltr'>μαχοῦντες</span> <span class='ocrx_word' id='word_1_679' title='bbox 2413 4317 2572 4388; x_wconf 82' lang='grc' dir='ltr'>ἡμῖν,</span> <span class='ocrx_word' id='word_1_680' title='bbox 2605 4314 2681 4377; x_wconf 86' lang='grc' dir='ltr'>ὡς</span> <span class='ocrx_word' id='word_1_681' title='bbox 2723 4311 2782 4368; x_wconf 77' lang='grc' dir='ltr'>ἄν</span> <span class='ocrx_word' id='word_1_682' title='bbox 2832 4313 3094 4389; x_wconf 83' lang='grc' dir='ltr'>ὑπηρέται</span> <span class='ocrx_word' id='word_1_683' title='bbox 3137 4317 3271 4368; x_wconf 84' lang='grc' dir='ltr'>Θεοῦ</span> <span class='ocrx_word' id='word_1_684' title='bbox 3303 4331 3316 4346; x_wconf 82' lang='grc'><strong><em>⁸</em></strong></span> <span class='ocrx_word' id='word_1_685' title='bbox 3360 4313 3411 4367; x_wconf 78' lang='grc' dir='ltr'>οἱ</span> <span class='ocrx_word' id='word_1_686' title='bbox 3461 4309 3540 4384; x_wconf 72' lang='grc' dir='ltr'>δὲ,</span> <span class='ocrx_word' id='word_1_687' title='bbox 3595 4309 3701 4386; x_wconf 77' lang='grc' dir='ltr'>λῃ-</span> 
     </span>
    </p>
   </div>
   <div class='ocr_carea' id='block_1_99' title="bbox 2053 4400 3694 4482">
    <p class='ocr_par' dir='ltr' id='par_1_99' title="bbox 2053 4400 3694 4482">
     <span class='ocr_line' id='line_1_100' title="bbox 2053 4400 3694 4482; baseline -0.003 -21"><span class='ocrx_word' id='word_1_688' title='bbox 2053 4412 2203 4469; x_wconf 80' lang='grc' dir='ltr'>σταῖς</span> <span class='ocrx_word' id='word_1_689' title='bbox 2238 4406 2306 4459; x_wconf 82' lang='grc' dir='ltr'>’ὁ</span> <span class='ocrx_word' id='word_1_690' title='bbox 2365 4405 2464 4482; x_wconf 66' lang='grc' dir='ltr'>γὰρ</span> <span class='ocrx_word' id='word_1_691' title='bbox 2519 4405 2760 4479; x_wconf 87' lang='grc' dir='ltr'>πονηρὸς</span> <span class='ocrx_word' id='word_1_692' title='bbox 2817 4401 2878 4456; x_wconf 84' lang='grc' dir='ltr'>οὐ</span> <span class='ocrx_word' id='word_1_693' title='bbox 2931 4403 3076 4475; x_wconf 84' lang='grc' dir='ltr'>παρά</span> <span class='ocrx_word' id='word_1_694' title='bbox 3138 4401 3404 4479; x_wconf 80' lang='grc' dir='ltr'>βασιλέως</span> <span class='ocrx_word' id='word_1_695' title='bbox 3456 4400 3694 4472; x_wconf 78' lang='grc' dir='ltr'>ἐζώσατο</span> 
     </span>
    </p>
   </div>
   <div class='ocr_carea' id='block_1_100' title="bbox 1962 4487 3692 4570">
    <p class='ocr_par' dir='ltr' id='par_1_100' title="bbox 1962 4487 3692 4570">
     <span class='ocr_line' id='line_1_101' title="bbox 1962 4487 3692 4570; baseline -0.003 -19"><span class='ocrx_word' id='word_1_696' title='bbox 1962 4499 2014 4562; x_wconf 86' lang='lat' dir='ltr'><strong>D</strong></span> <span class='ocrx_word' id='word_1_697' title='bbox 2045 4490 2228 4552; x_wconf 77' lang='grc' dir='ltr'>λαϐὼν</span> <span class='ocrx_word' id='word_1_698' title='bbox 2277 4496 2377 4564; x_wconf 81' lang='grc' dir='ltr'>τήν</span> <span class='ocrx_word' id='word_1_699' title='bbox 2426 4492 2723 4570; x_wconf 85' lang='grc' dir='ltr'>μάχαιραν,</span> <span class='ocrx_word' id='word_1_700' title='bbox 2767 4492 2940 4564; x_wconf 70' lang='grc' dir='ltr'>ἑαυτῷ</span> <span class='ocrx_word' id='word_1_701' title='bbox 2992 4487 3048 4546; x_wconf 74' lang='grc' dir='ltr'>δὲ</span> <span class='ocrx_word' id='word_1_702' title='bbox 3093 4490 3144 4562; x_wconf 76' lang='grc' dir='ltr'>ἐξ</span> <span class='ocrx_word' id='word_1_703' title='bbox 3194 4490 3446 4553; x_wconf 88' lang='grc' dir='ltr'>ἀπονοίας</span> <span class='ocrx_word' id='word_1_704' title='bbox 3517 4492 3692 4567; x_wconf 81' lang='grc' dir='ltr'>ἁρπά-</span> 
     </span>
    </p>
   </div>
   <div class='ocr_carea' id='block_1_101' title="bbox 2049 4605 2164 4647">
    <p class='ocr_par' dir='ltr' id='par_1_101' title="bbox 2049 4605 2164 4647">
     <span class='ocr_line' id='line_1_102' title="bbox 2049 4605 2164 4647; baseline 0.026 -9"><span class='ocrx_word' id='word_1_705' title='bbox 2049 4605 2164 4647; x_wconf 87' lang='grc' dir='ltr'>σας.</span> 
     </span>
    </p>
   </div>
   <div class='ocr_carea' id='block_1_102' title="bbox 2115 4683 3696 4762">
    <p class='ocr_par' dir='ltr' id='par_1_102' title="bbox 2115 4683 3696 4762">
     <span class='ocr_line' id='line_1_103' title="bbox 2115 4683 3696 4762; baseline -0.004 -13"><span class='ocrx_word' id='word_1_706' title='bbox 2115 4692 2233 4749; x_wconf 89' lang='grc' dir='ltr'>ΟΓ’.</span> <span class='ocrx_word' id='word_1_707' title='bbox 2267 4691 2366 4746; x_wconf 75' lang='grc' dir='ltr'>Διά</span> <span class='ocrx_word' id='word_1_708' title='bbox 2413 4687 2480 4758; x_wconf 77' lang='grc' dir='ltr'>δὴ</span> <span class='ocrx_word' id='word_1_709' title='bbox 2520 4687 2652 4751; x_wconf 82' lang='grc' dir='ltr'>τοὺς</span> <span class='ocrx_word' id='word_1_710' title='bbox 2700 4685 3105 4762; x_wconf 85' lang='grc' dir='ltr'>ἀντικειμένους</span> <span class='ocrx_word' id='word_1_711' title='bbox 3155 4687 3206 4741; x_wconf 75' lang='grc' dir='ltr'>οἱ</span> <span class='ocrx_word' id='word_1_712' title='bbox 3258 4683 3348 4742; x_wconf 83' lang='grc' dir='ltr'>διὰ</span> <span class='ocrx_word' id='word_1_713' title='bbox 3374 4691 3470 4742; x_wconf 83' lang='grc' dir='ltr'>τοῦ</span> <span class='ocrx_word' id='word_1_714' title='bbox 3503 4688 3696 4759; x_wconf 84' lang='grc' dir='ltr'>σώμα-</span> 
     </span>
    </p>
   </div>
   <div class='ocr_carea' id='block_1_103' title="bbox 2043 4771 3700 4854">
    <p class='ocr_par' dir='ltr' id='par_1_103' title="bbox 2043 4771 3700 4854">
     <span class='ocr_line' id='line_1_104' title="bbox 2043 4771 3700 4854; baseline -0.004 -17"><span class='ocrx_word' id='word_1_715' title='bbox 2043 4802 2138 4844; x_wconf 91' lang='grc' dir='ltr'>τος</span> <span class='ocrx_word' id='word_1_716' title='bbox 2169 4782 2255 4836; x_wconf 81' lang='grc' dir='ltr'>καὶ</span> <span class='ocrx_word' id='word_1_717' title='bbox 2289 4784 2396 4836; x_wconf 91' lang='grc' dir='ltr'>τῶν</span> <span class='ocrx_word' id='word_1_718' title='bbox 2431 4778 2582 4840; x_wconf 83' lang='grc' dir='ltr'>ἐκτὸς</span> <span class='ocrx_word' id='word_1_719' title='bbox 2626 4771 3003 4833; x_wconf 78' lang='grc' dir='ltr'>ἐπιϐατεύουσι</span> <span class='ocrx_word' id='word_1_720' title='bbox 3059 4783 3160 4846; x_wconf 82' lang='grc' dir='ltr'>τῆς</span> <span class='ocrx_word' id='word_1_721' title='bbox 3209 4779 3417 4854; x_wconf 78' lang='grc' dir='ltr'>ψυχῆς,</span> <span class='ocrx_word' id='word_1_722' title='bbox 3449 4776 3538 4832; x_wconf 85' lang='grc' dir='ltr'>καὶ</span> <span class='ocrx_word' id='word_1_723' title='bbox 3587 4776 3700 4831; x_wconf 82' lang='grc' dir='ltr'>ἐνε-</span> 
     </span>
    </p>
   </div>
   <div class='ocr_carea' id='block_1_104' title="bbox 2046 4863 3696 4946">
    <p class='ocr_par' dir='ltr' id='par_1_104' title="bbox 2046 4863 3696 4946">
     <span class='ocr_line' id='line_1_105' title="bbox 2046 4863 3696 4946; baseline -0.003 -21"><span class='ocrx_word' id='word_1_724' title='bbox 2046 4871 2348 4946; x_wconf 82' lang='grc' dir='ltr'>χυράζουσι</span> <span class='ocrx_word' id='word_1_725' title='bbox 2383 4868 2460 4932; x_wconf 83' lang='grc' dir='ltr'>εἰς</span> <span class='ocrx_word' id='word_1_726' title='bbox 2489 4865 2761 4924; x_wconf 86' lang='grc' dir='ltr'>δουλείαν.</span> <span class='ocrx_word' id='word_1_727' title='bbox 2795 4867 2864 4923; x_wconf 77' lang='grc' dir='ltr'>Οἱ</span> <span class='ocrx_word' id='word_1_728' title='bbox 2896 4864 2953 4922; x_wconf 74' lang='grc' dir='ltr'>δὲ</span> <span class='ocrx_word' id='word_1_729' title='bbox 2981 4863 3145 4939; x_wconf 79' lang='grc' dir='ltr'>δεξιοὶ</span> <span class='ocrx_word' id='word_1_730' title='bbox 3195 4865 3295 4922; x_wconf 82' lang='grc' dir='ltr'>οὐκ</span> <span class='ocrx_word' id='word_1_731' title='bbox 3341 4865 3471 4922; x_wconf 80' lang='grc' dir='ltr'>εἰσὶν</span> <span class='ocrx_word' id='word_1_732' title='bbox 3517 4867 3696 4922; x_wconf 76' lang='grc' dir='ltr'>ἱκανοὶ</span> 
     </span>
    </p>
   </div>
   <div class='ocr_carea' id='block_1_105' title="bbox 2045 4954 3695 5035">
    <p class='ocr_par' dir='ltr' id='par_1_105' title="bbox 2045 4954 3695 5035">
     <span class='ocr_line' id='line_1_106' title="bbox 2045 4954 3695 5035; baseline 0.005 -23"><span class='ocrx_word' id='word_1_733' title='bbox 2045 4959 2589 5035; x_wconf 79' lang='grc' dir='ltr'>παρακολουθοῦντες</span> <span class='ocrx_word' id='word_1_734' title='bbox 2659 4954 2846 5024; x_wconf 87' lang='grc' dir='ltr'>σώζειν</span> <span class='ocrx_word' id='word_1_735' title='bbox 2907 4955 2997 5010; x_wconf 81' lang='grc' dir='ltr'>καὶ</span> <span class='ocrx_word' id='word_1_736' title='bbox 3055 4954 3344 5033; x_wconf 76' lang='grc' dir='ltr'>φυλάσσειν</span> <span class='ocrx_word' id='word_1_737' title='bbox 3391 4958 3537 5028; x_wconf 78' lang='grc' dir='ltr'>ἡμᾶς</span> <span class='ocrx_word' id='word_1_738' title='bbox 3568 4973 3581 4986; x_wconf 89' lang='grc'><strong>⁹</strong></span> <span class='ocrx_word' id='word_1_739' title='bbox 3633 4956 3695 5010; x_wconf 70' lang='grc' dir='ltr'>οὗ</span> 
     </span>
    </p>
   </div>
   <div class='ocr_carea' id='block_1_106' title="bbox 2045 5043 3691 5124">
    <p class='ocr_par' dir='ltr' id='par_1_106' title="bbox 2045 5043 3691 5124">
     <span class='ocr_line' id='line_1_107' title="bbox 2045 5043 3691 5124; baseline -0.004 -21"><span class='ocrx_word' id='word_1_740' title='bbox 2045 5049 2148 5124; x_wconf 80' lang='grc' dir='ltr'>γάρ</span> <span class='ocrx_word' id='word_1_741' title='bbox 2204 5047 2304 5102; x_wconf 75' lang='grc' dir='ltr'>εἶσι</span> <span class='ocrx_word' id='word_1_742' title='bbox 2355 5045 2540 5103; x_wconf 83' lang='grc' dir='ltr'>τέλεον</span> <span class='ocrx_word' id='word_1_743' title='bbox 2591 5043 2976 5122; x_wconf 78' lang='grc' dir='ltr'>προνοητικοὶ,</span> <span class='ocrx_word' id='word_1_744' title='bbox 3010 5044 3190 5119; x_wconf 81' lang='grc' dir='ltr'>ὥσπερ</span> <span class='ocrx_word' id='word_1_745' title='bbox 3238 5045 3266 5098; x_wconf 86' lang='grc' dir='ltr'>ὁ</span> <span class='ocrx_word' id='word_1_746' title='bbox 3317 5046 3510 5120; x_wconf 79' lang='grc' dir='ltr'>ἀγαθὸς</span> <span class='ocrx_word' id='word_1_747' title='bbox 3563 5050 3691 5099; x_wconf 87' lang='grc' dir='ltr'>Ποι-</span> 
     </span>
    </p>
   </div>
   <div class='ocr_carea' id='block_1_107' title="bbox 2049 5130 3696 5212">
    <p class='ocr_par' dir='ltr' id='par_1_107' title="bbox 2049 5130 3696 5212">
     <span class='ocr_line' id='line_1_108' title="bbox 2049 5130 3696 5212; baseline -0.002 -21"><span class='ocrx_word' id='word_1_748' title='bbox 2049 5139 2156 5212; x_wconf 76' lang='grc' dir='ltr'>μήν</span> <span class='ocrx_word' id='word_1_749' title='bbox 2193 5157 2205 5170; x_wconf 87' lang='grc'><strong>·</strong></span> <span class='ocrx_word' id='word_1_750' title='bbox 2240 5135 2385 5193; x_wconf 84' lang='grc' dir='ltr'>ἀλλά</span> <span class='ocrx_word' id='word_1_751' title='bbox 2418 5139 2677 5210; x_wconf 85' lang='grc' dir='ltr'>μισθωτῷ</span> <span class='ocrx_word' id='word_1_752' title='bbox 2707 5131 3092 5208; x_wconf 79' lang='grc' dir='ltr'>παραπλήσιος</span> <span class='ocrx_word' id='word_1_753' title='bbox 3134 5130 3376 5204; x_wconf 72' lang='grc' dir='ltr'>ἕκαστος,</span> <span class='ocrx_word' id='word_1_754' title='bbox 3405 5135 3495 5189; x_wconf 86' lang='grc' dir='ltr'>τὸν</span> <span class='ocrx_word' id='word_1_755' title='bbox 3530 5133 3696 5190; x_wconf 88' lang='grc' dir='ltr'>λύκον</span> 
     </span>
    </p>
   </div>
   <div class='ocr_carea' id='block_1_108' title="bbox 2120 5449 3694 5529">
    <p class='ocr_par' dir='ltr' id='par_1_108' title="bbox 2120 5449 3694 5529">
     <span class='ocr_line' id='line_1_109' title="bbox 2120 5449 3694 5529; baseline -0.001 -19"><span class='ocrx_word' id='word_1_756' title='bbox 2120 5457 2230 5529; x_wconf 83' lang='grc'>(16)</span> <span class='ocrx_word' id='word_1_757' title='bbox 2259 5457 2538 5511; x_wconf 85' lang='grc' dir='ltr'>Ἓκαστον.</span> <span class='ocrx_word' id='word_1_758' title='bbox 2576 5453 2724 5510; x_wconf 86' lang='lat' dir='ltr'>Flor.</span> <span class='ocrx_word' id='word_1_759' title='bbox 2757 5449 3002 5521; x_wconf 75' lang='grc' dir='ltr'>ἑκάστου,</span> <span class='ocrx_word' id='word_1_760' title='bbox 3048 5453 3301 5526; x_wconf 83' lang='lat' dir='ltr'>genitivo</span> <span class='ocrx_word' id='word_1_761' title='bbox 3349 5470 3510 5510; x_wconf 91' lang='lat' dir='ltr'>casu.</span> <span class='ocrx_word' id='word_1_762' title='bbox 3560 5458 3694 5510; x_wconf 67' lang='lat' dir='ltr'>Syr.-</span> 
     </span>
    </p>
   </div>
   <div class='ocr_carea' id='block_1_109' title="bbox 2048 5543 2223 5584">
    <p class='ocr_par' dir='ltr' id='par_1_109' title="bbox 2048 5543 2223 5584">
     <span class='ocr_line' id='line_1_110' title="bbox 2048 5543 2223 5584; baseline 0.011 -2"><span class='ocrx_word' id='word_1_763' title='bbox 2048 5543 2223 5584; x_wconf 84' lang='lat' dir='ltr'>BURG.</span> 
     </span>
    </p>
   </div>
  </div>
