  <div class='ocr_page' id='page_1' title='image "/cluster/home/n/w/nwhite01/storage/ocr_20150623/9/mdp.39015008686282/354.png"; bbox 0 0 4078 6146; ppageno 0'>
   <div class='ocr_carea' id='block_1_1' title="bbox 476 271 584 329">
    <p class='ocr_par' dir='ltr' id='par_1_1' title="bbox 476 271 584 329">
     <span class='ocr_line' id='line_1_1' title="bbox 476 271 584 329; baseline -0.019 0"><span class='ocrx_word' id='word_1_1' title='bbox 476 271 584 329; x_wconf 83' lang='grc'>693</span> 
     </span>
    </p>
   </div>
   <div class='ocr_carea' id='block_1_2' title="bbox 1265 275 3096 344">
    <p class='ocr_par' dir='ltr' id='par_1_2' title="bbox 1265 275 3096 344">
     <span class='ocr_line' id='line_1_2' title="bbox 1265 275 3096 344; baseline 0.001 -14"><span class='ocrx_word' id='word_1_2' title='bbox 1265 275 1512 331; x_wconf 78' lang='grc' dir='ltr'>ΒΠΒῙΔ.</span> <span class='ocrx_word' id='word_1_3' title='bbox 1543 301 1615 317; x_wconf 89' lang='grc'><strong><em>-</em></strong></span> <span class='ocrx_word' id='word_1_4' title='bbox 1651 276 2033 332; x_wconf 78' lang='grc' dir='ltr'>ΕΧΟΒΒΡΤΔ</span> <span class='ocrx_word' id='word_1_5' title='bbox 2071 276 2174 331; x_wconf 78' lang='lat' dir='ltr'>EX</span> <span class='ocrx_word' id='word_1_6' title='bbox 2207 276 2534 333; x_wconf 82' lang='lat' dir='ltr'>SCRIPTIS</span> <span class='ocrx_word' id='word_1_7' title='bbox 2571 278 2900 344; x_wconf 80' lang='lat' dir='ltr'>TEODOTI,</span> <span class='ocrx_word' id='word_1_8' title='bbox 2941 279 3096 334; x_wconf 80' lang='lat' dir='ltr'>ETC.</span> 
     </span>
    </p>
   </div>
   <div class='ocr_carea' id='block_1_3' title="bbox 3787 280 3896 336">
    <p class='ocr_par' dir='ltr' id='par_1_3' title="bbox 3787 280 3896 336">
     <span class='ocr_line' id='line_1_3' title="bbox 3787 280 3896 336; baseline 0.009 -1"><span class='ocrx_word' id='word_1_9' title='bbox 3787 280 3896 336; x_wconf 78' lang='grc'>694</span> 
     </span>
    </p>
   </div>
   <div class='ocr_carea' id='block_1_4' title="bbox 479 393 2109 479">
    <p class='ocr_par' dir='ltr' id='par_1_4' title="bbox 479 393 2109 473">
     <span class='ocr_line' id='line_1_4' title="bbox 479 393 2109 473; baseline 0.001 -22"><span class='ocrx_word' id='word_1_10' title='bbox 479 397 675 473; x_wconf 81' lang='grc' dir='ltr'>ὁρῶντι</span> <span class='ocrx_word' id='word_1_11' title='bbox 732 393 1032 470; x_wconf 79' lang='grc' dir='ltr'>προσιόντα</span> <span class='ocrx_word' id='word_1_12' title='bbox 1088 395 1178 450; x_wconf 84' lang='grc' dir='ltr'>καὶ</span> <span class='ocrx_word' id='word_1_13' title='bbox 1245 394 1520 472; x_wconf 76' lang='grc' dir='ltr'>φεύγοντι,</span> <span class='ocrx_word' id='word_1_14' title='bbox 1577 396 1666 452; x_wconf 85' lang='grc' dir='ltr'>καὶ</span> <span class='ocrx_word' id='word_1_15' title='bbox 1734 396 1796 452; x_wconf 87' lang='grc' dir='ltr'>ού</span> <span class='ocrx_word' id='word_1_16' title='bbox 1859 397 2109 471; x_wconf 74' lang='grc' dir='ltr'>προθύμιι</span> 
     </span>
    </p>
   </div>
   <div class='ocr_carea' id='block_1_5' title="bbox 2230 393 3892 479">
    <p class='ocr_par' dir='ltr' id='par_1_5' title="bbox 2238 401 3892 479">
     <span class='ocr_line' id='line_1_5' title="bbox 2238 401 3892 479; baseline 0.003 -24"><span class='ocrx_word' id='word_1_17' title='bbox 2238 416 2374 471; x_wconf 84' lang='lat' dir='ltr'>pum</span> <span class='ocrx_word' id='word_1_18' title='bbox 2406 404 2716 458; x_wconf 80' lang='lat' dir='ltr'>venientem</span> <span class='ocrx_word' id='word_1_19' title='bbox 2746 401 2949 458; x_wconf 84' lang='lat' dir='ltr'>viderit</span> <span class='ocrx_word' id='word_1_20' title='bbox 2980 402 3288 474; x_wconf 82' lang='lat' dir='ltr'>(a),fugam</span> <span class='ocrx_word' id='word_1_21' title='bbox 3312 401 3510 469; x_wconf 86' lang='lat' dir='ltr'>init,et</span> <span class='ocrx_word' id='word_1_22' title='bbox 3531 419 3646 459; x_wconf 91' lang='lat' dir='ltr'>non</span> <span class='ocrx_word' id='word_1_23' title='bbox 3677 403 3892 479; x_wconf 88' lang='lat' dir='ltr'>illi,qui</span> 
     </span>
    </p>
   </div>
   <div class='ocr_carea' id='block_1_6' title="bbox 473 479 2127 561">
    <p class='ocr_par' dir='ltr' id='par_1_6' title="bbox 473 479 2127 561">
     <span class='ocr_line' id='line_1_6' title="bbox 473 479 2127 561; baseline 0.001 -21"><span class='ocrx_word' id='word_1_24' title='bbox 473 485 572 554; x_wconf 81' lang='grc' dir='ltr'>τὴν</span> <span class='ocrx_word' id='word_1_25' title='bbox 629 487 816 560; x_wconf 80' lang='grc' dir='ltr'>ψυχὴν</span> <span class='ocrx_word' id='word_1_26' title='bbox 881 483 1014 558; x_wconf 76' lang='grc' dir='ltr'>ὑπὲρ</span> <span class='ocrx_word' id='word_1_27' title='bbox 1070 488 1180 539; x_wconf 82' lang='grc' dir='ltr'>τῶν</span> <span class='ocrx_word' id='word_1_28' title='bbox 1231 481 1384 539; x_wconf 75' lang='grc' dir='ltr'>ἰδίων</span> <span class='ocrx_word' id='word_1_29' title='bbox 1436 479 1722 561; x_wconf 87' lang='grc' dir='ltr'>προϐάτων</span> <span class='ocrx_word' id='word_1_30' title='bbox 1804 483 2127 542; x_wconf 85' lang='grc' dir='ltr'>ἐπιδιδόναι.</span> 
     </span>
    </p>
   </div>
   <div class='ocr_carea' id='block_1_7' title="bbox 473 570 2127 652">
    <p class='ocr_par' dir='ltr' id='par_1_7' title="bbox 473 570 2127 652">
     <span class='ocr_line' id='line_1_7' title="bbox 473 570 2127 652; baseline -0.001 -23"><span class='ocrx_word' id='word_1_31' title='bbox 473 575 615 649; x_wconf 84' lang='grc' dir='ltr'>Πρὸς</span> <span class='ocrx_word' id='word_1_32' title='bbox 648 572 726 629; x_wconf 83' lang='grc' dir='ltr'>ἔτι</span> <span class='ocrx_word' id='word_1_33' title='bbox 761 575 869 646; x_wconf 84' lang='grc'>(17)</span> <span class='ocrx_word' id='word_1_34' title='bbox 919 570 976 627; x_wconf 64' lang='grc' dir='ltr'>δὲ</span> <span class='ocrx_word' id='word_1_35' title='bbox 1016 573 1108 627; x_wconf 82' lang='grc' dir='ltr'>καὶ</span> <span class='ocrx_word' id='word_1_36' title='bbox 1141 573 1169 628; x_wconf 91' lang='lat'>6</span> <span class='ocrx_word' id='word_1_37' title='bbox 1220 571 1526 650; x_wconf 81' lang='grc' dir='ltr'>ἄνθρωπος,</span> <span class='ocrx_word' id='word_1_38' title='bbox 1569 573 1702 652; x_wconf 70' lang='grc' dir='ltr'>ὑπὲρ</span> <span class='ocrx_word' id='word_1_39' title='bbox 1752 575 1812 629; x_wconf 80' lang='grc' dir='ltr'>οὗ</span> <span class='ocrx_word' id='word_1_40' title='bbox 1862 578 1896 644; x_wconf 77' lang='grc' dir='ltr'>ἡ</span> <span class='ocrx_word' id='word_1_41' title='bbox 1947 575 2127 651; x_wconf 83' lang='grc' dir='ltr'>μάχη,</span> 
     </span>
    </p>
   </div>
   <div class='ocr_carea' id='block_1_8' title="bbox 472 660 2124 741">
    <p class='ocr_par' dir='ltr' id='par_1_8' title="bbox 472 660 2124 741">
     <span class='ocr_line' id='line_1_8' title="bbox 472 660 2124 741; baseline 0.001 -23"><span class='ocrx_word' id='word_1_42' title='bbox 472 663 689 728; x_wconf 72' lang='grc' dir='ltr'>ἀσθενὲς</span> <span class='ocrx_word' id='word_1_43' title='bbox 722 663 780 718; x_wconf 81' lang='grc' dir='ltr'>ὅν</span> <span class='ocrx_word' id='word_1_44' title='bbox 819 666 982 732; x_wconf 81' lang='grc' dir='ltr'>ζῶον,</span> <span class='ocrx_word' id='word_1_45' title='bbox 1012 660 1330 741; x_wconf 79' lang='grc' dir='ltr'>εὖεπίφορόν</span> <span class='ocrx_word' id='word_1_46' title='bbox 1363 662 1470 719; x_wconf 82' lang='grc' dir='ltr'>ἐστι</span> <span class='ocrx_word' id='word_1_47' title='bbox 1509 664 1646 740; x_wconf 88' lang='grc' dir='ltr'>πρὸς</span> <span class='ocrx_word' id='word_1_48' title='bbox 1691 665 1754 718; x_wconf 86' lang='grc' dir='ltr'>τὸ</span> <span class='ocrx_word' id='word_1_49' title='bbox 1800 668 1987 740; x_wconf 81' lang='grc' dir='ltr'>’χεῖρον</span> <span class='ocrx_word' id='word_1_50' title='bbox 2037 665 2124 719; x_wconf 77' lang='grc' dir='ltr'>καὶ</span> 
     </span>
    </p>
   </div>
   <div class='ocr_carea' id='block_1_9' title="bbox 474 747 2128 826">
    <p class='ocr_par' dir='ltr' id='par_1_9' title="bbox 474 747 2128 826">
     <span class='ocr_line' id='line_1_9' title="bbox 474 747 2128 826; baseline -0.001 -17"><span class='ocrx_word' id='word_1_51' title='bbox 474 757 593 816; x_wconf 81' lang='grc' dir='ltr'>τοῖς</span> <span class='ocrx_word' id='word_1_52' title='bbox 649 755 871 826; x_wconf 74' lang='grc' dir='ltr'>μισοῦσι</span> <span class='ocrx_word' id='word_1_53' title='bbox 922 747 1462 826; x_wconf 76' lang='grc' dir='ltr'>συλλαμϐανόμενον·</span> <span class='ocrx_word' id='word_1_54' title='bbox 1515 752 1632 808; x_wconf 77' lang='grc' dir='ltr'>ὅθεν</span> <span class='ocrx_word' id='word_1_55' title='bbox 1680 753 1767 808; x_wconf 85' lang='grc' dir='ltr'>καὶ</span> <span class='ocrx_word' id='word_1_56' title='bbox 1830 752 2005 809; x_wconf 85' lang='grc' dir='ltr'>πλείω</span> <span class='ocrx_word' id='word_1_57' title='bbox 2062 753 2128 809; x_wconf 75' lang='grc' dir='ltr'>τά</span> 
     </span>
    </p>
   </div>
   <div class='ocr_carea' id='block_1_10' title="bbox 474 839 2122 916">
    <p class='ocr_par' dir='ltr' id='par_1_10' title="bbox 474 839 2122 916">
     <span class='ocr_line' id='line_1_10' title="bbox 474 839 2122 916; baseline 0 -20"><span class='ocrx_word' id='word_1_58' title='bbox 474 841 616 897; x_wconf 83' lang='grc' dir='ltr'>κακᾶ</span> <span class='ocrx_word' id='word_1_59' title='bbox 666 841 902 916; x_wconf 81' lang='grc' dir='ltr'>ὑπάρχει</span> <span class='ocrx_word' id='word_1_60' title='bbox 952 839 1116 912; x_wconf 81' lang='grc' dir='ltr'>αὐτῷ.</span> <span class='ocrx_word' id='word_1_61' title='bbox 1168 840 1265 894; x_wconf 82' lang='grc' dir='ltr'>Διὰ</span> <span class='ocrx_word' id='word_1_62' title='bbox 1317 845 1476 897; x_wconf 80' lang='grc' dir='ltr'>τοῦτο</span> <span class='ocrx_word' id='word_1_63' title='bbox 1525 843 1552 897; x_wconf 98' lang='lat'>6</span> <span class='ocrx_word' id='word_1_64' title='bbox 1598 841 1799 916; x_wconf 87' lang='grc' dir='ltr'>Κύριος</span> <span class='ocrx_word' id='word_1_65' title='bbox 1853 839 2122 910; x_wconf 84' lang='grc' dir='ltr'>κατῆλθεν</span> 
     </span>
    </p>
   </div>
   <div class='ocr_carea' id='block_1_11' title="bbox 480 929 2124 1008">
    <p class='ocr_par' dir='ltr' id='par_1_11' title="bbox 480 929 2124 1008">
     <span class='ocr_line' id='line_1_11' title="bbox 480 929 2124 1008; baseline -0.001 -21"><span class='ocrx_word' id='word_1_66' title='bbox 480 933 706 1008; x_wconf 76' lang='grc' dir='ltr'>εἱρήνην</span> <span class='ocrx_word' id='word_1_67' title='bbox 740 931 984 1002; x_wconf 82' lang='grc' dir='ltr'>ποιήσων</span> <span class='ocrx_word' id='word_1_68' title='bbox 1015 934 1131 991; x_wconf 89' lang='grc' dir='ltr'>τοῖς</span> <span class='ocrx_word' id='word_1_69' title='bbox 1161 930 1252 985; x_wconf 88' lang='grc' dir='ltr'>ἀπ’</span> <span class='ocrx_word' id='word_1_70' title='bbox 1278 929 1517 1006; x_wconf 82' lang='grc' dir='ltr'>οὐρανῶν</span> <span class='ocrx_word' id='word_1_71' title='bbox 1567 932 1700 1007; x_wconf 91' lang='grc'>(18),</span> <span class='ocrx_word' id='word_1_72' title='bbox 1749 931 1812 986; x_wconf 85' lang='grc' dir='ltr'>οὐ</span> <span class='ocrx_word' id='word_1_73' title='bbox 1854 935 1970 995; x_wconf 90' lang='grc' dir='ltr'>τοῖς</span> <span class='ocrx_word' id='word_1_74' title='bbox 2017 931 2124 986; x_wconf 87' lang='grc' dir='ltr'>ἀπὸ</span> 
     </span>
    </p>
   </div>
   <div class='ocr_carea' id='block_1_12' title="bbox 477 1016 2120 1097">
    <p class='ocr_par' dir='ltr' id='par_1_12' title="bbox 477 1016 2120 1097">
     <span class='ocr_line' id='line_1_12' title="bbox 477 1016 2120 1097; baseline 0.001 -22"><span class='ocrx_word' id='word_1_75' title='bbox 477 1027 603 1094; x_wconf 83' lang='grc' dir='ltr'>γῆς,</span> <span class='ocrx_word' id='word_1_76' title='bbox 637 1020 711 1082; x_wconf 88' lang='grc' dir='ltr'>ὥς</span> <span class='ocrx_word' id='word_1_77' title='bbox 760 1039 922 1096; x_wconf 77' lang='grc' dir='ltr'>φησιν</span> <span class='ocrx_word' id='word_1_78' title='bbox 972 1019 1000 1073; x_wconf 91' lang='grc' dir='ltr'>ὁ</span> <span class='ocrx_word' id='word_1_79' title='bbox 1035 1016 1390 1082; x_wconf 70' lang='grc' dir='ltr'>Ἀπόστολοςο</span> <span class='ocrx_word' id='word_1_80' title='bbox 1445 1019 1658 1096; x_wconf 70' lang='grc' dir='ltr'>Εἷρήρη</span> <span class='ocrx_word' id='word_1_81' title='bbox 1715 1019 1802 1076; x_wconf 84' lang='grc' dir='ltr'>ἐπὶ</span> <span class='ocrx_word' id='word_1_82' title='bbox 1850 1027 1949 1090; x_wconf 82' lang='grc' dir='ltr'>τῆς</span> <span class='ocrx_word' id='word_1_83' title='bbox 1998 1027 2120 1097; x_wconf 79' lang='grc' dir='ltr'>γῆς,</span> 
     </span>
    </p>
   </div>
   <div class='ocr_carea' id='block_1_13' title="bbox 477 1106 1109 1181">
    <p class='ocr_par' dir='ltr' id='par_1_13' title="bbox 477 1106 1109 1181">
     <span class='ocr_line' id='line_1_13' title="bbox 477 1106 1109 1181; baseline -0.005 -17"><span class='ocrx_word' id='word_1_84' title='bbox 477 1110 565 1164; x_wconf 81' lang='grc' dir='ltr'>καὶ</span> <span class='ocrx_word' id='word_1_85' title='bbox 597 1106 722 1178; x_wconf 83' lang='grc' dir='ltr'>δόξα</span> <span class='ocrx_word' id='word_1_86' title='bbox 751 1107 803 1164; x_wconf 78' lang='grc' dir='ltr'>ἐν</span> <span class='ocrx_word' id='word_1_87' title='bbox 839 1107 1109 1181; x_wconf 75' lang='grc' dir='ltr'>ὑψίστοις,</span> 
     </span>
    </p>
   </div>
   <div class='ocr_carea' id='block_1_14' title="bbox 547 1195 2120 1272">
    <p class='ocr_par' dir='ltr' id='par_1_14' title="bbox 547 1195 2120 1272">
     <span class='ocr_line' id='line_1_14' title="bbox 547 1195 2056 1252; baseline -0.001 0"><span class='ocrx_word' id='word_1_88' title='bbox 547 1199 640 1252; x_wconf 80' lang='grc' dir='ltr'>ΟΔ’</span> <span class='ocrx_word' id='word_1_89' title='bbox 714 1204 750 1251; x_wconf 85' lang='grc' dir='ltr'>Δ</span> <span class='ocrx_word' id='word_1_90' title='bbox 794 1195 805 1214; x_wconf 85' lang='grc'><em>’</em></span> <span class='ocrx_word' id='word_1_91' title='bbox 919 1200 946 1211; x_wconf 77' lang='grc'><em>”</em></span> <span class='ocrx_word' id='word_1_92' title='bbox 1089 1197 1161 1240; x_wconf 72' lang='grc' dir='ltr'>’έ</span> <span class='ocrx_word' id='word_1_93' title='bbox 1297 1216 1312 1226; x_wconf 73' lang='grc'><strong>’</strong></span> <span class='ocrx_word' id='word_1_94' title='bbox 1407 1195 1418 1216; x_wconf 90' lang='lat'><strong><em>&#39;</em></strong></span> <span class='ocrx_word' id='word_1_95' title='bbox 1581 1199 1596 1218; x_wconf 86' lang='grc'>’</span> <span class='ocrx_word' id='word_1_96' title='bbox 1684 1200 1698 1216; x_wconf 68' lang='grc'>⁸</span> <span class='ocrx_word' id='word_1_97' title='bbox 1851 1199 1864 1216; x_wconf 86' lang='lat'><strong>‘</strong></span> <span class='ocrx_word' id='word_1_98' title='bbox 2042 1197 2056 1214; x_wconf 81' lang='lat'><strong>‘</strong></span> 
     </span>
     <span class='ocr_line' id='line_1_15' title="bbox 592 1197 2120 1272; baseline -0.001 -20"><span class='ocrx_word' id='word_1_99' title='bbox 592 1231 598 1240; x_wconf 74' lang='grc' dir='ltr'>ι</span> <span class='ocrx_word' id='word_1_100' title='bbox 645 1241 657 1252; x_wconf 94' lang='grc'><em>.</em></span> <span class='ocrx_word' id='word_1_101' title='bbox 761 1215 810 1250; x_wconf 92' lang='grc' dir='ltr'>ια</span> <span class='ocrx_word' id='word_1_102' title='bbox 854 1216 1016 1250; x_wconf 90' lang='grc' dir='ltr'>τουτο</span> <span class='ocrx_word' id='word_1_103' title='bbox 1073 1206 1316 1251; x_wconf 54' lang='lat' dir='ltr'>aruum:</span> <span class='ocrx_word' id='word_1_104' title='bbox 1373 1197 1516 1269; x_wconf 77' lang='grc' dir='ltr'>ξενος</span> <span class='ocrx_word' id='word_1_105' title='bbox 1571 1219 1742 1272; x_wconf 87' lang='grc' dir='ltr'>αστηρ</span> <span class='ocrx_word' id='word_1_106' title='bbox 1776 1219 1865 1253; x_wconf 92' lang='grc' dir='ltr'>και</span> <span class='ocrx_word' id='word_1_107' title='bbox 1913 1219 2120 1270; x_wconf 85' lang='grc' dir='ltr'>καινος,</span> 
     </span>
    </p>
   </div>
   <div class='ocr_carea' id='block_1_15' title="bbox 470 1284 2120 1363">
    <p class='ocr_par' dir='ltr' id='par_1_15' title="bbox 470 1284 2120 1363">
     <span class='ocr_line' id='line_1_16' title="bbox 470 1284 2120 1363; baseline 0 -21"><span class='ocrx_word' id='word_1_108' title='bbox 470 1284 752 1342; x_wconf 77' lang='grc' dir='ltr'>καταλύων</span> <span class='ocrx_word' id='word_1_109' title='bbox 830 1286 930 1354; x_wconf 81' lang='grc' dir='ltr'>τήν</span> <span class='ocrx_word' id='word_1_110' title='bbox 1012 1285 1248 1342; x_wconf 79' lang='grc' dir='ltr'>παλαιὰν</span> <span class='ocrx_word' id='word_1_111' title='bbox 1324 1287 1670 1363; x_wconf 83' lang='grc' dir='ltr'>ἀστροθεσίαν</span> <span class='ocrx_word' id='word_1_112' title='bbox 1745 1290 1881 1362; x_wconf 83' lang='grc'>(19),</span> <span class='ocrx_word' id='word_1_113' title='bbox 1949 1291 2120 1360; x_wconf 81' lang='grc' dir='ltr'>καινῷ</span> 
     </span>
    </p>
   </div>
   <div class='ocr_carea' id='block_1_16' title="bbox 464 1374 2120 1454">
    <p class='ocr_par' dir='ltr' id='par_1_16' title="bbox 464 1374 2120 1454">
     <span class='ocr_line' id='line_1_17' title="bbox 464 1374 2120 1454; baseline 0 -24"><span class='ocrx_word' id='word_1_114' title='bbox 464 1375 624 1454; x_wconf 73' lang='grc' dir='ltr'>φωτὶ,</span> <span class='ocrx_word' id='word_1_115' title='bbox 681 1374 742 1430; x_wconf 85' lang='grc' dir='ltr'>ού</span> <span class='ocrx_word' id='word_1_116' title='bbox 802 1379 1057 1448; x_wconf 81' lang='grc' dir='ltr'>κοσμικῷ</span> <span class='ocrx_word' id='word_1_117' title='bbox 1107 1374 1484 1450; x_wconf 81' lang='grc' dir='ltr'>λαμπόμενος,</span> <span class='ocrx_word' id='word_1_118' title='bbox 1527 1377 1555 1431; x_wconf 91' lang='lat'>6</span> <span class='ocrx_word' id='word_1_119' title='bbox 1585 1376 1772 1440; x_wconf 74' lang='grc' dir='ltr'>καινάς</span> <span class='ocrx_word' id='word_1_120' title='bbox 1821 1374 1984 1438; x_wconf 82' lang='grc' dir='ltr'>ὁδοὺς</span> <span class='ocrx_word' id='word_1_121' title='bbox 2029 1376 2120 1430; x_wconf 84' lang='grc' dir='ltr'>καὶ</span> 
     </span>
    </p>
   </div>
   <div class='ocr_carea' id='block_1_17' title="bbox 465 1463 2116 1540">
    <p class='ocr_par' dir='ltr' id='par_1_17' title="bbox 465 1463 2116 1540">
     <span class='ocr_line' id='line_1_18' title="bbox 465 1463 2116 1540; baseline -0.001 -20"><span class='ocrx_word' id='word_1_122' title='bbox 465 1465 776 1540; x_wconf 79' lang='grc' dir='ltr'>σωτηρίους</span> <span class='ocrx_word' id='word_1_123' title='bbox 839 1463 1202 1539; x_wconf 84' lang='grc' dir='ltr'>τρεπόμενος·</span> <span class='ocrx_word' id='word_1_124' title='bbox 1276 1465 1438 1527; x_wconf 84' lang='grc' dir='ltr'>αὐτὸς</span> <span class='ocrx_word' id='word_1_125' title='bbox 1495 1466 1523 1519; x_wconf 88' lang='lat'>6</span> <span class='ocrx_word' id='word_1_126' title='bbox 1571 1464 1770 1540; x_wconf 82' lang='grc' dir='ltr'>Κύριος</span> <span class='ocrx_word' id='word_1_127' title='bbox 1817 1465 2116 1540; x_wconf 84' lang='grc' dir='ltr'>ἀνθρώπων</span> 
     </span>
    </p>
   </div>
   <div class='ocr_carea' id='block_1_18' title="bbox 466 1551 2116 1630">
    <p class='ocr_par' dir='ltr' id='par_1_18' title="bbox 466 1551 2116 1630">
     <span class='ocr_line' id='line_1_19' title="bbox 466 1551 2116 1630; baseline -0.001 -20"><span class='ocrx_word' id='word_1_128' title='bbox 466 1551 694 1629; x_wconf 78' lang='grc' dir='ltr'>ὁδηγὸς,</span> <span class='ocrx_word' id='word_1_129' title='bbox 729 1553 758 1608; x_wconf 90' lang='lat'>6</span> <span class='ocrx_word' id='word_1_130' title='bbox 789 1551 1063 1617; x_wconf 85' lang='grc' dir='ltr'>κατελθὼν</span> <span class='ocrx_word' id='word_1_131' title='bbox 1095 1551 1170 1615; x_wconf 81' lang='grc' dir='ltr'>εἰς</span> <span class='ocrx_word' id='word_1_132' title='bbox 1211 1556 1331 1630; x_wconf 80' lang='grc' dir='ltr'>γῆν,</span> <span class='ocrx_word' id='word_1_133' title='bbox 1376 1551 1471 1609; x_wconf 72' lang='grc' dir='ltr'>’ίνα</span> <span class='ocrx_word' id='word_1_134' title='bbox 1524 1556 1728 1629; x_wconf 82' lang='grc' dir='ltr'>μεταθῇ</span> <span class='ocrx_word' id='word_1_135' title='bbox 1757 1553 1884 1616; x_wconf 75' lang='grc' dir='ltr'>τοὺς</span> <span class='ocrx_word' id='word_1_136' title='bbox 1918 1553 1992 1616; x_wconf 84' lang='grc' dir='ltr'>εἷς</span> <span class='ocrx_word' id='word_1_137' title='bbox 2023 1554 2116 1608; x_wconf 88' lang='grc' dir='ltr'>τὸν</span> 
     </span>
    </p>
   </div>
   <div class='ocr_carea' id='block_1_19' title="bbox 467 1641 2119 1721">
    <p class='ocr_par' dir='ltr' id='par_1_19' title="bbox 467 1641 2119 1721">
     <span class='ocr_line' id='line_1_20' title="bbox 467 1641 2119 1721; baseline -0.001 -21"><span class='ocrx_word' id='word_1_138' title='bbox 467 1644 695 1718; x_wconf 78' lang='grc' dir='ltr'>Χριστὸν</span> <span class='ocrx_word' id='word_1_139' title='bbox 752 1642 1136 1705; x_wconf 80' lang='grc' dir='ltr'>πιστεύσαντας</span> <span class='ocrx_word' id='word_1_140' title='bbox 1191 1641 1299 1698; x_wconf 76' lang='grc' dir='ltr'>ἀπὺ</span> <span class='ocrx_word' id='word_1_141' title='bbox 1354 1649 1456 1714; x_wconf 85' lang='grc' dir='ltr'>τῆς</span> <span class='ocrx_word' id='word_1_142' title='bbox 1502 1643 1836 1721; x_wconf 76' lang='grc' dir='ltr'>εἱμαρμένης</span> <span class='ocrx_word' id='word_1_143' title='bbox 1893 1643 1968 1706; x_wconf 85' lang='grc' dir='ltr'>εἷς</span> <span class='ocrx_word' id='word_1_144' title='bbox 2018 1645 2119 1714; x_wconf 79' lang='grc' dir='ltr'>τήν</span> 
     </span>
    </p>
   </div>
   <div class='ocr_carea' id='block_1_20' title="bbox 471 1732 988 1808">
    <p class='ocr_par' dir='ltr' id='par_1_20' title="bbox 471 1732 988 1808">
     <span class='ocr_line' id='line_1_21' title="bbox 471 1732 988 1808; baseline 0 -18"><span class='ocrx_word' id='word_1_145' title='bbox 471 1732 677 1790; x_wconf 78' lang='grc' dir='ltr'>ἐκείνου</span> <span class='ocrx_word' id='word_1_146' title='bbox 705 1732 962 1808; x_wconf 88' lang='grc' dir='ltr'>πρόνοιαν</span> <span class='ocrx_word' id='word_1_147' title='bbox 975 1777 988 1790; x_wconf 95' lang='grc'><strong>.</strong></span> 
     </span>
    </p>
   </div>
   <div class='ocr_carea' id='block_1_21' title="bbox 546 1818 2114 1897">
    <p class='ocr_par' dir='ltr' id='par_1_21' title="bbox 546 1818 2114 1897">
     <span class='ocr_line' id='line_1_22' title="bbox 546 1818 2114 1897; baseline -0.004 -15"><span class='ocrx_word' id='word_1_148' title='bbox 546 1825 669 1882; x_wconf 82' lang='grc' dir='ltr'>ΟΕ’.</span> <span class='ocrx_word' id='word_1_149' title='bbox 697 1825 824 1880; x_wconf 76' lang='grc' dir='ltr'>’Ότι</span> <span class='ocrx_word' id='word_1_150' title='bbox 873 1821 930 1877; x_wconf 74' lang='grc' dir='ltr'>δὲ</span> <span class='ocrx_word' id='word_1_151' title='bbox 975 1819 1108 1892; x_wconf 85' lang='grc' dir='ltr'>ἐστι,</span> <span class='ocrx_word' id='word_1_152' title='bbox 1154 1822 1337 1896; x_wconf 81' lang='grc' dir='ltr'>φασὶν,</span> <span class='ocrx_word' id='word_1_153' title='bbox 1376 1821 1703 1897; x_wconf 71' lang='grc' dir='ltr'>εἱμαρμένη,</span> <span class='ocrx_word' id='word_1_154' title='bbox 1755 1826 1871 1884; x_wconf 89' lang='grc' dir='ltr'>τοῖς</span> <span class='ocrx_word' id='word_1_155' title='bbox 1921 1818 2114 1884; x_wconf 77' lang='grc' dir='ltr'>ἄλλοις</span> 
     </span>
    </p>
   </div>
   <div class='ocr_carea' id='block_1_22' title="bbox 467 1909 2110 1988">
    <p class='ocr_par' dir='ltr' id='par_1_22' title="bbox 467 1909 2110 1988">
     <span class='ocr_line' id='line_1_23' title="bbox 467 1909 2110 1988; baseline -0.001 -20"><span class='ocrx_word' id='word_1_156' title='bbox 467 1913 536 1968; x_wconf 82' lang='grc' dir='ltr'>τὰ</span> <span class='ocrx_word' id='word_1_157' title='bbox 590 1910 1000 1985; x_wconf 65' lang='grc' dir='ltr'>ἀποτελέσματα</span> <span class='ocrx_word' id='word_1_158' title='bbox 1074 1909 1459 1988; x_wconf 83' lang='grc' dir='ltr'>προλεγόμενα</span> <span class='ocrx_word' id='word_1_159' title='bbox 1528 1909 1815 1967; x_wconf 87' lang='grc' dir='ltr'>δείκνυσιν·</span> <span class='ocrx_word' id='word_1_160' title='bbox 1879 1912 2110 1987; x_wconf 76' lang='grc' dir='ltr'>ἐναργὴς</span> 
     </span>
    </p>
   </div>
   <div class='ocr_carea' id='block_1_23' title="bbox 467 1999 2112 2076">
    <p class='ocr_par' dir='ltr' id='par_1_23' title="bbox 467 1999 2112 2076">
     <span class='ocr_line' id='line_1_24' title="bbox 467 1999 2112 2076; baseline -0.001 -19"><span class='ocrx_word' id='word_1_161' title='bbox 467 1999 524 2057; x_wconf 79' lang='grc' dir='ltr'>δὲ</span> <span class='ocrx_word' id='word_1_162' title='bbox 553 1999 824 2072; x_wconf 78' lang='grc' dir='ltr'>ἀπόδειξις</span> <span class='ocrx_word' id='word_1_163' title='bbox 871 1999 961 2056; x_wconf 83' lang='grc' dir='ltr'>καὶ</span> <span class='ocrx_word' id='word_1_164' title='bbox 1009 2002 1044 2070; x_wconf 80' lang='grc' dir='ltr'><strong>ἡ</strong></span> <span class='ocrx_word' id='word_1_165' title='bbox 1094 2005 1201 2056; x_wconf 79' lang='grc' dir='ltr'>τῶν</span> <span class='ocrx_word' id='word_1_166' title='bbox 1253 2003 1590 2076; x_wconf 78' lang='grc' dir='ltr'>μαθημάτων</span> <span class='ocrx_word' id='word_1_167' title='bbox 1638 2001 1856 2075; x_wconf 77' lang='grc' dir='ltr'>Θεωρία.</span> <span class='ocrx_word' id='word_1_168' title='bbox 1908 2000 2112 2058; x_wconf 80' lang='grc' dir='ltr'>Αὐτίκα</span> 
     </span>
    </p>
   </div>
   <div class='ocr_carea' id='block_1_24' title="bbox 459 2087 2105 2166">
    <p class='ocr_par' dir='ltr' id='par_1_24' title="bbox 459 2087 2105 2166">
     <span class='ocr_line' id='line_1_25' title="bbox 459 2087 2105 2166; baseline -0.002 -20"><span class='ocrx_word' id='word_1_169' title='bbox 459 2091 512 2146; x_wconf 79' lang='grc' dir='ltr'>οἱ</span> <span class='ocrx_word' id='word_1_170' title='bbox 547 2089 714 2166; x_wconf 83' lang='grc' dir='ltr'>μάγοι</span> <span class='ocrx_word' id='word_1_171' title='bbox 773 2089 836 2145; x_wconf 84' lang='grc' dir='ltr'>ού</span> <span class='ocrx_word' id='word_1_172' title='bbox 897 2088 1062 2163; x_wconf 90' lang='grc' dir='ltr'>μόνον</span> <span class='ocrx_word' id='word_1_173' title='bbox 1122 2087 1262 2145; x_wconf 72' lang='grc' dir='ltr'>εἶδον</span> <span class='ocrx_word' id='word_1_174' title='bbox 1322 2092 1415 2146; x_wconf 88' lang='grc' dir='ltr'>τὸν</span> <span class='ocrx_word' id='word_1_175' title='bbox 1474 2089 1670 2166; x_wconf 86' lang='grc' dir='ltr'>ἀοτέρα</span> <span class='ocrx_word' id='word_1_176' title='bbox 1721 2094 1817 2145; x_wconf 78' lang='grc' dir='ltr'>τοῦ</span> <span class='ocrx_word' id='word_1_177' title='bbox 1877 2090 2105 2164; x_wconf 82' lang='grc' dir='ltr'>Κυρίου,</span> 
     </span>
    </p>
   </div>
   <div class='ocr_carea' id='block_1_25' title="bbox 455 2175 2104 2256">
    <p class='ocr_par' dir='ltr' id='par_1_25' title="bbox 455 2175 2104 2256">
     <span class='ocr_line' id='line_1_26' title="bbox 455 2175 2104 2256; baseline 0 -22"><span class='ocrx_word' id='word_1_178' title='bbox 455 2176 605 2236; x_wconf 81' lang='grc' dir='ltr'>ἀλλὰ</span> <span class='ocrx_word' id='word_1_179' title='bbox 631 2179 810 2234; x_wconf 84' lang='grc' dir='ltr'>καὶτὸ</span> <span class='ocrx_word' id='word_1_180' title='bbox 862 2175 1064 2248; x_wconf 70' lang='grc' dir='ltr'>ἀληθὲς</span> <span class='ocrx_word' id='word_1_181' title='bbox 1115 2175 1379 2254; x_wconf 80' lang='grc' dir='ltr'>ἔγνωσαν,</span> <span class='ocrx_word' id='word_1_182' title='bbox 1433 2179 1516 2234; x_wconf 81' lang='grc' dir='ltr'>ὅτι</span> <span class='ocrx_word' id='word_1_183' title='bbox 1573 2177 1826 2256; x_wconf 75' lang='grc' dir='ltr'>βασιλεὺς</span> <span class='ocrx_word' id='word_1_184' title='bbox 1882 2177 2104 2253; x_wconf 82' lang='grc' dir='ltr'>ἐτέχθη,</span> 
     </span>
    </p>
   </div>
   <div class='ocr_carea' id='block_1_26' title="bbox 452 2262 2106 2344">
    <p class='ocr_par' dir='ltr' id='par_1_26' title="bbox 452 2262 2106 2344">
     <span class='ocr_line' id='line_1_27' title="bbox 452 2262 2106 2344; baseline 0 -22"><span class='ocrx_word' id='word_1_185' title='bbox 452 2267 544 2323; x_wconf 79' lang='grc' dir='ltr'>καὶ</span> <span class='ocrx_word' id='word_1_186' title='bbox 590 2268 660 2322; x_wconf 84' lang='grc' dir='ltr'>ὧν</span> <span class='ocrx_word' id='word_1_187' title='bbox 698 2265 979 2344; x_wconf 78' lang='grc' dir='ltr'>βασιλεὺς,</span> <span class='ocrx_word' id='word_1_188' title='bbox 1029 2266 1113 2323; x_wconf 75' lang='grc' dir='ltr'>ὅτι</span> <span class='ocrx_word' id='word_1_189' title='bbox 1161 2262 1423 2324; x_wconf 82' lang='grc' dir='ltr'>θεοσεϐὦν</span> <span class='ocrx_word' id='word_1_190' title='bbox 1473 2270 1606 2341; x_wconf 81' lang='grc'>(20).</span> <span class='ocrx_word' id='word_1_191' title='bbox 1657 2269 1794 2326; x_wconf 85' lang='grc' dir='ltr'>Τότε</span> <span class='ocrx_word' id='word_1_192' title='bbox 1850 2265 2106 2324; x_wconf 89' lang='grc' dir='ltr'>Ἰουδαῖοι</span> 
     </span>
    </p>
   </div>
   <div class='ocr_carea' id='block_1_27' title="bbox 458 2352 2101 2432">
    <p class='ocr_par' dir='ltr' id='par_1_27' title="bbox 458 2352 2101 2432">
     <span class='ocr_line' id='line_1_28' title="bbox 458 2352 2101 2432; baseline -0.001 -20"><span class='ocrx_word' id='word_1_193' title='bbox 458 2357 616 2432; x_wconf 87' lang='grc' dir='ltr'>μόνοι</span> <span class='ocrx_word' id='word_1_194' title='bbox 668 2352 953 2427; x_wconf 86' lang='grc' dir='ltr'>διαϐόητοι</span> <span class='ocrx_word' id='word_1_195' title='bbox 1015 2358 1150 2426; x_wconf 77' lang='grc' dir='ltr'>ἦσαν</span> <span class='ocrx_word' id='word_1_196' title='bbox 1206 2356 1294 2413; x_wconf 88' lang='grc' dir='ltr'>ἐπὶ</span> <span class='ocrx_word' id='word_1_197' title='bbox 1333 2352 1627 2429; x_wconf 84' lang='grc' dir='ltr'>θεοσεϐείᾳ·</span> <span class='ocrx_word' id='word_1_198' title='bbox 1678 2355 1768 2413; x_wconf 78' lang='grc' dir='ltr'>διὰ</span> <span class='ocrx_word' id='word_1_199' title='bbox 1795 2361 1956 2413; x_wconf 80' lang='grc' dir='ltr'>τοῦτο</span> <span class='ocrx_word' id='word_1_200' title='bbox 1999 2357 2101 2432; x_wconf 76' lang='grc' dir='ltr'>γὰρ</span> 
     </span>
    </p>
   </div>
   <div class='ocr_carea' id='block_1_28' title="bbox 456 2442 2104 2522">
    <p class='ocr_par' dir='ltr' id='par_1_28' title="bbox 456 2442 2104 2522">
     <span class='ocr_line' id='line_1_29' title="bbox 456 2442 2104 2522; baseline -0.001 -20"><span class='ocrx_word' id='word_1_201' title='bbox 456 2446 546 2502; x_wconf 88' lang='grc' dir='ltr'>καὶ</span> <span class='ocrx_word' id='word_1_202' title='bbox 577 2448 605 2502; x_wconf 90' lang='lat'>6</span> <span class='ocrx_word' id='word_1_203' title='bbox 639 2448 836 2522; x_wconf 80' lang='grc' dir='ltr'>Σωτὴρ</span> <span class='ocrx_word' id='word_1_204' title='bbox 867 2447 1003 2522; x_wconf 84' lang='grc' dir='ltr'>πρὸς</span> <span class='ocrx_word' id='word_1_205' title='bbox 1045 2442 1314 2512; x_wconf 84' lang='grc' dir='ltr'>θεοσεϐεῖς</span> <span class='ocrx_word' id='word_1_206' title='bbox 1361 2447 1586 2516; x_wconf 87' lang='grc' dir='ltr'>κατιὼν,</span> <span class='ocrx_word' id='word_1_207' title='bbox 1631 2447 1715 2501; x_wconf 81' lang='grc' dir='ltr'>ἐπὶ</span> <span class='ocrx_word' id='word_1_208' title='bbox 1746 2447 1971 2510; x_wconf 77' lang='grc' dir='ltr'>τούτους</span> <span class='ocrx_word' id='word_1_209' title='bbox 2000 2444 2104 2516; x_wconf 83' lang='grc' dir='ltr'>ἦλ-</span> 
     </span>
    </p>
   </div>
   <div class='ocr_carea' id='block_1_29' title="bbox 454 2531 2107 2616">
    <p class='ocr_par' dir='ltr' id='par_1_29' title="bbox 454 2531 2107 2616">
     <span class='ocr_line' id='line_1_30' title="bbox 454 2531 2107 2616; baseline 0.001 -24"><span class='ocrx_word' id='word_1_210' title='bbox 454 2537 513 2592; x_wconf 86' lang='grc' dir='ltr'>θε</span> <span class='ocrx_word' id='word_1_211' title='bbox 543 2536 796 2612; x_wconf 81' lang='grc' dir='ltr'>πρώτους</span> <span class='ocrx_word' id='word_1_212' title='bbox 827 2536 953 2600; x_wconf 79' lang='grc' dir='ltr'>τοὺς</span> <span class='ocrx_word' id='word_1_213' title='bbox 1003 2537 1127 2593; x_wconf 79' lang='grc' dir='ltr'>τότε</span> <span class='ocrx_word' id='word_1_214' title='bbox 1175 2535 1263 2592; x_wconf 84' lang='grc' dir='ltr'>ἐπὶ</span> <span class='ocrx_word' id='word_1_215' title='bbox 1313 2531 1589 2608; x_wconf 80' lang='grc' dir='ltr'>θεοσεϐείᾳ</span> <span class='ocrx_word' id='word_1_216' title='bbox 1637 2533 1792 2608; x_wconf 74' lang='grc' dir='ltr'>δόξαν</span> <span class='ocrx_word' id='word_1_217' title='bbox 1839 2537 2107 2616; x_wconf 70' lang='grc' dir='ltr'>ἀποφερο-</span> 
     </span>
    </p>
   </div>
   <div class='ocr_carea' id='block_1_30' title="bbox 462 2626 679 2699">
    <p class='ocr_par' dir='ltr' id='par_1_30' title="bbox 462 2626 679 2699">
     <span class='ocr_line' id='line_1_31' title="bbox 462 2626 679 2699; baseline 0.014 -18"><span class='ocrx_word' id='word_1_218' title='bbox 462 2626 679 2699; x_wconf 74' lang='grc' dir='ltr'>μένους.</span> 
     </span>
    </p>
   </div>
   <div class='ocr_carea' id='block_1_31' title="bbox 535 2801 2106 2882">
    <p class='ocr_par' dir='ltr' id='par_1_31' title="bbox 535 2801 2106 2882">
     <span class='ocr_line' id='line_1_32' title="bbox 535 2801 2106 2882; baseline -0.002 -19"><span class='ocrx_word' id='word_1_219' title='bbox 535 2806 646 2874; x_wconf 87' lang='grc' dir='ltr'>Οζ’.</span> <span class='ocrx_word' id='word_1_220' title='bbox 693 2806 782 2869; x_wconf 84' lang='grc' dir='ltr'>Ὦς</span> <span class='ocrx_word' id='word_1_221' title='bbox 833 2801 923 2860; x_wconf 78' lang='grc' dir='ltr'>οὖν</span> <span class='ocrx_word' id='word_1_222' title='bbox 973 2806 1008 2874; x_wconf 82' lang='grc' dir='ltr'>ἡ</span> <span class='ocrx_word' id='word_1_223' title='bbox 1057 2803 1304 2882; x_wconf 84' lang='grc' dir='ltr'>γέννησις</span> <span class='ocrx_word' id='word_1_224' title='bbox 1372 2808 1468 2860; x_wconf 80' lang='grc' dir='ltr'>τοῦ</span> <span class='ocrx_word' id='word_1_225' title='bbox 1536 2811 1795 2877; x_wconf 82' lang='grc' dir='ltr'>Σωτῆρος</span> <span class='ocrx_word' id='word_1_226' title='bbox 1846 2805 2106 2880; x_wconf 84' lang='grc' dir='ltr'>γενέσεως</span> 
     </span>
    </p>
   </div>
   <div class='ocr_carea' id='block_1_32' title="bbox 465 2889 2109 2970">
    <p class='ocr_par' dir='ltr' id='par_1_32' title="bbox 465 2889 2109 2970">
     <span class='ocr_line' id='line_1_33' title="bbox 465 2889 2109 2970; baseline 0.001 -21"><span class='ocrx_word' id='word_1_227' title='bbox 465 2897 614 2969; x_wconf 76' lang='grc' dir='ltr'>ἡμᾶς</span> <span class='ocrx_word' id='word_1_228' title='bbox 643 2895 730 2950; x_wconf 86' lang='grc' dir='ltr'>καὶ</span> <span class='ocrx_word' id='word_1_229' title='bbox 771 2895 1111 2970; x_wconf 71' lang='grc' dir='ltr'>εἱμαρμένης</span> <span class='ocrx_word' id='word_1_230' title='bbox 1159 2889 1428 2968; x_wconf 79' lang='grc' dir='ltr'>ἐξέϐαλεν,</span> <span class='ocrx_word' id='word_1_231' title='bbox 1474 2892 1616 2950; x_wconf 71' lang='grc' dir='ltr'>οὕτω</span> <span class='ocrx_word' id='word_1_232' title='bbox 1662 2895 1752 2950; x_wconf 84' lang='grc' dir='ltr'>καὶ</span> <span class='ocrx_word' id='word_1_233' title='bbox 1798 2895 1858 2950; x_wconf 88' lang='grc' dir='ltr'>τὸ</span> <span class='ocrx_word' id='word_1_234' title='bbox 1909 2890 2109 2950; x_wconf 86' lang='grc' dir='ltr'>ϐάπτι-</span> 
     </span>
    </p>
   </div>
   <div class='ocr_carea' id='block_1_33' title="bbox 464 2982 2110 3058">
    <p class='ocr_par' dir='ltr' id='par_1_33' title="bbox 464 2982 2110 3058">
     <span class='ocr_line' id='line_1_34' title="bbox 464 2982 2110 3058; baseline 0 -19"><span class='ocrx_word' id='word_1_235' title='bbox 464 3005 575 3058; x_wconf 83' lang='grc' dir='ltr'>σμα</span> <span class='ocrx_word' id='word_1_236' title='bbox 622 2983 784 3040; x_wconf 78' lang='grc' dir='ltr'>αὐτοῦ</span> <span class='ocrx_word' id='word_1_237' title='bbox 831 2984 1002 3058; x_wconf 87' lang='grc' dir='ltr'>πυρὸς</span> <span class='ocrx_word' id='word_1_238' title='bbox 1051 2985 1200 3057; x_wconf 77' lang='grc' dir='ltr'>ἡμᾶς</span> <span class='ocrx_word' id='word_1_239' title='bbox 1233 2982 1488 3056; x_wconf 80' lang='grc' dir='ltr'>ἐξείλετο,</span> <span class='ocrx_word' id='word_1_240' title='bbox 1537 2983 1626 3039; x_wconf 81' lang='grc' dir='ltr'>καὶ</span> <span class='ocrx_word' id='word_1_241' title='bbox 1657 2985 1720 3039; x_wconf 86' lang='grc' dir='ltr'>τὸ</span> <span class='ocrx_word' id='word_1_242' title='bbox 1777 2985 1946 3049; x_wconf 86' lang='grc' dir='ltr'>πάθος</span> <span class='ocrx_word' id='word_1_243' title='bbox 2001 2984 2110 3040; x_wconf 86' lang='grc' dir='ltr'>πά-</span> 
     </span>
    </p>
   </div>
   <div class='ocr_carea' id='block_1_34' title="bbox 464 3071 2108 3151">
    <p class='ocr_par' dir='ltr' id='par_1_34' title="bbox 464 3071 2108 3151">
     <span class='ocr_line' id='line_1_35' title="bbox 464 3071 2108 3151; baseline -0.001 -22"><span class='ocrx_word' id='word_1_244' title='bbox 464 3075 613 3143; x_wconf 88' lang='grc' dir='ltr'>θους,</span> <span class='ocrx_word' id='word_1_245' title='bbox 648 3071 741 3127; x_wconf 70' lang='grc' dir='ltr'>’ίνα</span> <span class='ocrx_word' id='word_1_246' title='bbox 787 3072 926 3128; x_wconf 82' lang='grc' dir='ltr'>κατὰ</span> <span class='ocrx_word' id='word_1_247' title='bbox 972 3073 1146 3128; x_wconf 84' lang='grc' dir='ltr'>πάντα</span> <span class='ocrx_word' id='word_1_248' title='bbox 1191 3071 1654 3146; x_wconf 78' lang='grc' dir='ltr'>άκολουθήσωμεν</span> <span class='ocrx_word' id='word_1_249' title='bbox 1704 3072 1869 3145; x_wconf 83' lang='grc' dir='ltr'>αὐτῷ.</span> <span class='ocrx_word' id='word_1_250' title='bbox 1922 3075 1972 3132; x_wconf 74' lang='grc' dir='ltr'>Ὀ</span> <span class='ocrx_word' id='word_1_251' title='bbox 2007 3075 2108 3151; x_wconf 77' lang='grc' dir='ltr'>γὰρ</span> 
     </span>
    </p>
   </div>
   <div class='ocr_carea' id='block_1_35' title="bbox 460 3146 2182 3238">
    <p class='ocr_par' dir='ltr' id='par_1_35' title="bbox 460 3146 2182 3238">
     <span class='ocr_line' id='line_1_36' title="bbox 460 3146 2182 3238; baseline -0.003 -20"><span class='ocrx_word' id='word_1_252' title='bbox 460 3163 536 3225; x_wconf 80' lang='grc' dir='ltr'>εἷς</span> <span class='ocrx_word' id='word_1_253' title='bbox 594 3163 721 3218; x_wconf 85' lang='grc' dir='ltr'>Θεὸν</span> <span class='ocrx_word' id='word_1_254' title='bbox 779 3163 1090 3237; x_wconf 73' lang='grc' dir='ltr'>βαπτισθεὶς</span> <span class='ocrx_word' id='word_1_255' title='bbox 1142 3160 1218 3225; x_wconf 76' lang='grc' dir='ltr'>εἷς</span> <span class='ocrx_word' id='word_1_256' title='bbox 1265 3160 1395 3218; x_wconf 78' lang='grc' dir='ltr'>Θεδν</span> <span class='ocrx_word' id='word_1_257' title='bbox 1456 3159 1761 3238; x_wconf 84' lang='grc' dir='ltr'>ἐχώρησεν,</span> <span class='ocrx_word' id='word_1_258' title='bbox 1809 3163 1900 3218; x_wconf 79' lang='grc' dir='ltr'>καὶ</span> <span class='ocrx_word' id='word_1_259' title='bbox 1947 3146 2106 3234; x_wconf 50' lang='grc' dir='ltr'>εἷ’ληξ</span> <span class='ocrx_word' id='word_1_260' title='bbox 2140 3146 2182 3213; x_wconf 80' lang='lat' dir='ltr'><strong><em>C</em></strong></span> 
     </span>
    </p>
   </div>
   <div class='ocr_carea' id='block_1_36' title="bbox 460 3247 2106 3330">
    <p class='ocr_par' dir='ltr' id='par_1_36' title="bbox 460 3247 2106 3330">
     <span class='ocr_line' id='line_1_37' title="bbox 460 3247 2106 3330; baseline -0.001 -23"><span class='ocrx_word' id='word_1_261' title='bbox 460 3272 554 3330; x_wconf 76' lang='grc' dir='ltr'>φεν</span> <span class='ocrx_word' id='word_1_262' title='bbox 631 3248 872 3324; x_wconf 77' lang='grc' dir='ltr'>ἐξουσίαν</span> <span class='ocrx_word' id='word_1_263' title='bbox 940 3249 1119 3306; x_wconf 89' lang='grc' dir='ltr'>ἐπάνω</span> <span class='ocrx_word' id='word_1_264' title='bbox 1191 3248 1464 3327; x_wconf 82' lang='grc' dir='ltr'>σκορπίων</span> <span class='ocrx_word' id='word_1_265' title='bbox 1541 3251 1631 3306; x_wconf 83' lang='grc' dir='ltr'>καὶ</span> <span class='ocrx_word' id='word_1_266' title='bbox 1708 3247 1880 3330; x_wconf 74' lang='grc' dir='ltr'>ὄφεων</span> <span class='ocrx_word' id='word_1_267' title='bbox 1953 3273 2106 3328; x_wconf 88' lang='grc' dir='ltr'>περι-</span> 
     </span>
    </p>
   </div>
   <div class='ocr_carea' id='block_1_37' title="bbox 457 3338 2106 3419">
    <p class='ocr_par' dir='ltr' id='par_1_37' title="bbox 457 3338 2106 3419">
     <span class='ocr_line' id='line_1_38' title="bbox 457 3338 2106 3419; baseline -0.001 -23"><span class='ocrx_word' id='word_1_268' title='bbox 457 3346 667 3414; x_wconf 83' lang='grc' dir='ltr'>πατεῖν,</span> <span class='ocrx_word' id='word_1_269' title='bbox 698 3345 806 3419; x_wconf 77' lang='grc' dir='ltr'>τῷν</span> <span class='ocrx_word' id='word_1_270' title='bbox 856 3338 1137 3415; x_wconf 81' lang='grc' dir='ltr'>δυνάμεων</span> <span class='ocrx_word' id='word_1_271' title='bbox 1182 3345 1290 3396; x_wconf 80' lang='grc' dir='ltr'>τῶν</span> <span class='ocrx_word' id='word_1_272' title='bbox 1349 3345 1634 3417; x_wconf 79' lang='grc' dir='ltr'>πονηρῶν.</span> <span class='ocrx_word' id='word_1_273' title='bbox 1687 3341 1788 3398; x_wconf 81' lang='grc' dir='ltr'>Καὶ</span> <span class='ocrx_word' id='word_1_274' title='bbox 1816 3346 1934 3404; x_wconf 87' lang='grc' dir='ltr'>τοῖς</span> <span class='ocrx_word' id='word_1_275' title='bbox 1967 3342 2106 3396; x_wconf 85' lang='grc' dir='ltr'>ἀπο-</span> 
     </span>
    </p>
   </div>
   <div class='ocr_carea' id='block_1_38' title="bbox 458 3429 2105 3504">
    <p class='ocr_par' dir='ltr' id='par_1_38' title="bbox 458 3429 2105 3504">
     <span class='ocr_line' id='line_1_39' title="bbox 458 3429 2105 3504; baseline -0.001 -18"><span class='ocrx_word' id='word_1_276' title='bbox 458 3429 678 3493; x_wconf 85' lang='grc' dir='ltr'>στόλοις</span> <span class='ocrx_word' id='word_1_277' title='bbox 779 3429 1110 3503; x_wconf 73' lang='grc' dir='ltr'>ἐντέλλεται,</span> <span class='ocrx_word' id='word_1_278' title='bbox 1214 3431 1522 3504; x_wconf 89' lang='grc' dir='ltr'>Περιιόντες</span> <span class='ocrx_word' id='word_1_279' title='bbox 1614 3429 1930 3504; x_wconf 81' lang='grc' dir='ltr'>κηρύσσετε,</span> <span class='ocrx_word' id='word_1_280' title='bbox 2014 3429 2105 3485; x_wconf 86' lang='grc' dir='ltr'>καὶ</span> 
     </span>
    </p>
   </div>
   <div class='ocr_carea' id='block_1_39' title="bbox 453 3514 2107 3596">
    <p class='ocr_par' dir='ltr' id='par_1_39' title="bbox 453 3514 2107 3596">
     <span class='ocr_line' id='line_1_40' title="bbox 453 3514 2107 3596; baseline -0.002 -20"><span class='ocrx_word' id='word_1_281' title='bbox 453 3520 584 3584; x_wconf 78' lang='grc' dir='ltr'>τοὺς</span> <span class='ocrx_word' id='word_1_282' title='bbox 664 3520 1014 3582; x_wconf 82' lang='grc' dir='ltr'>πιστεύοντας</span> <span class='ocrx_word' id='word_1_283' title='bbox 1097 3517 1382 3596; x_wconf 88' lang='grc' dir='ltr'>βαπτίζετε</span> <span class='ocrx_word' id='word_1_284' title='bbox 1469 3517 1545 3581; x_wconf 78' lang='grc' dir='ltr'>εἰς</span> <span class='ocrx_word' id='word_1_285' title='bbox 1645 3514 1818 3592; x_wconf 72' lang='grc' dir='ltr'>ὄνομα</span> <span class='ocrx_word' id='word_1_286' title='bbox 1898 3519 2107 3594; x_wconf 86' lang='grc' dir='ltr'>Πατρὸς</span> 
     </span>
    </p>
   </div>
   <div class='ocr_carea' id='block_1_40' title="bbox 453 3607 2103 3686">
    <p class='ocr_par' dir='ltr' id='par_1_40' title="bbox 453 3607 2103 3686">
     <span class='ocr_line' id='line_1_41' title="bbox 453 3607 2103 3686; baseline -0.001 -21"><span class='ocrx_word' id='word_1_287' title='bbox 453 3610 543 3665; x_wconf 82' lang='grc' dir='ltr'>καὶ</span> <span class='ocrx_word' id='word_1_288' title='bbox 605 3609 736 3664; x_wconf 76' lang='grc' dir='ltr'>Υῖοῦ</span> <span class='ocrx_word' id='word_1_289' title='bbox 805 3609 896 3665; x_wconf 78' lang='grc' dir='ltr'>καὶ</span> <span class='ocrx_word' id='word_1_290' title='bbox 956 3607 1114 3684; x_wconf 82' lang='grc' dir='ltr'>ἁγίου</span> <span class='ocrx_word' id='word_1_291' title='bbox 1189 3607 1528 3683; x_wconf 89' lang='grc' dir='ltr'>Πνεύματος.</span> <span class='ocrx_word' id='word_1_292' title='bbox 1589 3607 1664 3670; x_wconf 78' lang='grc' dir='ltr'>εἷς</span> <span class='ocrx_word' id='word_1_293' title='bbox 1722 3607 1813 3671; x_wconf 72' lang='grc' dir='ltr'>οὓς</span> <span class='ocrx_word' id='word_1_294' title='bbox 1885 3607 2103 3686; x_wconf 81' lang='grc' dir='ltr'>ἀναγεν-</span> 
     </span>
    </p>
   </div>
   <div class='ocr_carea' id='block_1_41' title="bbox 454 3695 2104 3774">
    <p class='ocr_par' dir='ltr' id='par_1_41' title="bbox 454 3695 2104 3774">
     <span class='ocr_line' id='line_1_42' title="bbox 454 3695 2104 3774; baseline -0.001 -20"><span class='ocrx_word' id='word_1_295' title='bbox 454 3699 701 3773; x_wconf 85' lang='grc' dir='ltr'>νώμεθα,</span> <span class='ocrx_word' id='word_1_296' title='bbox 758 3702 868 3754; x_wconf 76' lang='grc' dir='ltr'>τῶν</span> <span class='ocrx_word' id='word_1_297' title='bbox 923 3696 1134 3753; x_wconf 80' lang='grc' dir='ltr'>λοιπῶν</span> <span class='ocrx_word' id='word_1_298' title='bbox 1169 3695 1452 3772; x_wconf 83' lang='grc' dir='ltr'>δυνάμεων</span> <span class='ocrx_word' id='word_1_299' title='bbox 1482 3697 1701 3753; x_wconf 80' lang='grc' dir='ltr'>ἁπασῶν</span> <span class='ocrx_word' id='word_1_300' title='bbox 1739 3698 1987 3774; x_wconf 82' lang='grc' dir='ltr'>ὑπεράνω</span> <span class='ocrx_word' id='word_1_301' title='bbox 2018 3719 2104 3774; x_wconf 87' lang='grc' dir='ltr'>γι-</span> 
     </span>
    </p>
   </div>
   <div class='ocr_carea' id='block_1_42' title="bbox 450 3787 697 3862">
    <p class='ocr_par' dir='ltr' id='par_1_42' title="bbox 450 3787 697 3862">
     <span class='ocr_line' id='line_1_43' title="bbox 450 3787 697 3862; baseline 0 -17"><span class='ocrx_word' id='word_1_302' title='bbox 450 3787 697 3862; x_wconf 86' lang='grc' dir='ltr'>νόμενοι.</span> 
     </span>
    </p>
   </div>
   <div class='ocr_carea' id='block_1_43' title="bbox 525 3873 2104 3954">
    <p class='ocr_par' dir='ltr' id='par_1_43' title="bbox 525 3873 2104 3954">
     <span class='ocr_line' id='line_1_44' title="bbox 525 3873 2104 3954; baseline -0.003 -18"><span class='ocrx_word' id='word_1_303' title='bbox 525 3878 644 3936; x_wconf 87' lang='grc' dir='ltr'>ΟΖ’.</span> <span class='ocrx_word' id='word_1_304' title='bbox 675 3877 850 3952; x_wconf 80' lang='grc' dir='ltr'>Ταύτῃ</span> <span class='ocrx_word' id='word_1_305' title='bbox 881 3877 1106 3942; x_wconf 86' lang='grc' dir='ltr'>θάνατος</span> <span class='ocrx_word' id='word_1_306' title='bbox 1141 3877 1233 3931; x_wconf 82' lang='grc' dir='ltr'>καὶ</span> <span class='ocrx_word' id='word_1_307' title='bbox 1275 3875 1437 3940; x_wconf 85' lang='grc' dir='ltr'>τέλος</span> <span class='ocrx_word' id='word_1_308' title='bbox 1493 3874 1703 3954; x_wconf 83' lang='grc' dir='ltr'>λέγεται</span> <span class='ocrx_word' id='word_1_309' title='bbox 1734 3879 1834 3932; x_wconf 79' lang='grc' dir='ltr'>τοῦ</span> <span class='ocrx_word' id='word_1_310' title='bbox 1865 3873 2104 3932; x_wconf 89' lang='grc' dir='ltr'>παλαιοῦ</span> 
     </span>
    </p>
   </div>
   <div class='ocr_carea' id='block_1_44' title="bbox 457 3967 2101 4046">
    <p class='ocr_par' dir='ltr' id='par_1_44' title="bbox 457 3967 2101 4046">
     <span class='ocr_line' id='line_1_45' title="bbox 457 3967 2101 4046; baseline 0.001 -22"><span class='ocrx_word' id='word_1_311' title='bbox 457 3968 578 4046; x_wconf 87' lang='grc' dir='ltr'>βίου</span> <span class='ocrx_word' id='word_1_312' title='bbox 624 3968 688 4024; x_wconf 83' lang='grc' dir='ltr'>τὸ</span> <span class='ocrx_word' id='word_1_313' title='bbox 747 3967 1049 4044; x_wconf 79' lang='grc' dir='ltr'>βάπτισμα,</span> <span class='ocrx_word' id='word_1_314' title='bbox 1100 3968 1554 4042; x_wconf 81' lang='grc' dir='ltr'>ἀποτασσομένων</span> <span class='ocrx_word' id='word_1_315' title='bbox 1612 3970 1772 4042; x_wconf 79' lang='grc' dir='ltr'>ἡμῶν</span> <span class='ocrx_word' id='word_1_316' title='bbox 1826 3974 1945 4032; x_wconf 91' lang='grc' dir='ltr'>τοῖς</span> <span class='ocrx_word' id='word_1_317' title='bbox 2001 3990 2101 4025; x_wconf 86' lang='grc' dir='ltr'>πο·</span> 
     </span>
    </p>
   </div>
   <div class='ocr_carea' id='block_1_45' title="bbox 452 4054 2102 4134">
    <p class='ocr_par' dir='ltr' id='par_1_45' title="bbox 452 4054 2102 4134">
     <span class='ocr_line' id='line_1_46' title="bbox 452 4054 2102 4134; baseline 0.001 -22"><span class='ocrx_word' id='word_1_318' title='bbox 452 4063 647 4134; x_wconf 88' lang='grc' dir='ltr'>νηραῖς</span> <span class='ocrx_word' id='word_1_319' title='bbox 680 4058 900 4134; x_wconf 72' lang='grc' dir='ltr'>ἀρχαῖς*</span> <span class='ocrx_word' id='word_1_320' title='bbox 937 4059 1050 4127; x_wconf 80' lang='grc' dir='ltr'>ζωὴ</span> <span class='ocrx_word' id='word_1_321' title='bbox 1101 4054 1158 4112; x_wconf 71' lang='grc' dir='ltr'>δὲ</span> <span class='ocrx_word' id='word_1_322' title='bbox 1185 4058 1321 4113; x_wconf 83' lang='grc' dir='ltr'>κατᾶ</span> <span class='ocrx_word' id='word_1_323' title='bbox 1364 4058 1622 4134; x_wconf 83' lang='grc' dir='ltr'>Χριστὸν,</span> <span class='ocrx_word' id='word_1_324' title='bbox 1673 4058 1740 4127; x_wconf 77' lang='grc' dir='ltr'>ἧς</span> <span class='ocrx_word' id='word_1_325' title='bbox 1786 4057 1949 4132; x_wconf 89' lang='grc' dir='ltr'>μόνος</span> <span class='ocrx_word' id='word_1_326' title='bbox 2004 4057 2102 4113; x_wconf 88' lang='grc' dir='ltr'>αύ-</span> 
     </span>
    </p>
   </div>
   <div class='ocr_carea' id='block_1_46' title="bbox 451 4141 2100 4225">
    <p class='ocr_par' dir='ltr' id='par_1_46' title="bbox 451 4141 2100 4225">
     <span class='ocr_line' id='line_1_47' title="bbox 451 4141 2100 4225; baseline -0.001 -21"><span class='ocrx_word' id='word_1_327' title='bbox 451 4149 545 4213; x_wconf 88' lang='grc' dir='ltr'>τὸς</span> <span class='ocrx_word' id='word_1_328' title='bbox 575 4146 834 4224; x_wconf 86' lang='grc' dir='ltr'>γυριεύει.</span> <span class='ocrx_word' id='word_1_329' title='bbox 865 4147 930 4202; x_wconf 79' lang='grc' dir='ltr'>Ἣ</span> <span class='ocrx_word' id='word_1_330' title='bbox 959 4144 1188 4220; x_wconf 86' lang='grc' dir='ltr'>δύναμις</span> <span class='ocrx_word' id='word_1_331' title='bbox 1239 4143 1297 4201; x_wconf 64' lang='grc' dir='ltr'>δὲ</span> <span class='ocrx_word' id='word_1_332' title='bbox 1345 4149 1446 4212; x_wconf 79' lang='grc' dir='ltr'>τῆς</span> <span class='ocrx_word' id='word_1_333' title='bbox 1497 4141 1809 4220; x_wconf 77' lang='grc' dir='ltr'>μεταϐολῆς</span> <span class='ocrx_word' id='word_1_334' title='bbox 1853 4152 1950 4203; x_wconf 78' lang='grc' dir='ltr'>τοῦ</span> <span class='ocrx_word' id='word_1_335' title='bbox 2007 4149 2100 4225; x_wconf 82' lang='grc' dir='ltr'>βα-</span> 
     </span>
    </p>
   </div>
   <div class='ocr_carea' id='block_1_47' title="bbox 454 4232 2101 4314">
    <p class='ocr_par' dir='ltr' id='par_1_47' title="bbox 454 4232 2101 4314">
     <span class='ocr_line' id='line_1_48' title="bbox 454 4232 2101 4314; baseline -0.001 -21"><span class='ocrx_word' id='word_1_336' title='bbox 454 4239 768 4302; x_wconf 81' lang='grc' dir='ltr'>πτισθέντος</span> <span class='ocrx_word' id='word_1_337' title='bbox 801 4235 862 4292; x_wconf 82' lang='grc' dir='ltr'>ού</span> <span class='ocrx_word' id='word_1_338' title='bbox 893 4235 1018 4313; x_wconf 89' lang='grc' dir='ltr'>περὶ</span> <span class='ocrx_word' id='word_1_339' title='bbox 1048 4236 1109 4291; x_wconf 85' lang='grc' dir='ltr'>τὸ</span> <span class='ocrx_word' id='word_1_340' title='bbox 1169 4240 1348 4310; x_wconf 79' lang='grc' dir='ltr'>σῶμα,</span> <span class='ocrx_word' id='word_1_341' title='bbox 1409 4237 1465 4308; x_wconf 90' lang='lat'>(6</span> <span class='ocrx_word' id='word_1_342' title='bbox 1521 4236 1686 4298; x_wconf 85' lang='grc' dir='ltr'>αὐτὸς</span> <span class='ocrx_word' id='word_1_343' title='bbox 1720 4237 1821 4314; x_wconf 77' lang='grc' dir='ltr'>γὰρ</span> <span class='ocrx_word' id='word_1_344' title='bbox 1882 4232 2101 4293; x_wconf 84' lang='grc' dir='ltr'>ἀναϐαί-</span> 
     </span>
    </p>
   </div>
   <div class='ocr_carea' id='block_1_48' title="bbox 451 4321 2102 4403">
    <p class='ocr_par' dir='ltr' id='par_1_48' title="bbox 451 4321 2102 4403">
     <span class='ocr_line' id='line_1_49' title="bbox 451 4321 2102 4403; baseline -0.001 -20"><span class='ocrx_word' id='word_1_345' title='bbox 451 4330 576 4402; x_wconf 89' lang='grc' dir='ltr'>νει·)</span> <span class='ocrx_word' id='word_1_346' title='bbox 606 4325 753 4383; x_wconf 84' lang='grc' dir='ltr'>ἀλλά</span> <span class='ocrx_word' id='word_1_347' title='bbox 782 4327 905 4403; x_wconf 83' lang='grc' dir='ltr'>περὶ</span> <span class='ocrx_word' id='word_1_348' title='bbox 944 4327 1149 4401; x_wconf 75' lang='grc' dir='ltr'>ψυχὴν.</span> <span class='ocrx_word' id='word_1_349' title='bbox 1210 4323 1416 4382; x_wconf 85' lang='grc' dir='ltr'>Αὐτίκα</span> <span class='ocrx_word' id='word_1_350' title='bbox 1467 4321 1663 4390; x_wconf 80' lang='grc' dir='ltr'>δοῦλος</span> <span class='ocrx_word' id='word_1_351' title='bbox 1694 4330 1828 4381; x_wconf 78' lang='grc' dir='ltr'>Θεοῦ</span> <span class='ocrx_word' id='word_1_352' title='bbox 1860 4327 1973 4400; x_wconf 78' lang='grc' dir='ltr'>ἅμα</span> <span class='ocrx_word' id='word_1_353' title='bbox 2024 4331 2102 4400; x_wconf 82' lang='grc' dir='ltr'>τῷ</span> 
     </span>
    </p>
   </div>
   <div class='ocr_carea' id='block_1_49' title="bbox 451 4414 2097 4491">
    <p class='ocr_par' dir='ltr' id='par_1_49' title="bbox 451 4414 2097 4491">
     <span class='ocr_line' id='line_1_50' title="bbox 451 4414 2097 4491; baseline -0.001 -19"><span class='ocrx_word' id='word_1_354' title='bbox 451 4415 691 4473; x_wconf 81' lang='grc' dir='ltr'>ἀνελθεῖν</span> <span class='ocrx_word' id='word_1_355' title='bbox 725 4420 821 4472; x_wconf 76' lang='grc' dir='ltr'>τοῦ</span> <span class='ocrx_word' id='word_1_356' title='bbox 857 4417 1228 4490; x_wconf 85' lang='grc' dir='ltr'>βαπτισματος</span> <span class='ocrx_word' id='word_1_357' title='bbox 1272 4420 1365 4470; x_wconf 86' lang='grc' dir='ltr'>καῖ</span> <span class='ocrx_word' id='word_1_358' title='bbox 1423 4414 1558 4489; x_wconf 83' lang='grc' dir='ltr'>πρὸς</span> <span class='ocrx_word' id='word_1_359' title='bbox 1614 4416 1724 4470; x_wconf 79' lang='grc' dir='ltr'>τῶν</span> <span class='ocrx_word' id='word_1_360' title='bbox 1783 4416 2097 4491; x_wconf 84' lang='grc' dir='ltr'>ἀκαθάρτων</span> 
     </span>
    </p>
   </div>
   <div class='ocr_carea' id='block_1_50' title="bbox 2240 491 3884 563">
    <p class='ocr_par' dir='ltr' id='par_1_50' title="bbox 2240 491 3884 563">
     <span class='ocr_line' id='line_1_51' title="bbox 2240 491 3884 563; baseline 0.004 -18"><span class='ocrx_word' id='word_1_361' title='bbox 2240 495 2510 563; x_wconf 83' lang='lat' dir='ltr'>prompte</span> <span class='ocrx_word' id='word_1_362' title='bbox 2550 496 2607 546; x_wconf 90' lang='lat' dir='ltr'>et</span> <span class='ocrx_word' id='word_1_363' title='bbox 2656 491 2853 547; x_wconf 88' lang='lat' dir='ltr'>animo</span> <span class='ocrx_word' id='word_1_364' title='bbox 2903 491 3079 547; x_wconf 89' lang='lat' dir='ltr'>alacri</span> <span class='ocrx_word' id='word_1_365' title='bbox 3131 508 3233 563; x_wconf 90' lang='lat' dir='ltr'>pro</span> <span class='ocrx_word' id='word_1_366' title='bbox 3283 492 3486 547; x_wconf 88' lang='lat' dir='ltr'>ovibus</span> <span class='ocrx_word' id='word_1_367' title='bbox 3534 493 3658 549; x_wconf 83' lang='lat' dir='ltr'>suis</span> <span class='ocrx_word' id='word_1_368' title='bbox 3704 494 3884 552; x_wconf 87' lang='lat' dir='ltr'>vitam</span> 
     </span>
    </p>
   </div>
   <div class='ocr_carea' id='block_1_51' title="bbox 2237 580 3883 656">
    <p class='ocr_par' dir='ltr' id='par_1_51' title="bbox 2237 580 3883 656">
     <span class='ocr_line' id='line_1_52' title="bbox 2237 580 3883 656; baseline 0.004 -21"><span class='ocrx_word' id='word_1_369' title='bbox 2237 596 2408 635; x_wconf 89' lang='lat' dir='ltr'>suam</span> <span class='ocrx_word' id='word_1_370' title='bbox 2443 580 2954 653; x_wconf 88' lang='lat' dir='ltr'>deponit.lnsuper</span> <span class='ocrx_word' id='word_1_371' title='bbox 2983 585 3039 637; x_wconf 92' lang='lat' dir='ltr'>et</span> <span class='ocrx_word' id='word_1_372' title='bbox 3059 580 3234 636; x_wconf 90' lang='lat' dir='ltr'>homo</span> <span class='ocrx_word' id='word_1_373' title='bbox 3262 582 3432 652; x_wconf 86' lang='lat' dir='ltr'>cujus</span> <span class='ocrx_word' id='word_1_374' title='bbox 3451 583 3636 654; x_wconf 87' lang='lat' dir='ltr'>gratia</span> <span class='ocrx_word' id='word_1_375' title='bbox 3660 588 3749 640; x_wconf 89' lang='lat' dir='ltr'>est</span> <span class='ocrx_word' id='word_1_376' title='bbox 3771 602 3883 656; x_wconf 86' lang='lat' dir='ltr'>pu-</span> 
     </span>
    </p>
   </div>
   <div class='ocr_carea' id='block_1_52' title="bbox 2237 668 3879 746">
    <p class='ocr_par' dir='ltr' id='par_1_52' title="bbox 2237 668 3879 746">
     <span class='ocr_line' id='line_1_53' title="bbox 2237 668 3879 746; baseline 0.004 -23"><span class='ocrx_word' id='word_1_377' title='bbox 2237 684 2372 740; x_wconf 87' lang='lat' dir='ltr'>gna,</span> <span class='ocrx_word' id='word_1_378' title='bbox 2408 669 2629 725; x_wconf 86' lang='lat' dir='ltr'>animal</span> <span class='ocrx_word' id='word_1_379' title='bbox 2661 674 2750 726; x_wconf 86' lang='lat' dir='ltr'>est</span> <span class='ocrx_word' id='word_1_380' title='bbox 2782 668 3166 740; x_wconf 88' lang='lat' dir='ltr'>imbecillum,</span> <span class='ocrx_word' id='word_1_381' title='bbox 3199 674 3257 726; x_wconf 91' lang='lat' dir='ltr'>et</span> <span class='ocrx_word' id='word_1_382' title='bbox 3305 671 3461 742; x_wconf 92' lang='lat' dir='ltr'>quod</span> <span class='ocrx_word' id='word_1_383' title='bbox 3494 672 3660 728; x_wconf 80' lang='lat' dir='ltr'>facile</span> <span class='ocrx_word' id='word_1_384' title='bbox 3692 672 3750 728; x_wconf 92' lang='lat' dir='ltr'>in</span> <span class='ocrx_word' id='word_1_385' title='bbox 3783 690 3879 746; x_wconf 81' lang='lat' dir='ltr'>pe-</span> 
     </span>
    </p>
   </div>
   <div class='ocr_carea' id='block_1_53' title="bbox 2231 757 3880 831">
    <p class='ocr_par' dir='ltr' id='par_1_53' title="bbox 2231 757 3880 831">
     <span class='ocr_line' id='line_1_54' title="bbox 2231 757 3880 831; baseline 0.004 -19"><span class='ocrx_word' id='word_1_386' title='bbox 2231 758 2331 825; x_wconf 91' lang='lat' dir='ltr'>jus</span> <span class='ocrx_word' id='word_1_387' title='bbox 2364 762 2718 827; x_wconf 87' lang='lat' dir='ltr'>mutetur,ac</span> <span class='ocrx_word' id='word_1_388' title='bbox 2750 757 2866 815; x_wconf 89' lang='lat' dir='ltr'>illis</span> <span class='ocrx_word' id='word_1_389' title='bbox 2899 760 2998 830; x_wconf 88' lang='lat' dir='ltr'>qui</span> <span class='ocrx_word' id='word_1_390' title='bbox 3030 759 3162 814; x_wconf 91' lang='lat' dir='ltr'>odio</span> <span class='ocrx_word' id='word_1_391' title='bbox 3197 759 3412 816; x_wconf 86' lang='lat' dir='ltr'>habent</span> <span class='ocrx_word' id='word_1_392' title='bbox 3440 760 3724 818; x_wconf 81' lang='lat' dir='ltr'>auxilium</span> <span class='ocrx_word' id='word_1_393' title='bbox 3749 763 3880 831; x_wconf 85' lang='lat' dir='ltr'>fert;</span> 
     </span>
    </p>
   </div>
   <div class='ocr_carea' id='block_1_54' title="bbox 2237 845 3881 921">
    <p class='ocr_par' dir='ltr' id='par_1_54' title="bbox 2237 845 3881 921">
     <span class='ocr_line' id='line_1_55' title="bbox 2237 845 3881 921; baseline 0.006 -20"><span class='ocrx_word' id='word_1_394' title='bbox 2237 845 2373 902; x_wconf 91' lang='lat' dir='ltr'>hinc</span> <span class='ocrx_word' id='word_1_395' title='bbox 2403 851 2492 903; x_wconf 90' lang='lat' dir='ltr'>est</span> <span class='ocrx_word' id='word_1_396' title='bbox 2519 847 2674 919; x_wconf 88' lang='lat' dir='ltr'>quod</span> <span class='ocrx_word' id='word_1_397' title='bbox 2711 849 2881 918; x_wconf 90' lang='lat' dir='ltr'>plura</span> <span class='ocrx_word' id='word_1_398' title='bbox 2928 847 3012 903; x_wconf 84' lang='lat' dir='ltr'>illi</span> <span class='ocrx_word' id='word_1_399' title='bbox 3061 849 3215 904; x_wconf 87' lang='lat' dir='ltr'>mala</span> <span class='ocrx_word' id='word_1_400' title='bbox 3247 848 3582 921; x_wconf 88' lang='lat' dir='ltr'>obtingunt.</span> <span class='ocrx_word' id='word_1_401' title='bbox 3620 855 3777 910; x_wconf 88' lang='lat' dir='ltr'>Hanc</span> <span class='ocrx_word' id='word_1_402' title='bbox 3807 855 3881 910; x_wconf 90' lang='lat' dir='ltr'>ob</span> 
     </span>
    </p>
   </div>
   <div class='ocr_carea' id='block_1_55' title="bbox 2232 937 3883 1012">
    <p class='ocr_par' dir='ltr' id='par_1_55' title="bbox 2232 937 3883 1012">
     <span class='ocr_line' id='line_1_56' title="bbox 2232 937 3883 1012; baseline 0.005 -21"><span class='ocrx_word' id='word_1_403' title='bbox 2232 952 2474 992; x_wconf 84' lang='lat' dir='ltr'>causam</span> <span class='ocrx_word' id='word_1_404' title='bbox 2509 937 2811 992; x_wconf 84' lang='lat' dir='ltr'>descendit</span> <span class='ocrx_word' id='word_1_405' title='bbox 2857 937 3159 1006; x_wconf 85' lang='lat' dir='ltr'>Dominus,</span> <span class='ocrx_word' id='word_1_406' title='bbox 3195 943 3259 994; x_wconf 91' lang='lat' dir='ltr'>ut</span> <span class='ocrx_word' id='word_1_407' title='bbox 3303 937 3399 995; x_wconf 90' lang='lat' dir='ltr'>ille</span> <span class='ocrx_word' id='word_1_408' title='bbox 3447 941 3546 1012; x_wconf 86' lang='lat' dir='ltr'>qui</span> <span class='ocrx_word' id='word_1_409' title='bbox 3577 956 3606 995; x_wconf 81' lang='grc' dir='ltr'>θ</span> <span class='ocrx_word' id='word_1_410' title='bbox 3639 941 3797 999; x_wconf 82' lang='lat' dir='ltr'>ccslis</span> <span class='ocrx_word' id='word_1_411' title='bbox 3828 949 3883 999; x_wconf 90' lang='lat' dir='ltr'>et</span> 
     </span>
    </p>
   </div>
   <div class='ocr_carea' id='block_1_56' title="bbox 2235 1025 3877 1104">
    <p class='ocr_par' dir='ltr' id='par_1_56' title="bbox 2235 1025 3877 1104">
     <span class='ocr_line' id='line_1_57' title="bbox 2235 1025 3877 1104; baseline 0.004 -21"><span class='ocrx_word' id='word_1_412' title='bbox 2235 1041 2349 1083; x_wconf 85' lang='lat' dir='ltr'>non</span> <span class='ocrx_word' id='word_1_413' title='bbox 2382 1025 2483 1097; x_wconf 89' lang='lat' dir='ltr'>qui</span> <span class='ocrx_word' id='word_1_414' title='bbox 2515 1041 2545 1082; x_wconf 82' lang='grc' dir='ltr'>ο</span> <span class='ocrx_word' id='word_1_415' title='bbox 2577 1031 2730 1082; x_wconf 88' lang='lat' dir='ltr'>terra</span> <span class='ocrx_word' id='word_1_416' title='bbox 2757 1041 2960 1097; x_wconf 90' lang='lat' dir='ltr'>pacem</span> <span class='ocrx_word' id='word_1_417' title='bbox 2995 1028 3298 1099; x_wconf 67' lang='lat' dir='ltr'>praeberet,</span> <span class='ocrx_word' id='word_1_418' title='bbox 3340 1029 3427 1084; x_wconf 89' lang='lat' dir='ltr'>uti</span> <span class='ocrx_word' id='word_1_419' title='bbox 3459 1030 3599 1086; x_wconf 82' lang='lat' dir='ltr'>dicit</span> <span class='ocrx_word' id='word_1_420' title='bbox 3627 1033 3877 1104; x_wconf 84' lang='lat' dir='ltr'>Aposto-</span> 
     </span>
    </p>
   </div>
   <div class='ocr_carea' id='block_1_57' title="bbox 2231 1113 3585 1191">
    <p class='ocr_par' dir='ltr' id='par_1_57' title="bbox 2231 1113 3585 1191">
     <span class='ocr_line' id='line_1_58' title="bbox 2231 1113 3585 1191; baseline 0.004 -22"><span class='ocrx_word' id='word_1_421' title='bbox 2231 1113 2325 1170; x_wconf 90' lang='lat' dir='ltr'>lus</span> <span class='ocrx_word' id='word_1_422' title='bbox 2359 1133 2372 1170; x_wconf 87' lang='lat'><strong><em>:</em></strong></span> <span class='ocrx_word' id='word_1_423' title='bbox 2408 1119 2533 1170; x_wconf 75' lang='lat' dir='ltr'>Pax</span> <span class='ocrx_word' id='word_1_424' title='bbox 2563 1114 2623 1170; x_wconf 88' lang='lat' dir='ltr'>in</span> <span class='ocrx_word' id='word_1_425' title='bbox 2653 1121 2826 1183; x_wconf 83' lang='lat' dir='ltr'>terra,</span> <span class='ocrx_word' id='word_1_426' title='bbox 2858 1125 2909 1171; x_wconf 90' lang='lat' dir='ltr'>et</span> <span class='ocrx_word' id='word_1_427' title='bbox 2939 1117 3120 1187; x_wconf 86' lang='lat' dir='ltr'>gloria</span> <span class='ocrx_word' id='word_1_428' title='bbox 3152 1119 3210 1173; x_wconf 85' lang='lat' dir='ltr'>in</span> <span class='ocrx_word' id='word_1_429' title='bbox 3234 1118 3461 1174; x_wconf 68' lang='lat' dir='ltr'>excelsis</span> <span class='ocrx_word' id='word_1_430' title='bbox 3490 1119 3585 1191; x_wconf 87' lang='lat' dir='ltr'>(b).</span> 
     </span>
    </p>
   </div>
   <div class='ocr_carea' id='block_1_58' title="bbox 2306 1203 3872 1280">
    <p class='ocr_par' dir='ltr' id='par_1_58' title="bbox 2306 1203 3872 1280">
     <span class='ocr_line' id='line_1_59' title="bbox 2306 1203 3872 1280; baseline 0.006 -22"><span class='ocrx_word' id='word_1_431' title='bbox 2306 1203 2534 1260; x_wconf 81' lang='lat' dir='ltr'>LXXIV.</span> <span class='ocrx_word' id='word_1_432' title='bbox 2569 1208 2773 1276; x_wconf 82' lang='lat' dir='ltr'>Itaque</span> <span class='ocrx_word' id='word_1_433' title='bbox 2805 1203 2977 1261; x_wconf 84' lang='lat' dir='ltr'>stella</span> <span class='ocrx_word' id='word_1_434' title='bbox 3010 1223 3157 1262; x_wconf 88' lang='lat' dir='ltr'>nova</span> <span class='ocrx_word' id='word_1_435' title='bbox 3203 1223 3269 1261; x_wconf 88' lang='lat' dir='ltr'>ac</span> <span class='ocrx_word' id='word_1_436' title='bbox 3327 1206 3566 1264; x_wconf 87' lang='lat' dir='ltr'>insolita</span> <span class='ocrx_word' id='word_1_437' title='bbox 3612 1213 3741 1266; x_wconf 88' lang='lat' dir='ltr'>orta</span> <span class='ocrx_word' id='word_1_438' title='bbox 3767 1221 3872 1280; x_wconf 78' lang='lat' dir='ltr'>est,</span> 
     </span>
    </p>
   </div>
   <div class='ocr_carea' id='block_1_59' title="bbox 2231 1292 3870 1369">
    <p class='ocr_par' dir='ltr' id='par_1_59' title="bbox 2231 1292 3870 1369">
     <span class='ocr_line' id='line_1_60' title="bbox 2231 1292 3870 1369; baseline 0.005 -22"><span class='ocrx_word' id='word_1_439' title='bbox 2231 1309 2377 1348; x_wconf 85' lang='lat' dir='ltr'>nova</span> <span class='ocrx_word' id='word_1_440' title='bbox 2409 1292 2539 1348; x_wconf 90' lang='lat' dir='ltr'>luce</span> <span class='ocrx_word' id='word_1_441' title='bbox 2569 1297 2819 1348; x_wconf 86' lang='lat' dir='ltr'>veterem</span> <span class='ocrx_word' id='word_1_442' title='bbox 2869 1293 3171 1350; x_wconf 89' lang='lat' dir='ltr'>stellarum</span> <span class='ocrx_word' id='word_1_443' title='bbox 3219 1295 3566 1367; x_wconf 84' lang='lat' dir='ltr'>positionem</span> <span class='ocrx_word' id='word_1_444' title='bbox 3619 1299 3870 1369; x_wconf 79' lang='lat' dir='ltr'>solvens,</span> 
     </span>
    </p>
   </div>
   <div class='ocr_carea' id='block_1_60' title="bbox 2231 1379 3871 1458">
    <p class='ocr_par' dir='ltr' id='par_1_60' title="bbox 2231 1379 3871 1458">
     <span class='ocr_line' id='line_1_61' title="bbox 2231 1379 3871 1458; baseline 0.007 -23"><span class='ocrx_word' id='word_1_445' title='bbox 2231 1397 2344 1435; x_wconf 91' lang='lat' dir='ltr'>non</span> <span class='ocrx_word' id='word_1_446' title='bbox 2375 1379 2505 1436; x_wconf 89' lang='lat' dir='ltr'>luce</span> <span class='ocrx_word' id='word_1_447' title='bbox 2536 1397 2662 1454; x_wconf 65' lang='lat' dir='ltr'>quin</span> <span class='ocrx_word' id='word_1_448' title='bbox 2688 1383 2893 1437; x_wconf 91' lang='lat' dir='ltr'>mundi</span> <span class='ocrx_word' id='word_1_449' title='bbox 2916 1382 3089 1438; x_wconf 88' lang='lat' dir='ltr'>fuerit</span> <span class='ocrx_word' id='word_1_450' title='bbox 3111 1383 3438 1454; x_wconf 88' lang='lat' dir='ltr'>lucens,sed</span> <span class='ocrx_word' id='word_1_451' title='bbox 3467 1402 3593 1458; x_wconf 79' lang='lat' dir='ltr'>quae</span> <span class='ocrx_word' id='word_1_452' title='bbox 3620 1386 3746 1444; x_wconf 84' lang='lat' dir='ltr'>vias</span> <span class='ocrx_word' id='word_1_453' title='bbox 3769 1406 3871 1446; x_wconf 90' lang='lat' dir='ltr'>no-</span> 
     </span>
    </p>
   </div>
   <div class='ocr_carea' id='block_1_61' title="bbox 2226 1469 3871 1548">
    <p class='ocr_par' dir='ltr' id='par_1_61' title="bbox 2226 1469 3871 1548">
     <span class='ocr_line' id='line_1_62' title="bbox 2226 1469 3871 1548; baseline 0.006 -24"><span class='ocrx_word' id='word_1_454' title='bbox 2226 1485 2328 1525; x_wconf 89' lang='lat' dir='ltr'>vas</span> <span class='ocrx_word' id='word_1_455' title='bbox 2385 1474 2440 1525; x_wconf 89' lang='lat' dir='ltr'>et</span> <span class='ocrx_word' id='word_1_456' title='bbox 2471 1487 2597 1542; x_wconf 65' lang='lat' dir='ltr'>quae</span> <span class='ocrx_word' id='word_1_457' title='bbox 2630 1469 2810 1527; x_wconf 88' lang='lat' dir='ltr'>saluti</span> <span class='ocrx_word' id='word_1_458' title='bbox 2840 1472 3194 1542; x_wconf 90' lang='lat' dir='ltr'>conducunt,</span> <span class='ocrx_word' id='word_1_459' title='bbox 3227 1475 3742 1548; x_wconf 87' lang='lat' dir='ltr'>ostendat.Nempe</span> <span class='ocrx_word' id='word_1_460' title='bbox 3766 1483 3871 1534; x_wconf 88' lang='lat' dir='ltr'>Do-</span> 
     </span>
    </p>
   </div>
   <div class='ocr_carea' id='block_1_62' title="bbox 2228 1557 3866 1637">
    <p class='ocr_par' dir='ltr' id='par_1_62' title="bbox 2228 1557 3866 1637">
     <span class='ocr_line' id='line_1_63' title="bbox 2228 1557 3866 1637; baseline 0.006 -25"><span class='ocrx_word' id='word_1_461' title='bbox 2228 1557 2427 1615; x_wconf 83' lang='lat' dir='ltr'>minus</span> <span class='ocrx_word' id='word_1_462' title='bbox 2459 1559 2583 1630; x_wconf 90' lang='lat' dir='ltr'>ipse</span> <span class='ocrx_word' id='word_1_463' title='bbox 2617 1559 2717 1632; x_wconf 89' lang='lat' dir='ltr'>qui</span> <span class='ocrx_word' id='word_1_464' title='bbox 2749 1559 3087 1617; x_wconf 89' lang='lat' dir='ltr'>hominibus</span> <span class='ocrx_word' id='word_1_465' title='bbox 3118 1562 3221 1616; x_wconf 70' lang='lat' dir='ltr'>via:</span> <span class='ocrx_word' id='word_1_466' title='bbox 3253 1563 3372 1617; x_wconf 83' lang='lat' dir='ltr'>dux</span> <span class='ocrx_word' id='word_1_467' title='bbox 3415 1566 3522 1630; x_wconf 87' lang='lat' dir='ltr'>est,</span> <span class='ocrx_word' id='word_1_468' title='bbox 3558 1564 3778 1637; x_wconf 86' lang='lat' dir='ltr'>quique</span> <span class='ocrx_word' id='word_1_469' title='bbox 3808 1569 3866 1622; x_wconf 90' lang='lat' dir='ltr'>in</span> 
     </span>
    </p>
   </div>
   <div class='ocr_carea' id='block_1_63' title="bbox 2224 1649 3868 1723">
    <p class='ocr_par' dir='ltr' id='par_1_63' title="bbox 2224 1649 3868 1723">
     <span class='ocr_line' id='line_1_64' title="bbox 2224 1649 3868 1723; baseline 0.006 -20"><span class='ocrx_word' id='word_1_470' title='bbox 2224 1650 2445 1703; x_wconf 84' lang='lat' dir='ltr'>terram</span> <span class='ocrx_word' id='word_1_471' title='bbox 2477 1649 2797 1716; x_wconf 84' lang='lat' dir='ltr'>descendit,</span> <span class='ocrx_word' id='word_1_472' title='bbox 2833 1652 2897 1704; x_wconf 89' lang='lat' dir='ltr'>ut</span> <span class='ocrx_word' id='word_1_473' title='bbox 2927 1666 2957 1705; x_wconf 92' lang='lat' dir='ltr'>e</span> <span class='ocrx_word' id='word_1_474' title='bbox 2985 1650 3098 1705; x_wconf 81' lang='lat' dir='ltr'>fato</span> <span class='ocrx_word' id='word_1_475' title='bbox 3130 1650 3201 1706; x_wconf 92' lang='lat' dir='ltr'>ad</span> <span class='ocrx_word' id='word_1_476' title='bbox 3234 1649 3393 1706; x_wconf 91' lang='lat' dir='ltr'>illius</span> <span class='ocrx_word' id='word_1_477' title='bbox 3445 1653 3868 1723; x_wconf 76' lang='lat' dir='ltr'>providentiam</span> 
     </span>
    </p>
   </div>
   <div class='ocr_carea' id='block_1_64' title="bbox 2146 1735 3601 1837">
    <p class='ocr_par' dir='ltr' id='par_1_64' title="bbox 2146 1735 3601 1837">
     <span class='ocr_line' id='line_1_65' title="bbox 2146 1735 3601 1837; baseline 0.004 -46"><span class='ocrx_word' id='word_1_478' title='bbox 2146 1771 2193 1837; x_wconf 82' lang='grc' dir='ltr'><strong>Β</strong></span> <span class='ocrx_word' id='word_1_479' title='bbox 2226 1735 2494 1837; x_wconf 37' lang='lat' dir='ltr'>illqsﬁqu&#39;i&#39;</span> <span class='ocrx_word' id='word_1_480' title='bbox 2515 1737 2582 1837; x_wconf 65' lang='lat' dir='ltr'>in</span> <span class='ocrx_word' id='word_1_481' title='bbox 2606 1736 2909 1837; x_wconf 67' lang='lat' dir='ltr'>Christum</span> <span class='ocrx_word' id='word_1_482' title='bbox 2942 1740 3204 1805; x_wconf 84' lang='lat' dir='ltr'>credant,</span> <span class='ocrx_word' id='word_1_483' title='bbox 3237 1741 3601 1798; x_wconf 80' lang='lat' dir='ltr'>transferret.</span> 
     </span>
    </p>
   </div>
   <div class='ocr_carea' id='block_1_65' title="bbox 2296 1825 3872 1904">
    <p class='ocr_par' dir='ltr' id='par_1_65' title="bbox 2296 1825 3872 1904">
     <span class='ocr_line' id='line_1_66' title="bbox 2296 1825 3872 1904; baseline 0.004 -22"><span class='ocrx_word' id='word_1_484' title='bbox 2296 1825 2512 1882; x_wconf 85' lang='lat' dir='ltr'>LXXV.</span> <span class='ocrx_word' id='word_1_485' title='bbox 2547 1827 2708 1890; x_wconf 88' lang='lat' dir='ltr'>Quod</span> <span class='ocrx_word' id='word_1_486' title='bbox 2741 1844 2898 1896; x_wconf 90' lang='lat' dir='ltr'>vero,</span> <span class='ocrx_word' id='word_1_487' title='bbox 2933 1828 3156 1899; x_wconf 91' lang='lat' dir='ltr'>dicunt,</span> <span class='ocrx_word' id='word_1_488' title='bbox 3190 1830 3266 1884; x_wconf 89' lang='lat' dir='ltr'>sit</span> <span class='ocrx_word' id='word_1_489' title='bbox 3298 1829 3641 1903; x_wconf 68' lang='lat' dir='ltr'>fatum,quae</span> <span class='ocrx_word' id='word_1_490' title='bbox 3664 1835 3872 1904; x_wconf 63' lang='lat' dir='ltr'>praedi-</span> 
     </span>
    </p>
   </div>
   <div class='ocr_carea' id='block_1_66' title="bbox 2224 1915 3873 1989">
    <p class='ocr_par' dir='ltr' id='par_1_66' title="bbox 2224 1915 3873 1989">
     <span class='ocr_line' id='line_1_67' title="bbox 2224 1915 3873 1989; baseline 0.006 -19"><span class='ocrx_word' id='word_1_491' title='bbox 2224 1921 2313 1970; x_wconf 84' lang='lat' dir='ltr'>cta</span> <span class='ocrx_word' id='word_1_492' title='bbox 2343 1917 2414 1970; x_wconf 87' lang='lat' dir='ltr'>de</span> <span class='ocrx_word' id='word_1_493' title='bbox 2444 1915 2573 1970; x_wconf 88' lang='lat' dir='ltr'>aliis</span> <span class='ocrx_word' id='word_1_494' title='bbox 2605 1921 2766 1985; x_wconf 89' lang='lat' dir='ltr'>sunt,</span> <span class='ocrx_word' id='word_1_495' title='bbox 2809 1922 3083 1989; x_wconf 89' lang='lat' dir='ltr'>certoque</span> <span class='ocrx_word' id='word_1_496' title='bbox 3135 1923 3476 1985; x_wconf 88' lang='lat' dir='ltr'>evenerunt,</span> <span class='ocrx_word' id='word_1_497' title='bbox 3533 1923 3873 1980; x_wconf 84' lang='lat' dir='ltr'>ostendunt.</span> 
     </span>
    </p>
   </div>
   <div class='ocr_carea' id='block_1_67' title="bbox 2222 2005 3874 2078">
    <p class='ocr_par' dir='ltr' id='par_1_67' title="bbox 2222 2005 3874 2078">
     <span class='ocr_line' id='line_1_68' title="bbox 2222 2005 3874 2078; baseline 0.006 -19"><span class='ocrx_word' id='word_1_498' title='bbox 2222 2005 2492 2060; x_wconf 88' lang='lat' dir='ltr'>Probatio</span> <span class='ocrx_word' id='word_1_499' title='bbox 2523 2022 2658 2062; x_wconf 89' lang='lat' dir='ltr'>vero</span> <span class='ocrx_word' id='word_1_500' title='bbox 2685 2007 2994 2078; x_wconf 91' lang='lat' dir='ltr'>perspicua</span> <span class='ocrx_word' id='word_1_501' title='bbox 3041 2010 3129 2061; x_wconf 84' lang='lat' dir='ltr'>est</span> <span class='ocrx_word' id='word_1_502' title='bbox 3181 2007 3560 2064; x_wconf 87' lang='lat' dir='ltr'>scientiarum</span> <span class='ocrx_word' id='word_1_503' title='bbox 3613 2015 3874 2070; x_wconf 88' lang='lat' dir='ltr'>contem-</span> 
     </span>
    </p>
   </div>
   <div class='ocr_carea' id='block_1_68' title="bbox 2220 2092 3872 2167">
    <p class='ocr_par' dir='ltr' id='par_1_68' title="bbox 2220 2092 3872 2167">
     <span class='ocr_line' id='line_1_69' title="bbox 2220 2092 3872 2167; baseline 0.005 -19"><span class='ocrx_word' id='word_1_504' title='bbox 2220 2092 2421 2164; x_wconf 89' lang='lat' dir='ltr'>platio.</span> <span class='ocrx_word' id='word_1_505' title='bbox 2457 2094 2665 2150; x_wconf 83' lang='lat' dir='ltr'>Statim</span> <span class='ocrx_word' id='word_1_506' title='bbox 2698 2095 2847 2167; x_wconf 84' lang='lat' dir='ltr'>magi</span> <span class='ocrx_word' id='word_1_507' title='bbox 2885 2111 3000 2151; x_wconf 92' lang='lat' dir='ltr'>non</span> <span class='ocrx_word' id='word_1_508' title='bbox 3034 2097 3202 2151; x_wconf 91' lang='lat' dir='ltr'>modo</span> <span class='ocrx_word' id='word_1_509' title='bbox 3231 2097 3448 2152; x_wconf 80' lang='lat' dir='ltr'>stellam</span> <span class='ocrx_word' id='word_1_510' title='bbox 3481 2101 3710 2154; x_wconf 78' lang='lat' dir='ltr'>Domini</span> <span class='ocrx_word' id='word_1_511' title='bbox 3731 2102 3872 2157; x_wconf 81' lang='lat' dir='ltr'>vide-</span> 
     </span>
    </p>
   </div>
   <div class='ocr_carea' id='block_1_69' title="bbox 2218 2181 3863 2260">
    <p class='ocr_par' dir='ltr' id='par_1_69' title="bbox 2218 2181 3863 2260">
     <span class='ocr_line' id='line_1_70' title="bbox 2218 2181 3863 2260; baseline 0.006 -24"><span class='ocrx_word' id='word_1_512' title='bbox 2218 2187 2348 2237; x_wconf 85' lang='lat' dir='ltr'>runt</span> <span class='ocrx_word' id='word_1_513' title='bbox 2375 2181 2578 2256; x_wconf 82' lang='lat' dir='ltr'>(c),sed</span> <span class='ocrx_word' id='word_1_514' title='bbox 2611 2187 2669 2239; x_wconf 89' lang='lat' dir='ltr'>et</span> <span class='ocrx_word' id='word_1_515' title='bbox 2696 2184 2849 2254; x_wconf 91' lang='lat' dir='ltr'>quod</span> <span class='ocrx_word' id='word_1_516' title='bbox 2880 2199 3083 2239; x_wconf 89' lang='lat' dir='ltr'>verum</span> <span class='ocrx_word' id='word_1_517' title='bbox 3109 2189 3262 2240; x_wconf 90' lang='lat' dir='ltr'>esset</span> <span class='ocrx_word' id='word_1_518' title='bbox 3286 2191 3863 2260; x_wconf 83' lang='lat' dir='ltr'>cognoverunt,quod</span> 
     </span>
    </p>
   </div>
   <div class='ocr_carea' id='block_1_70' title="bbox 2218 2274 3858 2348">
    <p class='ocr_par' dir='ltr' id='par_1_70' title="bbox 2218 2274 3858 2348">
     <span class='ocr_line' id='line_1_71' title="bbox 2218 2274 3858 2348; baseline 0.007 -22"><span class='ocrx_word' id='word_1_519' title='bbox 2218 2288 2316 2327; x_wconf 88' lang='lat' dir='ltr'>rex</span> <span class='ocrx_word' id='word_1_520' title='bbox 2347 2275 2523 2327; x_wconf 91' lang='lat' dir='ltr'>natus</span> <span class='ocrx_word' id='word_1_521' title='bbox 2555 2276 2728 2340; x_wconf 87' lang='lat' dir='ltr'>esset,</span> <span class='ocrx_word' id='word_1_522' title='bbox 2763 2276 2818 2328; x_wconf 90' lang='lat' dir='ltr'>et</span> <span class='ocrx_word' id='word_1_523' title='bbox 2844 2289 3094 2344; x_wconf 89' lang='lat' dir='ltr'>quorum</span> <span class='ocrx_word' id='word_1_524' title='bbox 3148 2289 3242 2328; x_wconf 87' lang='lat' dir='ltr'>rex</span> <span class='ocrx_word' id='word_1_525' title='bbox 3291 2274 3485 2344; x_wconf 88' lang='lat' dir='ltr'>fuerit,</span> <span class='ocrx_word' id='word_1_526' title='bbox 3520 2292 3727 2348; x_wconf 89' lang='lat' dir='ltr'>nempe</span> <span class='ocrx_word' id='word_1_527' title='bbox 3759 2280 3858 2338; x_wconf 89' lang='lat' dir='ltr'>Dei</span> 
     </span>
    </p>
   </div>
   <div class='ocr_carea' id='block_1_71' title="bbox 2215 2359 3854 2436">
    <p class='ocr_par' dir='ltr' id='par_1_71' title="bbox 2215 2359 3854 2436">
     <span class='ocr_line' id='line_1_72' title="bbox 2215 2359 3854 2436; baseline 0.006 -21"><span class='ocrx_word' id='word_1_528' title='bbox 2215 2359 2530 2416; x_wconf 86' lang='lat' dir='ltr'>cultorum.</span> <span class='ocrx_word' id='word_1_529' title='bbox 2563 2365 2739 2417; x_wconf 90' lang='lat' dir='ltr'>Porro</span> <span class='ocrx_word' id='word_1_530' title='bbox 2770 2361 2954 2416; x_wconf 66' lang='lat' dir='ltr'>Judaei</span> <span class='ocrx_word' id='word_1_531' title='bbox 2987 2361 3096 2418; x_wconf 88' lang='lat' dir='ltr'>soli</span> <span class='ocrx_word' id='word_1_532' title='bbox 3127 2361 3322 2418; x_wconf 89' lang='lat' dir='ltr'>cultus</span> <span class='ocrx_word' id='word_1_533' title='bbox 3374 2363 3556 2419; x_wconf 88' lang='lat' dir='ltr'>divini</span> <span class='ocrx_word' id='word_1_534' title='bbox 3587 2372 3854 2436; x_wconf 83' lang='lat' dir='ltr'>respectu</span> 
     </span>
    </p>
   </div>
   <div class='ocr_carea' id='block_1_72' title="bbox 2215 2447 3861 2526">
    <p class='ocr_par' dir='ltr' id='par_1_72' title="bbox 2215 2447 3861 2526">
     <span class='ocr_line' id='line_1_73' title="bbox 2215 2447 3861 2526; baseline 0.005 -22"><span class='ocrx_word' id='word_1_535' title='bbox 2215 2447 2471 2504; x_wconf 87' lang='lat' dir='ltr'>celebres</span> <span class='ocrx_word' id='word_1_536' title='bbox 2503 2453 2643 2506; x_wconf 86' lang='lat' dir='ltr'>tunc</span> <span class='ocrx_word' id='word_1_537' title='bbox 2675 2450 3059 2506; x_wconf 87' lang='lat' dir='ltr'>habebantur.</span> <span class='ocrx_word' id='word_1_538' title='bbox 3093 2450 3162 2506; x_wconf 90' lang='lat' dir='ltr'>Et</span> <span class='ocrx_word' id='word_1_539' title='bbox 3192 2450 3345 2507; x_wconf 89' lang='lat' dir='ltr'>hanc</span> <span class='ocrx_word' id='word_1_540' title='bbox 3376 2452 3448 2508; x_wconf 94' lang='lat' dir='ltr'>ob</span> <span class='ocrx_word' id='word_1_541' title='bbox 3479 2470 3717 2510; x_wconf 88' lang='lat' dir='ltr'>causam</span> <span class='ocrx_word' id='word_1_542' title='bbox 3748 2461 3861 2526; x_wconf 88' lang='lat' dir='ltr'>est,</span> 
     </span>
    </p>
   </div>
   <div class='ocr_carea' id='block_1_73' title="bbox 2214 2537 3864 2612">
    <p class='ocr_par' dir='ltr' id='par_1_73' title="bbox 2214 2537 3864 2612">
     <span class='ocr_line' id='line_1_74' title="bbox 2214 2537 3864 2612; baseline 0.007 -20"><span class='ocrx_word' id='word_1_543' title='bbox 2214 2538 2369 2610; x_wconf 89' lang='lat' dir='ltr'>quod</span> <span class='ocrx_word' id='word_1_544' title='bbox 2397 2537 2660 2594; x_wconf 85' lang='lat' dir='ltr'>Salvator</span> <span class='ocrx_word' id='word_1_545' title='bbox 2680 2539 2753 2596; x_wconf 89' lang='lat' dir='ltr'>ad</span> <span class='ocrx_word' id='word_1_546' title='bbox 2785 2539 2885 2596; x_wconf 91' lang='lat' dir='ltr'>Dei</span> <span class='ocrx_word' id='word_1_547' title='bbox 2922 2538 3173 2597; x_wconf 89' lang='lat' dir='ltr'>cultores</span> <span class='ocrx_word' id='word_1_548' title='bbox 3206 2541 3593 2612; x_wconf 89' lang='lat' dir='ltr'>descendens,</span> <span class='ocrx_word' id='word_1_549' title='bbox 3625 2545 3695 2600; x_wconf 88' lang='lat' dir='ltr'>ad</span> <span class='ocrx_word' id='word_1_550' title='bbox 3729 2545 3864 2604; x_wconf 92' lang='lat' dir='ltr'>illos</span> 
     </span>
    </p>
   </div>
   <div class='ocr_carea' id='block_1_74' title="bbox 2215 2625 3865 2703">
    <p class='ocr_par' dir='ltr' id='par_1_74' title="bbox 2215 2625 3865 2703">
     <span class='ocr_line' id='line_1_75' title="bbox 2215 2625 3865 2703; baseline 0.007 -22"><span class='ocrx_word' id='word_1_551' title='bbox 2215 2625 2471 2700; x_wconf 90' lang='lat' dir='ltr'>primum</span> <span class='ocrx_word' id='word_1_552' title='bbox 2501 2627 2659 2684; x_wconf 90' lang='lat' dir='ltr'>venit</span> <span class='ocrx_word' id='word_1_553' title='bbox 2691 2627 2776 2697; x_wconf 76' lang='grc' dir='ltr'>›ι‹,</span> <span class='ocrx_word' id='word_1_554' title='bbox 2809 2628 2911 2700; x_wconf 92' lang='lat' dir='ltr'>qui</span> <span class='ocrx_word' id='word_1_555' title='bbox 2939 2631 3079 2684; x_wconf 87' lang='lat' dir='ltr'>tunc</span> <span class='ocrx_word' id='word_1_556' title='bbox 3109 2630 3394 2703; x_wconf 89' lang='lat' dir='ltr'>temporis</span> <span class='ocrx_word' id='word_1_557' title='bbox 3426 2632 3498 2689; x_wconf 92' lang='lat' dir='ltr'>ob</span> <span class='ocrx_word' id='word_1_558' title='bbox 3531 2632 3757 2691; x_wconf 87' lang='lat' dir='ltr'>cultum</span> <span class='ocrx_word' id='word_1_559' title='bbox 3779 2635 3865 2692; x_wconf 85' lang='lat' dir='ltr'>di-</span> 
     </span>
    </p>
   </div>
   <div class='ocr_carea' id='block_1_75' title="bbox 2216 2716 3074 2789">
    <p class='ocr_par' dir='ltr' id='par_1_75' title="bbox 2216 2716 3074 2789">
     <span class='ocr_line' id='line_1_76' title="bbox 2216 2716 3074 2789; baseline 0.002 -17"><span class='ocrx_word' id='word_1_560' title='bbox 2216 2716 2416 2772; x_wconf 88' lang='lat' dir='ltr'>vinum</span> <span class='ocrx_word' id='word_1_561' title='bbox 2449 2717 2694 2789; x_wconf 84' lang='lat' dir='ltr'>gloriam</span> <span class='ocrx_word' id='word_1_562' title='bbox 2728 2717 3074 2775; x_wconf 82' lang='lat' dir='ltr'>retulerunt.</span> 
     </span>
    </p>
   </div>
   <div class='ocr_carea' id='block_1_76' title="bbox 2290 2805 3860 2879">
    <p class='ocr_par' dir='ltr' id='par_1_76' title="bbox 2290 2805 3860 2879">
     <span class='ocr_line' id='line_1_77' title="bbox 2290 2805 3860 2879; baseline 0.007 -19"><span class='ocrx_word' id='word_1_563' title='bbox 2290 2805 2543 2862; x_wconf 80' lang='lat' dir='ltr'>LXXVI.</span> <span class='ocrx_word' id='word_1_564' title='bbox 2597 2811 2776 2863; x_wconf 91' lang='lat' dir='ltr'>Prout</span> <span class='ocrx_word' id='word_1_565' title='bbox 2820 2807 3016 2879; x_wconf 88' lang='lat' dir='ltr'>itaque</span> <span class='ocrx_word' id='word_1_566' title='bbox 3067 2807 3379 2866; x_wconf 83' lang='lat' dir='ltr'>Salvatoris</span> <span class='ocrx_word' id='word_1_567' title='bbox 3429 2811 3704 2869; x_wconf 86' lang='lat' dir='ltr'>nativitas</span> <span class='ocrx_word' id='word_1_568' title='bbox 3753 2831 3860 2871; x_wconf 91' lang='lat' dir='ltr'>nos</span> 
     </span>
    </p>
   </div>
   <div class='ocr_carea' id='block_1_77' title="bbox 2217 2895 3868 2977">
    <p class='ocr_par' dir='ltr' id='par_1_77' title="bbox 2217 2895 3868 2977">
     <span class='ocr_line' id='line_1_78' title="bbox 2217 2895 3868 2977; baseline 0.005 -25"><span class='ocrx_word' id='word_1_569' title='bbox 2217 2895 2415 2968; x_wconf 86' lang='lat' dir='ltr'>genesi</span> <span class='ocrx_word' id='word_1_570' title='bbox 2447 2895 2707 2968; x_wconf 78' lang='lat' dir='ltr'>fatoque,</span> <span class='ocrx_word' id='word_1_571' title='bbox 2749 2895 2835 2953; x_wconf 90' lang='lat' dir='ltr'>sic</span> <span class='ocrx_word' id='word_1_572' title='bbox 2865 2901 2923 2952; x_wconf 91' lang='lat' dir='ltr'>et</span> <span class='ocrx_word' id='word_1_573' title='bbox 2961 2897 3227 2967; x_wconf 83' lang='lat' dir='ltr'>ejusdem</span> <span class='ocrx_word' id='word_1_574' title='bbox 3277 2898 3576 2972; x_wconf 85' lang='lat' dir='ltr'>baptisma</span> <span class='ocrx_word' id='word_1_575' title='bbox 3627 2903 3698 2959; x_wconf 93' lang='lat' dir='ltr'>ab</span> <span class='ocrx_word' id='word_1_576' title='bbox 3730 2903 3868 2977; x_wconf 84' lang='lat' dir='ltr'>igne</span> 
     </span>
    </p>
   </div>
   <div class='ocr_carea' id='block_1_78' title="bbox 2220 2983 3868 3058">
    <p class='ocr_par' dir='ltr' id='par_1_78' title="bbox 2220 2983 3868 3058">
     <span class='ocr_line' id='line_1_79' title="bbox 2220 2983 3868 3058; baseline 0.005 -19"><span class='ocrx_word' id='word_1_577' title='bbox 2220 3001 2326 3040; x_wconf 90' lang='lat' dir='ltr'>nos</span> <span class='ocrx_word' id='word_1_578' title='bbox 2360 2983 2644 3052; x_wconf 89' lang='lat' dir='ltr'>liberavit,</span> <span class='ocrx_word' id='word_1_579' title='bbox 2669 2986 2746 3041; x_wconf 80' lang='lat' dir='ltr'>&#39;et</span> <span class='ocrx_word' id='word_1_580' title='bbox 2794 2984 2988 3058; x_wconf 89' lang='lat' dir='ltr'>passio</span> <span class='ocrx_word' id='word_1_581' title='bbox 3020 3002 3054 3040; x_wconf 90' lang='lat' dir='ltr'>a</span> <span class='ocrx_word' id='word_1_582' title='bbox 3086 2987 3378 3058; x_wconf 89' lang='lat' dir='ltr'>passione,</span> <span class='ocrx_word' id='word_1_583' title='bbox 3412 2993 3476 3044; x_wconf 91' lang='lat' dir='ltr'>ut</span> <span class='ocrx_word' id='word_1_584' title='bbox 3502 2990 3559 3044; x_wconf 92' lang='lat' dir='ltr'>in</span> <span class='ocrx_word' id='word_1_585' title='bbox 3592 2992 3868 3048; x_wconf 91' lang='lat' dir='ltr'>omnibus</span> 
     </span>
    </p>
   </div>
   <div class='ocr_carea' id='block_1_79' title="bbox 2220 3074 3866 3154">
    <p class='ocr_par' dir='ltr' id='par_1_79' title="bbox 2220 3074 3866 3154">
     <span class='ocr_line' id='line_1_80' title="bbox 2220 3074 3866 3154; baseline 0.004 -24"><span class='ocrx_word' id='word_1_586' title='bbox 2220 3090 2352 3130; x_wconf 92' lang='lat' dir='ltr'>eum</span> <span class='ocrx_word' id='word_1_587' title='bbox 2387 3074 2842 3144; x_wconf 89' lang='lat' dir='ltr'>sequamur.Qui</span> <span class='ocrx_word' id='word_1_588' title='bbox 2869 3075 3026 3130; x_wconf 89' lang='lat' dir='ltr'>enim</span> <span class='ocrx_word' id='word_1_589' title='bbox 3054 3075 3114 3129; x_wconf 89' lang='lat' dir='ltr'>in</span> <span class='ocrx_word' id='word_1_590' title='bbox 3140 3081 3317 3132; x_wconf 88' lang='lat' dir='ltr'>Deum</span> <span class='ocrx_word' id='word_1_591' title='bbox 3343 3077 3649 3149; x_wconf 72' lang='lat' dir='ltr'>baptizatus</span> <span class='ocrx_word' id='word_1_592' title='bbox 3663 3084 3740 3136; x_wconf 83' lang='lat' dir='ltr'>est</span> <span class='ocrx_word' id='word_1_593' title='bbox 3760 3081 3866 3154; x_wconf 89' lang='lat' dir='ltr'>(d),</span> 
     </span>
    </p>
   </div>
   <div class='ocr_carea' id='block_1_80' title="bbox 2221 3163 3868 3240">
    <p class='ocr_par' dir='ltr' id='par_1_80' title="bbox 2221 3163 3868 3240">
     <span class='ocr_line' id='line_1_81' title="bbox 2221 3163 3868 3240; baseline 0.004 -21"><span class='ocrx_word' id='word_1_594' title='bbox 2221 3165 2276 3219; x_wconf 92' lang='lat' dir='ltr'>in</span> <span class='ocrx_word' id='word_1_595' title='bbox 2307 3164 2492 3220; x_wconf 90' lang='lat' dir='ltr'>Deum</span> <span class='ocrx_word' id='word_1_596' title='bbox 2522 3163 2830 3231; x_wconf 86' lang='lat' dir='ltr'>concessit,</span> <span class='ocrx_word' id='word_1_597' title='bbox 2860 3166 3176 3236; x_wconf 80' lang='lat' dir='ltr'>accepitque</span> <span class='ocrx_word' id='word_1_598' title='bbox 3204 3170 3522 3236; x_wconf 80' lang='lat' dir='ltr'>potestatem</span> <span class='ocrx_word' id='word_1_599' title='bbox 3549 3185 3712 3240; x_wconf 83' lang='lat' dir='ltr'>super</span> <span class='ocrx_word' id='word_1_600' title='bbox 3727 3186 3868 3228; x_wconf 83' lang='lat' dir='ltr'>scor-</span> 
     </span>
    </p>
   </div>
   <div class='ocr_carea' id='block_1_81' title="bbox 2209 3253 3861 3328">
    <p class='ocr_par' dir='ltr' id='par_1_81' title="bbox 2209 3253 3861 3328">
     <span class='ocr_line' id='line_1_82' title="bbox 2209 3253 3861 3328; baseline 0.005 -20"><span class='ocrx_word' id='word_1_601' title='bbox 2209 3255 2405 3325; x_wconf 85' lang='lat' dir='ltr'>piones</span> <span class='ocrx_word' id='word_1_602' title='bbox 2434 3269 2498 3309; x_wconf 88' lang='lat' dir='ltr'>ac</span> <span class='ocrx_word' id='word_1_603' title='bbox 2516 3256 2790 3324; x_wconf 79' lang='lat' dir='ltr'>serpentes</span> <span class='ocrx_word' id='word_1_604' title='bbox 2818 3253 3077 3311; x_wconf 82' lang='lat' dir='ltr'>calcandi</span> <span class='ocrx_word' id='word_1_605' title='bbox 3099 3253 3310 3326; x_wconf 74' lang='lat' dir='ltr'>(e),hoc</span> <span class='ocrx_word' id='word_1_606' title='bbox 3331 3260 3421 3310; x_wconf 90' lang='lat' dir='ltr'>est</span> <span class='ocrx_word' id='word_1_607' title='bbox 3450 3256 3508 3311; x_wconf 92' lang='lat' dir='ltr'>in</span> <span class='ocrx_word' id='word_1_608' title='bbox 3540 3263 3861 3328; x_wconf 82' lang='lat' dir='ltr'>potestates</span> 
     </span>
    </p>
   </div>
   <div class='ocr_carea' id='block_1_82' title="bbox 2214 3341 3858 3415">
    <p class='ocr_par' dir='ltr' id='par_1_82' title="bbox 2214 3341 3858 3415">
     <span class='ocr_line' id='line_1_83' title="bbox 2214 3341 3858 3415; baseline 0.004 -19"><span class='ocrx_word' id='word_1_609' title='bbox 2214 3342 2527 3414; x_wconf 89' lang='lat' dir='ltr'>improbas.</span> <span class='ocrx_word' id='word_1_610' title='bbox 2578 3341 2754 3398; x_wconf 90' lang='lat' dir='ltr'>Jubet</span> <span class='ocrx_word' id='word_1_611' title='bbox 2811 3357 3044 3413; x_wconf 90' lang='lat' dir='ltr'>quoque</span> <span class='ocrx_word' id='word_1_612' title='bbox 3093 3341 3410 3415; x_wconf 85' lang='lat' dir='ltr'>apostolos,</span> <span class='ocrx_word' id='word_1_613' title='bbox 3445 3344 3858 3404; x_wconf 80' lang='lat' dir='ltr'>Circumeuntes</span> 
     </span>
    </p>
   </div>
   <div class='ocr_carea' id='block_1_83' title="bbox 2210 3431 3854 3503">
    <p class='ocr_par' dir='ltr' id='par_1_83' title="bbox 2210 3431 3854 3503">
     <span class='ocr_line' id='line_1_84' title="bbox 2210 3431 3854 3503; baseline 0.004 -18"><span class='ocrx_word' id='word_1_614' title='bbox 2210 3431 2592 3503; x_wconf 69' lang='lat' dir='ltr'>praedicate,et</span> <span class='ocrx_word' id='word_1_615' title='bbox 2621 3447 2708 3487; x_wconf 90' lang='lat' dir='ltr'>eos</span> <span class='ocrx_word' id='word_1_616' title='bbox 2738 3431 2836 3503; x_wconf 85' lang='lat' dir='ltr'>qui</span> <span class='ocrx_word' id='word_1_617' title='bbox 2863 3431 3084 3487; x_wconf 80' lang='lat' dir='ltr'>credent</span> <span class='ocrx_word' id='word_1_618' title='bbox 3102 3433 3374 3502; x_wconf 69' lang='lat' dir='ltr'>baptz’xate</span> <span class='ocrx_word' id='word_1_619' title='bbox 3402 3432 3460 3488; x_wconf 87' lang='lat' dir='ltr'>in</span> <span class='ocrx_word' id='word_1_620' title='bbox 3493 3438 3717 3491; x_wconf 83' lang='lat' dir='ltr'>nomine</span> <span class='ocrx_word' id='word_1_621' title='bbox 3746 3442 3854 3493; x_wconf 78' lang='lat' dir='ltr'>Pa~</span> 
     </span>
    </p>
   </div>
   <div class='ocr_carea' id='block_1_84' title="bbox 2211 3519 3860 3594">
    <p class='ocr_par' dir='ltr' id='par_1_84' title="bbox 2211 3519 3860 3594">
     <span class='ocr_line' id='line_1_85' title="bbox 2211 3519 3860 3594; baseline -0.004 -18"><span class='ocrx_word' id='word_1_622' title='bbox 2211 3519 2320 3576; x_wconf 84' lang='lat' dir='ltr'>tris</span> <span class='ocrx_word' id='word_1_623' title='bbox 2348 3525 2398 3576; x_wconf 89' lang='lat' dir='ltr'>et</span> <span class='ocrx_word' id='word_1_624' title='bbox 2430 3520 2564 3575; x_wconf 85' lang='lat' dir='ltr'>Filii</span> <span class='ocrx_word' id='word_1_625' title='bbox 2591 3528 2642 3575; x_wconf 86' lang='lat' dir='ltr'>et</span> <span class='ocrx_word' id='word_1_626' title='bbox 2672 3519 2914 3591; x_wconf 84' lang='lat' dir='ltr'>Spiritus</span> <span class='ocrx_word' id='word_1_627' title='bbox 2943 3520 3122 3574; x_wconf 85' lang='lat' dir='ltr'>sancti</span> <span class='ocrx_word' id='word_1_628' title='bbox 3153 3519 3220 3593; x_wconf 77' lang='grc' dir='ltr'>(Ῑ)</span> <span class='ocrx_word' id='word_1_629' title='bbox 3255 3537 3266 3574; x_wconf 91' lang='lat'>:</span> <span class='ocrx_word' id='word_1_630' title='bbox 3300 3521 3360 3576; x_wconf 91' lang='lat' dir='ltr'>in</span> <span class='ocrx_word' id='word_1_631' title='bbox 3399 3537 3549 3594; x_wconf 90' lang='lat' dir='ltr'>quos</span> <span class='ocrx_word' id='word_1_632' title='bbox 3604 3526 3860 3582; x_wconf 88' lang='lat' dir='ltr'>renasci-</span> 
     </span>
    </p>
   </div>
   <div class='ocr_carea' id='block_1_85' title="bbox 2215 3609 3952 3687">
    <p class='ocr_par' dir='ltr' id='par_1_85' title="bbox 2215 3609 3952 3687">
     <span class='ocr_line' id='line_1_86' title="bbox 2215 3609 3952 3687; baseline 0.004 -22"><span class='ocrx_word' id='word_1_633' title='bbox 2215 3626 2348 3665; x_wconf 88' lang='lat' dir='ltr'>mur</span> <span class='ocrx_word' id='word_1_634' title='bbox 2406 3609 2651 3681; x_wconf 88' lang='lat' dir='ltr'>reliquis</span> <span class='ocrx_word' id='word_1_635' title='bbox 2708 3609 2984 3665; x_wconf 89' lang='lat' dir='ltr'>omnibus</span> <span class='ocrx_word' id='word_1_636' title='bbox 3050 3610 3446 3682; x_wconf 84' lang='lat' dir='ltr'>potestatibus</span> <span class='ocrx_word' id='word_1_637' title='bbox 3523 3614 3857 3687; x_wconf 86' lang='lat' dir='ltr'>superiores</span> <span class='ocrx_word' id='word_1_638' title='bbox 3943 3631 3952 3638; x_wconf 75' lang='lat'><strong><em>‘</em></strong></span> 
     </span>
    </p>
   </div>
   <div class='ocr_carea' id='block_1_86' title="bbox 2213 3698 2371 3756">
    <p class='ocr_par' dir='ltr' id='par_1_86' title="bbox 2213 3698 2371 3756">
     <span class='ocr_line' id='line_1_87' title="bbox 2213 3698 2371 3756; baseline -0.006 -1"><span class='ocrx_word' id='word_1_639' title='bbox 2213 3698 2371 3756; x_wconf 83' lang='lat' dir='ltr'>facti.</span> 
     </span>
    </p>
   </div>
   <div class='ocr_carea' id='block_1_87' title="bbox 2283 3875 3858 3940">
    <p class='ocr_par' dir='ltr' id='par_1_87' title="bbox 2283 3875 3858 3940">
     <span class='ocr_line' id='line_1_88' title="bbox 2283 3875 3858 3940; baseline 0.004 -6"><span class='ocrx_word' id='word_1_640' title='bbox 2283 3877 2561 3934; x_wconf 84' lang='lat' dir='ltr'>LXXVII.</span> <span class='ocrx_word' id='word_1_641' title='bbox 2597 3875 2756 3933; x_wconf 85' lang='lat' dir='ltr'>Hanc</span> <span class='ocrx_word' id='word_1_642' title='bbox 2786 3877 2859 3934; x_wconf 90' lang='lat' dir='ltr'>ob</span> <span class='ocrx_word' id='word_1_643' title='bbox 2889 3893 3128 3934; x_wconf 88' lang='lat' dir='ltr'>causam</span> <span class='ocrx_word' id='word_1_644' title='bbox 3175 3877 3305 3934; x_wconf 71' lang='lat' dir='ltr'>vitas</span> <span class='ocrx_word' id='word_1_645' title='bbox 3339 3881 3550 3937; x_wconf 86' lang='lat' dir='ltr'>veteris</span> <span class='ocrx_word' id='word_1_646' title='bbox 3581 3897 3736 3939; x_wconf 88' lang='lat' dir='ltr'>mors</span> <span class='ocrx_word' id='word_1_647' title='bbox 3768 3887 3858 3940; x_wconf 90' lang='lat' dir='ltr'>at-</span> 
     </span>
    </p>
   </div>
   <div class='ocr_carea' id='block_1_88' title="bbox 2211 3966 3860 4042">
    <p class='ocr_par' dir='ltr' id='par_1_88' title="bbox 2211 3966 3860 4042">
     <span class='ocr_line' id='line_1_89' title="bbox 2211 3966 3860 4042; baseline 0.004 -17"><span class='ocrx_word' id='word_1_648' title='bbox 2211 3986 2323 4042; x_wconf 91' lang='lat' dir='ltr'>que</span> <span class='ocrx_word' id='word_1_649' title='bbox 2352 3966 2487 4023; x_wconf 84' lang='lat' dir='ltr'>ﬁnis</span> <span class='ocrx_word' id='word_1_650' title='bbox 2519 3967 2814 4038; x_wconf 86' lang='lat' dir='ltr'>baptisma</span> <span class='ocrx_word' id='word_1_651' title='bbox 2844 3967 3254 4034; x_wconf 88' lang='lat' dir='ltr'>dicitur,nobis</span> <span class='ocrx_word' id='word_1_652' title='bbox 3287 3970 3670 4040; x_wconf 88' lang='lat' dir='ltr'>potestatibus</span> <span class='ocrx_word' id='word_1_653' title='bbox 3689 3974 3860 4032; x_wconf 89' lang='lat' dir='ltr'>malis</span> 
     </span>
    </p>
   </div>
   <div class='ocr_carea' id='block_1_89' title="bbox 2212 4055 3861 4134">
    <p class='ocr_par' dir='ltr' id='par_1_89' title="bbox 2212 4055 3861 4134">
     <span class='ocr_line' id='line_1_90' title="bbox 2212 4055 3861 4134; baseline 0.003 -20"><span class='ocrx_word' id='word_1_654' title='bbox 2212 4055 2846 4114; x_wconf 87' lang='lat' dir='ltr'>renuntiantibus.Vita</span> <span class='ocrx_word' id='word_1_655' title='bbox 2869 4073 2999 4112; x_wconf 88' lang='lat' dir='ltr'>vero</span> <span class='ocrx_word' id='word_1_656' title='bbox 3023 4058 3350 4113; x_wconf 87' lang='lat' dir='ltr'>secundum</span> <span class='ocrx_word' id='word_1_657' title='bbox 3364 4058 3861 4134; x_wconf 85' lang='lat' dir='ltr'>Christum,cuius</span> 
     </span>
    </p>
   </div>
   <div class='ocr_carea' id='block_1_90' title="bbox 2210 4145 3861 4224">
    <p class='ocr_par' dir='ltr' id='par_1_90' title="bbox 2210 4145 3861 4224">
     <span class='ocr_line' id='line_1_91' title="bbox 2210 4145 3861 4224; baseline 0.004 -21"><span class='ocrx_word' id='word_1_658' title='bbox 2210 4145 2512 4218; x_wconf 88' lang='lat' dir='ltr'>solusipse</span> <span class='ocrx_word' id='word_1_659' title='bbox 2524 4146 2800 4201; x_wconf 90' lang='lat' dir='ltr'>dominus</span> <span class='ocrx_word' id='word_1_660' title='bbox 2813 4150 2927 4201; x_wconf 90' lang='lat' dir='ltr'>est:</span> <span class='ocrx_word' id='word_1_661' title='bbox 2945 4145 3136 4202; x_wconf 85' lang='lat' dir='ltr'>virtus</span> <span class='ocrx_word' id='word_1_662' title='bbox 3158 4150 3352 4202; x_wconf 90' lang='lat' dir='ltr'>autem</span> <span class='ocrx_word' id='word_1_663' title='bbox 3369 4150 3716 4207; x_wconf 86' lang='lat' dir='ltr'>mutationis</span> <span class='ocrx_word' id='word_1_664' title='bbox 3732 4154 3861 4224; x_wconf 83' lang='lat' dir='ltr'>ejus</span> 
     </span>
    </p>
   </div>
   <div class='ocr_carea' id='block_1_91' title="bbox 2211 4235 3861 4311">
    <p class='ocr_par' dir='ltr' id='par_1_91' title="bbox 2211 4235 3861 4311">
     <span class='ocr_line' id='line_1_92' title="bbox 2211 4235 3861 4311; baseline 0.002 -18"><span class='ocrx_word' id='word_1_665' title='bbox 2211 4238 2310 4310; x_wconf 93' lang='lat' dir='ltr'>qui</span> <span class='ocrx_word' id='word_1_666' title='bbox 2345 4235 2676 4309; x_wconf 87' lang='lat' dir='ltr'>baptizatus</span> <span class='ocrx_word' id='word_1_667' title='bbox 2706 4239 2813 4304; x_wconf 88' lang='lat' dir='ltr'>est,</span> <span class='ocrx_word' id='word_1_668' title='bbox 2857 4250 2969 4290; x_wconf 91' lang='lat' dir='ltr'>non</span> <span class='ocrx_word' id='word_1_669' title='bbox 3003 4237 3195 4306; x_wconf 91' lang='lat' dir='ltr'>quoad</span> <span class='ocrx_word' id='word_1_670' title='bbox 3244 4252 3462 4309; x_wconf 90' lang='lat' dir='ltr'>corpus</span> <span class='ocrx_word' id='word_1_671' title='bbox 3514 4240 3861 4311; x_wconf 85' lang='lat' dir='ltr'>attenditur,</span> 
     </span>
    </p>
   </div>
   <div class='ocr_carea' id='block_1_92' title="bbox 2209 4324 3859 4398">
    <p class='ocr_par' dir='ltr' id='par_1_92' title="bbox 2209 4324 3859 4398">
     <span class='ocr_line' id='line_1_93' title="bbox 2209 4324 3859 4398; baseline 0.001 -14"><span class='ocrx_word' id='word_1_672' title='bbox 2209 4327 2366 4384; x_wconf 91' lang='lat' dir='ltr'>idem</span> <span class='ocrx_word' id='word_1_673' title='bbox 2398 4326 2555 4382; x_wconf 89' lang='lat' dir='ltr'>enim</span> <span class='ocrx_word' id='word_1_674' title='bbox 2587 4324 2871 4393; x_wconf 86' lang='lat' dir='ltr'>ascendit,</span> <span class='ocrx_word' id='word_1_675' title='bbox 2905 4326 3003 4381; x_wconf 88' lang='lat' dir='ltr'>sed</span> <span class='ocrx_word' id='word_1_676' title='bbox 3040 4327 3229 4398; x_wconf 90' lang='lat' dir='ltr'>quoad</span> <span class='ocrx_word' id='word_1_677' title='bbox 3261 4326 3547 4383; x_wconf 88' lang='lat' dir='ltr'>animam.</span> <span class='ocrx_word' id='word_1_678' title='bbox 3577 4328 3738 4387; x_wconf 91' lang='lat' dir='ltr'>Illico</span> <span class='ocrx_word' id='word_1_679' title='bbox 3763 4332 3859 4388; x_wconf 91' lang='lat' dir='ltr'>Dei</span> 
     </span>
    </p>
   </div>
   <div class='ocr_carea' id='block_1_93' title="bbox 2210 4415 3861 4491">
    <p class='ocr_par' dir='ltr' id='par_1_93' title="bbox 2210 4415 3861 4491">
     <span class='ocr_line' id='line_1_94' title="bbox 2210 4415 3861 4491; baseline 0.002 -18"><span class='ocrx_word' id='word_1_680' title='bbox 2210 4431 2621 4488; x_wconf 86' lang='lat' dir='ltr'>servus,quam</span> <span class='ocrx_word' id='word_1_681' title='bbox 2641 4415 2898 4487; x_wconf 91' lang='lat' dir='ltr'>primum</span> <span class='ocrx_word' id='word_1_682' title='bbox 2913 4431 2946 4469; x_wconf 89' lang='lat' dir='ltr'>a</span> <span class='ocrx_word' id='word_1_683' title='bbox 2962 4415 3318 4487; x_wconf 84' lang='lat' dir='ltr'>baptismate</span> <span class='ocrx_word' id='word_1_684' title='bbox 3342 4418 3673 4474; x_wconf 89' lang='lat' dir='ltr'>ascenderit</span> <span class='ocrx_word' id='word_1_685' title='bbox 3689 4421 3861 4491; x_wconf 86' lang='lat' dir='ltr'>spiri-</span> 
     </span>
    </p>
   </div>
   <div class='ocr_carea' id='block_1_94' title="bbox 455 4501 2109 4582">
    <p class='ocr_par' dir='ltr' id='par_1_94' title="bbox 455 4501 2092 4582">
     <span class='ocr_line' id='line_1_95' title="bbox 455 4501 2092 4582; baseline -0.002 -20"><span class='ocrx_word' id='word_1_686' title='bbox 455 4505 669 4582; x_wconf 88' lang='grc' dir='ltr'>λέγεται</span> <span class='ocrx_word' id='word_1_687' title='bbox 700 4506 814 4579; x_wconf 88' lang='grc'>(21)</span> <span class='ocrx_word' id='word_1_688' title='bbox 839 4503 1184 4578; x_wconf 87' lang='grc' dir='ltr'>πνευμάτων,</span> <span class='ocrx_word' id='word_1_689' title='bbox 1216 4502 1305 4558; x_wconf 84' lang='grc' dir='ltr'>καὶ</span> <span class='ocrx_word' id='word_1_690' title='bbox 1355 4503 1430 4565; x_wconf 81' lang='grc' dir='ltr'>εἷς</span> <span class='ocrx_word' id='word_1_691' title='bbox 1461 4501 1517 4558; x_wconf 79' lang='grc' dir='ltr'>δν</span> <span class='ocrx_word' id='word_1_692' title='bbox 1549 4503 1656 4578; x_wconf 87' lang='grc' dir='ltr'>πρὸ</span> <span class='ocrx_word' id='word_1_693' title='bbox 1687 4501 1878 4580; x_wconf 84' lang='grc' dir='ltr'>ὀλίγου</span> <span class='ocrx_word' id='word_1_694' title='bbox 1935 4503 2092 4580; x_wconf 65' lang='grc' dir='ltr'>ἐθήρ-</span> 
     </span>
    </p>
   </div>
   <div class='ocr_carea' id='block_1_95' title="bbox 2230 4501 3853 4582">
    <p class='ocr_par' dir='ltr' id='par_1_95' title="bbox 2231 4503 3853 4580">
     <span class='ocr_line' id='line_1_96' title="bbox 2231 4503 3853 4580; baseline 0.004 -19"><span class='ocrx_word' id='word_1_695' title='bbox 2231 4507 2363 4563; x_wconf 85' lang='lat' dir='ltr'>ibus</span> <span class='ocrx_word' id='word_1_696' title='bbox 2394 4504 2540 4578; x_wconf 89' lang='lat' dir='ltr'>ipsis</span> <span class='ocrx_word' id='word_1_697' title='bbox 2559 4503 2810 4575; x_wconf 90' lang='lat' dir='ltr'>impuris</span> <span class='ocrx_word' id='word_1_698' title='bbox 2835 4519 3039 4560; x_wconf 90' lang='lat' dir='ltr'>aurem</span> <span class='ocrx_word' id='word_1_699' title='bbox 3063 4505 3238 4560; x_wconf 89' lang='lat' dir='ltr'>etiam</span> <span class='ocrx_word' id='word_1_700' title='bbox 3264 4507 3570 4578; x_wconf 62' lang='lat' dir='ltr'>prabet,et</span> <span class='ocrx_word' id='word_1_701' title='bbox 3596 4508 3654 4564; x_wconf 91' lang='lat' dir='ltr'>in</span> <span class='ocrx_word' id='word_1_702' title='bbox 3680 4525 3853 4580; x_wconf 90' lang='lat' dir='ltr'>quem</span> 
     </span>
    </p>
   </div>
   <div class='ocr_carea' id='block_1_96' title="bbox 450 4591 1338 4672">
    <p class='ocr_par' dir='ltr' id='par_1_96' title="bbox 450 4591 1338 4672">
     <span class='ocr_line' id='line_1_97' title="bbox 450 4591 1338 4672; baseline -0.006 -21"><span class='ocrx_word' id='word_1_703' title='bbox 450 4615 607 4672; x_wconf 84' lang='grc' dir='ltr'>γουν,</span> <span class='ocrx_word' id='word_1_704' title='bbox 631 4591 820 4650; x_wconf 74' lang='grc' dir='ltr'>τοῦτον</span> <span class='ocrx_word' id='word_1_705' title='bbox 852 4591 961 4664; x_wconf 72' lang='grc' dir='ltr'>ἤδη</span> <span class='ocrx_word' id='word_1_706' title='bbox 997 4591 1338 4671; x_wconf 75' lang='grc' dir='ltr'>φρίσσουσιν.</span> 
     </span>
    </p>
   </div>
   <div class='ocr_carea' id='block_1_97' title="bbox 523 4681 2098 4760">
    <p class='ocr_par' dir='ltr' id='par_1_97' title="bbox 523 4681 2098 4760">
     <span class='ocr_line' id='line_1_98' title="bbox 523 4681 2098 4760; baseline 0.001 -22"><span class='ocrx_word' id='word_1_707' title='bbox 523 4685 647 4744; x_wconf 81' lang='lat' dir='ltr'>Oﬂ&#39;.</span> <span class='ocrx_word' id='word_1_708' title='bbox 707 4682 885 4760; x_wconf 82' lang='grc' dir='ltr'>Μέχρι</span> <span class='ocrx_word' id='word_1_709' title='bbox 930 4687 1028 4739; x_wconf 78' lang='grc' dir='ltr'>τοῦ</span> <span class='ocrx_word' id='word_1_710' title='bbox 1093 4683 1468 4758; x_wconf 80' lang='grc' dir='ltr'>βαπτίσματος</span> <span class='ocrx_word' id='word_1_711' title='bbox 1519 4683 1609 4738; x_wconf 80' lang='grc' dir='ltr'>οὗν</span> <span class='ocrx_word' id='word_1_712' title='bbox 1670 4683 1706 4752; x_wconf 74' lang='grc' dir='ltr'><strong>ἡ</strong></span> <span class='ocrx_word' id='word_1_713' title='bbox 1763 4681 2098 4759; x_wconf 78' lang='grc' dir='ltr'>εἷ’μαρμένη,</span> 
     </span>
    </p>
   </div>
   <div class='ocr_carea' id='block_1_98' title="bbox 455 4768 2097 4853">
    <p class='ocr_par' dir='ltr' id='par_1_98' title="bbox 455 4768 2097 4853">
     <span class='ocr_line' id='line_1_99' title="bbox 455 4768 2097 4853; baseline -0.002 -23"><span class='ocrx_word' id='word_1_714' title='bbox 455 4775 614 4853; x_wconf 73' lang='grc' dir='ltr'>φασὶν</span> <span class='ocrx_word' id='word_1_715' title='bbox 672 4771 905 4844; x_wconf 79' lang='grc' dir='ltr'>ἀληθής.</span> <span class='ocrx_word' id='word_1_716' title='bbox 969 4771 1105 4846; x_wconf 77' lang='grc' dir='ltr'>μετὰ</span> <span class='ocrx_word' id='word_1_717' title='bbox 1162 4769 1221 4827; x_wconf 70' lang='grc' dir='ltr'>δὲ</span> <span class='ocrx_word' id='word_1_718' title='bbox 1267 4775 1428 4828; x_wconf 82' lang='grc' dir='ltr'>τοῦτο</span> <span class='ocrx_word' id='word_1_719' title='bbox 1495 4772 1595 4828; x_wconf 89' lang='grc' dir='ltr'>ούκ</span> <span class='ocrx_word' id='word_1_720' title='bbox 1647 4768 1725 4827; x_wconf 75' lang='grc' dir='ltr'>ἔτι</span> <span class='ocrx_word' id='word_1_721' title='bbox 1773 4772 2097 4845; x_wconf 84' lang='grc' dir='ltr'>ἀληθεύοσιν</span> 
     </span>
    </p>
   </div>
   <div class='ocr_carea' id='block_1_99' title="bbox 556 4945 1330 5023">
    <p class='ocr_par' dir='ltr' id='par_1_99' title="bbox 556 4945 1330 5023">
     <span class='ocr_line' id='line_1_100' title="bbox 556 4945 1330 5023; baseline -0.005 -19"><span class='ocrx_word' id='word_1_722' title='bbox 556 4958 619 5023; x_wconf 65' lang='grc' dir='ltr'>,ιι</span> <span class='ocrx_word' id='word_1_723' title='bbox 653 4951 716 5004; x_wconf 85' lang='lat' dir='ltr'>p.</span> <span class='ocrx_word' id='word_1_724' title='bbox 745 4946 992 5023; x_wconf 63' lang='lat' dir='ltr'>977st).</span> <span class='ocrx_word' id='word_1_725' title='bbox 1020 4945 1330 5023; x_wconf 56' lang='lat' dir='ltr'>nomen.</span> 
     </span>
    </p>
   </div>
   <div class='ocr_carea' id='block_1_100' title="bbox 448 5017 900 5096">
    <p class='ocr_par' dir='ltr' id='par_1_100' title="bbox 448 5017 900 5096">
     <span class='ocr_line' id='line_1_101' title="bbox 448 5017 900 5096; baseline -0.015 -17"><span class='ocrx_word' id='word_1_726' title='bbox 448 5021 520 5096; x_wconf 89' lang='lat' dir='ltr'>(e)</span> <span class='ocrx_word' id='word_1_727' title='bbox 555 5017 690 5078; x_wconf 76' lang='lat' dir='ltr'>Luc.</span> <span class='ocrx_word' id='word_1_728' title='bbox 721 5035 780 5090; x_wconf 75' lang='grc' dir='ltr'>ι,</span> <span class='ocrx_word' id='word_1_729' title='bbox 813 5017 900 5074; x_wconf 83' lang='grc'>19.</span> 
     </span>
    </p>
   </div>
   <div class='ocr_carea' id='block_1_101' title="bbox 1012 4945 1933 5090">
    <p class='ocr_par' dir='ltr' id='par_1_101' title="bbox 1012 4945 1933 5090">
     <span class='ocr_line' id='line_1_102' title="bbox 1027 4945 1933 5014; baseline -0.018 3"><span class='ocrx_word' id='word_1_730' title='bbox 1027 4945 1330 5003; x_wconf 73' lang='grc' dir='ltr'>ΡΟΤἸἚΗ-</span> <span class='ocrx_word' id='word_1_731' title='bbox 1444 4947 1519 5014; x_wconf 90' lang='lat' dir='ltr'>(a)</span> <span class='ocrx_word' id='word_1_732' title='bbox 1550 4946 1722 5002; x_wconf 85' lang='lat' dir='ltr'>Joan.</span> <span class='ocrx_word' id='word_1_733' title='bbox 1754 4964 1812 5014; x_wconf 88' lang='lat' dir='ltr'>x,</span> <span class='ocrx_word' id='word_1_734' title='bbox 1846 4945 1933 5003; x_wconf 77' lang='lat' dir='ltr'>ll.</span> 
     </span>
     <span class='ocr_line' id='line_1_103' title="bbox 1012 5016 1666 5090; baseline -0.003 -14"><span class='ocrx_word' id='word_1_735' title='bbox 1012 5019 1077 5090; x_wconf 75' lang='grc' dir='ltr'>(Γ)</span> <span class='ocrx_word' id='word_1_736' title='bbox 1103 5016 1314 5073; x_wconf 86' lang='lat' dir='ltr'>Matth.</span> <span class='ocrx_word' id='word_1_737' title='bbox 1347 5033 1546 5086; x_wconf 83' lang='lat' dir='ltr'>xxvm,</span> <span class='ocrx_word' id='word_1_738' title='bbox 1582 5019 1666 5075; x_wconf 89' lang='grc'>19.</span> 
     </span>
    </p>
   </div>
   <div class='ocr_carea' id='block_1_102' title="bbox 523 5166 1852 5245">
    <p class='ocr_par' dir='ltr' id='par_1_102' title="bbox 523 5166 1852 5245">
     <span class='ocr_line' id='line_1_104' title="bbox 523 5166 1852 5245; baseline -0.005 -15"><span class='ocrx_word' id='word_1_739' title='bbox 523 5175 633 5245; x_wconf 86' lang='grc'>(17)</span> <span class='ocrx_word' id='word_1_740' title='bbox 667 5168 815 5245; x_wconf 81' lang='grc' dir='ltr'>Πρὸς</span> <span class='ocrx_word' id='word_1_741' title='bbox 844 5166 942 5245; x_wconf 75' lang='grc' dir='ltr'>ἔτι.</span> <span class='ocrx_word' id='word_1_742' title='bbox 977 5168 1178 5245; x_wconf 85' lang='lat' dir='ltr'>Malim</span> <span class='ocrx_word' id='word_1_743' title='bbox 1211 5169 1577 5245; x_wconf 73' lang='lat' dir='ltr'>coniunctim</span> <span class='ocrx_word' id='word_1_744' title='bbox 1608 5168 1852 5245; x_wconf 84' lang='grc' dir='ltr'>προσέτι.</span> 
     </span>
    </p>
   </div>
   <div class='ocr_carea' id='block_1_103' title="bbox 521 5238 2102 5318">
    <p class='ocr_par' dir='ltr' id='par_1_103' title="bbox 521 5238 2102 5318">
     <span class='ocr_line' id='line_1_105' title="bbox 521 5238 2102 5318; baseline -0.004 -16"><span class='ocrx_word' id='word_1_745' title='bbox 521 5238 633 5318; x_wconf 71' lang='grc'>(18)</span> <span class='ocrx_word' id='word_1_746' title='bbox 690 5238 830 5318; x_wconf 45' lang='grc' dir='ltr'>’Ᾱπξ-</span> <span class='ocrx_word' id='word_1_747' title='bbox 866 5240 1132 5318; x_wconf 72' lang='grc' dir='ltr'>ούρανῷν.</span> <span class='ocrx_word' id='word_1_748' title='bbox 1204 5243 1266 5296; x_wconf 83' lang='grc' dir='ltr'>Α.</span> <span class='ocrx_word' id='word_1_749' title='bbox 1320 5238 1426 5295; x_wconf 66' lang='grc' dir='ltr'>’ἀπ’</span> <span class='ocrx_word' id='word_1_750' title='bbox 1492 5238 1746 5318; x_wconf 70' lang='grc' dir='ltr'>οὐρανοῦ,</span> <span class='ocrx_word' id='word_1_751' title='bbox 1815 5240 2102 5318; x_wconf 61' lang='lat' dir='ltr'>singulari</span> 
     </span>
    </p>
   </div>
   <div class='ocr_carea' id='block_1_104' title="bbox 455 5310 2101 5386">
    <p class='ocr_par' dir='ltr' id='par_1_104' title="bbox 455 5310 2101 5386">
     <span class='ocr_line' id='line_1_106' title="bbox 455 5310 2101 5386; baseline -0.004 -12"><span class='ocrx_word' id='word_1_752' title='bbox 455 5310 736 5374; x_wconf 78' lang='lat' dir='ltr'>numero:</span> <span class='ocrx_word' id='word_1_753' title='bbox 771 5310 1242 5386; x_wconf 54' lang='lat' dir='ltr'>Florfambiguo</span> <span class='ocrx_word' id='word_1_754' title='bbox 1275 5328 1470 5386; x_wconf 88' lang='lat' dir='ltr'>errore</span> <span class='ocrx_word' id='word_1_755' title='bbox 1498 5310 1590 5368; x_wconf 74' lang='grc' dir='ltr'>ἀπ’</span> <span class='ocrx_word' id='word_1_756' title='bbox 1631 5310 1882 5386; x_wconf 80' lang='grc' dir='ltr'>οὐρανόν.</span> <span class='ocrx_word' id='word_1_757' title='bbox 1918 5310 2101 5386; x_wconf 57' lang='grc' dir='ltr'>’Βιιιιλ</span> 
     </span>
    </p>
   </div>
   <div class='ocr_carea' id='block_1_105' title="bbox 532 5384 2105 5463">
    <p class='ocr_par' dir='ltr' id='par_1_105' title="bbox 532 5384 2105 5463">
     <span class='ocr_line' id='line_1_107' title="bbox 532 5384 2105 5463; baseline -0.003 -18"><span class='ocrx_word' id='word_1_758' title='bbox 532 5389 646 5463; x_wconf 90' lang='grc'>(19)</span> <span class='ocrx_word' id='word_1_759' title='bbox 691 5384 1092 5463; x_wconf 82' lang='grc' dir='ltr'>Ἀοτροθεσίαν.</span> <span class='ocrx_word' id='word_1_760' title='bbox 1128 5384 1291 5441; x_wconf 75' lang='grc' dir='ltr'>Ῥοει</span> <span class='ocrx_word' id='word_1_761' title='bbox 1347 5385 1499 5463; x_wconf 78' lang='lat' dir='ltr'>hanc</span> <span class='ocrx_word' id='word_1_762' title='bbox 1545 5384 1742 5463; x_wconf 74' lang='lat' dir='ltr'>vocem</span> <span class='ocrx_word' id='word_1_763' title='bbox 1795 5401 1921 5463; x_wconf 78' lang='lat' dir='ltr'>non</span> <span class='ocrx_word' id='word_1_764' title='bbox 1957 5385 2105 5441; x_wconf 88' lang='lat' dir='ltr'>male</span> 
     </span>
    </p>
   </div>
   <div class='ocr_carea' id='block_1_106' title="bbox 463 5455 2107 5543">
    <p class='ocr_par' dir='ltr' id='par_1_106' title="bbox 463 5455 2107 5543">
     <span class='ocr_line' id='line_1_108' title="bbox 463 5455 2107 5543; baseline -0.002 -27"><span class='ocrx_word' id='word_1_765' title='bbox 463 5455 830 5543; x_wconf 65' lang='lat' dir='ltr'>distinxeris,</span> <span class='ocrx_word' id='word_1_766' title='bbox 849 5464 914 5543; x_wconf 73' lang='lat' dir='ltr'>ut</span> <span class='ocrx_word' id='word_1_767' title='bbox 930 5473 1180 5543; x_wconf 75' lang='lat' dir='ltr'>sequens</span> <span class='ocrx_word' id='word_1_768' title='bbox 1204 5457 1559 5543; x_wconf 79' lang='lat' dir='ltr'>commation</span> <span class='ocrx_word' id='word_1_769' title='bbox 1583 5459 1756 5528; x_wconf 75' lang='grc' dir='ltr'>καινῷ</span> <span class='ocrx_word' id='word_1_770' title='bbox 1782 5455 1950 5543; x_wconf 60' lang='grc' dir='ltr'>φωτί,</span> <span class='ocrx_word' id='word_1_771' title='bbox 1972 5473 2107 5543; x_wconf 68' lang='lat' dir='ltr'>cum</span> 
     </span>
    </p>
   </div>
   <div class='ocr_carea' id='block_1_107' title="bbox 462 5529 2105 5605">
    <p class='ocr_par' dir='ltr' id='par_1_107' title="bbox 462 5529 2105 5605">
     <span class='ocr_line' id='line_1_109' title="bbox 462 5529 2105 5605; baseline -0.004 -16"><span class='ocrx_word' id='word_1_772' title='bbox 462 5532 731 5605; x_wconf 86' lang='lat' dir='ltr'>sequenti</span> <span class='ocrx_word' id='word_1_773' title='bbox 761 5529 1067 5605; x_wconf 90' lang='lat' dir='ltr'>participio</span> <span class='ocrx_word' id='word_1_774' title='bbox 1081 5530 1390 5603; x_wconf 80' lang='lat' dir='ltr'>jungatur,</span> <span class='ocrx_word' id='word_1_775' title='bbox 1415 5546 1531 5587; x_wconf 92' lang='lat' dir='ltr'>non</span> <span class='ocrx_word' id='word_1_776' title='bbox 1554 5546 1688 5587; x_wconf 91' lang='lat' dir='ltr'>cum</span> <span class='ocrx_word' id='word_1_777' title='bbox 1715 5529 2105 5587; x_wconf 85' lang='lat' dir='ltr'>antecedenti.</span> 
     </span>
    </p>
   </div>
   <div class='ocr_carea' id='block_1_108' title="bbox 463 5607 748 5664">
    <p class='ocr_par' dir='ltr' id='par_1_108' title="bbox 463 5607 748 5664">
     <span class='ocr_line' id='line_1_110' title="bbox 463 5607 748 5664; baseline 0 -2"><span class='ocrx_word' id='word_1_778' title='bbox 463 5607 748 5664; x_wconf 69' lang='lat' dir='ltr'>Summe.</span> 
     </span>
    </p>
   </div>
   <div class='ocr_carea' id='block_1_109' title="bbox 2043 4945 2572 5019">
    <p class='ocr_par' dir='ltr' id='par_1_109' title="bbox 2043 4945 2572 5019">
     <span class='ocr_line' id='line_1_111' title="bbox 2043 4945 2572 5019; baseline -0.006 -17"><span class='ocrx_word' id='word_1_779' title='bbox 2043 4946 2120 5019; x_wconf 91' lang='lat' dir='ltr'>(b)</span> <span class='ocrx_word' id='word_1_780' title='bbox 2172 4945 2313 5002; x_wconf 90' lang='lat' dir='ltr'>Luc.</span> <span class='ocrx_word' id='word_1_781' title='bbox 2370 4961 2435 5013; x_wconf 93' lang='grc' dir='ltr'>ιι,</span> <span class='ocrx_word' id='word_1_782' title='bbox 2488 4945 2572 4999; x_wconf 82' lang='grc'><strong>14.</strong></span> 
     </span>
    </p>
   </div>
   <div class='ocr_carea' id='block_1_110' title="bbox 2206 4592 3938 4672">
    <p class='ocr_par' dir='ltr' id='par_1_110' title="bbox 2206 4592 3938 4672">
     <span class='ocr_line' id='line_1_112' title="bbox 2206 4592 3938 4672; baseline 0 -21"><span class='ocrx_word' id='word_1_783' title='bbox 2206 4594 2380 4670; x_wconf 90' lang='lat' dir='ltr'>paulo</span> <span class='ocrx_word' id='word_1_784' title='bbox 2412 4598 2547 4650; x_wconf 81' lang='lat' dir='ltr'>ante</span> <span class='ocrx_word' id='word_1_785' title='bbox 2579 4593 2849 4664; x_wconf 85' lang='lat' dir='ltr'>agebant,</span> <span class='ocrx_word' id='word_1_786' title='bbox 2882 4592 3041 4648; x_wconf 84' lang='lat' dir='ltr'>hunc</span> <span class='ocrx_word' id='word_1_787' title='bbox 3065 4594 3191 4666; x_wconf 89' lang='lat' dir='ltr'>jam</span> <span class='ocrx_word' id='word_1_788' title='bbox 3223 4594 3430 4652; x_wconf 86' lang='lat' dir='ltr'>timent</span> <span class='ocrx_word' id='word_1_789' title='bbox 3455 4599 3874 4672; x_wconf 69' lang='lat' dir='ltr'>tremuntqueo.</span> <span class='ocrx_word' id='word_1_790' title='bbox 3935 4650 3938 4651; x_wconf 30' lang='grc' dir='ltr'>ν</span> 
     </span>
    </p>
   </div>
   <div class='ocr_carea' id='block_1_111' title="bbox 2283 4682 3862 4761">
    <p class='ocr_par' dir='ltr' id='par_1_111' title="bbox 2283 4682 3862 4761">
     <span class='ocr_line' id='line_1_113' title="bbox 2283 4682 3862 4761; baseline 0.004 -22"><span class='ocrx_word' id='word_1_791' title='bbox 2283 4682 2581 4739; x_wconf 88' lang='lat' dir='ltr'>LXXVIII.</span> <span class='ocrx_word' id='word_1_792' title='bbox 2612 4683 2694 4737; x_wconf 87' lang='lat' dir='ltr'>Ad</span> <span class='ocrx_word' id='word_1_793' title='bbox 2741 4682 3108 4754; x_wconf 85' lang='lat' dir='ltr'>baptismum</span> <span class='ocrx_word' id='word_1_794' title='bbox 3159 4683 3358 4756; x_wconf 88' lang='lat' dir='ltr'>itaque</span> <span class='ocrx_word' id='word_1_795' title='bbox 3407 4701 3616 4758; x_wconf 91' lang='lat' dir='ltr'>usque,</span> <span class='ocrx_word' id='word_1_796' title='bbox 3648 4688 3862 4761; x_wconf 83' lang='lat' dir='ltr'>fatum,</span> 
     </span>
    </p>
   </div>
   <div class='ocr_carea' id='block_1_112' title="bbox 2212 4771 3869 4845">
    <p class='ocr_par' dir='ltr' id='par_1_112' title="bbox 2212 4771 3869 4845">
     <span class='ocr_line' id='line_1_114' title="bbox 2212 4771 3869 4845; baseline 0.002 -16"><span class='ocrx_word' id='word_1_797' title='bbox 2212 4773 2443 4840; x_wconf 89' lang='lat' dir='ltr'>dicunt,</span> <span class='ocrx_word' id='word_1_798' title='bbox 2495 4787 2696 4828; x_wconf 88' lang='lat' dir='ltr'>verum</span> <span class='ocrx_word' id='word_1_799' title='bbox 2741 4771 2867 4828; x_wconf 88' lang='lat' dir='ltr'>sit:</span> <span class='ocrx_word' id='word_1_800' title='bbox 2902 4776 2960 4826; x_wconf 90' lang='lat' dir='ltr'>at</span> <span class='ocrx_word' id='word_1_801' title='bbox 2993 4776 3123 4843; x_wconf 82' lang='lat' dir='ltr'>post</span> <span class='ocrx_word' id='word_1_802' title='bbox 3176 4773 3373 4845; x_wconf 89' lang='lat' dir='ltr'>ipsum</span> <span class='ocrx_word' id='word_1_803' title='bbox 3425 4775 3546 4831; x_wconf 85' lang='lat' dir='ltr'>veri</span> <span class='ocrx_word' id='word_1_804' title='bbox 3596 4776 3742 4833; x_wconf 90' lang='lat' dir='ltr'>nihil</span> <span class='ocrx_word' id='word_1_805' title='bbox 3788 4777 3869 4834; x_wconf 89' lang='lat' dir='ltr'>lo-</span> 
     </span>
    </p>
   </div>
   <div class='ocr_carea' id='block_1_113' title="bbox 2685 4943 3864 5019">
    <p class='ocr_par' dir='ltr' id='par_1_113' title="bbox 2685 4943 3864 5019">
     <span class='ocr_line' id='line_1_115' title="bbox 2685 4943 3864 5019; baseline 0.006 -20"><span class='ocrx_word' id='word_1_806' title='bbox 2685 4943 2756 5016; x_wconf 80' lang='lat' dir='ltr'>(c)</span> <span class='ocrx_word' id='word_1_807' title='bbox 2791 4943 2993 5002; x_wconf 85' lang='lat' dir='ltr'>Matth.</span> <span class='ocrx_word' id='word_1_808' title='bbox 3054 4962 3118 5013; x_wconf 88' lang='grc' dir='ltr'>ιι,</span> <span class='ocrx_word' id='word_1_809' title='bbox 3161 4949 3217 5002; x_wconf 77' lang='lat'>2.</span> <span class='ocrx_word' id='word_1_810' title='bbox 3333 4946 3411 5019; x_wconf 75' lang='grc' dir='ltr'>(ά)</span> <span class='ocrx_word' id='word_1_811' title='bbox 3459 4947 3585 5004; x_wconf 88' lang='lat' dir='ltr'>Gal.</span> <span class='ocrx_word' id='word_1_812' title='bbox 3640 4965 3724 5018; x_wconf 90' lang='grc' dir='ltr'>ιιι,</span> <span class='ocrx_word' id='word_1_813' title='bbox 3775 4951 3864 5006; x_wconf 87' lang='grc'>27·</span> 
     </span>
    </p>
   </div>
   <div class='ocr_carea' id='block_1_114' title="bbox 2277 5160 3970 5239">
    <p class='ocr_par' dir='ltr' id='par_1_114' title="bbox 2277 5160 3970 5239">
     <span class='ocr_line' id='line_1_116' title="bbox 2277 5160 3970 5239; baseline 0.004 -15"><span class='ocrx_word' id='word_1_814' title='bbox 2277 5169 2547 5239; x_wconf 71' lang='lat' dir='ltr'>(_20)&quot;O1t</span> <span class='ocrx_word' id='word_1_815' title='bbox 2592 5160 2804 5239; x_wconf 60' lang='lat' dir='ltr'>Osos-e6,</span> <span class='ocrx_word' id='word_1_816' title='bbox 2864 5169 3042 5225; x_wconf 83' lang='lat' dir='ltr'>Plena</span> <span class='ocrx_word' id='word_1_817' title='bbox 3093 5173 3396 5239; x_wconf 86' lang='lat' dir='ltr'>structura</span> <span class='ocrx_word' id='word_1_818' title='bbox 3445 5175 3554 5239; x_wconf 89' lang='lat' dir='ltr'>est,</span> <span class='ocrx_word' id='word_1_819' title='bbox 3614 5172 3694 5228; x_wconf 72' lang='grc' dir='ltr'>ὅτ.</span> <span class='ocrx_word' id='word_1_820' title='bbox 3749 5173 3869 5228; x_wconf 86' lang='grc' dir='ltr'>θεο-</span> <span class='ocrx_word' id='word_1_821' title='bbox 3960 5220 3970 5231; x_wconf 95' lang='grc'><em>.</em></span> 
     </span>
    </p>
   </div>
   <div class='ocr_carea' id='block_1_115' title="bbox 2222 5235 3749 5315">
    <p class='ocr_par' dir='ltr' id='par_1_115' title="bbox 2222 5235 3749 5315">
     <span class='ocr_line' id='line_1_117' title="bbox 2222 5235 3749 5315; baseline 0.004 -20"><span class='ocrx_word' id='word_1_822' title='bbox 2222 5235 2395 5315; x_wconf 70' lang='grc' dir='ltr'>σεϐᾧν</span> <span class='ocrx_word' id='word_1_823' title='bbox 2427 5239 2624 5315; x_wconf 78' lang='grc' dir='ltr'>ἐτέχθη</span> <span class='ocrx_word' id='word_1_824' title='bbox 2663 5237 2938 5315; x_wconf 80' lang='grc' dir='ltr'>βασιλεύς.</span> <span class='ocrx_word' id='word_1_825' title='bbox 2972 5239 3109 5315; x_wconf 76' lang='grc' dir='ltr'>Τότε</span> <span class='ocrx_word' id='word_1_826' title='bbox 3136 5242 3236 5315; x_wconf 80' lang='grc' dir='ltr'>γὰρ</span> <span class='ocrx_word' id='word_1_827' title='bbox 3269 5238 3428 5299; x_wconf 85' lang='grc' dir='ltr'>Ἰουδ.</span> <span class='ocrx_word' id='word_1_828' title='bbox 3463 5235 3749 5301; x_wconf 66' lang='grc' dir='ltr'>εγιθυιιστ.</span> 
     </span>
    </p>
   </div>
   <div class='ocr_carea' id='block_1_116' title="bbox 2293 5311 3870 5388">
    <p class='ocr_par' dir='ltr' id='par_1_116' title="bbox 2293 5311 3870 5388">
     <span class='ocr_line' id='line_1_118' title="bbox 2293 5311 3870 5388; baseline 0.004 -21"><span class='ocrx_word' id='word_1_829' title='bbox 2293 5313 2404 5388; x_wconf 55' lang='grc'>(21)</span> <span class='ocrx_word' id='word_1_830' title='bbox 2449 5311 2698 5388; x_wconf 63' lang='grc' dir='ltr'>Λέγεται.</span> <span class='ocrx_word' id='word_1_831' title='bbox 2747 5311 2978 5388; x_wconf 77' lang='grc' dir='ltr'>Λέγεται</span> <span class='ocrx_word' id='word_1_832' title='bbox 3037 5311 3438 5388; x_wconf 38' lang='grc' dir='ltr'>ίειτὶξροῐεει,</span> <span class='ocrx_word' id='word_1_833' title='bbox 3499 5333 3713 5388; x_wconf 88' lang='lat' dir='ltr'>nempe</span> <span class='ocrx_word' id='word_1_834' title='bbox 3767 5333 3870 5388; x_wconf 90' lang='lat' dir='ltr'>pro</span> 
     </span>
    </p>
   </div>
   <div class='ocr_carea' id='block_1_117' title="bbox 2222 5381 3870 5464">
    <p class='ocr_par' dir='ltr' id='par_1_117' title="bbox 2222 5381 3870 5464">
     <span class='ocr_line' id='line_1_119' title="bbox 2222 5381 3870 5464; baseline 0.003 -27"><span class='ocrx_word' id='word_1_835' title='bbox 2222 5381 2599 5464; x_wconf 70' lang='grc' dir='ltr'>ὁμολογεῖται,</span> <span class='ocrx_word' id='word_1_836' title='bbox 2636 5381 2895 5464; x_wconf 77' lang='lat' dir='ltr'>si__quis_</span> <span class='ocrx_word' id='word_1_837' title='bbox 2928 5390 3123 5441; x_wconf 87' lang='lat' dir='ltr'>tamen</span> <span class='ocrx_word' id='word_1_838' title='bbox 3184 5381 3431 5442; x_wconf 75' lang='grc' dir='ltr'>λείπεται</span> <span class='ocrx_word' id='word_1_839' title='bbox 3487 5392 3591 5444; x_wconf 88' lang='lat' dir='ltr'>aut</span> <span class='ocrx_word' id='word_1_840' title='bbox 3623 5381 3870 5464; x_wconf 67' lang='grc' dir='ltr'>ᾠεύγὲται</span> 
     </span>
    </p>
   </div>
   <div class='ocr_carea' id='block_1_118' title="bbox 2223 5454 3153 5529">
    <p class='ocr_par' dir='ltr' id='par_1_118' title="bbox 2223 5454 3153 5529">
     <span class='ocr_line' id='line_1_120' title="bbox 2223 5454 3153 5529; baseline 0.001 -17"><span class='ocrx_word' id='word_1_841' title='bbox 2223 5454 2536 5529; x_wconf 72' lang='grc' dir='ltr'>ωειὶῐ,”ρει·</span> <span class='ocrx_word' id='word_1_842' title='bbox 2556 5472 2646 5512; x_wconf 91' lang='lat' dir='ltr'>me</span> <span class='ocrx_word' id='word_1_843' title='bbox 2677 5454 2833 5512; x_wconf 82' lang='lat' dir='ltr'>licet.</span> <span class='ocrx_word' id='word_1_844' title='bbox 2866 5461 3153 5513; x_wconf 76' lang='lat' dir='ltr'>SYLBURG.</span> 
     </span>
    </p>
   </div>
  </div>
