  <div class='ocr_page' id='page_1' title='image "/cluster/home/n/w/nwhite01/storage/ocr_20150623/9/mdp.39015008686282/355.png"; bbox 0 0 4078 6146; ppageno 0'>
   <div class='ocr_carea' id='block_1_1' title="bbox 197 303 3624 371">
    <p class='ocr_par' dir='ltr' id='par_1_1' title="bbox 197 303 3624 371">
     <span class='ocr_line' id='line_1_1' title="bbox 197 303 3624 371; baseline 0 0"><span class='ocrx_word' id='word_1_1' title='bbox 197 311 307 371; x_wconf 78' lang='lat'><strong>695</strong></span> <span class='ocrx_word' id='word_1_2' title='bbox 1429 315 1764 371; x_wconf 67' lang='lat' dir='ltr'><strong>cunnus</strong></span> <span class='ocrx_word' id='word_1_3' title='bbox 1795 313 2366 370; x_wconf 71' lang='lat' dir='ltr'><strong>ansxmnamus</strong></span> <span class='ocrx_word' id='word_1_4' title='bbox 3509 303 3624 361; x_wconf 82' lang='lat'><strong>696</strong></span> 
     </span>
    </p>
   </div>
   <div class='ocr_carea' id='block_1_2' title="bbox 205 426 1909 514">
    <p class='ocr_par' dir='ltr' id='par_1_2' title="bbox 205 437 1909 514">
     <span class='ocr_line' id='line_1_2' title="bbox 205 437 1909 514; baseline -0.002 -17"><span class='ocrx_word' id='word_1_5' title='bbox 205 442 472 513; x_wconf 89' lang='lat' dir='ltr'><strong>quuntur</strong></span> <span class='ocrx_word' id='word_1_6' title='bbox 489 439 789 514; x_wconf 76' lang='lat' dir='ltr'><strong>astrologi.</strong></span> <span class='ocrx_word' id='word_1_7' title='bbox 823 442 921 496; x_wconf 86' lang='lat' dir='ltr'><strong>Est</strong></span> <span class='ocrx_word' id='word_1_8' title='bbox 956 443 1148 495; x_wconf 83' lang='lat' dir='ltr'><strong>autem</strong></span> <span class='ocrx_word' id='word_1_9' title='bbox 1185 455 1298 495; x_wconf 92' lang='lat' dir='ltr'><strong>non</strong></span> <span class='ocrx_word' id='word_1_10' title='bbox 1329 437 1518 495; x_wconf 82' lang='lat' dir='ltr'><strong>solum</strong></span> <span class='ocrx_word' id='word_1_11' title='bbox 1551 437 1849 495; x_wconf 79' lang='lat' dir='ltr'><strong>lavacrum</strong></span> <span class='ocrx_word' id='word_1_12' title='bbox 1879 439 1909 507; x_wconf 71' lang='grc' dir='ltr'><strong><em>Α</em></strong></span> 
     </span>
    </p>
   </div>
   <div class='ocr_carea' id='block_1_3' title="bbox 2027 426 3620 514">
    <p class='ocr_par' dir='ltr' id='par_1_3' title="bbox 2047 426 3620 512">
     <span class='ocr_line' id='line_1_3' title="bbox 2047 426 3620 512; baseline -0.004 -21"><span class='ocrx_word' id='word_1_13' title='bbox 2047 433 2404 512; x_wconf 81' lang='grc' dir='ltr'>άστρολογοι.</span> <span class='ocrx_word' id='word_1_14' title='bbox 2436 437 2616 492; x_wconf 82' lang='grc' dir='ltr'><strong>Ἔστιν</strong></span> <span class='ocrx_word' id='word_1_15' title='bbox 2650 430 2710 489; x_wconf 78' lang='grc' dir='ltr'>δὶ</span> <span class='ocrx_word' id='word_1_16' title='bbox 2739 431 2801 488; x_wconf 80' lang='grc' dir='ltr'>οὗ</span> <span class='ocrx_word' id='word_1_17' title='bbox 2829 432 2893 487; x_wconf 84' lang='grc' dir='ltr'>τὸ</span> <span class='ocrx_word' id='word_1_18' title='bbox 2922 428 3154 506; x_wconf 83' lang='grc' dir='ltr'>λουτρὸν</span> <span class='ocrx_word' id='word_1_19' title='bbox 3179 430 3345 504; x_wconf 86' lang='grc' dir='ltr'>μόνον</span> <span class='ocrx_word' id='word_1_20' title='bbox 3371 427 3435 484; x_wconf 85' lang='grc' dir='ltr'>τὸ</span> <span class='ocrx_word' id='word_1_21' title='bbox 3462 426 3620 486; x_wconf 72' lang='grc' dir='ltr'>ἑλευ-</span> 
     </span>
    </p>
   </div>
   <div class='ocr_carea' id='block_1_4' title="bbox 209 517 1909 601">
    <p class='ocr_par' dir='ltr' id='par_1_4' title="bbox 209 526 1860 600">
     <span class='ocr_line' id='line_1_4' title="bbox 209 526 1860 600; baseline 0.001 -18"><span class='ocrx_word' id='word_1_22' title='bbox 209 526 458 600; x_wconf 89' lang='lat' dir='ltr'><strong>quodin</strong></span> <span class='ocrx_word' id='word_1_23' title='bbox 511 526 839 584; x_wconf 77' lang='lat' dir='ltr'><strong>libertatem</strong></span> <span class='ocrx_word' id='word_1_24' title='bbox 890 543 996 584; x_wconf 88' lang='lat' dir='ltr'><strong>nos</strong></span> <span class='ocrx_word' id='word_1_25' title='bbox 1047 526 1278 598; x_wconf 77' lang='lat' dir='ltr'><strong>asserit,</strong></span> <span class='ocrx_word' id='word_1_26' title='bbox 1335 542 1537 583; x_wconf 89' lang='lat' dir='ltr'><strong>verum</strong></span> <span class='ocrx_word' id='word_1_27' title='bbox 1591 527 1767 584; x_wconf 85' lang='lat' dir='ltr'><strong>etiam</strong></span> <span class='ocrx_word' id='word_1_28' title='bbox 1799 531 1860 584; x_wconf 88' lang='lat' dir='ltr'><strong>et</strong></span> 
     </span>
    </p>
   </div>
   <div class='ocr_carea' id='block_1_5' title="bbox 2027 517 3622 601">
    <p class='ocr_par' dir='ltr' id='par_1_5' title="bbox 2030 517 3622 601">
     <span class='ocr_line' id='line_1_5' title="bbox 2030 517 3622 601; baseline -0.005 -21"><span class='ocrx_word' id='word_1_29' title='bbox 2030 529 2177 601; x_wconf 85' lang='grc' dir='ltr'>ροῦν,</span> <span class='ocrx_word' id='word_1_30' title='bbox 2207 523 2355 581; x_wconf 78' lang='grc' dir='ltr'>ἀλλὰ</span> <span class='ocrx_word' id='word_1_31' title='bbox 2403 524 2494 580; x_wconf 84' lang='grc' dir='ltr'><strong>καὶ</strong></span> <span class='ocrx_word' id='word_1_32' title='bbox 2545 526 2580 593; x_wconf 79' lang='grc' dir='ltr'>ἡ</span> <span class='ocrx_word' id='word_1_33' title='bbox 2625 525 2846 598; x_wconf 77' lang='grc' dir='ltr'>γνῶσις·</span> <span class='ocrx_word' id='word_1_34' title='bbox 2897 519 3030 576; x_wconf 80' lang='grc' dir='ltr'><strong>τίνει</strong></span> <span class='ocrx_word' id='word_1_35' title='bbox 3081 521 3245 592; x_wconf 75' lang='grc' dir='ltr'>ἦμεν,</span> <span class='ocrx_word' id='word_1_36' title='bbox 3292 517 3346 573; x_wconf 80' lang='grc' dir='ltr'><strong>τί</strong></span> <span class='ocrx_word' id='word_1_37' title='bbox 3394 517 3622 594; x_wconf 81' lang='grc' dir='ltr'>γεγόνα-</span> 
     </span>
    </p>
   </div>
   <div class='ocr_carea' id='block_1_6' title="bbox 213 603 1909 688">
    <p class='ocr_par' dir='ltr' id='par_1_6' title="bbox 213 615 1858 688">
     <span class='ocr_line' id='line_1_6' title="bbox 213 615 1858 688; baseline -0.001 -16"><span class='ocrx_word' id='word_1_38' title='bbox 213 616 463 674; x_wconf 84' lang='lat' dir='ltr'><strong>scientia</strong></span> <span class='ocrx_word' id='word_1_39' title='bbox 489 615 695 688; x_wconf 87' lang='lat' dir='ltr'><strong>quales</strong></span> <span class='ocrx_word' id='word_1_40' title='bbox 727 616 1033 687; x_wconf 81' lang='lat' dir='ltr'><strong>fuerimus,</strong></span> <span class='ocrx_word' id='word_1_41' title='bbox 1073 617 1212 688; x_wconf 91' lang='lat' dir='ltr'><strong>quid</strong></span> <span class='ocrx_word' id='word_1_42' title='bbox 1261 633 1472 673; x_wconf 90' lang='lat' dir='ltr'><strong>sumus</strong></span> <span class='ocrx_word' id='word_1_43' title='bbox 1514 615 1724 686; x_wconf 82' lang='lat' dir='ltr'><strong>etl&#39;ecti,</strong></span> <span class='ocrx_word' id='word_1_44' title='bbox 1759 616 1858 672; x_wconf 91' lang='lat' dir='ltr'><strong>ubi</strong></span> 
     </span>
    </p>
   </div>
   <div class='ocr_carea' id='block_1_7' title="bbox 2027 603 3626 688">
    <p class='ocr_par' dir='ltr' id='par_1_7' title="bbox 2027 603 3626 688">
     <span class='ocr_line' id='line_1_7' title="bbox 2027 603 3626 688; baseline -0.005 -19"><span class='ocrx_word' id='word_1_45' title='bbox 2027 634 2090 669; x_wconf 75' lang='grc' dir='ltr'>ιν·</span> <span class='ocrx_word' id='word_1_46' title='bbox 2136 618 2244 669; x_wconf 80' lang='grc' dir='ltr'><strong>ποῦ</strong></span> <span class='ocrx_word' id='word_1_47' title='bbox 2297 615 2460 688; x_wconf 73' lang='grc' dir='ltr'>ἦμεν,</span> <span class='ocrx_word' id='word_1_48' title='bbox 2519 611 2554 682; x_wconf 78' lang='grc' dir='ltr'><strong>ἢ</strong></span> <span class='ocrx_word' id='word_1_49' title='bbox 2613 616 2722 667; x_wconf 84' lang='grc' dir='ltr'><strong>ποῦ</strong></span> <span class='ocrx_word' id='word_1_50' title='bbox 2778 604 3174 681; x_wconf 69' lang='grc' dir='ltr'><strong>ἐνιεϐλήθημεν⁸</strong></span> <span class='ocrx_word' id='word_1_51' title='bbox 3231 611 3339 662; x_wconf 88' lang='grc' dir='ltr'><strong>ποῦ</strong></span> <span class='ocrx_word' id='word_1_52' title='bbox 3387 603 3626 662; x_wconf 74' lang='grc' dir='ltr'>σπεύδο-</span> 
     </span>
    </p>
   </div>
   <div class='ocr_carea' id='block_1_8' title="bbox 213 692 1909 778">
    <p class='ocr_par' dir='ltr' id='par_1_8' title="bbox 213 704 1861 778">
     <span class='ocr_line' id='line_1_8' title="bbox 213 704 1861 778; baseline -0.001 -15"><span class='ocrx_word' id='word_1_53' title='bbox 213 721 471 777; x_wconf 86' lang='lat' dir='ltr'><strong>eramus,</strong></span> <span class='ocrx_word' id='word_1_54' title='bbox 501 704 591 762; x_wconf 86' lang='lat' dir='ltr'>vel</span> <span class='ocrx_word' id='word_1_55' title='bbox 619 704 717 762; x_wconf 91' lang='lat' dir='ltr'><strong>ubi</strong></span> <span class='ocrx_word' id='word_1_56' title='bbox 751 706 974 761; x_wconf 81' lang='lat' dir='ltr'><strong>luimus</strong></span> <span class='ocrx_word' id='word_1_57' title='bbox 999 707 1270 777; x_wconf 88' lang='lat' dir='ltr'><strong>conjecti,</strong></span> <span class='ocrx_word' id='word_1_58' title='bbox 1301 722 1418 778; x_wconf 91' lang='lat' dir='ltr'><strong>quo</strong></span> <span class='ocrx_word' id='word_1_59' title='bbox 1450 722 1861 778; x_wconf 83' lang='lat' dir='ltr'><strong>properamus,</strong></span> 
     </span>
    </p>
   </div>
   <div class='ocr_carea' id='block_1_9' title="bbox 2027 692 3624 778">
    <p class='ocr_par' dir='ltr' id='par_1_9' title="bbox 2027 692 3624 778">
     <span class='ocr_line' id='line_1_9' title="bbox 2027 692 3624 778; baseline -0.006 -20"><span class='ocrx_word' id='word_1_60' title='bbox 2027 723 2094 772; x_wconf 76' lang='grc' dir='ltr'>εν,</span> <span class='ocrx_word' id='word_1_61' title='bbox 2173 702 2332 758; x_wconf 75' lang='grc' dir='ltr'>πόθεν</span> <span class='ocrx_word' id='word_1_62' title='bbox 2408 699 2774 778; x_wconf 80' lang='grc' dir='ltr'>λυτρούμεθα·</span> <span class='ocrx_word' id='word_1_63' title='bbox 2844 696 2898 754; x_wconf 85' lang='grc' dir='ltr'><strong>τί</strong></span> <span class='ocrx_word' id='word_1_64' title='bbox 2961 695 3233 774; x_wconf 75' lang='grc' dir='ltr'>γέννησις,</span> <span class='ocrx_word' id='word_1_65' title='bbox 3287 695 3341 752; x_wconf 81' lang='grc' dir='ltr'><strong>τί</strong></span> <span class='ocrx_word' id='word_1_66' title='bbox 3405 692 3624 771; x_wconf 76' lang='grc' dir='ltr'>άναγέν-</span> 
     </span>
    </p>
   </div>
   <div class='ocr_carea' id='block_1_10' title="bbox 217 794 2151 868">
    <p class='ocr_par' dir='ltr' id='par_1_10' title="bbox 217 794 2151 868">
     <span class='ocr_line' id='line_1_10' title="bbox 217 794 2151 868; baseline -0.001 -17"><span class='ocrx_word' id='word_1_67' title='bbox 217 795 373 851; x_wconf 88' lang='lat' dir='ltr'><strong>unde</strong></span> <span class='ocrx_word' id='word_1_68' title='bbox 403 794 690 868; x_wconf 80' lang='lat' dir='ltr'><strong>redempti</strong></span> <span class='ocrx_word' id='word_1_69' title='bbox 718 811 947 864; x_wconf 91' lang='lat' dir='ltr'><strong>sumus,</strong></span> <span class='ocrx_word' id='word_1_70' title='bbox 991 795 1132 867; x_wconf 92' lang='lat' dir='ltr'><strong>quid</strong></span> <span class='ocrx_word' id='word_1_71' title='bbox 1172 795 1488 867; x_wconf 79' lang='lat' dir='ltr'><strong>generatio,</strong></span> <span class='ocrx_word' id='word_1_72' title='bbox 1523 795 1666 868; x_wconf 90' lang='lat' dir='ltr'><strong>quid</strong></span> <span class='ocrx_word' id='word_1_73' title='bbox 1697 811 1862 868; x_wconf 87' lang='lat' dir='ltr'><strong>rege-</strong></span> <span class='ocrx_word' id='word_1_74' title='bbox 1973 812 2151 862; x_wconf 85' lang='grc' dir='ltr'>νησις.</span> 
     </span>
    </p>
   </div>
   <div class='ocr_carea' id='block_1_11' title="bbox 219 883 464 940">
    <p class='ocr_par' dir='ltr' id='par_1_11' title="bbox 219 883 464 940">
     <span class='ocr_line' id='line_1_11' title="bbox 219 883 464 940; baseline -0.008 0"><span class='ocrx_word' id='word_1_75' title='bbox 219 883 464 940; x_wconf 89' lang='lat' dir='ltr'><strong>neratio.</strong></span> 
     </span>
    </p>
   </div>
   <div class='ocr_carea' id='block_1_12' title="bbox 292 959 1909 1046">
    <p class='ocr_par' dir='ltr' id='par_1_12' title="bbox 292 972 1869 1046">
     <span class='ocr_line' id='line_1_12' title="bbox 292 972 1869 1046; baseline 0.001 -18"><span class='ocrx_word' id='word_1_76' title='bbox 292 974 446 1032; x_wconf 71' lang='lat'><strong>850</strong></span> <span class='ocrx_word' id='word_1_77' title='bbox 495 973 737 1030; x_wconf 80' lang='lat' dir='ltr'><strong>LXXIX.</strong></span> <span class='ocrx_word' id='word_1_78' title='bbox 792 974 1061 1038; x_wconf 83' lang='lat' dir='ltr'><strong>Quandiu</strong></span> <span class='ocrx_word' id='word_1_79' title='bbox 1131 972 1349 1046; x_wconf 83' lang='lat' dir='ltr'><strong>itaque,</strong></span> <span class='ocrx_word' id='word_1_80' title='bbox 1402 973 1624 1043; x_wconf 90' lang='lat' dir='ltr'><strong>dicunt,</strong></span> <span class='ocrx_word' id='word_1_81' title='bbox 1677 973 1869 1030; x_wconf 90' lang='lat' dir='ltr'><strong>adhuc</strong></span> 
     </span>
    </p>
   </div>
   <div class='ocr_carea' id='block_1_13' title="bbox 2027 959 3625 1046">
    <p class='ocr_par' dir='ltr' id='par_1_13' title="bbox 2050 959 3625 1046">
     <span class='ocr_line' id='line_1_13' title="bbox 2050 959 3625 1046; baseline -0.006 -19"><span class='ocrx_word' id='word_1_82' title='bbox 2050 970 2172 1027; x_wconf 80' lang='lat'><strong>08&#39;.</strong></span> <span class='ocrx_word' id='word_1_83' title='bbox 2202 971 2347 1032; x_wconf 87' lang='grc' dir='ltr'>Ἓως</span> <span class='ocrx_word' id='word_1_84' title='bbox 2396 966 2486 1023; x_wconf 87' lang='grc' dir='ltr'><strong>οῦν</strong></span> <span class='ocrx_word' id='word_1_85' title='bbox 2538 967 2891 1046; x_wconf 70' lang='grc' dir='ltr'>ἀμόρφωτον,</span> <span class='ocrx_word' id='word_1_86' title='bbox 2939 965 3123 1043; x_wconf 76' lang='grc' dir='ltr'>φασὶν,</span> <span class='ocrx_word' id='word_1_87' title='bbox 3173 959 3251 1020; x_wconf 79' lang='grc' dir='ltr'>ἔτι</span> <span class='ocrx_word' id='word_1_88' title='bbox 3292 962 3355 1018; x_wconf 81' lang='grc' dir='ltr'><strong>τὸ</strong></span> <span class='ocrx_word' id='word_1_89' title='bbox 3389 962 3625 1040; x_wconf 69' lang='grc' dir='ltr'>σπὲρμα,</span> 
     </span>
    </p>
   </div>
   <div class='ocr_carea' id='block_1_14' title="bbox 224 1051 1909 1136">
    <p class='ocr_par' dir='ltr' id='par_1_14' title="bbox 224 1062 1868 1136">
     <span class='ocr_line' id='line_1_14' title="bbox 224 1062 1868 1136; baseline 0 -18"><span class='ocrx_word' id='word_1_90' title='bbox 224 1077 426 1118; x_wconf 86' lang='lat' dir='ltr'><strong>semen</strong></span> <span class='ocrx_word' id='word_1_91' title='bbox 456 1067 546 1118; x_wconf 88' lang='lat' dir='ltr'><strong>est</strong></span> <span class='ocrx_word' id='word_1_92' title='bbox 593 1064 864 1134; x_wconf 84' lang='lat' dir='ltr'><strong>informe,</strong></span> <span class='ocrx_word' id='word_1_93' title='bbox 918 1062 1146 1118; x_wconf 67' lang='lat' dir='ltr'><strong>feminae</strong></span> <span class='ocrx_word' id='word_1_94' title='bbox 1195 1067 1287 1118; x_wconf 84' lang='lat' dir='ltr'><strong>est</strong></span> <span class='ocrx_word' id='word_1_95' title='bbox 1316 1062 1474 1118; x_wconf 78' lang='lat' dir='ltr'><strong>ﬁlius</strong></span> <span class='ocrx_word' id='word_1_96' title='bbox 1510 1081 1522 1119; x_wconf 91' lang='lat'>:</span> <span class='ocrx_word' id='word_1_97' title='bbox 1559 1067 1868 1136; x_wconf 78' lang='lat' dir='ltr'><strong>postquam</strong></span> 
     </span>
    </p>
   </div>
   <div class='ocr_carea' id='block_1_15' title="bbox 2027 1051 3632 1136">
    <p class='ocr_par' dir='ltr' id='par_1_15' title="bbox 2027 1051 3632 1134">
     <span class='ocr_line' id='line_1_15' title="bbox 2027 1051 3632 1134; baseline -0.005 -20"><span class='ocrx_word' id='word_1_98' title='bbox 2027 1058 2202 1130; x_wconf 78' lang='grc' dir='ltr'>ηΑείας</span> <span class='ocrx_word' id='word_1_99' title='bbox 2261 1058 2373 1114; x_wconf 83' lang='grc' dir='ltr'><strong>ἐστῖ</strong></span> <span class='ocrx_word' id='word_1_100' title='bbox 2427 1059 2630 1113; x_wconf 79' lang='grc' dir='ltr'>τὲκνον·</span> <span class='ocrx_word' id='word_1_101' title='bbox 2696 1055 2980 1134; x_wconf 69' lang='grc' dir='ltr'>μορφωθὲν</span> <span class='ocrx_word' id='word_1_102' title='bbox 3012 1053 3090 1128; x_wconf 73' lang='grc' dir='ltr'>δὲ,</span> <span class='ocrx_word' id='word_1_103' title='bbox 3141 1055 3398 1127; x_wconf 82' lang='grc' dir='ltr'>μετετεθη</span> <span class='ocrx_word' id='word_1_104' title='bbox 3433 1051 3511 1115; x_wconf 82' lang='grc' dir='ltr'>εἷς</span> <span class='ocrx_word' id='word_1_105' title='bbox 3542 1053 3632 1109; x_wconf 80' lang='grc' dir='ltr'><strong>ἅν-</strong></span> 
     </span>
    </p>
   </div>
   <div class='ocr_carea' id='block_1_16' title="bbox 225 1137 1909 1226">
    <p class='ocr_par' dir='ltr' id='par_1_16' title="bbox 225 1151 1873 1223">
     <span class='ocr_line' id='line_1_16' title="bbox 225 1151 1873 1223; baseline 0.003 -18"><span class='ocrx_word' id='word_1_106' title='bbox 225 1167 359 1208; x_wconf 86' lang='lat' dir='ltr'><strong>vero</strong></span> <span class='ocrx_word' id='word_1_107' title='bbox 389 1151 563 1208; x_wconf 82' lang='lat' dir='ltr'><strong>fuerit</strong></span> <span class='ocrx_word' id='word_1_108' title='bbox 591 1151 996 1216; x_wconf 87' lang='lat' dir='ltr'><strong>formatum,in</strong></span> <span class='ocrx_word' id='word_1_109' title='bbox 1028 1153 1220 1208; x_wconf 90' lang='lat' dir='ltr'><strong>virum</strong></span> <span class='ocrx_word' id='word_1_110' title='bbox 1251 1152 1692 1223; x_wconf 78' lang='lat' dir='ltr'><strong>transfertur,et</strong></span> <span class='ocrx_word' id='word_1_111' title='bbox 1716 1151 1873 1209; x_wconf 82' lang='lat' dir='ltr'><strong>ﬁlius</strong></span> 
     </span>
    </p>
   </div>
   <div class='ocr_carea' id='block_1_17' title="bbox 2027 1137 3627 1226">
    <p class='ocr_par' dir='ltr' id='par_1_17' title="bbox 2027 1137 3627 1224">
     <span class='ocr_line' id='line_1_17' title="bbox 2027 1137 3627 1224; baseline -0.004 -21"><span class='ocrx_word' id='word_1_112' title='bbox 2027 1169 2104 1224; x_wconf 64' lang='lat' dir='ltr'><strong>eu,</strong></span> <span class='ocrx_word' id='word_1_113' title='bbox 2147 1147 2237 1202; x_wconf 80' lang='grc' dir='ltr'><strong>καὶ</strong></span> <span class='ocrx_word' id='word_1_114' title='bbox 2293 1148 2415 1210; x_wconf 71' lang='grc' dir='ltr'>Υἱὸς</span> <span class='ocrx_word' id='word_1_115' title='bbox 2466 1145 2703 1224; x_wconf 73' lang='grc' dir='ltr'>νυμφίου</span> <span class='ocrx_word' id='word_1_116' title='bbox 2730 1145 2955 1221; x_wconf 81' lang='grc' dir='ltr'>γίνεται,</span> <span class='ocrx_word' id='word_1_117' title='bbox 2991 1143 3092 1199; x_wconf 78' lang='grc' dir='ltr'>οὐκ</span> <span class='ocrx_word' id='word_1_118' title='bbox 3145 1137 3224 1198; x_wconf 79' lang='grc' dir='ltr'>ἔτι</span> <span class='ocrx_word' id='word_1_119' title='bbox 3262 1142 3488 1212; x_wconf 79' lang='grc' dir='ltr'>ἀσθενὴς</span> <span class='ocrx_word' id='word_1_120' title='bbox 3537 1142 3627 1198; x_wconf 82' lang='grc' dir='ltr'><strong>καὶ</strong></span> 
     </span>
    </p>
   </div>
   <div class='ocr_carea' id='block_1_18' title="bbox 228 1230 1909 1314">
    <p class='ocr_par' dir='ltr' id='par_1_18' title="bbox 228 1240 1873 1314">
     <span class='ocr_line' id='line_1_18' title="bbox 228 1240 1873 1314; baseline -0.001 -16"><span class='ocrx_word' id='word_1_121' title='bbox 228 1240 431 1312; x_wconf 88' lang='lat' dir='ltr'><strong>sponsi</strong></span> <span class='ocrx_word' id='word_1_122' title='bbox 463 1242 673 1308; x_wconf 85' lang='lat' dir='ltr'><strong>ﬂt,non</strong></span> <span class='ocrx_word' id='word_1_123' title='bbox 705 1241 960 1314; x_wconf 85' lang='lat' dir='ltr'><strong>amplius</strong></span> <span class='ocrx_word' id='word_1_124' title='bbox 992 1241 1485 1314; x_wconf 77' lang='lat' dir='ltr'><strong>inﬁrmus,iisque</strong></span> <span class='ocrx_word' id='word_1_125' title='bbox 1517 1257 1643 1313; x_wconf 70' lang='lat' dir='ltr'><strong>quae</strong></span> <span class='ocrx_word' id='word_1_126' title='bbox 1667 1241 1873 1297; x_wconf 90' lang='lat' dir='ltr'><strong>mundi</strong></span> 
     </span>
    </p>
   </div>
   <div class='ocr_carea' id='block_1_19' title="bbox 2027 1230 3632 1314">
    <p class='ocr_par' dir='ltr' id='par_1_19' title="bbox 2027 1230 3632 1311">
     <span class='ocr_line' id='line_1_19' title="bbox 2027 1230 3632 1311; baseline -0.004 -19"><span class='ocrx_word' id='word_1_127' title='bbox 2027 1243 2101 1301; x_wconf 68' lang='lat' dir='ltr'><strong>ait:</strong></span> <span class='ocrx_word' id='word_1_128' title='bbox 2133 1242 2424 1311; x_wconf 75' lang='grc' dir='ltr'><strong>κοσμικαῖς</strong></span> <span class='ocrx_word' id='word_1_129' title='bbox 2461 1234 2816 1309; x_wconf 78' lang='grc' dir='ltr'><strong>ὑποκείμενος</strong></span> <span class='ocrx_word' id='word_1_130' title='bbox 2848 1233 3065 1311; x_wconf 82' lang='grc' dir='ltr'>ὁρατοῖς</span> <span class='ocrx_word' id='word_1_131' title='bbox 3110 1253 3170 1288; x_wconf 85' lang='grc' dir='ltr'><strong>τε</strong></span> <span class='ocrx_word' id='word_1_132' title='bbox 3216 1232 3306 1287; x_wconf 80' lang='grc' dir='ltr'><strong>καὶ</strong></span> <span class='ocrx_word' id='word_1_133' title='bbox 3353 1230 3632 1309; x_wconf 85' lang='grc' dir='ltr'>ἀοράτοις,</span> 
     </span>
    </p>
   </div>
   <div class='ocr_carea' id='block_1_20' title="bbox 229 1321 1909 1403">
    <p class='ocr_par' dir='ltr' id='par_1_20' title="bbox 229 1329 1878 1402">
     <span class='ocr_line' id='line_1_20' title="bbox 229 1329 1878 1402; baseline 0.001 -18"><span class='ocrx_word' id='word_1_134' title='bbox 229 1334 372 1386; x_wconf 76' lang='lat' dir='ltr'><strong>sunt</strong></span> <span class='ocrx_word' id='word_1_135' title='bbox 399 1329 734 1386; x_wconf 89' lang='lat' dir='ltr'><strong>visibilibus</strong></span> <span class='ocrx_word' id='word_1_136' title='bbox 765 1335 819 1386; x_wconf 89' lang='lat' dir='ltr'><strong>et</strong></span> <span class='ocrx_word' id='word_1_137' title='bbox 858 1329 1256 1386; x_wconf 89' lang='lat' dir='ltr'><strong>invisibilibus</strong></span> <span class='ocrx_word' id='word_1_138' title='bbox 1299 1331 1625 1402; x_wconf 86' lang='lat' dir='ltr'><strong>subjectus,</strong></span> <span class='ocrx_word' id='word_1_139' title='bbox 1661 1332 1760 1387; x_wconf 90' lang='lat' dir='ltr'><strong>sed</strong></span> <span class='ocrx_word' id='word_1_140' title='bbox 1790 1330 1878 1387; x_wconf 89' lang='lat' dir='ltr'><strong>vir</strong></span> 
     </span>
    </p>
   </div>
   <div class='ocr_carea' id='block_1_21' title="bbox 2027 1321 3150 1403">
    <p class='ocr_par' dir='ltr' id='par_1_21' title="bbox 2027 1321 3150 1403">
     <span class='ocr_line' id='line_1_21' title="bbox 2027 1321 3150 1403; baseline -0.004 -20"><span class='ocrx_word' id='word_1_141' title='bbox 2027 1325 2112 1383; x_wconf 87' lang='grc' dir='ltr'>λλ⁹</span> <span class='ocrx_word' id='word_1_142' title='bbox 2141 1324 2456 1403; x_wconf 82' lang='grc' dir='ltr'>ἀνδρωθεὶς,</span> <span class='ocrx_word' id='word_1_143' title='bbox 2490 1322 2661 1403; x_wconf 75' lang='grc' dir='ltr'>άρῥην</span> <span class='ocrx_word' id='word_1_144' title='bbox 2687 1323 2890 1402; x_wconf 85' lang='grc' dir='ltr'>γίνεται</span> <span class='ocrx_word' id='word_1_145' title='bbox 2922 1321 3150 1398; x_wconf 88' lang='grc' dir='ltr'>καρπός.</span> 
     </span>
    </p>
   </div>
   <div class='ocr_carea' id='block_1_22' title="bbox 229 1419 1662 1491">
    <p class='ocr_par' dir='ltr' id='par_1_22' title="bbox 229 1419 1662 1491">
     <span class='ocr_line' id='line_1_22' title="bbox 229 1419 1662 1491; baseline 0.001 -18"><span class='ocrx_word' id='word_1_146' title='bbox 229 1419 442 1489; x_wconf 82' lang='lat' dir='ltr'><strong>factus,</strong></span> <span class='ocrx_word' id='word_1_147' title='bbox 474 1419 700 1474; x_wconf 73' lang='lat' dir='ltr'><strong>fructus</strong></span> <span class='ocrx_word' id='word_1_148' title='bbox 740 1419 1045 1475; x_wconf 84' lang='lat' dir='ltr'><strong>masculus</strong></span> <span class='ocrx_word' id='word_1_149' title='bbox 1074 1435 1304 1491; x_wconf 90' lang='lat' dir='ltr'><strong>quoque</strong></span> <span class='ocrx_word' id='word_1_150' title='bbox 1335 1420 1525 1476; x_wconf 81' lang='lat' dir='ltr'><strong>factus</strong></span> <span class='ocrx_word' id='word_1_151' title='bbox 1553 1423 1662 1476; x_wconf 91' lang='lat' dir='ltr'><strong>est.</strong></span> 
     </span>
    </p>
   </div>
   <div class='ocr_carea' id='block_1_23' title="bbox 304 1507 1883 1583">
    <p class='ocr_par' dir='ltr' id='par_1_23' title="bbox 304 1507 1883 1583">
     <span class='ocr_line' id='line_1_23' title="bbox 304 1507 1883 1583; baseline 0.001 -19"><span class='ocrx_word' id='word_1_152' title='bbox 304 1509 508 1566; x_wconf 82' lang='lat' dir='ltr'><strong>LXXX.</strong></span> <span class='ocrx_word' id='word_1_153' title='bbox 542 1512 724 1576; x_wconf 89' lang='lat' dir='ltr'><strong>Quem</strong></span> <span class='ocrx_word' id='word_1_154' title='bbox 755 1507 945 1583; x_wconf 78' lang='lat' dir='ltr'><strong>gignit</strong></span> <span class='ocrx_word' id='word_1_155' title='bbox 975 1515 1183 1578; x_wconf 84' lang='lat' dir='ltr'><strong>mater,</strong></span> <span class='ocrx_word' id='word_1_156' title='bbox 1236 1511 1296 1565; x_wconf 93' lang='lat' dir='ltr'><strong>in</strong></span> <span class='ocrx_word' id='word_1_157' title='bbox 1347 1516 1594 1566; x_wconf 89' lang='lat' dir='ltr'><strong>mortem</strong></span> <span class='ocrx_word' id='word_1_158' title='bbox 1625 1510 1883 1566; x_wconf 81' lang='lat' dir='ltr'><strong>trahitur</strong></span> 
     </span>
    </p>
   </div>
   <div class='ocr_carea' id='block_1_24' title="bbox 235 1591 1909 1672">
    <p class='ocr_par' dir='ltr' id='par_1_24' title="bbox 235 1599 1881 1672">
     <span class='ocr_line' id='line_1_24' title="bbox 235 1599 1881 1672; baseline 0.001 -18"><span class='ocrx_word' id='word_1_159' title='bbox 235 1602 416 1669; x_wconf 85' lang='lat' dir='ltr'><strong>atque</strong></span> <span class='ocrx_word' id='word_1_160' title='bbox 444 1599 502 1653; x_wconf 91' lang='lat' dir='ltr'><strong>in</strong></span> <span class='ocrx_word' id='word_1_161' title='bbox 527 1599 815 1656; x_wconf 86' lang='lat' dir='ltr'><strong>mundum</strong></span> <span class='ocrx_word' id='word_1_162' title='bbox 849 1616 863 1654; x_wconf 90' lang='lat'><strong>:</strong></span> <span class='ocrx_word' id='word_1_163' title='bbox 897 1615 1072 1672; x_wconf 89' lang='lat' dir='ltr'><strong>quem</strong></span> <span class='ocrx_word' id='word_1_164' title='bbox 1095 1616 1230 1655; x_wconf 90' lang='lat' dir='ltr'><strong>vero</strong></span> <span class='ocrx_word' id='word_1_165' title='bbox 1254 1603 1558 1667; x_wconf 79' lang='lat' dir='ltr'><strong>regenerat</strong></span> <span class='ocrx_word' id='word_1_166' title='bbox 1590 1599 1881 1671; x_wconf 89' lang='lat' dir='ltr'><strong>Christus,</strong></span> 
     </span>
    </p>
   </div>
   <div class='ocr_carea' id='block_1_25' title="bbox 2027 1591 3636 1672">
    <p class='ocr_par' dir='ltr' id='par_1_25' title="bbox 2027 1591 3636 1669">
     <span class='ocr_line' id='line_1_25' title="bbox 2027 1591 3636 1669; baseline -0.003 -19"><span class='ocrx_word' id='word_1_167' title='bbox 2027 1595 2068 1658; x_wconf 82' lang='grc' dir='ltr'><strong>ίς</strong></span> <span class='ocrx_word' id='word_1_168' title='bbox 2091 1594 2321 1668; x_wconf 81' lang='grc' dir='ltr'><strong>κόσμον·</strong></span> <span class='ocrx_word' id='word_1_169' title='bbox 2371 1594 2429 1651; x_wconf 64' lang='grc' dir='ltr'><strong>δν</strong></span> <span class='ocrx_word' id='word_1_170' title='bbox 2485 1592 2544 1650; x_wconf 79' lang='grc' dir='ltr'>δὶ</span> <span class='ocrx_word' id='word_1_171' title='bbox 2597 1593 2855 1669; x_wconf 83' lang='grc' dir='ltr'>άναγεννᾷ</span> <span class='ocrx_word' id='word_1_172' title='bbox 2906 1593 3167 1667; x_wconf 83' lang='grc' dir='ltr'>Χριστὸς,</span> <span class='ocrx_word' id='word_1_173' title='bbox 3200 1591 3276 1654; x_wconf 71' lang='grc' dir='ltr'>εἴς</span> <span class='ocrx_word' id='word_1_174' title='bbox 3335 1591 3479 1661; x_wconf 74' lang='grc' dir='ltr'>ζωὴν</span> <span class='ocrx_word' id='word_1_175' title='bbox 3536 1612 3636 1665; x_wconf 85' lang='grc' dir='ltr'>με-</span> 
     </span>
    </p>
   </div>
   <div class='ocr_carea' id='block_1_26' title="bbox 236 1681 1909 1760">
    <p class='ocr_par' dir='ltr' id='par_1_26' title="bbox 236 1687 1886 1760">
     <span class='ocr_line' id='line_1_26' title="bbox 236 1687 1886 1760; baseline 0.002 -19"><span class='ocrx_word' id='word_1_176' title='bbox 236 1687 297 1741; x_wconf 87' lang='lat' dir='ltr'><strong>in</strong></span> <span class='ocrx_word' id='word_1_177' title='bbox 329 1689 506 1742; x_wconf 81' lang='lat' dir='ltr'><strong>vitam</strong></span> <span class='ocrx_word' id='word_1_178' title='bbox 536 1689 888 1744; x_wconf 81' lang='lat' dir='ltr'><strong>transfertur</strong></span> <span class='ocrx_word' id='word_1_179' title='bbox 915 1689 974 1743; x_wconf 93' lang='lat' dir='ltr'><strong>in</strong></span> <span class='ocrx_word' id='word_1_180' title='bbox 998 1689 1406 1760; x_wconf 83' lang='lat' dir='ltr'><strong>ogdoadem,et</strong></span> <span class='ocrx_word' id='word_1_181' title='bbox 1436 1689 1495 1743; x_wconf 91' lang='lat' dir='ltr'><strong>in</strong></span> <span class='ocrx_word' id='word_1_182' title='bbox 1524 1690 1743 1744; x_wconf 89' lang='lat' dir='ltr'><strong>mundo</strong></span> <span class='ocrx_word' id='word_1_183' title='bbox 1761 1689 1886 1760; x_wconf 84' lang='lat' dir='ltr'><strong>qui-</strong></span> 
     </span>
    </p>
   </div>
   <div class='ocr_carea' id='block_1_27' title="bbox 2027 1681 3638 1760">
    <p class='ocr_par' dir='ltr' id='par_1_27' title="bbox 2027 1681 3638 1760">
     <span class='ocr_line' id='line_1_27' title="bbox 2027 1681 3638 1760; baseline -0.002 -21"><span class='ocrx_word' id='word_1_184' title='bbox 2027 1683 2261 1740; x_wconf 87' lang='grc' dir='ltr'>ατίθεται</span> <span class='ocrx_word' id='word_1_185' title='bbox 2317 1683 2394 1747; x_wconf 72' lang='grc' dir='ltr'>εἷς</span> <span class='ocrx_word' id='word_1_186' title='bbox 2451 1681 2706 1760; x_wconf 85' lang='grc' dir='ltr'>ὀγδοάδα·</span> <span class='ocrx_word' id='word_1_187' title='bbox 2782 1681 2873 1738; x_wconf 79' lang='grc' dir='ltr'><strong>καὶ</strong></span> <span class='ocrx_word' id='word_1_188' title='bbox 2928 1681 3329 1753; x_wconf 72' lang='grc' dir='ltr'>ἀποθνήσκουσι</span> <span class='ocrx_word' id='word_1_189' title='bbox 3406 1681 3503 1754; x_wconf 76' lang='grc' dir='ltr'>μὶν</span> <span class='ocrx_word' id='word_1_190' title='bbox 3560 1685 3638 1754; x_wconf 81' lang='grc' dir='ltr'><strong>τῷ</strong></span> 
     </span>
    </p>
   </div>
   <div class='ocr_carea' id='block_1_28' title="bbox 242 1769 1909 1874">
    <p class='ocr_par' dir='ltr' id='par_1_28' title="bbox 242 1775 1884 1845">
     <span class='ocr_line' id='line_1_28' title="bbox 242 1775 1884 1845; baseline 0.001 -13"><span class='ocrx_word' id='word_1_191' title='bbox 242 1775 376 1833; x_wconf 88' lang='lat' dir='ltr'><strong>dem</strong></span> <span class='ocrx_word' id='word_1_192' title='bbox 409 1779 764 1845; x_wconf 89' lang='lat' dir='ltr'><strong>moriuntur,</strong></span> <span class='ocrx_word' id='word_1_193' title='bbox 796 1781 856 1832; x_wconf 89' lang='lat' dir='ltr'><strong>at</strong></span> <span class='ocrx_word' id='word_1_194' title='bbox 885 1777 996 1833; x_wconf 90' lang='lat' dir='ltr'><strong>Deo</strong></span> <span class='ocrx_word' id='word_1_195' title='bbox 1027 1777 1249 1844; x_wconf 89' lang='lat' dir='ltr'><strong>vivunt,</strong></span> <span class='ocrx_word' id='word_1_196' title='bbox 1284 1781 1347 1832; x_wconf 91' lang='lat' dir='ltr'><strong>ut</strong></span> <span class='ocrx_word' id='word_1_197' title='bbox 1374 1793 1532 1833; x_wconf 90' lang='lat' dir='ltr'><strong>mors</strong></span> <span class='ocrx_word' id='word_1_198' title='bbox 1563 1782 1751 1834; x_wconf 86' lang='lat' dir='ltr'><strong>morte</strong></span> <span class='ocrx_word' id='word_1_199' title='bbox 1771 1778 1884 1834; x_wconf 81' lang='lat' dir='ltr'><strong>dis-</strong></span> 
     </span>
    </p>
   </div>
   <div class='ocr_carea' id='block_1_29' title="bbox 2027 1769 3643 1874">
    <p class='ocr_par' dir='ltr' id='par_1_29' title="bbox 2027 1769 3643 1847">
     <span class='ocr_line' id='line_1_29' title="bbox 2027 1769 3643 1847; baseline -0.002 -19"><span class='ocrx_word' id='word_1_200' title='bbox 2027 1772 2211 1847; x_wconf 88' lang='grc' dir='ltr'>.όσμῳ,</span> <span class='ocrx_word' id='word_1_201' title='bbox 2248 1778 2379 1844; x_wconf 81' lang='grc' dir='ltr'>ζῶσι</span> <span class='ocrx_word' id='word_1_202' title='bbox 2428 1771 2486 1829; x_wconf 75' lang='grc' dir='ltr'>δὲ</span> <span class='ocrx_word' id='word_1_203' title='bbox 2534 1777 2609 1846; x_wconf 78' lang='grc' dir='ltr'><strong>τῷ</strong></span> <span class='ocrx_word' id='word_1_204' title='bbox 2651 1776 2768 1846; x_wconf 81' lang='grc' dir='ltr'><strong>Θεῷ</strong></span> <span class='ocrx_word' id='word_1_205' title='bbox 2809 1769 2901 1826; x_wconf 69' lang='grc' dir='ltr'>ἵνα</span> <span class='ocrx_word' id='word_1_206' title='bbox 2952 1772 3176 1836; x_wconf 79' lang='grc' dir='ltr'>θάνατος</span> <span class='ocrx_word' id='word_1_207' title='bbox 3223 1771 3435 1843; x_wconf 81' lang='grc' dir='ltr'><strong>θανάτῳ</strong></span> <span class='ocrx_word' id='word_1_208' title='bbox 3477 1769 3643 1845; x_wconf 77' lang='grc' dir='ltr'>λυθῇ,</span> 
     </span>
    </p>
   </div>
   <div class='ocr_carea' id='block_1_30' title="bbox 245 1859 1909 1941">
    <p class='ocr_par' dir='ltr' id='par_1_30' title="bbox 245 1865 1891 1940">
     <span class='ocr_line' id='line_1_30' title="bbox 245 1865 1891 1940; baseline 0.001 -18"><span class='ocrx_word' id='word_1_209' title='bbox 245 1865 588 1932; x_wconf 86' lang='lat' dir='ltr'><strong>solvatur,et</strong></span> <span class='ocrx_word' id='word_1_210' title='bbox 610 1865 1035 1922; x_wconf 86' lang='lat' dir='ltr'><strong>resurrectione</strong></span> <span class='ocrx_word' id='word_1_211' title='bbox 1051 1867 1347 1937; x_wconf 90' lang='lat' dir='ltr'><strong>corruptio</strong></span> <span class='ocrx_word' id='word_1_212' title='bbox 1379 1867 1891 1940; x_wconf 88' lang='lat' dir='ltr'><strong>mutetur.0uippe</strong></span> 
     </span>
    </p>
   </div>
   <div class='ocr_carea' id='block_1_31' title="bbox 2027 1859 3648 1941">
    <p class='ocr_par' dir='ltr' id='par_1_31' title="bbox 2027 1859 3648 1941">
     <span class='ocr_line' id='line_1_31' title="bbox 2027 1859 3648 1941; baseline -0.002 -24"><span class='ocrx_word' id='word_1_213' title='bbox 2027 1865 2284 1918; x_wconf 83' lang='grc' dir='ltr'>ιναστάσει</span> <span class='ocrx_word' id='word_1_214' title='bbox 2326 1860 2385 1918; x_wconf 77' lang='grc' dir='ltr'>δὲ</span> <span class='ocrx_word' id='word_1_215' title='bbox 2412 1864 2447 1933; x_wconf 82' lang='grc' dir='ltr'>ἠ</span> <span class='ocrx_word' id='word_1_216' title='bbox 2481 1860 2672 1941; x_wconf 79' lang='grc' dir='ltr'>φθορά.</span> <span class='ocrx_word' id='word_1_217' title='bbox 2722 1860 2820 1916; x_wconf 78' lang='grc' dir='ltr'>Διὰ</span> <span class='ocrx_word' id='word_1_218' title='bbox 2863 1859 2966 1938; x_wconf 78' lang='grc' dir='ltr'><strong>γὰρ</strong></span> <span class='ocrx_word' id='word_1_219' title='bbox 3005 1860 3214 1936; x_wconf 86' lang='grc' dir='ltr'>Πατρὸς</span> <span class='ocrx_word' id='word_1_220' title='bbox 3270 1860 3362 1915; x_wconf 84' lang='grc' dir='ltr'><strong>καὶ</strong></span> <span class='ocrx_word' id='word_1_221' title='bbox 3393 1860 3522 1915; x_wconf 76' lang='grc' dir='ltr'>Υἱοῦ</span> <span class='ocrx_word' id='word_1_222' title='bbox 3555 1859 3648 1915; x_wconf 76' lang='grc' dir='ltr'>καὶ</span> 
     </span>
    </p>
   </div>
   <div class='ocr_carea' id='block_1_32' title="bbox 247 1946 1909 2028">
    <p class='ocr_par' dir='ltr' id='par_1_32' title="bbox 247 1953 1892 2028">
     <span class='ocr_line' id='line_1_32' title="bbox 247 1953 1892 2028; baseline 0.003 -21"><span class='ocrx_word' id='word_1_223' title='bbox 247 1953 310 2009; x_wconf 92' lang='lat' dir='ltr'><strong>in</strong></span> <span class='ocrx_word' id='word_1_224' title='bbox 343 1954 578 2010; x_wconf 88' lang='lat' dir='ltr'><strong>nomine</strong></span> <span class='ocrx_word' id='word_1_225' title='bbox 609 1954 798 2010; x_wconf 87' lang='lat' dir='ltr'><strong>Patris</strong></span> <span class='ocrx_word' id='word_1_226' title='bbox 829 1963 883 2010; x_wconf 91' lang='lat' dir='ltr'><strong>et</strong></span> <span class='ocrx_word' id='word_1_227' title='bbox 914 1955 1042 2010; x_wconf 91' lang='lat' dir='ltr'><strong>Filii</strong></span> <span class='ocrx_word' id='word_1_228' title='bbox 1089 1958 1146 2010; x_wconf 86' lang='lat' dir='ltr'><strong>et</strong></span> <span class='ocrx_word' id='word_1_229' title='bbox 1173 1953 1424 2026; x_wconf 87' lang='lat' dir='ltr'><strong>Spiritus</strong></span> <span class='ocrx_word' id='word_1_230' title='bbox 1472 1956 1661 2010; x_wconf 89' lang='lat' dir='ltr'><strong>sancti</strong></span> <span class='ocrx_word' id='word_1_231' title='bbox 1694 1955 1892 2028; x_wconf 82' lang='lat' dir='ltr'><strong>signa-</strong></span> 
     </span>
    </p>
   </div>
   <div class='ocr_carea' id='block_1_33' title="bbox 2027 1946 3649 2028">
    <p class='ocr_par' dir='ltr' id='par_1_33' title="bbox 2027 1946 3649 2028">
     <span class='ocr_line' id='line_1_33' title="bbox 2027 1946 3649 2028; baseline -0.002 -20"><span class='ocrx_word' id='word_1_232' title='bbox 2027 1952 2160 2028; x_wconf 71' lang='grc' dir='ltr'>εγίου</span> <span class='ocrx_word' id='word_1_233' title='bbox 2236 1952 2556 2026; x_wconf 78' lang='grc' dir='ltr'>Πνεύματος</span> <span class='ocrx_word' id='word_1_234' title='bbox 2635 1951 3003 2028; x_wconf 82' lang='grc' dir='ltr'>σφραγισθεὶς,</span> <span class='ocrx_word' id='word_1_235' title='bbox 3071 1947 3441 2020; x_wconf 83' lang='grc' dir='ltr'>ἀνεπίληπτός</span> <span class='ocrx_word' id='word_1_236' title='bbox 3535 1946 3649 2005; x_wconf 71' lang='grc' dir='ltr'>ἔστι</span> 
     </span>
    </p>
   </div>
   <div class='ocr_carea' id='block_1_34' title="bbox 247 2036 1909 2117">
    <p class='ocr_par' dir='ltr' id='par_1_34' title="bbox 247 2042 1896 2117">
     <span class='ocr_line' id='line_1_34' title="bbox 247 2042 1896 2117; baseline 0.002 -19"><span class='ocrx_word' id='word_1_237' title='bbox 247 2046 368 2111; x_wconf 83' lang='lat' dir='ltr'><strong>tus,</strong></span> <span class='ocrx_word' id='word_1_238' title='bbox 401 2042 680 2098; x_wconf 91' lang='lat' dir='ltr'><strong>immunis</strong></span> <span class='ocrx_word' id='word_1_239' title='bbox 711 2044 783 2098; x_wconf 86' lang='lat' dir='ltr'><strong>ab</strong></span> <span class='ocrx_word' id='word_1_240' title='bbox 810 2042 969 2098; x_wconf 83' lang='lat' dir='ltr'><strong>omni</strong></span> <span class='ocrx_word' id='word_1_241' title='bbox 1003 2042 1116 2098; x_wconf 87' lang='lat' dir='ltr'><strong>alia</strong></span> <span class='ocrx_word' id='word_1_242' title='bbox 1145 2044 1358 2098; x_wconf 90' lang='lat' dir='ltr'><strong>virtute</strong></span> <span class='ocrx_word' id='word_1_243' title='bbox 1391 2048 1503 2110; x_wconf 90' lang='lat' dir='ltr'><strong>est,</strong></span> <span class='ocrx_word' id='word_1_244' title='bbox 1537 2061 1753 2117; x_wconf 89' lang='lat' dir='ltr'><strong>perque</strong></span> <span class='ocrx_word' id='word_1_245' title='bbox 1781 2047 1896 2102; x_wconf 88' lang='lat' dir='ltr'><strong>tria</strong></span> 
     </span>
    </p>
   </div>
   <div class='ocr_carea' id='block_1_35' title="bbox 2027 2036 3649 2117">
    <p class='ocr_par' dir='ltr' id='par_1_35' title="bbox 2027 2036 3649 2117">
     <span class='ocr_line' id='line_1_35' title="bbox 2027 2036 3649 2117; baseline -0.002 -20"><span class='ocrx_word' id='word_1_246' title='bbox 2027 2044 2143 2116; x_wconf 73' lang='grc' dir='ltr'>πάσῃ</span> <span class='ocrx_word' id='word_1_247' title='bbox 2181 2045 2248 2116; x_wconf 79' lang='grc' dir='ltr'><strong>τῇ</strong></span> <span class='ocrx_word' id='word_1_248' title='bbox 2310 2039 2456 2117; x_wconf 72' lang='grc' dir='ltr'>ἄλλῃ</span> <span class='ocrx_word' id='word_1_249' title='bbox 2519 2038 2764 2113; x_wconf 81' lang='grc' dir='ltr'>δυνάμει·</span> <span class='ocrx_word' id='word_1_250' title='bbox 2824 2041 2914 2095; x_wconf 88' lang='grc' dir='ltr'><strong>καὶ</strong></span> <span class='ocrx_word' id='word_1_251' title='bbox 2969 2036 3059 2094; x_wconf 84' lang='grc' dir='ltr'>διὰ</span> <span class='ocrx_word' id='word_1_252' title='bbox 3113 2043 3282 2115; x_wconf 79' lang='grc' dir='ltr'>τριῶν</span> <span class='ocrx_word' id='word_1_253' title='bbox 3340 2036 3649 2112; x_wconf 81' lang='grc' dir='ltr'>ὀνομάτων,</span> 
     </span>
    </p>
   </div>
   <div class='ocr_carea' id='block_1_36' title="bbox 2062 1498 3636 1582">
    <p class='ocr_par' dir='ltr' id='par_1_36' title="bbox 2062 1498 3636 1582">
     <span class='ocr_line' id='line_1_36' title="bbox 2062 1498 3636 1582; baseline -0.002 -21"><span class='ocrx_word' id='word_1_254' title='bbox 2062 1507 2266 1566; x_wconf 77' lang='grc' dir='ltr'><strong>Π“.⁹Ὀν</strong></span> <span class='ocrx_word' id='word_1_255' title='bbox 2325 1510 2487 1582; x_wconf 84' lang='grc' dir='ltr'>γεννᾷ</span> <span class='ocrx_word' id='word_1_256' title='bbox 2541 1507 2577 1576; x_wconf 80' lang='grc' dir='ltr'>ἡ</span> <span class='ocrx_word' id='word_1_257' title='bbox 2641 1505 2849 1580; x_wconf 78' lang='grc' dir='ltr'>μήτηρ,</span> <span class='ocrx_word' id='word_1_258' title='bbox 2902 1500 2976 1566; x_wconf 55' lang='grc' dir='ltr'>εθς</span> <span class='ocrx_word' id='word_1_259' title='bbox 3023 1500 3246 1558; x_wconf 84' lang='grc' dir='ltr'>θάνατον</span> <span class='ocrx_word' id='word_1_260' title='bbox 3307 1498 3487 1579; x_wconf 69' lang='grc' dir='ltr'>ἄγεται</span> <span class='ocrx_word' id='word_1_261' title='bbox 3545 1503 3636 1558; x_wconf 83' lang='grc' dir='ltr'><strong>καὶ</strong></span> 
     </span>
    </p>
   </div>
   <div class='ocr_carea' id='block_1_37' title="bbox 248 2131 1891 2208">
    <p class='ocr_par' dir='ltr' id='par_1_37' title="bbox 248 2131 1891 2208">
     <span class='ocr_line' id='line_1_37' title="bbox 248 2131 1891 2208; baseline 0.003 -22"><span class='ocrx_word' id='word_1_262' title='bbox 248 2131 370 2186; x_wconf 69' lang='lat' dir='ltr'><strong>hac</strong></span> <span class='ocrx_word' id='word_1_263' title='bbox 421 2133 660 2187; x_wconf 89' lang='lat' dir='ltr'><strong>nomina</strong></span> <span class='ocrx_word' id='word_1_264' title='bbox 712 2131 782 2188; x_wconf 90' lang='lat' dir='ltr'><strong>ab</strong></span> <span class='ocrx_word' id='word_1_265' title='bbox 837 2131 998 2186; x_wconf 91' lang='lat' dir='ltr'><strong>omni</strong></span> <span class='ocrx_word' id='word_1_266' title='bbox 1045 2149 1173 2202; x_wconf 64' lang='lat' dir='ltr'><strong>quae</strong></span> <span class='ocrx_word' id='word_1_267' title='bbox 1218 2134 1277 2187; x_wconf 90' lang='lat' dir='ltr'><strong>in</strong></span> <span class='ocrx_word' id='word_1_268' title='bbox 1338 2134 1712 2205; x_wconf 90' lang='lat' dir='ltr'><strong>corruptione</strong></span> <span class='ocrx_word' id='word_1_269' title='bbox 1761 2135 1891 2208; x_wconf 85' lang='lat' dir='ltr'><strong>fuit,</strong></span> 
     </span>
    </p>
   </div>
   <div class='ocr_carea' id='block_1_38' title="bbox 245 2221 1893 2293">
    <p class='ocr_par' dir='ltr' id='par_1_38' title="bbox 245 2221 1893 2293">
     <span class='ocr_line' id='line_1_38' title="bbox 245 2221 1893 2293; baseline 0.003 -18"><span class='ocrx_word' id='word_1_270' title='bbox 245 2221 434 2276; x_wconf 88' lang='lat' dir='ltr'><strong>triade</strong></span> <span class='ocrx_word' id='word_1_271' title='bbox 466 2221 1040 2289; x_wconf 87' lang='lat' dir='ltr'><strong>mutatus,liberatus</strong></span> <span class='ocrx_word' id='word_1_272' title='bbox 1068 2225 1200 2292; x_wconf 87' lang='lat' dir='ltr'><strong>est;</strong></span> <span class='ocrx_word' id='word_1_273' title='bbox 1235 2222 1371 2278; x_wconf 82' lang='lat' dir='ltr'><strong>Cum</strong></span> <span class='ocrx_word' id='word_1_274' title='bbox 1393 2222 1551 2279; x_wconf 89' lang='lat' dir='ltr'><strong>enim</strong></span> <span class='ocrx_word' id='word_1_275' title='bbox 1585 2225 1893 2293; x_wconf 76' lang='lat' dir='ltr'><strong>imaginem</strong></span> 
     </span>
    </p>
   </div>
   <div class='ocr_carea' id='block_1_39' title="bbox 245 2313 1888 2385">
    <p class='ocr_par' dir='ltr' id='par_1_39' title="bbox 245 2313 1888 2385">
     <span class='ocr_line' id='line_1_39' title="bbox 245 2313 1888 2385; baseline 0.003 -19"><span class='ocrx_word' id='word_1_276' title='bbox 245 2313 521 2367; x_wconf 68' lang='lat' dir='ltr'><strong>terrestri:</strong></span> <span class='ocrx_word' id='word_1_277' title='bbox 567 2321 828 2381; x_wconf 73' lang='lat' dir='ltr'><strong>gesserat,</strong></span> <span class='ocrx_word' id='word_1_278' title='bbox 873 2314 955 2368; x_wconf 75' lang='lat' dir='ltr'><strong>ita</strong></span> <span class='ocrx_word' id='word_1_279' title='bbox 1004 2319 1133 2368; x_wconf 79' lang='lat' dir='ltr'><strong>tunc</strong></span> <span class='ocrx_word' id='word_1_280' title='bbox 1183 2315 1326 2383; x_wconf 78' lang='lat' dir='ltr'><strong>gerit</strong></span> <span class='ocrx_word' id='word_1_281' title='bbox 1375 2315 1682 2385; x_wconf 76' lang='lat' dir='ltr'><strong>imaginem</strong></span> <span class='ocrx_word' id='word_1_282' title='bbox 1731 2316 1888 2371; x_wconf 75' lang='lat' dir='ltr'><strong>cale-</strong></span> 
     </span>
    </p>
   </div>
   <div class='ocr_carea' id='block_1_40' title="bbox 241 2399 470 2470">
    <p class='ocr_par' dir='ltr' id='par_1_40' title="bbox 241 2399 470 2470">
     <span class='ocr_line' id='line_1_40' title="bbox 241 2399 470 2470; baseline -0.009 -14"><span class='ocrx_word' id='word_1_283' title='bbox 241 2401 342 2456; x_wconf 71' lang='lat' dir='ltr'><strong>:tis</strong></span> <span class='ocrx_word' id='word_1_284' title='bbox 372 2399 470 2470; x_wconf 84' lang='lat' dir='ltr'><strong>(a).</strong></span> 
     </span>
    </p>
   </div>
   <div class='ocr_carea' id='block_1_41' title="bbox 288 2487 1889 2564">
    <p class='ocr_par' dir='ltr' id='par_1_41' title="bbox 288 2487 1889 2564">
     <span class='ocr_line' id='line_1_41' title="bbox 288 2487 1889 2564; baseline 0 -16"><span class='ocrx_word' id='word_1_285' title='bbox 288 2487 555 2548; x_wconf 76' lang='lat' dir='ltr'><strong>LXXXI.</strong></span> <span class='ocrx_word' id='word_1_286' title='bbox 587 2489 724 2553; x_wconf 63' lang='lat' dir='ltr'><strong>Qum</strong></span> <span class='ocrx_word' id='word_1_287' title='bbox 773 2489 1013 2560; x_wconf 89' lang='lat' dir='ltr'><strong>quidem</strong></span> <span class='ocrx_word' id='word_1_288' title='bbox 1061 2489 1218 2562; x_wconf 81' lang='lat' dir='ltr'><strong>ignis</strong></span> <span class='ocrx_word' id='word_1_289' title='bbox 1268 2506 1404 2561; x_wconf 89' lang='lat' dir='ltr'><strong>pars</strong></span> <span class='ocrx_word' id='word_1_290' title='bbox 1455 2496 1545 2547; x_wconf 91' lang='lat' dir='ltr'><strong>est</strong></span> <span class='ocrx_word' id='word_1_291' title='bbox 1592 2507 1889 2564; x_wconf 90' lang='lat' dir='ltr'><strong>corporea,</strong></span> 
     </span>
    </p>
   </div>
   <div class='ocr_carea' id='block_1_42' title="bbox 240 2577 1890 2650">
    <p class='ocr_par' dir='ltr' id='par_1_42' title="bbox 240 2577 1890 2650">
     <span class='ocr_line' id='line_1_42' title="bbox 240 2577 1890 2650; baseline 0.002 -18"><span class='ocrx_word' id='word_1_292' title='bbox 240 2593 485 2650; x_wconf 91' lang='lat' dir='ltr'><strong>corpora</strong></span> <span class='ocrx_word' id='word_1_293' title='bbox 505 2577 626 2633; x_wconf 66' lang='lat' dir='ltr'><strong>hac</strong></span> <span class='ocrx_word' id='word_1_294' title='bbox 647 2578 859 2637; x_wconf 85' lang='lat' dir='ltr'><strong>omnia</strong></span> <span class='ocrx_word' id='word_1_295' title='bbox 889 2578 1125 2650; x_wconf 86' lang='lat' dir='ltr'><strong>attingit</strong></span> <span class='ocrx_word' id='word_1_296' title='bbox 1151 2595 1166 2647; x_wconf 87' lang='lat'><strong>;</strong></span> <span class='ocrx_word' id='word_1_297' title='bbox 1197 2595 1324 2649; x_wconf 66' lang='lat' dir='ltr'><strong>qua</strong></span> <span class='ocrx_word' id='word_1_298' title='bbox 1354 2595 1488 2635; x_wconf 90' lang='lat' dir='ltr'><strong>vero</strong></span> <span class='ocrx_word' id='word_1_299' title='bbox 1521 2595 1669 2650; x_wconf 91' lang='lat' dir='ltr'><strong>pura</strong></span> <span class='ocrx_word' id='word_1_300' title='bbox 1700 2597 1766 2636; x_wconf 88' lang='lat' dir='ltr'><strong>ac</strong></span> <span class='ocrx_word' id='word_1_301' title='bbox 1799 2583 1890 2636; x_wconf 78' lang='lat' dir='ltr'><strong>in-</strong></span> 
     </span>
    </p>
   </div>
   <div class='ocr_carea' id='block_1_43' title="bbox 243 2665 1894 2741">
    <p class='ocr_par' dir='ltr' id='par_1_43' title="bbox 243 2665 1894 2741">
     <span class='ocr_line' id='line_1_43' title="bbox 243 2665 1894 2741; baseline 0.003 -20"><span class='ocrx_word' id='word_1_302' title='bbox 243 2682 523 2738; x_wconf 87' lang='lat' dir='ltr'><strong>corporea</strong></span> <span class='ocrx_word' id='word_1_303' title='bbox 569 2671 679 2737; x_wconf 88' lang='lat' dir='ltr'><strong>est,</strong></span> <span class='ocrx_word' id='word_1_304' title='bbox 729 2665 881 2722; x_wconf 88' lang='lat' dir='ltr'><strong>hanc</strong></span> <span class='ocrx_word' id='word_1_305' title='bbox 928 2667 1134 2722; x_wconf 90' lang='lat' dir='ltr'><strong>dicunt</strong></span> <span class='ocrx_word' id='word_1_306' title='bbox 1191 2667 1534 2739; x_wconf 87' lang='lat' dir='ltr'><strong>incorporea</strong></span> <span class='ocrx_word' id='word_1_307' title='bbox 1582 2672 1894 2741; x_wconf 84' lang='lat' dir='ltr'><strong>attingere,</strong></span> 
     </span>
    </p>
   </div>
   <div class='ocr_carea' id='block_1_44' title="bbox 247 2755 1896 2829">
    <p class='ocr_par' dir='ltr' id='par_1_44' title="bbox 247 2755 1896 2829">
     <span class='ocr_line' id='line_1_44' title="bbox 247 2755 1896 2829; baseline 0.003 -20"><span class='ocrx_word' id='word_1_308' title='bbox 247 2769 459 2825; x_wconf 87' lang='lat' dir='ltr'><strong>nempe</strong></span> <span class='ocrx_word' id='word_1_309' title='bbox 484 2755 802 2825; x_wconf 71' lang='lat' dir='ltr'><strong>daemones,</strong></span> <span class='ocrx_word' id='word_1_310' title='bbox 835 2755 1077 2827; x_wconf 89' lang='lat' dir='ltr'><strong>angelos</strong></span> <span class='ocrx_word' id='word_1_311' title='bbox 1110 2755 1407 2827; x_wconf 61' lang='lat' dir='ltr'><strong>nequitiae,</strong></span> <span class='ocrx_word' id='word_1_312' title='bbox 1431 2757 1742 2829; x_wconf 86' lang='lat' dir='ltr'><strong>ipsumque</strong></span> <span class='ocrx_word' id='word_1_313' title='bbox 1773 2759 1896 2814; x_wconf 90' lang='lat' dir='ltr'><strong>dia-</strong></span> 
     </span>
    </p>
   </div>
   <div class='ocr_carea' id='block_1_45' title="bbox 248 2842 1896 2916">
    <p class='ocr_par' dir='ltr' id='par_1_45' title="bbox 248 2842 1896 2916">
     <span class='ocr_line' id='line_1_45' title="bbox 248 2842 1896 2916; baseline 0.002 -17"><span class='ocrx_word' id='word_1_314' title='bbox 248 2843 471 2899; x_wconf 84' lang='lat' dir='ltr'><strong>bolum.</strong></span> <span class='ocrx_word' id='word_1_315' title='bbox 503 2847 624 2899; x_wconf 85' lang='lat' dir='ltr'><strong>Hoc</strong></span> <span class='ocrx_word' id='word_1_316' title='bbox 655 2842 720 2908; x_wconf 83' lang='grc' dir='ltr'><strong>›ι‹</strong></span> <span class='ocrx_word' id='word_1_317' title='bbox 751 2853 915 2914; x_wconf 90' lang='lat' dir='ltr'><strong>pacto</strong></span> <span class='ocrx_word' id='word_1_318' title='bbox 945 2843 1098 2916; x_wconf 88' lang='lat' dir='ltr'><strong>ignis</strong></span> <span class='ocrx_word' id='word_1_319' title='bbox 1131 2845 1500 2900; x_wconf 67' lang='lat' dir='ltr'><strong>subcaalestis</strong></span> <span class='ocrx_word' id='word_1_320' title='bbox 1530 2851 1741 2902; x_wconf 90' lang='lat' dir='ltr'><strong>natura</strong></span> <span class='ocrx_word' id='word_1_321' title='bbox 1786 2865 1896 2903; x_wconf 90' lang='lat' dir='ltr'><strong>sua</strong></span> 
     </span>
    </p>
   </div>
   <div class='ocr_carea' id='block_1_46' title="bbox 169 2930 1893 3006">
    <p class='ocr_par' dir='ltr' id='par_1_46' title="bbox 169 2930 1893 3006">
     <span class='ocr_line' id='line_1_46' title="bbox 169 2930 1893 3006; baseline 0.002 -16"><span class='ocrx_word' id='word_1_322' title='bbox 169 2987 174 2990; x_wconf 89' lang='lat'><strong>.</strong></span> <span class='ocrx_word' id='word_1_323' title='bbox 248 2930 465 3003; x_wconf 80' lang='lat' dir='ltr'><strong>duplex</strong></span> <span class='ocrx_word' id='word_1_324' title='bbox 489 2931 900 3002; x_wconf 87' lang='lat' dir='ltr'><strong>est,nimirum</strong></span> <span class='ocrx_word' id='word_1_325' title='bbox 933 2931 1325 3006; x_wconf 84' lang='lat' dir='ltr'><strong>intelligibilis</strong></span> <span class='ocrx_word' id='word_1_326' title='bbox 1353 2939 1410 2988; x_wconf 89' lang='lat' dir='ltr'><strong>et</strong></span> <span class='ocrx_word' id='word_1_327' title='bbox 1439 2934 1738 2992; x_wconf 84' lang='lat' dir='ltr'><strong>sensibilis</strong></span> <span class='ocrx_word' id='word_1_328' title='bbox 1771 2953 1785 2992; x_wconf 90' lang='lat'><strong>:</strong></span> <span class='ocrx_word' id='word_1_329' title='bbox 1821 2937 1893 2992; x_wconf 87' lang='lat' dir='ltr'><strong>ad</strong></span> 
     </span>
    </p>
   </div>
   <div class='ocr_carea' id='block_1_47' title="bbox 249 3020 1893 3096">
    <p class='ocr_par' dir='ltr' id='par_1_47' title="bbox 249 3020 1893 3096">
     <span class='ocr_line' id='line_1_47' title="bbox 249 3020 1893 3096; baseline 0.002 -20"><span class='ocrx_word' id='word_1_330' title='bbox 249 3020 523 3076; x_wconf 89' lang='lat' dir='ltr'><strong>eumdem</strong></span> <span class='ocrx_word' id='word_1_331' title='bbox 555 3021 798 3076; x_wconf 88' lang='lat' dir='ltr'><strong>modum</strong></span> <span class='ocrx_word' id='word_1_332' title='bbox 822 3021 1120 3094; x_wconf 88' lang='lat' dir='ltr'><strong>baptisma</strong></span> <span class='ocrx_word' id='word_1_333' title='bbox 1141 3021 1357 3094; x_wconf 82' lang='lat' dir='ltr'><strong>duplex</strong></span> <span class='ocrx_word' id='word_1_334' title='bbox 1379 3022 1747 3093; x_wconf 89' lang='lat' dir='ltr'><strong>est,alterum</strong></span> <span class='ocrx_word' id='word_1_335' title='bbox 1769 3024 1893 3096; x_wconf 85' lang='lat' dir='ltr'><strong>qui-</strong></span> 
     </span>
    </p>
   </div>
   <div class='ocr_carea' id='block_1_48' title="bbox 247 3109 1890 3185">
    <p class='ocr_par' dir='ltr' id='par_1_48' title="bbox 247 3109 1890 3185">
     <span class='ocr_line' id='line_1_48' title="bbox 247 3109 1890 3185; baseline 0.002 -20"><span class='ocrx_word' id='word_1_336' title='bbox 247 3110 382 3166; x_wconf 88' lang='lat' dir='ltr'><strong>dem</strong></span> <span class='ocrx_word' id='word_1_337' title='bbox 414 3109 876 3182; x_wconf 88' lang='lat' dir='ltr'><strong>sensibile,quod</strong></span> <span class='ocrx_word' id='word_1_338' title='bbox 909 3127 1011 3184; x_wconf 90' lang='lat' dir='ltr'><strong>per</strong></span> <span class='ocrx_word' id='word_1_339' title='bbox 1039 3127 1250 3182; x_wconf 88' lang='lat' dir='ltr'><strong>aquam</strong></span> <span class='ocrx_word' id='word_1_340' title='bbox 1274 3111 1515 3182; x_wconf 85' lang='lat' dir='ltr'><strong>ﬁt,quod</strong></span> <span class='ocrx_word' id='word_1_341' title='bbox 1541 3113 1736 3185; x_wconf 88' lang='lat' dir='ltr'><strong>ignem</strong></span> <span class='ocrx_word' id='word_1_342' title='bbox 1759 3130 1890 3170; x_wconf 90' lang='lat' dir='ltr'><strong>sen-</strong></span> 
     </span>
    </p>
   </div>
   <div class='ocr_carea' id='block_1_49' title="bbox 2000 2127 3650 2208">
    <p class='ocr_par' dir='ltr' id='par_1_49' title="bbox 2000 2127 3650 2208">
     <span class='ocr_line' id='line_1_49' title="bbox 2000 2127 3650 2208; baseline -0.001 -22"><span class='ocrx_word' id='word_1_343' title='bbox 2000 2133 2174 2206; x_wconf 76' lang='grc' dir='ltr'>πάσῃς</span> <span class='ocrx_word' id='word_1_344' title='bbox 2232 2138 2334 2202; x_wconf 85' lang='grc' dir='ltr'><strong>τῆς</strong></span> <span class='ocrx_word' id='word_1_345' title='bbox 2391 2131 2442 2186; x_wconf 81' lang='grc' dir='ltr'>ἐν</span> <span class='ocrx_word' id='word_1_346' title='bbox 2495 2133 2670 2208; x_wconf 74' lang='grc' dir='ltr'>φθορᾷ</span> <span class='ocrx_word' id='word_1_347' title='bbox 2733 2127 2954 2197; x_wconf 78' lang='grc' dir='ltr'>τριάδος</span> <span class='ocrx_word' id='word_1_348' title='bbox 3027 2128 3345 2206; x_wconf 74' lang='grc' dir='ltr'>ἆπηγγάγηο</span> <span class='ocrx_word' id='word_1_349' title='bbox 3405 2128 3650 2206; x_wconf 76' lang='grc' dir='ltr'>Φορὲσας</span> 
     </span>
    </p>
   </div>
   <div class='ocr_carea' id='block_1_50' title="bbox 1999 2216 3651 2297">
    <p class='ocr_par' dir='ltr' id='par_1_50' title="bbox 1999 2216 3651 2297">
     <span class='ocr_line' id='line_1_50' title="bbox 1999 2216 3651 2297; baseline -0.001 -21"><span class='ocrx_word' id='word_1_350' title='bbox 1999 2221 2099 2290; x_wconf 82' lang='grc' dir='ltr'><strong>τήν</strong></span> <span class='ocrx_word' id='word_1_351' title='bbox 2133 2221 2317 2277; x_wconf 73' lang='grc' dir='ltr'>εῗκόνα</span> <span class='ocrx_word' id='word_1_352' title='bbox 2369 2223 2468 2276; x_wconf 89' lang='grc' dir='ltr'><strong>τοῦ</strong></span> <span class='ocrx_word' id='word_1_353' title='bbox 2527 2223 2747 2296; x_wconf 79' lang='grc' dir='ltr'>χοϊκοῦ,</span> <span class='ocrx_word' id='word_1_354' title='bbox 2777 2218 2902 2275; x_wconf 81' lang='grc' dir='ltr'>τότε</span> <span class='ocrx_word' id='word_1_355' title='bbox 2947 2223 3107 2297; x_wconf 75' lang='grc' dir='ltr'>φορεῖ</span> <span class='ocrx_word' id='word_1_356' title='bbox 3160 2219 3261 2288; x_wconf 81' lang='grc' dir='ltr'><strong>τήν</strong></span> <span class='ocrx_word' id='word_1_357' title='bbox 3316 2216 3500 2273; x_wconf 73' lang='grc' dir='ltr'>εἰκόνα</span> <span class='ocrx_word' id='word_1_358' title='bbox 3552 2221 3651 2274; x_wconf 88' lang='grc' dir='ltr'><strong>τοῦ</strong></span> 
     </span>
    </p>
   </div>
   <div class='ocr_carea' id='block_1_51' title="bbox 2003 2309 2349 2386">
    <p class='ocr_par' dir='ltr' id='par_1_51' title="bbox 2003 2309 2349 2386">
     <span class='ocr_line' id='line_1_51' title="bbox 2003 2309 2349 2386; baseline 0.003 -20"><span class='ocrx_word' id='word_1_359' title='bbox 2003 2309 2234 2386; x_wconf 66' lang='grc' dir='ltr'>ἰπουραν</span> <span class='ocrx_word' id='word_1_360' title='bbox 2245 2310 2349 2368; x_wconf 88' lang='grc' dir='ltr'>ίου.</span> 
     </span>
    </p>
   </div>
   <div class='ocr_carea' id='block_1_52' title="bbox 2073 2486 3652 2564">
    <p class='ocr_par' dir='ltr' id='par_1_52' title="bbox 2073 2486 3652 2564">
     <span class='ocr_line' id='line_1_52' title="bbox 2073 2486 3652 2564; baseline -0.001 -19"><span class='ocrx_word' id='word_1_361' title='bbox 2073 2492 2200 2548; x_wconf 85' lang='grc' dir='ltr'><strong>ΠΑ’.</strong></span> <span class='ocrx_word' id='word_1_362' title='bbox 2225 2491 2336 2547; x_wconf 91' lang='grc' dir='ltr'><strong>Τοῦ</strong></span> <span class='ocrx_word' id='word_1_363' title='bbox 2366 2489 2536 2564; x_wconf 80' lang='grc' dir='ltr'>πυρὸς</span> <span class='ocrx_word' id='word_1_364' title='bbox 2563 2488 2626 2544; x_wconf 84' lang='grc' dir='ltr'><strong>τὸ</strong></span> <span class='ocrx_word' id='word_1_365' title='bbox 2652 2489 2746 2562; x_wconf 80' lang='grc' dir='ltr'>μὶν</span> <span class='ocrx_word' id='word_1_366' title='bbox 2765 2486 3106 2562; x_wconf 84' lang='grc' dir='ltr'>σωματικὸν,</span> <span class='ocrx_word' id='word_1_367' title='bbox 3127 2489 3398 2561; x_wconf 88' lang='grc' dir='ltr'>σωμάτων</span> <span class='ocrx_word' id='word_1_368' title='bbox 3409 2487 3652 2544; x_wconf 62' lang='grc' dir='ltr'>ἅπτεται</span> 
     </span>
    </p>
   </div>
   <div class='ocr_carea' id='block_1_53' title="bbox 2000 2575 3647 2656">
    <p class='ocr_par' dir='ltr' id='par_1_53' title="bbox 2000 2575 3647 2656">
     <span class='ocr_line' id='line_1_53' title="bbox 2000 2575 3647 2656; baseline 0 -22"><span class='ocrx_word' id='word_1_369' title='bbox 2000 2581 2241 2645; x_wconf 83' lang='grc' dir='ltr'>πάντων,</span> <span class='ocrx_word' id='word_1_370' title='bbox 2288 2579 2352 2634; x_wconf 88' lang='grc' dir='ltr'>τὸ</span> <span class='ocrx_word' id='word_1_371' title='bbox 2399 2575 2457 2634; x_wconf 75' lang='grc' dir='ltr'>δὲ</span> <span class='ocrx_word' id='word_1_372' title='bbox 2500 2578 2731 2653; x_wconf 88' lang='grc' dir='ltr'>καθαρὸν</span> <span class='ocrx_word' id='word_1_373' title='bbox 2761 2578 2853 2632; x_wconf 78' lang='grc' dir='ltr'>καὶ</span> <span class='ocrx_word' id='word_1_374' title='bbox 2883 2577 3170 2650; x_wconf 79' lang='grc' dir='ltr'>ἀσώματον</span> <span class='ocrx_word' id='word_1_375' title='bbox 3202 2577 3509 2651; x_wconf 80' lang='grc' dir='ltr'>ἀσωμάτων</span> <span class='ocrx_word' id='word_1_376' title='bbox 3549 2599 3647 2656; x_wconf 77' lang='grc' dir='ltr'><strong>φα-</strong></span> 
     </span>
    </p>
   </div>
   <div class='ocr_carea' id='block_1_54' title="bbox 2004 2663 3658 2742">
    <p class='ocr_par' dir='ltr' id='par_1_54' title="bbox 2004 2663 3658 2742">
     <span class='ocr_line' id='line_1_54' title="bbox 2004 2663 3658 2742; baseline -0.002 -19"><span class='ocrx_word' id='word_1_377' title='bbox 2004 2668 2086 2723; x_wconf 83' lang='grc' dir='ltr'><strong>σὶν</strong></span> <span class='ocrx_word' id='word_1_378' title='bbox 2114 2668 2388 2733; x_wconf 80' lang='grc' dir='ltr'>ἅπτεσθαι,</span> <span class='ocrx_word' id='word_1_379' title='bbox 2445 2668 2560 2721; x_wconf 82' lang='grc' dir='ltr'>οἷον</span> <span class='ocrx_word' id='word_1_380' title='bbox 2611 2663 2909 2739; x_wconf 84' lang='grc' dir='ltr'>δαιμόνων,</span> <span class='ocrx_word' id='word_1_381' title='bbox 2943 2663 3182 2742; x_wconf 78' lang='grc' dir='ltr'>άγγὲλων</span> <span class='ocrx_word' id='word_1_382' title='bbox 3217 2671 3321 2734; x_wconf 82' lang='grc' dir='ltr'><strong>τῆς</strong></span> <span class='ocrx_word' id='word_1_383' title='bbox 3365 2663 3658 2741; x_wconf 79' lang='grc' dir='ltr'>πονηρίας,</span> 
     </span>
    </p>
   </div>
   <div class='ocr_carea' id='block_1_55' title="bbox 2003 2750 3653 2830">
    <p class='ocr_par' dir='ltr' id='par_1_55' title="bbox 2003 2750 3653 2830">
     <span class='ocr_line' id='line_1_55' title="bbox 2003 2750 3653 2830; baseline -0.002 -18"><span class='ocrx_word' id='word_1_384' title='bbox 2003 2756 2166 2812; x_wconf 78' lang='grc' dir='ltr'>αὐτοῦ</span> <span class='ocrx_word' id='word_1_385' title='bbox 2207 2759 2305 2810; x_wconf 92' lang='grc' dir='ltr'><strong>τοῦ</strong></span> <span class='ocrx_word' id='word_1_386' title='bbox 2349 2750 2634 2814; x_wconf 80' lang='grc' dir='ltr'>διαϐόλου.</span> <span class='ocrx_word' id='word_1_387' title='bbox 2667 2754 2857 2818; x_wconf 75' lang='grc' dir='ltr'>Οὕτως</span> <span class='ocrx_word' id='word_1_388' title='bbox 2909 2754 3018 2810; x_wconf 73' lang='grc' dir='ltr'>ἐστὶ</span> <span class='ocrx_word' id='word_1_389' title='bbox 3069 2754 3132 2809; x_wconf 81' lang='grc' dir='ltr'>τὸ</span> <span class='ocrx_word' id='word_1_390' title='bbox 3177 2753 3260 2810; x_wconf 77' lang='grc' dir='ltr'><strong>ἐπ’</strong></span> <span class='ocrx_word' id='word_1_391' title='bbox 3291 2753 3518 2830; x_wconf 74' lang='grc' dir='ltr'>οὐρανὸν</span> <span class='ocrx_word' id='word_1_392' title='bbox 3548 2757 3653 2829; x_wconf 83' lang='grc' dir='ltr'><strong>πῦρ</strong></span> 
     </span>
    </p>
   </div>
   <div class='ocr_carea' id='block_1_56' title="bbox 2005 2841 3654 2923">
    <p class='ocr_par' dir='ltr' id='par_1_56' title="bbox 2005 2841 3654 2923">
     <span class='ocr_line' id='line_1_56' title="bbox 2005 2841 3654 2923; baseline 0 -21"><span class='ocrx_word' id='word_1_393' title='bbox 2005 2845 2185 2902; x_wconf 88' lang='grc' dir='ltr'>δισσὸν</span> <span class='ocrx_word' id='word_1_394' title='bbox 2217 2847 2319 2913; x_wconf 78' lang='grc' dir='ltr'><strong>τήο</strong></span> <span class='ocrx_word' id='word_1_395' title='bbox 2347 2844 2504 2923; x_wconf 76' lang='grc' dir='ltr'>φύσιν</span> <span class='ocrx_word' id='word_1_396' title='bbox 2539 2848 2676 2918; x_wconf 77' lang='grc'>(22),</span> <span class='ocrx_word' id='word_1_397' title='bbox 2707 2845 2769 2900; x_wconf 81' lang='grc' dir='ltr'>τὸ</span> <span class='ocrx_word' id='word_1_398' title='bbox 2803 2846 2898 2918; x_wconf 74' lang='grc' dir='ltr'>μὶν</span> <span class='ocrx_word' id='word_1_399' title='bbox 2931 2844 3152 2914; x_wconf 87' lang='grc' dir='ltr'>νοητὸν,</span> <span class='ocrx_word' id='word_1_400' title='bbox 3195 2845 3258 2900; x_wconf 87' lang='grc' dir='ltr'>τὸ</span> <span class='ocrx_word' id='word_1_401' title='bbox 3289 2841 3348 2899; x_wconf 74' lang='grc' dir='ltr'>δὲ</span> <span class='ocrx_word' id='word_1_402' title='bbox 3375 2843 3654 2913; x_wconf 72' lang='grc' dir='ltr'>αἰσθητόν.</span> 
     </span>
    </p>
   </div>
   <div class='ocr_carea' id='block_1_57' title="bbox 2005 2930 3652 3010">
    <p class='ocr_par' dir='ltr' id='par_1_57' title="bbox 2005 2930 3652 3010">
     <span class='ocr_line' id='line_1_57' title="bbox 2005 2930 3652 3010; baseline -0.002 -21"><span class='ocrx_word' id='word_1_403' title='bbox 2005 2935 2104 2990; x_wconf 84' lang='grc' dir='ltr'><strong>Καὶ</strong></span> <span class='ocrx_word' id='word_1_404' title='bbox 2134 2935 2197 2988; x_wconf 89' lang='grc' dir='ltr'><strong>τὸ</strong></span> <span class='ocrx_word' id='word_1_405' title='bbox 2232 2933 2513 3010; x_wconf 85' lang='grc' dir='ltr'>βάπτισμα</span> <span class='ocrx_word' id='word_1_406' title='bbox 2556 2931 2650 2988; x_wconf 82' lang='grc' dir='ltr'>οὖν</span> <span class='ocrx_word' id='word_1_407' title='bbox 2701 2932 2932 2989; x_wconf 79' lang='grc' dir='ltr'>διπλοῦν</span> <span class='ocrx_word' id='word_1_408' title='bbox 2981 2931 3289 3006; x_wconf 82' lang='grc' dir='ltr'>ἀναλόγως,</span> <span class='ocrx_word' id='word_1_409' title='bbox 3318 2933 3380 2988; x_wconf 87' lang='grc' dir='ltr'>τὸ</span> <span class='ocrx_word' id='word_1_410' title='bbox 3431 2935 3524 3005; x_wconf 69' lang='grc' dir='ltr'>μὶν</span> <span class='ocrx_word' id='word_1_411' title='bbox 3567 2930 3652 2987; x_wconf 78' lang='grc' dir='ltr'><strong>αἲ-</strong></span> 
     </span>
    </p>
   </div>
   <div class='ocr_carea' id='block_1_58' title="bbox 2004 3016 3652 3097">
    <p class='ocr_par' dir='ltr' id='par_1_58' title="bbox 2004 3016 3652 3097">
     <span class='ocr_line' id='line_1_58' title="bbox 2004 3016 3652 3097; baseline -0.002 -18"><span class='ocrx_word' id='word_1_412' title='bbox 2004 3024 2224 3094; x_wconf 84' lang='grc' dir='ltr'>σθητὸν,</span> <span class='ocrx_word' id='word_1_413' title='bbox 2257 3020 2327 3078; x_wconf 88' lang='grc' dir='ltr'><strong>δι’</strong></span> <span class='ocrx_word' id='word_1_414' title='bbox 2377 3020 2592 3091; x_wconf 78' lang='grc' dir='ltr'>ὕδατος,</span> <span class='ocrx_word' id='word_1_415' title='bbox 2639 3027 2738 3078; x_wconf 91' lang='grc' dir='ltr'><strong>τοῦ</strong></span> <span class='ocrx_word' id='word_1_416' title='bbox 2781 3022 3045 3092; x_wconf 82' lang='grc' dir='ltr'>αἶ’σθητοῦ</span> <span class='ocrx_word' id='word_1_417' title='bbox 3099 3022 3272 3097; x_wconf 85' lang='grc' dir='ltr'>πυρὸς</span> <span class='ocrx_word' id='word_1_418' title='bbox 3312 3016 3652 3092; x_wconf 72' lang='grc' dir='ltr'>σϐεστήριον·</span> 
     </span>
    </p>
   </div>
   <div class='ocr_carea' id='block_1_59' title="bbox 2005 3109 3664 3185">
    <p class='ocr_par' dir='ltr' id='par_1_59' title="bbox 2005 3109 3664 3185">
     <span class='ocr_line' id='line_1_59' title="bbox 2005 3109 3664 3185; baseline -0.001 -17"><span class='ocrx_word' id='word_1_419' title='bbox 2005 3114 2068 3168; x_wconf 85' lang='grc' dir='ltr'>τὸ</span> <span class='ocrx_word' id='word_1_420' title='bbox 2097 3111 2156 3168; x_wconf 78' lang='grc' dir='ltr'>δὲ</span> <span class='ocrx_word' id='word_1_421' title='bbox 2191 3113 2414 3182; x_wconf 85' lang='grc' dir='ltr'>νοητὸν,</span> <span class='ocrx_word' id='word_1_422' title='bbox 2467 3109 2560 3168; x_wconf 80' lang='grc' dir='ltr'><strong>διὰ</strong></span> <span class='ocrx_word' id='word_1_423' title='bbox 2613 3110 2928 3185; x_wconf 74' lang='grc' dir='ltr'>Πνεῦματος</span> <span class='ocrx_word' id='word_1_424' title='bbox 2978 3113 3116 3185; x_wconf 88' lang='lat'><strong>(23),</strong></span> <span class='ocrx_word' id='word_1_425' title='bbox 3162 3115 3260 3167; x_wconf 90' lang='grc' dir='ltr'><strong>τοῦ</strong></span> <span class='ocrx_word' id='word_1_426' title='bbox 3307 3115 3510 3180; x_wconf 86' lang='grc' dir='ltr'>νοητοῦ</span> <span class='ocrx_word' id='word_1_427' title='bbox 3557 3131 3664 3166; x_wconf 82' lang='grc' dir='ltr'>πυ-</span> 
     </span>
    </p>
   </div>
   <div class='ocr_carea' id='block_1_60' title="bbox 247 3172 1909 3280">
    <p class='ocr_par' dir='ltr' id='par_1_60' title="bbox 247 3172 1892 3272">
     <span class='ocr_line' id='line_1_60' title="bbox 247 3172 1892 3272; baseline 0.001 -16"><span class='ocrx_word' id='word_1_428' title='bbox 247 3198 476 3256; x_wconf 89' lang='lat' dir='ltr'><strong>sibilem</strong></span> <span class='ocrx_word' id='word_1_429' title='bbox 510 3172 927 3272; x_wconf 72' lang='lat' dir='ltr'><strong>exstinguendi</strong></span> <span class='ocrx_word' id='word_1_430' title='bbox 950 3201 1066 3255; x_wconf 90' lang='lat' dir='ltr'><strong>vim</strong></span> <span class='ocrx_word' id='word_1_431' title='bbox 1090 3172 1308 3267; x_wconf 74' lang='lat' dir='ltr'><strong>habet;</strong></span> <span class='ocrx_word' id='word_1_432' title='bbox 1343 3172 1598 3256; x_wconf 64' lang='lat' dir='ltr'><strong>alterum</strong></span> <span class='ocrx_word' id='word_1_433' title='bbox 1633 3218 1767 3258; x_wconf 92' lang='lat' dir='ltr'><strong>vero</strong></span> <span class='ocrx_word' id='word_1_434' title='bbox 1800 3203 1892 3258; x_wconf 90' lang='lat' dir='ltr'><strong>in-</strong></span> 
     </span>
    </p>
   </div>
   <div class='ocr_carea' id='block_1_61' title="bbox 2027 3172 3669 3280">
    <p class='ocr_par' dir='ltr' id='par_1_61' title="bbox 2027 3198 3669 3276">
     <span class='ocr_line' id='line_1_61' title="bbox 2027 3198 3669 3276; baseline -0.002 -18"><span class='ocrx_word' id='word_1_435' title='bbox 2027 3203 2107 3264; x_wconf 78' lang='grc' dir='ltr'><strong>›ὸς</strong></span> <span class='ocrx_word' id='word_1_436' title='bbox 2178 3200 2566 3276; x_wconf 77' lang='grc' dir='ltr'>ἀλεξητήριον.</span> <span class='ocrx_word' id='word_1_437' title='bbox 2646 3198 2853 3256; x_wconf 84' lang='grc' dir='ltr'><strong>Καὶτὸ</strong></span> <span class='ocrx_word' id='word_1_438' title='bbox 2912 3200 3225 3274; x_wconf 82' lang='grc' dir='ltr'>σωματικὸν</span> <span class='ocrx_word' id='word_1_439' title='bbox 3295 3204 3512 3272; x_wconf 82' lang='grc' dir='ltr'>πνεῦμα</span> <span class='ocrx_word' id='word_1_440' title='bbox 3572 3203 3669 3255; x_wconf 89' lang='grc' dir='ltr'><strong>τοῦ</strong></span> 
     </span>
    </p>
   </div>
   <div class='ocr_carea' id='block_1_62' title="bbox 247 3287 1900 3363">
    <p class='ocr_par' dir='ltr' id='par_1_62' title="bbox 247 3287 1900 3363">
     <span class='ocr_line' id='line_1_62' title="bbox 247 3287 1900 3363; baseline 0.002 -19"><span class='ocrx_word' id='word_1_441' title='bbox 247 3287 568 3360; x_wconf 88' lang='lat' dir='ltr'><strong>telligibile,</strong></span> <span class='ocrx_word' id='word_1_442' title='bbox 603 3304 705 3360; x_wconf 89' lang='lat' dir='ltr'><strong>per</strong></span> <span class='ocrx_word' id='word_1_443' title='bbox 732 3287 1046 3360; x_wconf 88' lang='lat' dir='ltr'><strong>Spiritum,</strong></span> <span class='ocrx_word' id='word_1_444' title='bbox 1093 3289 1248 3360; x_wconf 91' lang='lat' dir='ltr'><strong>quod</strong></span> <span class='ocrx_word' id='word_1_445' title='bbox 1301 3289 1456 3360; x_wconf 88' lang='lat' dir='ltr'><strong>ignis</strong></span> <span class='ocrx_word' id='word_1_446' title='bbox 1508 3289 1900 3363; x_wconf 87' lang='lat' dir='ltr'><strong>intelligibilis</strong></span> 
     </span>
    </p>
   </div>
   <div class='ocr_carea' id='block_1_63' title="bbox 245 3376 1895 3449">
    <p class='ocr_par' dir='ltr' id='par_1_63' title="bbox 245 3376 1895 3449">
     <span class='ocr_line' id='line_1_63' title="bbox 245 3376 1895 3449; baseline 0.002 -15"><span class='ocrx_word' id='word_1_447' title='bbox 245 3383 336 3434; x_wconf 90' lang='lat' dir='ltr'><strong>est</strong></span> <span class='ocrx_word' id='word_1_448' title='bbox 365 3376 686 3433; x_wconf 85' lang='lat' dir='ltr'><strong>remedium</strong></span> <span class='ocrx_word' id='word_1_449' title='bbox 739 3377 1136 3449; x_wconf 78' lang='lat' dir='ltr'><strong>eamdemque</strong></span> <span class='ocrx_word' id='word_1_450' title='bbox 1186 3378 1515 3449; x_wconf 86' lang='lat' dir='ltr'><strong>depellendi</strong></span> <span class='ocrx_word' id='word_1_451' title='bbox 1548 3379 1666 3434; x_wconf 89' lang='lat' dir='ltr'><strong>vim</strong></span> <span class='ocrx_word' id='word_1_452' title='bbox 1702 3380 1895 3436; x_wconf 87' lang='lat' dir='ltr'><strong>habet.</strong></span> 
     </span>
    </p>
   </div>
   <div class='ocr_carea' id='block_1_64' title="bbox 245 3464 1901 3541">
    <p class='ocr_par' dir='ltr' id='par_1_64' title="bbox 245 3464 1901 3541">
     <span class='ocr_line' id='line_1_64' title="bbox 245 3464 1901 3541; baseline 0.002 -20"><span class='ocrx_word' id='word_1_453' title='bbox 245 3465 500 3539; x_wconf 67' lang='lat' dir='ltr'><strong>Spiritus</strong></span> <span class='ocrx_word' id='word_1_454' title='bbox 529 3464 707 3521; x_wconf 87' lang='lat' dir='ltr'><strong>etiam</strong></span> <span class='ocrx_word' id='word_1_455' title='bbox 739 3482 1053 3536; x_wconf 90' lang='lat' dir='ltr'><strong>corporeus</strong></span> <span class='ocrx_word' id='word_1_456' title='bbox 1104 3481 1206 3522; x_wconf 92' lang='lat' dir='ltr'><strong>ceu</strong></span> <span class='ocrx_word' id='word_1_457' title='bbox 1252 3471 1481 3538; x_wconf 89' lang='lat' dir='ltr'><strong>ventus,</strong></span> <span class='ocrx_word' id='word_1_458' title='bbox 1519 3467 1672 3541; x_wconf 85' lang='lat' dir='ltr'><strong>ignis</strong></span> <span class='ocrx_word' id='word_1_459' title='bbox 1705 3469 1901 3527; x_wconf 56' lang='lat' dir='ltr'><strong>sensi.</strong></span> 
     </span>
    </p>
   </div>
   <div class='ocr_carea' id='block_1_65' title="bbox 250 3554 1901 3629">
    <p class='ocr_par' dir='ltr' id='par_1_65' title="bbox 250 3554 1901 3629">
     <span class='ocr_line' id='line_1_65' title="bbox 250 3554 1901 3629; baseline 0.002 -19"><span class='ocrx_word' id='word_1_460' title='bbox 250 3554 386 3611; x_wconf 89' lang='lat' dir='ltr'><strong>bilis</strong></span> <span class='ocrx_word' id='word_1_461' title='bbox 417 3555 584 3610; x_wconf 88' lang='lat' dir='ltr'><strong>cibus</strong></span> <span class='ocrx_word' id='word_1_462' title='bbox 614 3559 791 3626; x_wconf 87' lang='lat' dir='ltr'><strong>atque</strong></span> <span class='ocrx_word' id='word_1_463' title='bbox 823 3557 1005 3611; x_wconf 77' lang='lat' dir='ltr'><strong>fomes</strong></span> <span class='ocrx_word' id='word_1_464' title='bbox 1054 3561 1164 3624; x_wconf 89' lang='lat' dir='ltr'><strong>est,</strong></span> <span class='ocrx_word' id='word_1_465' title='bbox 1213 3571 1348 3611; x_wconf 90' lang='lat' dir='ltr'><strong>cum</strong></span> <span class='ocrx_word' id='word_1_466' title='bbox 1397 3557 1672 3613; x_wconf 86' lang='lat' dir='ltr'><strong>modicus</strong></span> <span class='ocrx_word' id='word_1_467' title='bbox 1705 3558 1901 3629; x_wconf 79' lang='lat' dir='ltr'><strong>fuerit,</strong></span> 
     </span>
    </p>
   </div>
   <div class='ocr_carea' id='block_1_66' title="bbox 254 3642 1900 3715">
    <p class='ocr_par' dir='ltr' id='par_1_66' title="bbox 254 3642 1900 3715">
     <span class='ocr_line' id='line_1_66' title="bbox 254 3642 1900 3715; baseline 0.001 -15"><span class='ocrx_word' id='word_1_468' title='bbox 254 3645 343 3700; x_wconf 90' lang='lat' dir='ltr'><strong>sin</strong></span> <span class='ocrx_word' id='word_1_469' title='bbox 380 3647 579 3700; x_wconf 89' lang='lat' dir='ltr'><strong>autem</strong></span> <span class='ocrx_word' id='word_1_470' title='bbox 611 3642 745 3714; x_wconf 88' lang='lat' dir='ltr'><strong>plus</strong></span> <span class='ocrx_word' id='word_1_471' title='bbox 773 3659 940 3715; x_wconf 65' lang='lat' dir='ltr'><strong>equo</strong></span> <span class='ocrx_word' id='word_1_472' title='bbox 972 3643 1148 3700; x_wconf 78' lang='lat' dir='ltr'><strong>fuerit</strong></span> <span class='ocrx_word' id='word_1_473' title='bbox 1179 3661 1245 3700; x_wconf 88' lang='lat' dir='ltr'><strong>ac</strong></span> <span class='ocrx_word' id='word_1_474' title='bbox 1294 3643 1640 3714; x_wconf 89' lang='lat' dir='ltr'><strong>vehemens,</strong></span> <span class='ocrx_word' id='word_1_475' title='bbox 1679 3647 1900 3702; x_wconf 87' lang='lat' dir='ltr'><strong>exstin-</strong></span> 
     </span>
    </p>
   </div>
   <div class='ocr_carea' id='block_1_67' title="bbox 2015 3289 3674 3368">
    <p class='ocr_par' dir='ltr' id='par_1_67' title="bbox 2015 3289 3674 3368">
     <span class='ocr_line' id='line_1_67' title="bbox 2015 3289 3674 3368; baseline -0.001 -22"><span class='ocrx_word' id='word_1_476' title='bbox 2015 3291 2279 3363; x_wconf 80' lang='grc' dir='ltr'>αἰσθητοῦ</span> <span class='ocrx_word' id='word_1_477' title='bbox 2357 3291 2532 3366; x_wconf 86' lang='grc' dir='ltr'>πυρὸς</span> <span class='ocrx_word' id='word_1_478' title='bbox 2612 3291 2790 3368; x_wconf 74' lang='grc' dir='ltr'>τροφή</span> <span class='ocrx_word' id='word_1_479' title='bbox 2875 3290 2966 3345; x_wconf 82' lang='grc' dir='ltr'>καὶ</span> <span class='ocrx_word' id='word_1_480' title='bbox 3050 3289 3366 3362; x_wconf 75' lang='grc' dir='ltr'>ὑπέκκαυμα</span> <span class='ocrx_word' id='word_1_481' title='bbox 3446 3289 3674 3365; x_wconf 88' lang='grc' dir='ltr'>γίνεται,</span> 
     </span>
    </p>
   </div>
   <div class='ocr_carea' id='block_1_68' title="bbox 2016 3373 3676 3456">
    <p class='ocr_par' dir='ltr' id='par_1_68' title="bbox 2016 3373 3676 3456">
     <span class='ocr_line' id='line_1_68' title="bbox 2016 3373 3676 3456; baseline -0.001 -20"><span class='ocrx_word' id='word_1_482' title='bbox 2016 3380 2204 3456; x_wconf 80' lang='grc' dir='ltr'>ὀλίγον</span> <span class='ocrx_word' id='word_1_483' title='bbox 2238 3375 2320 3434; x_wconf 69' lang='grc' dir='ltr'>ὅνο</span> <span class='ocrx_word' id='word_1_484' title='bbox 2374 3379 2564 3436; x_wconf 85' lang='grc' dir='ltr'>πλεῖον</span> <span class='ocrx_word' id='word_1_485' title='bbox 2617 3377 2675 3434; x_wconf 74' lang='grc' dir='ltr'>δὶ</span> <span class='ocrx_word' id='word_1_486' title='bbox 2721 3380 3037 3454; x_wconf 87' lang='grc' dir='ltr'>γενόμενον,</span> <span class='ocrx_word' id='word_1_487' title='bbox 3086 3373 3406 3454; x_wconf 68' lang='grc' dir='ltr'>σϐεστήριον</span> <span class='ocrx_word' id='word_1_488' title='bbox 3451 3377 3676 3456; x_wconf 68' lang='grc' dir='ltr'>πέφυκε.</span> 
     </span>
    </p>
   </div>
   <div class='ocr_carea' id='block_1_69' title="bbox 2009 3465 3678 3541">
    <p class='ocr_par' dir='ltr' id='par_1_69' title="bbox 2009 3465 3678 3541">
     <span class='ocr_line' id='line_1_69' title="bbox 2009 3465 3678 3541; baseline -0.002 -15"><span class='ocrx_word' id='word_1_489' title='bbox 2009 3471 2088 3528; x_wconf 89' lang='grc' dir='ltr'>Τὸ</span> <span class='ocrx_word' id='word_1_490' title='bbox 2133 3467 2191 3526; x_wconf 76' lang='grc' dir='ltr'>δὲ</span> <span class='ocrx_word' id='word_1_491' title='bbox 2219 3467 2422 3534; x_wconf 75' lang='grc' dir='ltr'>ἄνωθεν</span> <span class='ocrx_word' id='word_1_492' title='bbox 2468 3466 2621 3524; x_wconf 70' lang='grc' dir='ltr'>δοθὲν</span> <span class='ocrx_word' id='word_1_493' title='bbox 2686 3469 2827 3541; x_wconf 78' lang='grc' dir='ltr'>ἡμῖν</span> <span class='ocrx_word' id='word_1_494' title='bbox 2867 3471 3099 3539; x_wconf 86' lang='grc' dir='ltr'>πνεῦμα,</span> <span class='ocrx_word' id='word_1_495' title='bbox 3147 3467 3436 3539; x_wconf 85' lang='grc' dir='ltr'>ἀσώματον</span> <span class='ocrx_word' id='word_1_496' title='bbox 3488 3465 3569 3534; x_wconf 79' lang='grc' dir='ltr'><strong>ὃν,</strong></span> <span class='ocrx_word' id='word_1_497' title='bbox 3617 3465 3678 3522; x_wconf 82' lang='grc' dir='ltr'>οὗ</span> 
     </span>
    </p>
   </div>
   <div class='ocr_carea' id='block_1_70' title="bbox 2010 3554 3664 3636">
    <p class='ocr_par' dir='ltr' id='par_1_70' title="bbox 2010 3554 3664 3636">
     <span class='ocr_line' id='line_1_70' title="bbox 2010 3554 3664 3636; baseline -0.001 -23"><span class='ocrx_word' id='word_1_498' title='bbox 2010 3560 2299 3636; x_wconf 82' lang='grc' dir='ltr'>στοιχείων</span> <span class='ocrx_word' id='word_1_499' title='bbox 2333 3558 2537 3632; x_wconf 83' lang='grc' dir='ltr'>μόνων,</span> <span class='ocrx_word' id='word_1_500' title='bbox 2571 3555 2720 3613; x_wconf 76' lang='grc' dir='ltr'>ἀλλὰ</span> <span class='ocrx_word' id='word_1_501' title='bbox 2765 3556 2856 3612; x_wconf 84' lang='grc' dir='ltr'><strong>καὶ</strong></span> <span class='ocrx_word' id='word_1_502' title='bbox 2888 3554 3169 3630; x_wconf 80' lang='grc' dir='ltr'>δυνάμεων</span> <span class='ocrx_word' id='word_1_503' title='bbox 3199 3561 3389 3632; x_wconf 89' lang='grc' dir='ltr'>κρατεῖ</span> <span class='ocrx_word' id='word_1_504' title='bbox 3431 3555 3524 3612; x_wconf 85' lang='grc' dir='ltr'><strong>καὶ</strong></span> <span class='ocrx_word' id='word_1_505' title='bbox 3568 3557 3664 3634; x_wconf 77' lang='grc' dir='ltr'><strong>ἀρ·</strong></span> 
     </span>
    </p>
   </div>
   <div class='ocr_carea' id='block_1_71' title="bbox 2013 3652 2438 3723">
    <p class='ocr_par' dir='ltr' id='par_1_71' title="bbox 2013 3652 2438 3723">
     <span class='ocr_line' id='line_1_71' title="bbox 2013 3652 2438 3723; baseline 0.005 -21"><span class='ocrx_word' id='word_1_506' title='bbox 2013 3652 2130 3723; x_wconf 80' lang='grc' dir='ltr'>χῶν</span> <span class='ocrx_word' id='word_1_507' title='bbox 2159 3652 2438 3723; x_wconf 82' lang='grc' dir='ltr'>πονηρῶν.</span> 
     </span>
    </p>
   </div>
   <div class='ocr_carea' id='block_1_72' title="bbox 255 3732 3659 3811">
    <p class='ocr_par' dir='ltr' id='par_1_72' title="bbox 255 3732 3659 3811">
     <span class='ocr_line' id='line_1_72' title="bbox 255 3732 3659 3811; baseline 0.001 -23"><span class='ocrx_word' id='word_1_508' title='bbox 255 3733 471 3806; x_wconf 91' lang='lat' dir='ltr'><strong>guendi</strong></span> <span class='ocrx_word' id='word_1_509' title='bbox 503 3733 618 3788; x_wconf 90' lang='lat' dir='ltr'><strong>vim</strong></span> <span class='ocrx_word' id='word_1_510' title='bbox 651 3732 846 3789; x_wconf 90' lang='lat' dir='ltr'><strong>habet.</strong></span> <span class='ocrx_word' id='word_1_511' title='bbox 877 3733 1131 3805; x_wconf 83' lang='lat' dir='ltr'><strong>Spiritus</strong></span> <span class='ocrx_word' id='word_1_512' title='bbox 1159 3738 1374 3802; x_wconf 89' lang='lat' dir='ltr'><strong>autem,</strong></span> <span class='ocrx_word' id='word_1_513' title='bbox 1407 3736 1507 3806; x_wconf 89' lang='lat' dir='ltr'><strong>qui</strong></span> <span class='ocrx_word' id='word_1_514' title='bbox 1541 3751 1572 3790; x_wconf 92' lang='lat' dir='ltr'><strong>e</strong></span> <span class='ocrx_word' id='word_1_515' title='bbox 1602 3734 1748 3790; x_wconf 86' lang='lat' dir='ltr'><strong>ccelo</strong></span> <span class='ocrx_word' id='word_1_516' title='bbox 1779 3737 1948 3793; x_wconf 88' lang='lat' dir='ltr'><strong>nobis</strong></span> <span class='ocrx_word' id='word_1_517' title='bbox 1979 3740 2153 3795; x_wconf 91' lang='lat' dir='ltr'><strong>datus</strong></span> <span class='ocrx_word' id='word_1_518' title='bbox 2183 3742 2292 3808; x_wconf 88' lang='lat' dir='ltr'><strong>est,</strong></span> <span class='ocrx_word' id='word_1_519' title='bbox 2321 3739 2701 3811; x_wconf 86' lang='lat' dir='ltr'><strong>incorporeus</strong></span> <span class='ocrx_word' id='word_1_520' title='bbox 2733 3753 2867 3794; x_wconf 91' lang='lat' dir='ltr'><strong>cum</strong></span> <span class='ocrx_word' id='word_1_521' title='bbox 2899 3735 2998 3806; x_wconf 87' lang='lat' dir='ltr'><strong>sit,</strong></span> <span class='ocrx_word' id='word_1_522' title='bbox 3028 3753 3146 3794; x_wconf 91' lang='lat' dir='ltr'><strong>non</strong></span> <span class='ocrx_word' id='word_1_523' title='bbox 3175 3735 3368 3794; x_wconf 85' lang='lat' dir='ltr'><strong>solum</strong></span> <span class='ocrx_word' id='word_1_524' title='bbox 3399 3733 3659 3793; x_wconf 83' lang='lat' dir='ltr'><strong>elemen-</strong></span> 
     </span>
    </p>
   </div>
   <div class='ocr_carea' id='block_1_73' title="bbox 259 3821 2991 3899">
    <p class='ocr_par' dir='ltr' id='par_1_73' title="bbox 259 3821 2991 3899">
     <span class='ocr_line' id='line_1_73' title="bbox 259 3821 2991 3899; baseline 0.002 -21"><span class='ocrx_word' id='word_1_525' title='bbox 259 3828 474 3887; x_wconf 85' lang='lat' dir='ltr'><strong>torum,</strong></span> <span class='ocrx_word' id='word_1_526' title='bbox 511 3837 712 3878; x_wconf 81' lang='lat' dir='ltr'><strong>verum</strong></span> <span class='ocrx_word' id='word_1_527' title='bbox 742 3821 914 3878; x_wconf 89' lang='lat' dir='ltr'><strong>eiiam</strong></span> <span class='ocrx_word' id='word_1_528' title='bbox 938 3825 1317 3894; x_wconf 88' lang='lat' dir='ltr'><strong>potestatum,</strong></span> <span class='ocrx_word' id='word_1_529' title='bbox 1340 3827 1398 3878; x_wconf 92' lang='lat' dir='ltr'><strong>et</strong></span> <span class='ocrx_word' id='word_1_530' title='bbox 1427 3822 1866 3895; x_wconf 89' lang='lat' dir='ltr'><strong>principatuum</strong></span> <span class='ocrx_word' id='word_1_531' title='bbox 1903 3826 2190 3884; x_wconf 89' lang='lat' dir='ltr'><strong>malorum</strong></span> <span class='ocrx_word' id='word_1_532' title='bbox 2223 3827 2537 3899; x_wconf 88' lang='lat' dir='ltr'><strong>imperium</strong></span> <span class='ocrx_word' id='word_1_533' title='bbox 2568 3826 2680 3882; x_wconf 89' lang='lat' dir='ltr'><strong>sibi</strong></span> <span class='ocrx_word' id='word_1_534' title='bbox 2709 3825 2991 3884; x_wconf 87' lang='lat' dir='ltr'><strong>vindicat.</strong></span> 
     </span>
    </p>
   </div>
   <div class='ocr_carea' id='block_1_74' title="bbox 333 3910 1910 3985">
    <p class='ocr_par' dir='ltr' id='par_1_74' title="bbox 333 3910 1910 3985">
     <span class='ocr_line' id='line_1_74' title="bbox 333 3910 1910 3985; baseline 0.003 -20"><span class='ocrx_word' id='word_1_535' title='bbox 333 3910 606 3968; x_wconf 83' lang='lat' dir='ltr'><strong>LXXXII.</strong></span> <span class='ocrx_word' id='word_1_536' title='bbox 644 3914 886 3983; x_wconf 86' lang='lat' dir='ltr'><strong>Insuper</strong></span> <span class='ocrx_word' id='word_1_537' title='bbox 914 3910 1084 3985; x_wconf 89' lang='lat' dir='ltr'><strong>panis</strong></span> <span class='ocrx_word' id='word_1_538' title='bbox 1115 3916 1292 3984; x_wconf 89' lang='lat' dir='ltr'><strong>atque</strong></span> <span class='ocrx_word' id='word_1_539' title='bbox 1342 3910 1536 3968; x_wconf 88' lang='lat' dir='ltr'><strong>oleum</strong></span> <span class='ocrx_word' id='word_1_540' title='bbox 1572 3912 1771 3969; x_wconf 88' lang='lat' dir='ltr'><strong>eadem</strong></span> <span class='ocrx_word' id='word_1_541' title='bbox 1810 3928 1910 3969; x_wconf 89' lang='lat' dir='ltr'><strong>n0-</strong></span> 
     </span>
    </p>
   </div>
   <div class='ocr_carea' id='block_1_75' title="bbox 260 3999 1906 4070">
    <p class='ocr_par' dir='ltr' id='par_1_75' title="bbox 260 3999 1906 4070">
     <span class='ocr_line' id='line_1_75' title="bbox 260 3999 1906 4070; baseline 0.002 -16"><span class='ocrx_word' id='word_1_542' title='bbox 260 3999 438 4056; x_wconf 90' lang='lat' dir='ltr'><strong>minis</strong></span> <span class='ocrx_word' id='word_1_543' title='bbox 483 4000 696 4056; x_wconf 89' lang='lat' dir='ltr'><strong>virtute</strong></span> <span class='ocrx_word' id='word_1_544' title='bbox 756 4001 1223 4070; x_wconf 85' lang='lat' dir='ltr'><strong>sanctificantur,</strong></span> <span class='ocrx_word' id='word_1_545' title='bbox 1277 4017 1392 4057; x_wconf 91' lang='lat' dir='ltr'><strong>non</strong></span> <span class='ocrx_word' id='word_1_546' title='bbox 1453 4017 1649 4058; x_wconf 87' lang='lat' dir='ltr'><strong>revera</strong></span> <span class='ocrx_word' id='word_1_547' title='bbox 1701 4002 1906 4058; x_wconf 89' lang='lat' dir='ltr'><strong>eadem</strong></span> 
     </span>
    </p>
   </div>
   <div class='ocr_carea' id='block_1_76' title="bbox 258 4090 1914 4164">
    <p class='ocr_par' dir='ltr' id='par_1_76' title="bbox 258 4090 1914 4164">
     <span class='ocr_line' id='line_1_76' title="bbox 258 4090 1914 4164; baseline 0.001 -20"><span class='ocrx_word' id='word_1_548' title='bbox 258 4093 433 4162; x_wconf 90' lang='lat' dir='ltr'><strong>prout</strong></span> <span class='ocrx_word' id='word_1_549' title='bbox 465 4093 747 4162; x_wconf 89' lang='lat' dir='ltr'><strong>apparent</strong></span> <span class='ocrx_word' id='word_1_550' title='bbox 775 4105 902 4162; x_wconf 71' lang='lat' dir='ltr'><strong>quae</strong></span> <span class='ocrx_word' id='word_1_551' title='bbox 934 4095 1075 4146; x_wconf 90' lang='lat' dir='ltr'><strong>sunt</strong></span> <span class='ocrx_word' id='word_1_552' title='bbox 1104 4093 1364 4163; x_wconf 89' lang='lat' dir='ltr'><strong>accepta,</strong></span> <span class='ocrx_word' id='word_1_553' title='bbox 1397 4091 1500 4147; x_wconf 88' lang='lat' dir='ltr'><strong>sed</strong></span> <span class='ocrx_word' id='word_1_554' title='bbox 1533 4090 1745 4148; x_wconf 87' lang='lat' dir='ltr'><strong>virtute</strong></span> <span class='ocrx_word' id='word_1_555' title='bbox 1770 4107 1914 4164; x_wconf 82' lang='lat' dir='ltr'><strong>qua-</strong></span> 
     </span>
    </p>
   </div>
   <div class='ocr_carea' id='block_1_77' title="bbox 258 4179 1913 4252">
    <p class='ocr_par' dir='ltr' id='par_1_77' title="bbox 258 4179 1913 4252">
     <span class='ocr_line' id='line_1_77' title="bbox 258 4179 1913 4252; baseline 0.002 -18"><span class='ocrx_word' id='word_1_556' title='bbox 258 4179 395 4235; x_wconf 89' lang='lat' dir='ltr'><strong>dam</strong></span> <span class='ocrx_word' id='word_1_557' title='bbox 426 4179 485 4236; x_wconf 92' lang='lat' dir='ltr'><strong>in</strong></span> <span class='ocrx_word' id='word_1_558' title='bbox 516 4179 793 4236; x_wconf 80' lang='lat' dir='ltr'><strong>virtutem</strong></span> <span class='ocrx_word' id='word_1_559' title='bbox 827 4179 1205 4252; x_wconf 87' lang='lat' dir='ltr'><strong>spiritualem</strong></span> <span class='ocrx_word' id='word_1_560' title='bbox 1258 4182 1587 4236; x_wconf 90' lang='lat' dir='ltr'><strong>mutantur.</strong></span> <span class='ocrx_word' id='word_1_561' title='bbox 1637 4180 1722 4238; x_wconf 85' lang='lat' dir='ltr'><strong>Ad</strong></span> <span class='ocrx_word' id='word_1_562' title='bbox 1752 4181 1913 4238; x_wconf 90' lang='lat' dir='ltr'><strong>hunc</strong></span> 
     </span>
    </p>
   </div>
   <div class='ocr_carea' id='block_1_78' title="bbox 263 4268 1914 4343">
    <p class='ocr_par' dir='ltr' id='par_1_78' title="bbox 263 4268 1914 4343">
     <span class='ocr_line' id='line_1_78' title="bbox 263 4268 1914 4343; baseline 0.001 -18"><span class='ocrx_word' id='word_1_563' title='bbox 263 4269 503 4325; x_wconf 88' lang='lat' dir='ltr'><strong>modum</strong></span> <span class='ocrx_word' id='word_1_564' title='bbox 539 4272 596 4323; x_wconf 89' lang='lat' dir='ltr'><strong>et</strong></span> <span class='ocrx_word' id='word_1_565' title='bbox 625 4284 780 4340; x_wconf 90' lang='lat' dir='ltr'><strong>aqua</strong></span> <span class='ocrx_word' id='word_1_566' title='bbox 809 4284 942 4340; x_wconf 61' lang='lat' dir='ltr'><strong>quae</strong></span> <span class='ocrx_word' id='word_1_567' title='bbox 988 4268 1351 4324; x_wconf 82' lang='lat' dir='ltr'><strong>exorcizatur</strong></span> <span class='ocrx_word' id='word_1_568' title='bbox 1393 4273 1451 4326; x_wconf 91' lang='lat' dir='ltr'><strong>et</strong></span> <span class='ocrx_word' id='word_1_569' title='bbox 1500 4270 1800 4343; x_wconf 86' lang='lat' dir='ltr'><strong>baptisma</strong></span> <span class='ocrx_word' id='word_1_570' title='bbox 1825 4271 1914 4339; x_wconf 81' lang='lat' dir='ltr'><strong>fit,</strong></span> 
     </span>
    </p>
   </div>
   <div class='ocr_carea' id='block_1_79' title="bbox 264 4358 1914 4432">
    <p class='ocr_par' dir='ltr' id='par_1_79' title="bbox 264 4358 1914 4432">
     <span class='ocr_line' id='line_1_79' title="bbox 264 4358 1914 4432; baseline 0.002 -18"><span class='ocrx_word' id='word_1_571' title='bbox 264 4375 380 4415; x_wconf 92' lang='lat' dir='ltr'><strong>non</strong></span> <span class='ocrx_word' id='word_1_572' title='bbox 412 4358 604 4415; x_wconf 86' lang='lat' dir='ltr'><strong>solum</strong></span> <span class='ocrx_word' id='word_1_573' title='bbox 637 4359 794 4430; x_wconf 92' lang='lat' dir='ltr'><strong>quod</strong></span> <span class='ocrx_word' id='word_1_574' title='bbox 826 4359 1085 4415; x_wconf 86' lang='lat' dir='ltr'><strong>deterius</strong></span> <span class='ocrx_word' id='word_1_575' title='bbox 1135 4364 1225 4416; x_wconf 87' lang='lat' dir='ltr'><strong>est</strong></span> <span class='ocrx_word' id='word_1_576' title='bbox 1277 4359 1454 4432; x_wconf 90' lang='lat' dir='ltr'><strong>capit,</strong></span> <span class='ocrx_word' id='word_1_577' title='bbox 1507 4377 1710 4416; x_wconf 87' lang='lat' dir='ltr'><strong>verum</strong></span> <span class='ocrx_word' id='word_1_578' title='bbox 1740 4361 1914 4418; x_wconf 90' lang='lat' dir='ltr'><strong>etiam</strong></span> 
     </span>
    </p>
   </div>
   <div class='ocr_carea' id='block_1_80' title="bbox 269 4447 1058 4520">
    <p class='ocr_par' dir='ltr' id='par_1_80' title="bbox 269 4447 1058 4520">
     <span class='ocr_line' id='line_1_80' title="bbox 269 4447 1058 4520; baseline 0 -16"><span class='ocrx_word' id='word_1_579' title='bbox 269 4447 795 4504; x_wconf 82' lang='lat' dir='ltr'><strong>sanctiﬁcationem</strong></span> <span class='ocrx_word' id='word_1_580' title='bbox 826 4448 1058 4520; x_wconf 89' lang='lat' dir='ltr'><strong>accipit.</strong></span> 
     </span>
    </p>
   </div>
   <div class='ocr_carea' id='block_1_81' title="bbox 344 4537 1994 4625">
    <p class='ocr_par' dir='ltr' id='par_1_81' title="bbox 344 4537 1994 4625">
     <span class='ocr_line' id='line_1_81' title="bbox 344 4537 1994 4625; baseline 0.002 -32"><span class='ocrx_word' id='word_1_581' title='bbox 344 4537 651 4594; x_wconf 80' lang='lat' dir='ltr'><strong>LXXXIII.</strong></span> <span class='ocrx_word' id='word_1_582' title='bbox 686 4538 771 4593; x_wconf 83' lang='lat' dir='ltr'><strong>Ad</strong></span> <span class='ocrx_word' id='word_1_583' title='bbox 804 4537 1101 4609; x_wconf 87' lang='lat' dir='ltr'><strong>baptisma</strong></span> <span class='ocrx_word' id='word_1_584' title='bbox 1119 4539 1442 4610; x_wconf 88' lang='lat' dir='ltr'><strong>gaudentes</strong></span> <span class='ocrx_word' id='word_1_585' title='bbox 1473 4540 1749 4595; x_wconf 89' lang='lat' dir='ltr'><strong>accedere</strong></span> <span class='ocrx_word' id='word_1_586' title='bbox 1779 4556 1912 4596; x_wconf 88' lang='lat' dir='ltr'><strong>con-</strong></span> <span class='ocrx_word' id='word_1_587' title='bbox 1948 4561 1994 4625; x_wconf 69' lang='grc' dir='ltr'><strong>Β</strong></span> 
     </span>
    </p>
   </div>
   <div class='ocr_carea' id='block_1_82' title="bbox 271 4627 1918 4700">
    <p class='ocr_par' dir='ltr' id='par_1_82' title="bbox 271 4627 1918 4700">
     <span class='ocr_line' id='line_1_82' title="bbox 271 4627 1918 4700; baseline 0 -17"><span class='ocrx_word' id='word_1_588' title='bbox 271 4627 557 4684; x_wconf 85' lang='lat' dir='ltr'><strong>veniebat.</strong></span> <span class='ocrx_word' id='word_1_589' title='bbox 591 4627 697 4683; x_wconf 89' lang='lat' dir='ltr'><strong>Sed</strong></span> <span class='ocrx_word' id='word_1_590' title='bbox 732 4627 1010 4700; x_wconf 88' lang='lat' dir='ltr'><strong>quoniam</strong></span> <span class='ocrx_word' id='word_1_591' title='bbox 1055 4642 1456 4700; x_wconf 75' lang='lat' dir='ltr'><strong>saepenumero</strong></span> <span class='ocrx_word' id='word_1_592' title='bbox 1507 4629 1918 4686; x_wconf 90' lang='lat' dir='ltr'><strong>descendenti-</strong></span> 
     </span>
    </p>
   </div>
   <div class='ocr_carea' id='block_1_83' title="bbox 278 4715 1920 4789">
    <p class='ocr_par' dir='ltr' id='par_1_83' title="bbox 278 4715 1920 4789">
     <span class='ocr_line' id='line_1_83' title="bbox 278 4715 1920 4789; baseline 0.002 -18"><span class='ocrx_word' id='word_1_593' title='bbox 278 4718 389 4773; x_wconf 85' lang='lat' dir='ltr'><strong>bus</strong></span> <span class='ocrx_word' id='word_1_594' title='bbox 422 4715 721 4774; x_wconf 86' lang='lat' dir='ltr'><strong>nonnullis</strong></span> <span class='ocrx_word' id='word_1_595' title='bbox 748 4715 992 4789; x_wconf 86' lang='lat' dir='ltr'><strong>spiritus</strong></span> <span class='ocrx_word' id='word_1_596' title='bbox 1023 4716 1197 4772; x_wconf 75' lang='lat' dir='ltr'><strong>etiam</strong></span> <span class='ocrx_word' id='word_1_597' title='bbox 1251 4717 1466 4789; x_wconf 88' lang='lat' dir='ltr'><strong>impuri</strong></span> <span class='ocrx_word' id='word_1_598' title='bbox 1518 4735 1634 4773; x_wconf 85' lang='lat' dir='ltr'><strong>una</strong></span> <span class='ocrx_word' id='word_1_599' title='bbox 1681 4718 1920 4774; x_wconf 90' lang='lat' dir='ltr'><strong>descen-</strong></span> 
     </span>
    </p>
   </div>
   <div class='ocr_carea' id='block_1_84' title="bbox 278 4805 1922 4880">
    <p class='ocr_par' dir='ltr' id='par_1_84' title="bbox 278 4805 1922 4880">
     <span class='ocr_line' id='line_1_84' title="bbox 278 4805 1922 4880; baseline 0.001 -17"><span class='ocrx_word' id='word_1_600' title='bbox 278 4809 448 4874; x_wconf 92' lang='lat' dir='ltr'><strong>dunt,</strong></span> <span class='ocrx_word' id='word_1_601' title='bbox 507 4821 763 4878; x_wconf 89' lang='lat' dir='ltr'><strong>cumque</strong></span> <span class='ocrx_word' id='word_1_602' title='bbox 818 4805 1059 4861; x_wconf 87' lang='lat' dir='ltr'><strong>homine</strong></span> <span class='ocrx_word' id='word_1_603' title='bbox 1135 4806 1310 4876; x_wconf 76' lang='lat' dir='ltr'><strong>sigilli</strong></span> <span class='ocrx_word' id='word_1_604' title='bbox 1370 4808 1519 4863; x_wconf 78' lang='lat' dir='ltr'><strong>fiunt</strong></span> <span class='ocrx_word' id='word_1_605' title='bbox 1579 4807 1922 4880; x_wconf 86' lang='lat' dir='ltr'><strong>participes,</strong></span> 
     </span>
    </p>
   </div>
   <div class='ocr_carea' id='block_1_85' title="bbox 2086 3907 3665 3990">
    <p class='ocr_par' dir='ltr' id='par_1_85' title="bbox 2086 3907 3665 3990">
     <span class='ocr_line' id='line_1_85' title="bbox 2086 3907 3665 3990; baseline -0.003 -18"><span class='ocrx_word' id='word_1_606' title='bbox 2086 3917 2216 3973; x_wconf 90' lang='lat' dir='ltr'><strong>IIB’.</strong></span> <span class='ocrx_word' id='word_1_607' title='bbox 2251 3914 2355 3972; x_wconf 84' lang='grc' dir='ltr'>Καὶ</span> <span class='ocrx_word' id='word_1_608' title='bbox 2404 3915 2432 3970; x_wconf 82' lang='grc' dir='ltr'>ὁ</span> <span class='ocrx_word' id='word_1_609' title='bbox 2465 3913 2626 3990; x_wconf 75' lang='grc' dir='ltr'>ἄρτος</span> <span class='ocrx_word' id='word_1_610' title='bbox 2679 3913 2768 3969; x_wconf 84' lang='grc' dir='ltr'><strong>καὶ</strong></span> <span class='ocrx_word' id='word_1_611' title='bbox 2798 3914 2860 3970; x_wconf 87' lang='grc' dir='ltr'>τὸ</span> <span class='ocrx_word' id='word_1_612' title='bbox 2891 3907 3072 3969; x_wconf 80' lang='grc' dir='ltr'>ἔλαιον</span> <span class='ocrx_word' id='word_1_613' title='bbox 3124 3912 3401 3989; x_wconf 80' lang='grc' dir='ltr'>ἁγιάζεται</span> <span class='ocrx_word' id='word_1_614' title='bbox 3447 3916 3518 3988; x_wconf 78' lang='grc' dir='ltr'><strong>τῇ</strong></span> <span class='ocrx_word' id='word_1_615' title='bbox 3569 3909 3665 3968; x_wconf 82' lang='grc' dir='ltr'>δυ-</span> 
     </span>
    </p>
   </div>
   <div class='ocr_carea' id='block_1_86' title="bbox 2016 3996 3664 4077">
    <p class='ocr_par' dir='ltr' id='par_1_86' title="bbox 2016 3996 3664 4077">
     <span class='ocr_line' id='line_1_86' title="bbox 2016 3996 3664 4077; baseline 0.001 -22"><span class='ocrx_word' id='word_1_616' title='bbox 2016 4003 2175 4077; x_wconf 87' lang='grc' dir='ltr'>νάμει</span> <span class='ocrx_word' id='word_1_617' title='bbox 2220 4007 2315 4058; x_wconf 84' lang='grc' dir='ltr'><strong>τοῦ</strong></span> <span class='ocrx_word' id='word_1_618' title='bbox 2364 3997 2632 4075; x_wconf 79' lang='grc' dir='ltr'>ὀνόματος</span> <span class='ocrx_word' id='word_1_619' title='bbox 2675 4005 2810 4076; x_wconf 82' lang='grc'>(24),</span> <span class='ocrx_word' id='word_1_620' title='bbox 2859 4000 2919 4057; x_wconf 80' lang='grc' dir='ltr'>οὐ</span> <span class='ocrx_word' id='word_1_621' title='bbox 2961 4001 3028 4057; x_wconf 79' lang='grc' dir='ltr'><strong>τὰ</strong></span> <span class='ocrx_word' id='word_1_622' title='bbox 3073 3999 3207 4056; x_wconf 80' lang='grc' dir='ltr'>αὐτὰ</span> <span class='ocrx_word' id='word_1_623' title='bbox 3249 3996 3378 4057; x_wconf 79' lang='grc' dir='ltr'>ὄντα</span> <span class='ocrx_word' id='word_1_624' title='bbox 3423 3999 3561 4056; x_wconf 82' lang='grc' dir='ltr'>κατᾶ</span> <span class='ocrx_word' id='word_1_625' title='bbox 3601 4000 3664 4056; x_wconf 88' lang='grc' dir='ltr'>τὸ</span> 
     </span>
    </p>
   </div>
   <div class='ocr_carea' id='block_1_87' title="bbox 2017 4087 3668 4171">
    <p class='ocr_par' dir='ltr' id='par_1_87' title="bbox 2017 4087 3668 4171">
     <span class='ocr_line' id='line_1_87' title="bbox 2017 4087 3668 4171; baseline -0.002 -25"><span class='ocrx_word' id='word_1_626' title='bbox 2017 4091 2342 4171; x_wconf 79' lang='grc' dir='ltr'>φαινόμενον</span> <span class='ocrx_word' id='word_1_627' title='bbox 2403 4091 2495 4146; x_wconf 83' lang='grc' dir='ltr'>οἶα</span> <span class='ocrx_word' id='word_1_628' title='bbox 2550 4089 2790 4166; x_wconf 75' lang='grc' dir='ltr'>ἐλήφθη,</span> <span class='ocrx_word' id='word_1_629' title='bbox 2822 4087 2969 4147; x_wconf 86' lang='grc' dir='ltr'>άλλὰ</span> <span class='ocrx_word' id='word_1_630' title='bbox 3026 4088 3250 4164; x_wconf 81' lang='grc' dir='ltr'>δυνάμει</span> <span class='ocrx_word' id='word_1_631' title='bbox 3307 4088 3384 4152; x_wconf 75' lang='grc' dir='ltr'><strong>εἷς</strong></span> <span class='ocrx_word' id='word_1_632' title='bbox 3437 4087 3668 4163; x_wconf 77' lang='grc' dir='ltr'>δύναμιν</span> 
     </span>
    </p>
   </div>
   <div class='ocr_carea' id='block_1_88' title="bbox 2018 4177 3662 4257">
    <p class='ocr_par' dir='ltr' id='par_1_88' title="bbox 2018 4177 3662 4257">
     <span class='ocr_line' id='line_1_88' title="bbox 2018 4177 3662 4257; baseline -0.002 -18"><span class='ocrx_word' id='word_1_633' title='bbox 2018 4185 2389 4257; x_wconf 70' lang='grc' dir='ltr'>πνευματικήν</span> <span class='ocrx_word' id='word_1_634' title='bbox 2453 4177 2877 4257; x_wconf 68' lang='grc' dir='ltr'>μεταϐέϐληται.</span> <span class='ocrx_word' id='word_1_635' title='bbox 2934 4181 3093 4240; x_wconf 74' lang='grc' dir='ltr'>Οὕτω</span> <span class='ocrx_word' id='word_1_636' title='bbox 3148 4180 3238 4236; x_wconf 85' lang='grc' dir='ltr'><strong>καὶ</strong></span> <span class='ocrx_word' id='word_1_637' title='bbox 3283 4181 3346 4237; x_wconf 89' lang='grc' dir='ltr'>τὸ</span> <span class='ocrx_word' id='word_1_638' title='bbox 3395 4177 3542 4257; x_wconf 73' lang='grc' dir='ltr'>ὕδωρ</span> <span class='ocrx_word' id='word_1_639' title='bbox 3571 4181 3662 4236; x_wconf 80' lang='grc' dir='ltr'><strong>καὶ</strong></span> 
     </span>
    </p>
   </div>
   <div class='ocr_carea' id='block_1_89' title="bbox 2018 4271 3670 4352">
    <p class='ocr_par' dir='ltr' id='par_1_89' title="bbox 2018 4271 3670 4352">
     <span class='ocr_line' id='line_1_89' title="bbox 2018 4271 3670 4352; baseline -0.002 -22"><span class='ocrx_word' id='word_1_640' title='bbox 2018 4277 2081 4332; x_wconf 86' lang='grc' dir='ltr'>τὸ</span> <span class='ocrx_word' id='word_1_641' title='bbox 2138 4274 2550 4352; x_wconf 81' lang='grc' dir='ltr'>ἐξορκιζόμενον</span> <span class='ocrx_word' id='word_1_642' title='bbox 2610 4275 2697 4329; x_wconf 83' lang='grc' dir='ltr'><strong>καὶ</strong></span> <span class='ocrx_word' id='word_1_643' title='bbox 2766 4275 2829 4328; x_wconf 86' lang='grc' dir='ltr'>τὸ</span> <span class='ocrx_word' id='word_1_644' title='bbox 2899 4275 3181 4350; x_wconf 84' lang='grc' dir='ltr'>βάπτισμα</span> <span class='ocrx_word' id='word_1_645' title='bbox 3234 4272 3544 4348; x_wconf 85' lang='grc' dir='ltr'>γινόμενον,</span> <span class='ocrx_word' id='word_1_646' title='bbox 3605 4271 3670 4327; x_wconf 78' lang='grc' dir='ltr'>οὗ</span> 
     </span>
    </p>
   </div>
   <div class='ocr_carea' id='block_1_90' title="bbox 2025 4359 3672 4442">
    <p class='ocr_par' dir='ltr' id='par_1_90' title="bbox 2025 4359 3672 4442">
     <span class='ocr_line' id='line_1_90' title="bbox 2025 4359 3672 4442; baseline -0.001 -22"><span class='ocrx_word' id='word_1_647' title='bbox 2025 4366 2190 4439; x_wconf 89' lang='grc' dir='ltr'>μόνον</span> <span class='ocrx_word' id='word_1_648' title='bbox 2224 4371 2403 4442; x_wconf 87' lang='grc' dir='ltr'>χωρεῖ</span> <span class='ocrx_word' id='word_1_649' title='bbox 2427 4365 2491 4420; x_wconf 87' lang='grc' dir='ltr'>τὸ</span> <span class='ocrx_word' id='word_1_650' title='bbox 2522 4368 2735 4440; x_wconf 84' lang='grc' dir='ltr'>χεῖρον,</span> <span class='ocrx_word' id='word_1_651' title='bbox 2766 4361 2912 4418; x_wconf 80' lang='grc' dir='ltr'>ἀλλὰ</span> <span class='ocrx_word' id='word_1_652' title='bbox 2959 4362 3050 4418; x_wconf 89' lang='grc' dir='ltr'><strong>καὶ</strong></span> <span class='ocrx_word' id='word_1_653' title='bbox 3082 4363 3348 4440; x_wconf 84' lang='grc' dir='ltr'>ἁγιασμὸν</span> <span class='ocrx_word' id='word_1_654' title='bbox 3379 4359 3672 4439; x_wconf 79' lang='grc' dir='ltr'>προσλαμ-</span> 
     </span>
    </p>
   </div>
   <div class='ocr_carea' id='block_1_91' title="bbox 2023 4450 2194 4511">
    <p class='ocr_par' dir='ltr' id='par_1_91' title="bbox 2023 4450 2194 4511">
     <span class='ocr_line' id='line_1_91' title="bbox 2023 4450 2194 4511; baseline 0.012 -2"><span class='ocrx_word' id='word_1_655' title='bbox 2023 4450 2194 4511; x_wconf 79' lang='grc' dir='ltr'>ϐάνει.</span> 
     </span>
    </p>
   </div>
   <div class='ocr_carea' id='block_1_92' title="bbox 2097 4535 3667 4618">
    <p class='ocr_par' dir='ltr' id='par_1_92' title="bbox 2097 4535 3667 4618">
     <span class='ocr_line' id='line_1_92' title="bbox 2097 4535 3667 4618; baseline -0.004 -16"><span class='ocrx_word' id='word_1_656' title='bbox 2097 4545 2219 4602; x_wconf 74' lang='lat' dir='ltr'><strong>Ill&quot;.</strong></span> <span class='ocrx_word' id='word_1_657' title='bbox 2253 4544 2377 4601; x_wconf 84' lang='grc' dir='ltr'>Ἐπὶ</span> <span class='ocrx_word' id='word_1_658' title='bbox 2405 4544 2469 4599; x_wconf 88' lang='grc' dir='ltr'>τὸ</span> <span class='ocrx_word' id='word_1_659' title='bbox 2521 4542 2801 4618; x_wconf 86' lang='grc' dir='ltr'>βάπτισμα</span> <span class='ocrx_word' id='word_1_660' title='bbox 2852 4543 3146 4617; x_wconf 84' lang='grc' dir='ltr'>χαίροντας</span> <span class='ocrx_word' id='word_1_661' title='bbox 3194 4535 3450 4618; x_wconf 77' lang='grc' dir='ltr'>ἔρχεσθαι</span> <span class='ocrx_word' id='word_1_662' title='bbox 3493 4561 3667 4618; x_wconf 88' lang='grc' dir='ltr'>προσ-</span> 
     </span>
    </p>
   </div>
   <div class='ocr_carea' id='block_1_93' title="bbox 2028 4622 3669 4703">
    <p class='ocr_par' dir='ltr' id='par_1_93' title="bbox 2028 4622 3669 4703">
     <span class='ocr_line' id='line_1_93' title="bbox 2028 4622 3669 4703; baseline -0.003 -17"><span class='ocrx_word' id='word_1_663' title='bbox 2028 4637 2179 4702; x_wconf 78' lang='grc' dir='ltr'>ῆκεν,</span> <span class='ocrx_word' id='word_1_664' title='bbox 2235 4627 2391 4685; x_wconf 84' lang='grc' dir='ltr'>Ἀλλ’</span> <span class='ocrx_word' id='word_1_665' title='bbox 2450 4627 2566 4684; x_wconf 82' lang='grc' dir='ltr'>ἐπεὶ</span> <span class='ocrx_word' id='word_1_666' title='bbox 2624 4625 2899 4692; x_wconf 84' lang='grc' dir='ltr'>πολλάκις</span> <span class='ocrx_word' id='word_1_667' title='bbox 2955 4622 3365 4703; x_wconf 74' lang='grc' dir='ltr'>συγκαταϐαίνει</span> <span class='ocrx_word' id='word_1_668' title='bbox 3416 4627 3522 4682; x_wconf 88' lang='grc' dir='ltr'>τισὶ</span> <span class='ocrx_word' id='word_1_669' title='bbox 3577 4625 3669 4682; x_wconf 75' lang='grc' dir='ltr'><strong>καὶ</strong></span> 
     </span>
    </p>
   </div>
   <div class='ocr_carea' id='block_1_94' title="bbox 2030 4714 3672 4796">
    <p class='ocr_par' dir='ltr' id='par_1_94' title="bbox 2030 4714 3672 4796">
     <span class='ocr_line' id='line_1_94' title="bbox 2030 4714 3672 4796; baseline -0.002 -22"><span class='ocrx_word' id='word_1_670' title='bbox 2030 4720 2301 4796; x_wconf 72' lang='grc' dir='ltr'>ἀκάθαρτα</span> <span class='ocrx_word' id='word_1_671' title='bbox 2355 4717 2634 4790; x_wconf 76' lang='grc' dir='ltr'>πνεῦματα</span> <span class='ocrx_word' id='word_1_672' title='bbox 2691 4720 3232 4793; x_wconf 73' lang='grc' dir='ltr'>παρακολουθοῦντα,</span> <span class='ocrx_word' id='word_1_673' title='bbox 3292 4717 3380 4773; x_wconf 77' lang='grc' dir='ltr'><strong>καὶ</strong></span> <span class='ocrx_word' id='word_1_674' title='bbox 3431 4714 3672 4794; x_wconf 85' lang='grc' dir='ltr'>τυχόντα</span> 
     </span>
    </p>
   </div>
   <div class='ocr_carea' id='block_1_95' title="bbox 2033 4802 3675 4884">
    <p class='ocr_par' dir='ltr' id='par_1_95' title="bbox 2033 4802 3675 4884">
     <span class='ocr_line' id='line_1_95' title="bbox 2033 4802 3675 4884; baseline -0.005 -20"><span class='ocrx_word' id='word_1_675' title='bbox 2033 4810 2168 4883; x_wconf 81' lang='grc' dir='ltr'>μετᾶ</span> <span class='ocrx_word' id='word_1_676' title='bbox 2195 4812 2291 4864; x_wconf 88' lang='grc' dir='ltr'><strong>τοῦ</strong></span> <span class='ocrx_word' id='word_1_677' title='bbox 2335 4807 2622 4884; x_wconf 80' lang='grc' dir='ltr'>ἀνθρώπου</span> <span class='ocrx_word' id='word_1_678' title='bbox 2665 4812 2767 4876; x_wconf 75' lang='grc' dir='ltr'><strong>τῆς</strong></span> <span class='ocrx_word' id='word_1_679' title='bbox 2817 4802 3133 4883; x_wconf 67' lang='grc' dir='ltr'>σφραγῖδος,</span> <span class='ocrx_word' id='word_1_680' title='bbox 3185 4804 3376 4861; x_wconf 82' lang='grc' dir='ltr'>ἀνίατα</span> <span class='ocrx_word' id='word_1_681' title='bbox 3415 4809 3512 4860; x_wconf 90' lang='grc' dir='ltr'><strong>τοῦ</strong></span> <span class='ocrx_word' id='word_1_682' title='bbox 3554 4804 3675 4860; x_wconf 84' lang='grc' dir='ltr'>λοι-</span> 
     </span>
    </p>
   </div>
   <div class='ocr_carea' id='block_1_96' title="bbox 278 4889 1909 4974">
    <p class='ocr_par' dir='ltr' id='par_1_96' title="bbox 278 4893 1909 4968">
     <span class='ocr_line' id='line_1_96' title="bbox 278 4893 1909 4968; baseline -0.001 -16"><span class='ocrx_word' id='word_1_683' title='bbox 278 4895 640 4952; x_wconf 69' lang='lat' dir='ltr'><strong>insanabiles</strong></span> <span class='ocrx_word' id='word_1_684' title='bbox 687 4893 748 4950; x_wconf 91' lang='lat' dir='ltr'><strong>in</strong></span> <span class='ocrx_word' id='word_1_685' title='bbox 798 4897 1097 4968; x_wconf 86' lang='lat' dir='ltr'><strong>posterum</strong></span> <span class='ocrx_word' id='word_1_686' title='bbox 1148 4894 1282 4950; x_wconf 80' lang='lat' dir='ltr'><strong>facti</strong></span> <span class='ocrx_word' id='word_1_687' title='bbox 1336 4899 1496 4964; x_wconf 90' lang='lat' dir='ltr'><strong>sunt,</strong></span> <span class='ocrx_word' id='word_1_688' title='bbox 1549 4894 1820 4967; x_wconf 89' lang='lat' dir='ltr'><strong>hancque</strong></span> <span class='ocrx_word' id='word_1_689' title='bbox 1848 4895 1909 4952; x_wconf 76' lang='lat' dir='ltr'><strong>ot</strong></span> 
     </span>
    </p>
   </div>
   <div class='ocr_carea' id='block_1_97' title="bbox 2027 4889 3678 4974">
    <p class='ocr_par' dir='ltr' id='par_1_97' title="bbox 2031 4889 3678 4974">
     <span class='ocr_line' id='line_1_97' title="bbox 2031 4889 3678 4974; baseline -0.005 -20"><span class='ocrx_word' id='word_1_690' title='bbox 2031 4900 2136 4954; x_wconf 83' lang='grc' dir='ltr'><strong>ποῦ</strong></span> <span class='ocrx_word' id='word_1_691' title='bbox 2179 4898 2403 4974; x_wconf 78' lang='grc' dir='ltr'>γίνεται,</span> <span class='ocrx_word' id='word_1_692' title='bbox 2437 4898 2564 4970; x_wconf 75' lang='grc' dir='ltr'><strong>ἅτῇ</strong></span> <span class='ocrx_word' id='word_1_693' title='bbox 2623 4899 2769 4972; x_wconf 87' lang='grc' dir='ltr'>χαρᾷ</span> <span class='ocrx_word' id='word_1_694' title='bbox 2817 4891 3186 4974; x_wconf 67' lang='grc' dir='ltr'>συμπλέκεται</span> <span class='ocrx_word' id='word_1_695' title='bbox 3238 4889 3548 4972; x_wconf 69' lang='grc' dir='ltr'>φόϐος,’ἰοα</span> <span class='ocrx_word' id='word_1_696' title='bbox 3592 4913 3678 4954; x_wconf 88' lang='grc' dir='ltr'><strong>τις</strong></span> 
     </span>
    </p>
   </div>
   <div class='ocr_carea' id='block_1_98' title="bbox 277 4983 1920 5056">
    <p class='ocr_par' dir='ltr' id='par_1_98' title="bbox 277 4983 1920 5056">
     <span class='ocr_line' id='line_1_98' title="bbox 277 4983 1920 5056; baseline -0.002 -14"><span class='ocrx_word' id='word_1_697' title='bbox 277 5002 517 5043; x_wconf 88' lang='lat' dir='ltr'><strong>causam</strong></span> <span class='ocrx_word' id='word_1_698' title='bbox 549 4983 764 5056; x_wconf 89' lang='lat' dir='ltr'><strong>gaudio</strong></span> <span class='ocrx_word' id='word_1_699' title='bbox 787 4983 964 5038; x_wconf 91' lang='lat' dir='ltr'><strong>timor</strong></span> <span class='ocrx_word' id='word_1_700' title='bbox 982 4984 1433 5052; x_wconf 86' lang='lat' dir='ltr'><strong>admiscetur,ut</strong></span> <span class='ocrx_word' id='word_1_701' title='bbox 1463 4983 1598 5056; x_wconf 91' lang='lat' dir='ltr'><strong>quis</strong></span> <span class='ocrx_word' id='word_1_702' title='bbox 1621 4997 1801 5056; x_wconf 83' lang='lat' dir='ltr'><strong>purus</strong></span> <span class='ocrx_word' id='word_1_703' title='bbox 1827 5000 1920 5040; x_wconf 89' lang='lat' dir='ltr'><strong>so-</strong></span> 
     </span>
    </p>
   </div>
   <div class='ocr_carea' id='block_1_99' title="bbox 275 5071 947 5148">
    <p class='ocr_par' dir='ltr' id='par_1_99' title="bbox 275 5071 947 5148">
     <span class='ocr_line' id='line_1_99' title="bbox 275 5071 947 5148; baseline -0.009 -17"><span class='ocrx_word' id='word_1_704' title='bbox 275 5076 368 5132; x_wconf 91' lang='lat' dir='ltr'><strong>lus</strong></span> <span class='ocrx_word' id='word_1_705' title='bbox 399 5075 525 5148; x_wconf 87' lang='lat' dir='ltr'><strong>ipse</strong></span> <span class='ocrx_word' id='word_1_706' title='bbox 556 5071 947 5129; x_wconf 86' lang='lat' dir='ltr'><strong>descenderit.</strong></span> 
     </span>
    </p>
   </div>
   <div class='ocr_carea' id='block_1_100' title="bbox 386 5171 1715 5244">
    <p class='ocr_par' dir='ltr' id='par_1_100' title="bbox 386 5171 1715 5244">
     <span class='ocr_line' id='line_1_100' title="bbox 386 5171 1715 5244; baseline -0.001 -13"><span class='ocrx_word' id='word_1_707' title='bbox 386 5174 448 5240; x_wconf 65' lang='grc' dir='ltr'><strong>ιιι</strong></span> <span class='ocrx_word' id='word_1_708' title='bbox 477 5177 584 5232; x_wconf 83' lang='grc'><strong>978</strong></span> <span class='ocrx_word' id='word_1_709' title='bbox 612 5173 726 5230; x_wconf 84' lang='grc' dir='ltr'><strong>ΕΙ).</strong></span> <span class='ocrx_word' id='word_1_710' title='bbox 761 5171 1052 5229; x_wconf 86' lang='lat' dir='ltr'><strong>POTTER.</strong></span> <span class='ocrx_word' id='word_1_711' title='bbox 1165 5172 1243 5244; x_wconf 89' lang='lat' dir='ltr'><strong>(a)</strong></span> <span class='ocrx_word' id='word_1_712' title='bbox 1278 5172 1297 5228; x_wconf 92' lang='grc' dir='ltr'><strong>Ι</strong></span> <span class='ocrx_word' id='word_1_713' title='bbox 1329 5172 1457 5229; x_wconf 83' lang='lat' dir='ltr'><strong>Cor.</strong></span> <span class='ocrx_word' id='word_1_714' title='bbox 1499 5189 1590 5244; x_wconf 90' lang='lat' dir='ltr'><strong>xv,</strong></span> <span class='ocrx_word' id='word_1_715' title='bbox 1621 5171 1715 5230; x_wconf 72' lang='grc'><strong>49.</strong></span> 
     </span>
    </p>
   </div>
   <div class='ocr_carea' id='block_1_101' title="bbox 349 5267 1933 5347">
    <p class='ocr_par' dir='ltr' id='par_1_101' title="bbox 349 5267 1933 5347">
     <span class='ocr_line' id='line_1_101' title="bbox 349 5267 1933 5347; baseline -0.006 -15"><span class='ocrx_word' id='word_1_716' title='bbox 349 5278 464 5347; x_wconf 87' lang='grc'>(22)</span> <span class='ocrx_word' id='word_1_717' title='bbox 505 5271 777 5347; x_wconf 32' lang='grc' dir='ltr'>Οὕτως...-</span> <span class='ocrx_word' id='word_1_718' title='bbox 806 5269 1008 5347; x_wconf 34' lang='grc' dir='ltr'>φύσιν.-</span> <span class='ocrx_word' id='word_1_719' title='bbox 1028 5272 1094 5328; x_wconf 81' lang='lat' dir='ltr'><strong>H.</strong></span> <span class='ocrx_word' id='word_1_720' title='bbox 1142 5287 1281 5347; x_wconf 82' lang='lat' dir='ltr'><strong>m_s.,</strong></span> <span class='ocrx_word' id='word_1_721' title='bbox 1316 5268 1488 5347; x_wconf 74' lang='grc' dir='ltr'>οὕτως</span> <span class='ocrx_word' id='word_1_722' title='bbox 1505 5267 1630 5347; x_wconf 51' lang='grc' dir='ltr'>ἐστὶ</span> <span class='ocrx_word' id='word_1_723' title='bbox 1662 5269 1725 5325; x_wconf 84' lang='grc' dir='ltr'>τὸ</span> <span class='ocrx_word' id='word_1_724' title='bbox 1771 5267 1933 5325; x_wconf 64' lang='lat' dir='ltr'><strong>ineu-</strong></span> 
     </span>
    </p>
   </div>
   <div class='ocr_carea' id='block_1_102' title="bbox 285 5339 1932 5421">
    <p class='ocr_par' dir='ltr' id='par_1_102' title="bbox 285 5339 1932 5421">
     <span class='ocr_line' id='line_1_102' title="bbox 285 5339 1932 5421; baseline -0.002 -19"><span class='ocrx_word' id='word_1_725' title='bbox 285 5339 466 5421; x_wconf 73' lang='grc' dir='ltr'>ράνιον</span> <span class='ocrx_word' id='word_1_726' title='bbox 501 5351 607 5421; x_wconf 84' lang='grc' dir='ltr'><strong>πῦρ</strong></span> <span class='ocrx_word' id='word_1_727' title='bbox 640 5339 830 5421; x_wconf 64' lang='grc' dir='ltr'>δισσᾷν</span> <span class='ocrx_word' id='word_1_728' title='bbox 853 5343 950 5421; x_wconf 63' lang='grc' dir='ltr'>τῂν</span> <span class='ocrx_word' id='word_1_729' title='bbox 985 5339 1245 5421; x_wconf 40' lang='grc' dir='ltr'>δια-φορὰν</span> <span class='ocrx_word' id='word_1_730' title='bbox 1269 5339 1460 5421; x_wconf 23' lang='grc' dir='ltr'>ζφιξσιν.</span> <span class='ocrx_word' id='word_1_731' title='bbox 1662 5348 1932 5421; x_wconf 66' lang='lat' dir='ltr'><strong>qonstru-</strong></span> 
     </span>
    </p>
   </div>
   <div class='ocr_carea' id='block_1_103' title="bbox 283 5394 292 5425">
    <p class='ocr_par' dir='ltr' id='par_1_103' title="bbox 283 5394 292 5425">
     <span class='ocr_line' id='line_1_103' title="bbox 283 5394 292 5425; baseline 0 0"><span class='ocrx_word' id='word_1_732' title='bbox 283 5394 292 5425; x_wconf 78' lang='grc' dir='ltr'><strong>ί</strong></span> 
     </span>
    </p>
   </div>
   <div class='ocr_carea' id='block_1_104' title="bbox 298 5559 1387 5619">
    <p class='ocr_par' dir='ltr' id='par_1_104' title="bbox 298 5559 1387 5619">
     <span class='ocr_line' id='line_1_104' title="bbox 298 5559 1387 5619; baseline -0.008 0"><span class='ocrx_word' id='word_1_733' title='bbox 298 5559 426 5619; x_wconf 77' lang='lat' dir='ltr'><strong>rum</strong></span> <span class='ocrx_word' id='word_1_734' title='bbox 460 5559 737 5614; x_wconf 83' lang='lat' dir='ltr'><strong>alteruter</strong></span> <span class='ocrx_word' id='word_1_735' title='bbox 758 5559 1065 5614; x_wconf 85' lang='lat' dir='ltr'><strong>redundat.</strong></span> <span class='ocrx_word' id='word_1_736' title='bbox 1100 5559 1387 5615; x_wconf 79' lang='lat' dir='ltr'><strong>SYLBUBG.</strong></span> 
     </span>
    </p>
   </div>
   <div class='ocr_carea' id='block_1_105' title="bbox 372 5626 1936 5705">
    <p class='ocr_par' dir='ltr' id='par_1_105' title="bbox 372 5626 1936 5705">
     <span class='ocr_line' id='line_1_105' title="bbox 372 5626 1936 5705; baseline 0.003 -21"><span class='ocrx_word' id='word_1_737' title='bbox 372 5631 484 5705; x_wconf 81' lang='grc'>(23)</span> <span class='ocrx_word' id='word_1_738' title='bbox 513 5628 619 5684; x_wconf 84' lang='grc' dir='ltr'>Δτὰ</span> <span class='ocrx_word' id='word_1_739' title='bbox 665 5626 998 5701; x_wconf 79' lang='grc' dir='ltr'>Πνεῦματος.</span> <span class='ocrx_word' id='word_1_740' title='bbox 1032 5634 1096 5685; x_wconf 83' lang='grc' dir='ltr'><strong><em>Η.</em></strong></span> <span class='ocrx_word' id='word_1_741' title='bbox 1149 5626 1238 5685; x_wconf 76' lang='grc' dir='ltr'><strong>διὰ</strong></span> <span class='ocrx_word' id='word_1_742' title='bbox 1277 5632 1373 5684; x_wconf 89' lang='grc' dir='ltr'><strong>τοῦ</strong></span> <span class='ocrx_word' id='word_1_743' title='bbox 1418 5626 1750 5705; x_wconf 76' lang='grc' dir='ltr'>Πνεῦματος,</span> <span class='ocrx_word' id='word_1_744' title='bbox 1801 5645 1936 5688; x_wconf 88' lang='lat' dir='ltr'><strong>cum</strong></span> 
     </span>
    </p>
   </div>
   <div class='ocr_carea' id='block_1_106' title="bbox 284 5409 1931 5490">
    <p class='ocr_par' dir='ltr' id='par_1_106' title="bbox 284 5409 1931 5490">
     <span class='ocr_line' id='line_1_106' title="bbox 284 5409 1931 5490; baseline -0.007 -12"><span class='ocrx_word' id='word_1_745' title='bbox 284 5409 496 5478; x_wconf 73' lang='lat' dir='ltr'><strong>ctionis</strong></span> <span class='ocrx_word' id='word_1_746' title='bbox 528 5409 737 5490; x_wconf 72' lang='lat' dir='ltr'><strong>norma</strong></span> <span class='ocrx_word' id='word_1_747' title='bbox 767 5409 1122 5490; x_wconf 74' lang='lat' dir='ltr'><strong>in_clau_sul&#39;a</strong></span> <span class='ocrx_word' id='word_1_748' title='bbox 1150 5409 1414 5488; x_wconf 79' lang='lat' dir='ltr'><strong>postulat</strong></span> <span class='ocrx_word' id='word_1_749' title='bbox 1445 5416 1640 5490; x_wconf 76' lang='lat' dir='ltr'><strong>potius</strong></span> <span class='ocrx_word' id='word_1_750' title='bbox 1673 5409 1931 5490; x_wconf 74' lang='grc' dir='ltr'>διάφορον</span> 
     </span>
    </p>
   </div>
   <div class='ocr_carea' id='block_1_107' title="bbox 292 5484 1936 5568">
    <p class='ocr_par' dir='ltr' id='par_1_107' title="bbox 292 5484 1936 5568">
     <span class='ocr_line' id='line_1_107' title="bbox 292 5484 1936 5568; baseline 0 -25"><span class='ocrx_word' id='word_1_751' title='bbox 292 5491 470 5568; x_wconf 65' lang='grc' dir='ltr'>φ-ᾶσιν,</span> <span class='ocrx_word' id='word_1_752' title='bbox 494 5489 590 5568; x_wconf 78' lang='lat' dir='ltr'><strong>_veI</strong></span> <span class='ocrx_word' id='word_1_753' title='bbox 623 5484 882 5568; x_wconf 56' lang='grc' dir='ltr'>διαφοράν</span> <span class='ocrx_word' id='word_1_754' title='bbox 931 5485 1133 5568; x_wconf 61' lang='grc' dir='ltr'>φῦσειᾷ</span> <span class='ocrx_word' id='word_1_755' title='bbox 1155 5484 1258 5542; x_wconf 75' lang='lat' dir='ltr'><strong>aut</strong></span> <span class='ocrx_word' id='word_1_756' title='bbox 1297 5484 1788 5544; x_wconf 71' lang='lat' dir='ltr'><strong>accusativorum&#39;</strong></span> <span class='ocrx_word' id='word_1_757' title='bbox 1812 5484 1936 5543; x_wconf 84' lang='lat' dir='ltr'><strong>illo-</strong></span> 
     </span>
    </p>
   </div>
   <div class='ocr_carea' id='block_1_108' title="bbox 2037 4973 2948 5054">
    <p class='ocr_par' dir='ltr' id='par_1_108' title="bbox 2037 4973 2948 5054">
     <span class='ocr_line' id='line_1_108' title="bbox 2037 4973 2948 5054; baseline -0.002 -21"><span class='ocrx_word' id='word_1_758' title='bbox 2037 4973 2202 5054; x_wconf 76' lang='grc' dir='ltr'>μόνος</span> <span class='ocrx_word' id='word_1_759' title='bbox 2235 4977 2469 5054; x_wconf 86' lang='grc' dir='ltr'>καθαρὸς</span> <span class='ocrx_word' id='word_1_760' title='bbox 2499 4976 2660 5040; x_wconf 79' lang='grc' dir='ltr'>αὐτὸς</span> <span class='ocrx_word' id='word_1_761' title='bbox 2687 4973 2948 5050; x_wconf 73' lang='grc' dir='ltr'>κατέλθῃ.</span> 
     </span>
    </p>
   </div>
   <div class='ocr_carea' id='block_1_109' title="bbox 2044 5269 2608 5326">
    <p class='ocr_par' dir='ltr' id='par_1_109' title="bbox 2044 5269 2608 5326">
     <span class='ocr_line' id='line_1_109' title="bbox 2044 5269 2608 5326; baseline -0.004 -1"><span class='ocrx_word' id='word_1_762' title='bbox 2044 5269 2291 5326; x_wconf 86' lang='lat' dir='ltr'><strong>articulo</strong></span> <span class='ocrx_word' id='word_1_763' title='bbox 2321 5269 2608 5326; x_wconf 68' lang='lat' dir='ltr'><strong>Susum.</strong></span> 
     </span>
    </p>
   </div>
   <div class='ocr_carea' id='block_1_110' title="bbox 2113 5331 3688 5414">
    <p class='ocr_par' dir='ltr' id='par_1_110' title="bbox 2113 5331 3688 5414">
     <span class='ocr_line' id='line_1_110' title="bbox 2113 5331 3688 5414; baseline -0.003 -19"><span class='ocrx_word' id='word_1_764' title='bbox 2113 5341 2228 5412; x_wconf 81' lang='grc'>(24)</span> <span class='ocrx_word' id='word_1_765' title='bbox 2269 5337 2581 5414; x_wconf 73' lang='grc' dir='ltr'>Ἀγιάζεται</span> <span class='ocrx_word' id='word_1_766' title='bbox 2624 5338 2694 5414; x_wconf 76' lang='grc' dir='ltr'><strong>τῇ</strong></span> <span class='ocrx_word' id='word_1_767' title='bbox 2739 5331 2969 5414; x_wconf 76' lang='grc' dir='ltr'>δυνάμει</span> <span class='ocrx_word' id='word_1_768' title='bbox 3012 5335 3112 5390; x_wconf 87' lang='grc' dir='ltr'><strong>τοῦ</strong></span> <span class='ocrx_word' id='word_1_769' title='bbox 3151 5331 3320 5414; x_wconf 35' lang='grc' dir='ltr'>ῤ-νόμ.</span> <span class='ocrx_word' id='word_1_770' title='bbox 3370 5333 3688 5414; x_wconf 76' lang='lat' dir='ltr'><strong>Gregorius</strong></span> 
     </span>
    </p>
   </div>
   <div class='ocr_carea' id='block_1_111' title="bbox 2044 5355 3690 5484">
    <p class='ocr_par' dir='ltr' id='par_1_111' title="bbox 2044 5355 3690 5484">
     <span class='ocr_line' id='line_1_111' title="bbox 2113 5355 3688 5463; baseline -0.003 -68"><span class='ocrx_word' id='word_1_771' title='bbox 2113 5355 2228 5412; x_wconf 70' lang='lat'><strong>(24)</strong></span> <span class='ocrx_word' id='word_1_772' title='bbox 2271 5355 2581 5414; x_wconf 78' lang='grc' dir='ltr'>Ἀγιαζεται</span> <span class='ocrx_word' id='word_1_773' title='bbox 2624 5355 2694 5408; x_wconf 80' lang='grc' dir='ltr'>τῃ</span> <span class='ocrx_word' id='word_1_774' title='bbox 2739 5355 2969 5408; x_wconf 79' lang='grc' dir='ltr'>ουναμει</span> <span class='ocrx_word' id='word_1_775' title='bbox 3012 5355 3112 5390; x_wconf 89' lang='grc' dir='ltr'><strong>του</strong></span> <span class='ocrx_word' id='word_1_776' title='bbox 3157 5355 3320 5463; x_wconf 57' lang='lat' dir='ltr'><strong>oves.</strong></span> <span class='ocrx_word' id='word_1_777' title='bbox 3370 5355 3688 5405; x_wconf 79' lang='lat' dir='ltr'><strong>uregonus</strong></span> 
     </span>
     <span class='ocr_line' id='line_1_112' title="bbox 2044 5407 3690 5484; baseline -0.004 -16"><span class='ocrx_word' id='word_1_778' title='bbox 2044 5412 2346 5484; x_wconf 81' lang='lat' dir='ltr'><strong>Nyssenus</strong></span> <span class='ocrx_word' id='word_1_779' title='bbox 2375 5409 2698 5484; x_wconf 81' lang='lat' dir='ltr'><strong>homiliain</strong></span> <span class='ocrx_word' id='word_1_780' title='bbox 2721 5425 2770 5464; x_wconf 91' lang='lat' dir='ltr'><strong>s.</strong></span> <span class='ocrx_word' id='word_1_781' title='bbox 2806 5408 3118 5480; x_wconf 87' lang='lat' dir='ltr'><strong>baptisma.</strong></span> <span class='ocrx_word' id='word_1_782' title='bbox 3149 5412 3220 5484; x_wconf 81' lang='grc' dir='ltr'><strong>ῌ.</strong></span> <span class='ocrx_word' id='word_1_783' title='bbox 3304 5423 3334 5462; x_wconf 92' lang='lat' dir='ltr'><strong>e</strong></span> <span class='ocrx_word' id='word_1_784' title='bbox 3363 5407 3690 5484; x_wconf 79' lang='lat' dir='ltr'><strong>exorcismo</strong></span> 
     </span>
    </p>
   </div>
   <div class='ocr_carea' id='block_1_112' title="bbox 2047 5477 3684 5555">
    <p class='ocr_par' dir='ltr' id='par_1_112' title="bbox 2047 5477 3684 5555">
     <span class='ocr_line' id='line_1_113' title="bbox 2047 5477 3684 5555; baseline -0.004 -17"><span class='ocrx_word' id='word_1_785' title='bbox 2047 5477 2236 5541; x_wconf 76' lang='lat' dir='ltr'><strong>autem</strong></span> <span class='ocrx_word' id='word_1_786' title='bbox 2271 5486 2424 5555; x_wconf 91' lang='lat' dir='ltr'><strong>quod</strong></span> <span class='ocrx_word' id='word_1_787' title='bbox 2459 5482 2746 5555; x_wconf 83' lang='lat' dir='ltr'><strong>sequitur,</strong></span> <span class='ocrx_word' id='word_1_788' title='bbox 2783 5477 2900 5536; x_wconf 80' lang='lat' dir='ltr'><strong>non</strong></span> <span class='ocrx_word' id='word_1_789' title='bbox 2945 5479 3214 5555; x_wconf 74' lang='lat' dir='ltr'><strong>congruit</strong></span> <span class='ocrx_word' id='word_1_790' title='bbox 3243 5495 3377 5535; x_wconf 89' lang='lat' dir='ltr'><strong>cum</strong></span> <span class='ocrx_word' id='word_1_791' title='bbox 3411 5494 3498 5546; x_wconf 88' lang='lat' dir='ltr'><strong>eo,</strong></span> <span class='ocrx_word' id='word_1_792' title='bbox 3531 5477 3684 5550; x_wconf 91' lang='lat' dir='ltr'><strong>quod</strong></span> 
     </span>
    </p>
   </div>
   <div class='ocr_carea' id='block_1_113' title="bbox 2047 5551 3411 5639">
    <p class='ocr_par' dir='ltr' id='par_1_113' title="bbox 2047 5551 3411 5639">
     <span class='ocr_line' id='line_1_114' title="bbox 2047 5551 3411 5639; baseline -0.005 -26"><span class='ocrx_word' id='word_1_793' title='bbox 2047 5571 2228 5630; x_wconf 86' lang='lat' dir='ltr'><strong>supra</strong></span> <span class='ocrx_word' id='word_1_794' title='bbox 2254 5551 2454 5614; x_wconf 80' lang='lat' dir='ltr'><strong>docuit</strong></span> <span class='ocrx_word' id='word_1_795' title='bbox 2483 5551 2753 5611; x_wconf 80' lang='lat' dir='ltr'><strong>Clemens</strong></span> <span class='ocrx_word' id='word_1_796' title='bbox 2782 5568 2913 5626; x_wconf 81' lang='lat' dir='ltr'><strong>pag.</strong></span> <span class='ocrx_word' id='word_1_797' title='bbox 2949 5551 3085 5610; x_wconf 57' lang='lat'><strong>177$</strong></span> <span class='ocrx_word' id='word_1_798' title='bbox 3115 5551 3411 5639; x_wconf 50' lang='lat' dir='ltr'><strong>Susum.</strong></span> 
     </span>
    </p>
   </div>
   <div class='ocr_carea' id='block_1_114' title="bbox 3877 5469 3896 5520">
    <p class='ocr_par' dir='ltr' id='par_1_114' title="bbox 3877 5469 3896 5520">
     <span class='ocr_line' id='line_1_115' title="bbox 3877 5469 3896 5520; baseline 0 -14"><span class='ocrx_word' id='word_1_799' title='bbox 3877 5469 3896 5520; x_wconf 43' lang='grc' dir='ltr'>,Ι</span> 
     </span>
    </p>
   </div>
   <div class='ocr_carea' id='block_1_115' title="bbox 3909 5355 3930 5414">
    <p class='ocr_par' dir='ltr' id='par_1_115' title="bbox 3909 5355 3930 5414">
     <span class='ocr_line' id='line_1_116' title="bbox 3909 5355 3930 5414; baseline 0 -34"><span class='ocrx_word' id='word_1_800' title='bbox 3909 5355 3930 5414; x_wconf 73' lang='lat' dir='ltr'><strong>II</strong></span> 
     </span>
    </p>
   </div>
   <div class='ocr_carea' id='block_1_116' title="bbox 3899 5423 3910 5452">
    <p class='ocr_par' dir='ltr' id='par_1_116' title="bbox 3899 5423 3910 5452">
     <span class='ocr_line' id='line_1_117' title="bbox 3899 5423 3910 5452; baseline 0 0"><span class='ocrx_word' id='word_1_801' title='bbox 3899 5423 3910 5452; x_wconf 80' lang='grc'><em>1</em></span> 
     </span>
    </p>
   </div>
  </div>
