4078 6146
312 256 419 345 699

1551 261 1889 317 CLEMENS
1923 259 2396 319 ALEXANDRIN
2405 261 2495 319 US

3609 250 3724 311 700

313 397 415 439 eos
444 385 742 451 asserunt,
770 381 1108 448 Benedicite,
1132 384 1277 451 caeli,
1298 383 1632 451 Dominum;
1667 381 1888 439 laudate
1902 390 1956 438 et

2091 383 2302 455 .ογεῖτε,
2363 380 2414 434 ci.
2472 377 2714 455 οὐρανοὶ,
2769 378 2862 434 τὸν
2917 375 3135 453 Κύριον·
3193 376 3410 451 ὑμνεῖτε
3436 374 3527 433 καὶ
3559 373 3725 449 ὑπερ-

310 473 722 542 διιρθναταιιαιε
780 472 941 527 illum
985 471 1048 526 in
1096 471 1329 529 saecula.
1392 472 1530 528 Dein
1566 488 1578 528 :
1615 473 1952 540 Benedicite,

317 563 526 634 angeli,
559 562 868 617 Dominum.
898 564 1102 617 Porro:
1132 561 1461 631 Bcncdicile,
1485 578 1662 633 aqua,
1692 566 1741 617 et
1771 562 1957 617 omnia

317 667 437 724 quae
466 666 631 721 super
658 650 817 705 cazlos
861 658 1015 714 sunt,
1066 651 1380 705 Dominum.
1431 651 1523 707 Sic
1572 650 1854 705 nimirum
1885 650 1956 705 de

317 736 701 809 potestatibus
735 735 899 808 puris
919 737 1227 809 Scriptura;
1261 744 1647 794 sacrosanctae
1679 739 1958 811 interpre-

316 828 517 882 tantur
534 824 707 881 ccelos
729 842 795 881 ac
817 827 1183 897 aquas,sicut
1202 832 1259 882 et
1279 827 1336 882 in
1351 826 1559 884 Genesi
1582 826 1806 898 liquido
1825 841 1959 882 con-

317 919 432 970 stat
450 914 547 986 (α).
584 914 792 971 Merito
814 914 1014 986 itaque
1046 915 1206 970 varia
1231 916 1390 971 vocis
1422 912 1700 989 δυνάμεως
1730 914 1958 987 signiﬁ-

317 1003 469 1060 catio
503 1019 635 1059 cum
668 1003 863 1074 fuerit,
896 1004 1208 1076 subjungit
1237 1004 1474 1061 Daniel:
1503 1005 1813 1062 Benedicito
1843 1022 1958 1061 om-

316 1094 405 1150 nis
432 1101 667 1164 potestas
699 1094 1009 1149 Dominum.
1051 1092 1196 1149 Dein
1228 1094 1431 1150 ordine
1467 1111 1479 1150 :
1516 1096 1824 1151 Benedicite
1879 1096 1959 1152 sol

317 1194 368 1239 et
400 1184 552 1251 luna,
587 1181 901 1251 Dominum;
934 1182 1217 1254 insuper:
1251 1183 1588 1251 Benedzcite,
1618 1185 1786 1239 stellas
1817 1184 1960 1251 ca'li,

316 1272 632 1343 Dominum,
680 1271 1017 1339 Benedicite,
1069 1288 1255 1328 omnes
1311 1273 1593 1344 religiosi,
1627 1272 1961 1343 Dominum,-

316 1363 488 1419 Deum
517 1362 748 1418 deorum
779 1361 999 1417 laudate
1028 1370 1079 1418 et
1110 1361 1457 1434 conﬁtemini
1491 1364 1581 1419 illi
1610 1364 1871 1434 quoniam
1900 1362 1959 1418 in

318 1453 508 1508 omnia
534 1451 738 1506 saecula
764 1451 1148 1508 misericordia
1195 1454 1310 1523 ejus
1331 1452 1428 1525 (b).
1478 1453 1539 1508 In
1570 1449 1810 1508 Daniele
1840 1451 1964 1508 haec

320 1540 542 1611 scripta
572 1539 849 1612 reperias,
883 1542 1025 1596 dum
1077 1541 1242 1613 pueri
1271 1546 1389 1597 tres
1419 1541 1480 1597 in
1512 1540 1744 1598 camino
1776 1541 1961 1597 Deum

321 1646 497 1686 suum
528 1629 840 1684 celebrant.

2068 471 2271 544 υψυῦτε
2328 469 2491 524 αὐτὸν
2549 468 2624 531 είς
2670 465 2799 530 τοὺς
2856 465 3060 528 αἲῶνας
3096 508 3108 522 .
3158 464 3326 534 Εἶτα,
3386 462 3713 541 Εὖλογεῖτε,

2066 555 2315 634 ἄγγελοι,
2369 559 2459 613 τὸν
2515 557 2710 634 Κύριον
2767 557 2897 632 (26)·
2961 556 3093 627 εἶτα,
3150 554 3490 631 Εὐλογεῖτε,
3547 550 3720 608 ὕδατα

2065 648 2155 704 καὶ
2230 649 2403 703 πάντα
2478 647 2545 704 τὰ
2613 647 2793 702 ἐπάνω
2862 649 2959 701 τοῦ
3035 643 3290 721 ούρανοῦ,
3346 644 3437 700 τὸν
3490 642 3714 720 Κύριον.

2068 735 2256 801 Οὕτως
2296 736 2382 793 ἐπὶ
2436 735 2716 812 δυνάμεων
2764 738 3048 791 τάσσουσιν
3101 735 3155 790 αἱ
3210 732 3416 812 Γραφαὶ
3464 734 3712 806 καθαρῶν

2065 826 2192 891 τοὺς
2225 825 2490 902 οὐρανοὺς
2532 827 2721 881 καὶτὰ
2749 822 2937 894 ὕδατα,
2997 826 3072 889 ὡς
3125 825 3216 879 καί
3273 821 3362 879 ἐπὶ
3417 821 3714 899 τῇγενὲσει

2070 914 2355 988 δηλοῦται.
2406 915 2649 978 Εἰκότως
2707 913 2798 970 οὖν
2821 966 2826 971 .
2854 911 3123 977 ποικίλως
3151 920 3252 983 τῆς
3280 910 3559 986 δυνάμεως
3589 911 3712 966 ὀνο-

2075 1004 2403 1079 μαζομένης,
2460 1003 2643 1080 ἐπάγει
2700 1001 2926 1076 Δανιήλ·
2986 1001 3302 1079 Εὐλογείτω
3359 1006 3504 1056 πᾶσα
3557 996 3713 1056 δύνα-

2075 1116 2165 1169 μις
2238 1095 2327 1149 τὸν
2398 1094 2622 1167 Κύριον·
2689 1094 2801 1149 εῒνα
2877 1091 3090 1171 ἐφεξῆς,
3164 1090 3479 1167 Εὐλογεῖτε,
3555 1087 3718 1159 ἥλιος

2068 1183 2159 1239 καὶ
2216 1182 2443 1255 σελήνη,
2503 1182 2594 1238 τὸν
2653 1180 2884 1257 Κύριον·
2944 1181 3054 1250 καὶ,
3105 1178 3421 1256 Εύλογεῖτε,
3455 1179 3523 1233 τὰ
3552 1175 3719 1256 ἄστρα

2072 1276 2181 1347 (27)
2209 1277 2307 1328 τοῦ
2361 1271 2615 1346 ούρανοῦ,
2647 1272 2737 1327 τὸν
2781 1270 3000 1347 Κύριον·
3048 1268 3365 1346 Εὐλογεῖτε,
3418 1269 3614 1331 πάντες
3665 1268 3718 1323 οἱ

2071 1357 2382 1435 σεϐόμενοι,
2433 1361 2658 1435 Κύριον·
2714 1360 2802 1416 τὸν
2861 1359 2987 1417 Θεὸν
3046 1362 3153 1416 τῶν
3199 1359 3332 1414 θεῶν
3365 1358 3583 1434 ὑμνεῖτε
3628 1356 3719 1412 καὶ

2071 1450 2509 1528 ἐξομολογεῖσθε,
2561 1450 2643 1507 ὅτι
2704 1450 2779 1513 εἷς
2834 1450 3037 1512 πάντας
3063 1448 3192 1513 τοὺς
3217 1446 3418 1513 αίῶνας
3455 1448 3517 1503 τὸ
3566 1445 3719 1510 ἔλεος

2072 1539 2255 1595 αὐτοῦ·
2293 1539 2346 1595 ἐν
2398 1543 2475 1612 τῷ
2502 1538 2703 1609 Δανιὴλ
2732 1537 3053 1617 γέγραπται,
3083 1541 3192 1595 τῶν
3222 1541 3388 1614 τριῶν
3420 1533 3631 1593 παίδων
3663 1535 3713 1593 ἐν

2070 1634 2140 1706 τῇ
2170 1628 2387 1705 καμίνῳ
2417 1629 2753 1704 ὑμνούντων.

399 1718 467 1772 ΙΙ.
500 1717 823 1774 Benedictus
841 1734 919 1789 es,
954 1721 1052 1789 qui
1072 1718 1306 1774 intueris
1318 1720 1564 1791 abyssos,
1593 1719 1782 1775 sedens
1799 1736 1966 1793 super

2145 1721 2220 1776 B'.
2276 1717 2671 1812 Εὐλογημένος
2728 1716 2776 1772 εἶ
2826 1717 2855 1773 6
2906 1715 3126 1812 βλέπων
3185 1715 3488 1812 ἆούσσους,
3545 1716 3715 1787 καθή-

322 1805 627 1877 chcrubim,
662 1806 873 1879 inquit,
911 1807 1106 1863 Daniel
1130 1807 1221 1881 (c),
1251 1824 1429 1863 sensu
1463 1807 1635 1879 plane
1662 1808 1725 1871 ᾧ
1755 1809 1959 1866 eodem

2091 1830 2229 1871 ιενος
2286 1807 2375 1865 ἐπὶ
2427 1802 2723 1885 χερουϐἳμ,
2756 1807 2785 1862 6
2830 1806 3032 1875 Δανιὴλ
3082 1803 3252 1881 λέγει,
3313 1801 3595 1879 ὁμοδοξῶν
3632 1807 3712 1878 τῷ

323 1913 390 1953 ac
421 1896 639 1966 Enoch,
672 1898 768 1967 qui
797 1896 942 1951 dixit
975 1912 987 1952 :
1022 1900 1087 1953 Et
1118 1896 1236 1952 vidi
1264 1913 1450 1953 omnes
1470 1897 1764 1955 materias.
1790 1900 1967 1971 Abys-

323 2002 426 2043 sus
457 1984 614 2040 enim
647 1990 755 2056 est,
789 1985 942 2058 quod
976 1987 1303 2042 secundum
1349 1987 1745 2043 substantiam
1796 2004 1966 2044 suam

324 2077 590 2147 spectata
610 2073 1057 2130 interminatum
1084 2079 1192 2141 est,
1217 2074 1315 2132 Dei
1339 2080 1537 2131 autem
1564 2077 1827 2148 potentia
1849 2081 1968 2133 ter-

327 2164 608 2222 minatur.
642 2163 1001 2220 Substantiaa
1043 2163 1242 2237 itaque
1269 2164 1628 2234 materiales,
1660 2182 1727 2222 ex
1751 2166 1968 2238 quibus

326 2270 540 2326 genere
570 2269 634 2309 ac
657 2252 892 2309 illorum
924 2254 1147 2326 species
1175 2270 1245 2310 ex
1275 2258 1437 2327 parte
1466 2254 1837 2328 ﬁunt,abyssi
1868 2272 1967 2312 vo-

330 2348 555 2400 cantur.
590 2343 811 2416 Quippe
826 2358 946 2401 non
976 2342 1163 2400 solam
1190 2360 1403 2416 aquam
1417 2344 1642 2401 vocavit
1663 2345 1966 2419 abyssum;

329 2431 599 2504 quamvis
620 2437 676 2487 et
714 2448 869 2505 aqua
889 2449 1016 2505 quae
1039 2433 1306 2505 abyssus,
1346 2432 1655 2507 allegorice
1683 2433 1816 2507 ipsa
1846 2451 1967 2490 ma-

330 2522 477 2578 teria
507 2520 944 2593 interpretatur.

405 2609 502 2666 III.
524 2612 586 2666 In
624 2609 900 2681 principio
929 2611 1133 2667 creavit
1163 2612 1304 2667 Deus
1337 2612 1533 2668 calum
1552 2616 1604 2668 et
1626 2619 1830 2669 terram
1851 2610 1964 2684 (d);
2038 2602 2050 2611 ’

331 2699 635 2756 terrestria
665 2700 945 2756 nimirum
982 2717 1047 2757 ac
1078 2700 1357 2759 caelestia.
1410 2703 1571 2768 Quod
1624 2708 1820 2759 autem
1864 2703 1974 2760 hoc

332 2804 536 2844 verum
570 2788 665 2856 sit,
700 2789 768 2844 ad
802 2788 945 2845 Osee
977 2789 1122 2845 dixit
1143 2791 1465 2847 Dominus:
1499 2793 1675 2863 Vade,
1697 2808 1849 2849 sume
1869 2793 1975 2849 tibi

331 2894 561 2934 uxorem
588 2878 1002 2952 fornicationis,
1026 2883 1186 2952 atque
1215 2880 1362 2952 filios
1389 2882 1806 2953 fornicationi”
1839 2900 1971 2956 ρηο-

332 2967 491 3023 niam
543 2969 824 3039 ﬁrrnicans
881 2969 1260 3040 fornicabilur
1330 2975 1480 3028 terra
1533 2990 1567 3028 a
1621 2971 1973 3045 Domino(e).

334 3056 461 3113 Non
511 3058 665 3113 enim
713 3056 1067 3114 elementum
1116 3058 1416 3133 intelligit,
1465 3061 1566 3118 sed
1614 3060 1749 3117 illos
1780 3062 1878 3135 qui
1910 3062 1970 3117 in

332 3146 617 3203 elemento
640 3150 798 3217 sunt,
833 3147 1111 3204 nimirum
1143 3149 1244 3222 qui
1275 3166 1451 3207 sensu
1482 3155 1714 3207 terreno
1745 3151 1970 3224 praediti

337 3241 497 3295 sunt.

407 3326 497 3383 IV.
530 3326 691 3390 Quod
724 3342 860 3383 vero
890 3325 1073 3384 Filius
1092 3328 1171 3384 sit
1200 3328 1554 3402 principium
1582 3347 1647 3387 ac
1681 3334 1880 3403 caput,
1906 3329 1977 3387 1i-

334 3417 512 3490 quido
537 3416 707 3473 docet
736 3416 898 3473 Osee.
928 3419 1008 3473 Et
1034 3417 1141 3475 erit
1166 3420 1229 3474 in
1258 3418 1376 3476 loco
1403 3420 1502 3476 ubi
1528 3419 1736 3476 dictum
1761 3422 1831 3476 sit
1861 3420 1980 3477 eis:

336 3509 456 3565 Non
482 3514 716 3578 pOpulus
768 3522 925 3563 meus
961 3523 1072 3579 vos,
1121 3509 1463 3565 vocabuntur
1492 3525 1556 3565 ac
1583 3508 1696 3582 ipsi
1739 3509 1853 3580 ﬁlii
1881 3512 1985 3568 Dei

336 3598 595 3653 viventis.
628 3597 693 3652 Et
722 3597 1205 3669 congregabantur
1218 3598 1328 3669 ﬁlii
1351 3599 1521 3656 Israel
1550 3600 1739 3668 simul,
1771 3605 1825 3656 et
1852 3615 1980 3657 con-

336 3687 564 3742 stituent
593 3687 706 3742 sibi
732 3691 896 3759 caput
925 3703 1120 3753 unum,
1152 3691 1203 3745 et
1232 3690 1521 3746 ascenderit
1560 3690 1627 3748 de
1674 3699 1826 3747 terra
1857 3706 1983 3764 quo-

336 3777 493 3832 niam
542 3792 779 3846 magnus
819 3776 937 3834 dies
992 3778 1330 3850 1sraelis(f).
1389 3781 1615 3851 Quippe
1661 3780 1753 3836 cui
1798 3781 1985 3836 credit

338 3866 490 3938 quis,
524 3866 683 3922 hunc
712 3865 880 3922 etiam
915 3865 1130 3939 seligit.
1166 3867 1360 3923 Credit
1388 3873 1583 3925 autem
1629 3869 1765 3941 quis
1812 3868 1981 3941 Filio,

338 3955 440 4028 qui
471 3958 560 4012 est
586 3954 942 4029 principium
975 3972 1079 4011 ceu
1104 3960 1301 4028 caput;
1335 3958 1717 4029 quamobrem
1746 3962 1804 4014 et
1835 3957 1982 4015 ulte-

339 4045 466 4101 rius
487 4045 671 4101 dixit:
699 4045 972 4102 Filiorum
1001 4054 1181 4101 autem
1208 4047 1351 4102 Iuda
1383 4047 1702 4116 miserebor,
1753 4064 1820 4105 ac
1868 4049 1982 4104 sal-

340 4136 475 4192 vabo
506 4136 564 4191 in
588 4136 818 4191 Domino
865 4136 972 4191 Deo
1014 4135 1376 4207 ipsorum(g).
1424 4135 1689 4193 Salvator
1734 4153 1867 4193 vero
1897 4141 1987 4193 est

340 4224 441 4297 i]le
472 4225 571 4297 qui
602 4224 796 4280 salvos
828 4224 966 4280 facit
995 4240 1206 4295 nempe
1235 4223 1419 4280 Filius
1449 4223 1592 4297 Dei;
1640 4224 1735 4281 hic
1785 4225 1987 4297 itaque

341 4314 638 4387 primitias,
672 4311 1029 4385 principium
1061 4329 1168 4370 ceu
1199 4316 1377 4384 caput
1410 4316 1522 4369 est.

413 4402 479 4457 V.
514 4401 768 4474 Spiritus
815 4400 959 4457 dicit
987 4417 1089 4473 per
1119 4401 1265 4457 Osee
1301 4402 1446 4474 :Ego
1486 4404 1753 4472 magister
1785 4407 1982 4459 vester.

2071 1896 2255 1973 Ἑνὼχ
2301 1899 2435 1971 ('28),
2483 1900 2566 1970 τῷ
2620 1894 2885 1973 εἰρηκότι·
2946 1895 3046 1950 Καὶ
3096 1891 3234 1950 εἶδον
3278 1892 3372 1956 τὰς
3431 1891 3565 1956 ὕλας
3605 1894 3713 1948 πά-

2071 2008 2166 2050 σας
2196 2007 2210 2020 ·
2272 1981 2504 2050 ἄϐυσσος
2553 1986 2652 2062 γὰρ
2709 1985 2772 2041 τὸ
2828 1984 3173 2061 ἀπεράτωτον
3226 1984 3363 2040 κατὰ
3415 1984 3515 2055 τήν
3573 1979 3714 2039 ῗδίαν

2074 2076 2387 2147 ὑπόστασιν,
2446 2074 2841 2151 περαιούμενοε
2889 2070 2947 2128 δὲ
2973 2076 3041 2148 τῇ
3074 2069 3297 2147 δυνάμει
3323 2076 3420 2128 τοῦ
3450 2075 3607 2128 Θεοῦ.
3647 2072 3715 2131 A't

2069 2166 2253 2221 τοίνυν
2314 2163 2492 2219 ούσίαι
2531 2163 2739 2238 ὑλικαὶ,
2797 2162 2889 2238 ἀφ’
2942 2160 3016 2218 ὢν
3072 2162 3143 2218 τὰ
3194 2160 3284 2216 ἐπὶ
3344 2161 3541 2238 μέρους
3589 2159 3716 2238 γένη

2072 2254 2161 2310 καὶ
2212 2256 2280 2310 τὰ
2325 2253 2531 2310 τούτων
2583 2251 2700 2325 ε’ίδη
2730 2252 2954 2330 γίνεται,
3015 2250 3239 2307 ἅουσσοι
3290 2248 3552 2327 ε’ίρηνται·
3604 2249 3720 2307 ἐπεὶ

2078 2344 2242 2418 μόνον
2274 2345 2337 2399 τὸ
2364 2341 2509 2419 ὕδωρ
2535 2342 2633 2399 οὐκ
2662 2343 2720 2398 ἂν
2757 2342 2899 2397 εἶπεν
2933 2336 3184 2398 ἄϐυσσον·
3219 2340 3309 2398 καί
3337 2361 3426 2396 τοι
3454 2340 3544 2397 καὶ
3576 2337 3720 2417 ὕδωρ

2074 2431 2306 2491 ἄϐυσσον
2347 2436 2382 2504 ἡ
2415 2432 2522 2505 ὕλη
2556 2431 2971 2511 ἁλληγορεῖται.

2146 2615 2220 2671 Γ’.
2252 2614 2338 2670 Ἐν
2373 2612 2520 2690 ἀρχῆ
2554 2609 2805 2683 ἐποίησεν
2854 2611 2882 2666 6
2922 2612 3051 2676 Θεὸς
3094 2610 3183 2665 τὸν
3232 2608 3462 2686 οὐρανὸν
3493 2608 3584 2665 καὶ
3622 2610 3720 2680 τὴν

2073 2708 2198 2779 γῆν,
2230 2701 2297 2757 τὰ
2323 2703 2486 2777 γήϊνα
2513 2700 2601 2756 καὶ
2641 2699 2709 2756 τὰ
2752 2699 2996 2776 οὐράνια.
3029 2700 3153 2756 Ὀτι
3186 2695 3244 2753 δὶ
3288 2700 3451 2754 τοῦτο
3494 2693 3718 2769 ἀληθὶς.

2077 2792 2218 2848 εἶπεν
2252 2793 2279 2846 ὁ
2311 2790 2508 2868 Κύριος
2548 2790 2685 2866 πρὸς
2717 2790 2897 2860 Ὠσηέ·
2959 2785 3170 2860 Βάδιζε,
3201 2783 3338 2845 λάϐε
3379 2791 3589 2860 σεαυτῷ
3618 2807 3715 2863 γυ-

2075 2884 2232 2933 ναῖκα
2259 2877 2513 2954 πορνείας
2537 2877 2629 2933 καὶ
2653 2877 2813 2933 τέκνα
2841 2875 3118 2955 πορνείας·
3151 2873 3291 2932 διότι
3321 2872 3716 2948 ἐκπορνεύουσα

2077 2967 2422 3041 ἐκπορνεύσει
2473 2968 2509 3039 ἡ
2540 2973 2610 3044 γῆ
2644 2965 2731 3022 ἐπὶ
2780 2962 2999 3032 ὄπισθεν
3028 2969 3129 3021 τοῦ
3160 2964 3381 3041 Κυρίου.
3410 2962 3483 3019 Ού
3518 2962 3620 3040 γὰρ
3649 2962 3713 3019 τὸ

2084 3062 2357 3133 στνιχεῖον
2409 3056 2583 3132 λέγει,
2637 3054 2804 3132 λέγει,
2853 3052 3001 3112 ἀλλὰ
3022 3054 3150 3118 τοὺς
3196 3054 3286 3111 ἐπὶ
3330 3058 3409 3128 τῷ
3438 3051 3722 3129 στοιχείῳ,

2081 3146 2211 3212 τοὺς
2237 3148 2462 3223 γηγενὲς
2493 3146 2750 3225 φρόνημα
2781 3148 2893 3218 (29)
2920 3143 3172 3222 ἔχοντας.

2162 3327 2234 3385 Δ’.
2267 3329 2387 3384 Ὅτι
2422 3322 2480 3380 δὶ
2509 3324 2658 3401 ἀρχὴ
2693 3324 2721 3379 ὁ
2758 3324 2902 3395 Υἱὸς,
2935 3322 3095 3395 Ὠσηὶ
3125 3320 3364 3380 διδάσκει
3398 3325 3601 3401 σαφῶς·
3634 3319 3742 3378 Καὶ

2091 3413 2238 3473 ἔσται
2266 3460 2283 3484 ,
2340 3415 2391 3471 ἐν
2450 3418 2531 3486 τῷ
2603 3414 2760 3486 τόπῳ
2807 3411 2870 3468 οὗ
2927 3412 3120 3490 ἒῤῥὲθη
3193 3412 3420 3476 αὐτοῖς·
3479 3410 3556 3466 Ού
3610 3409 3745 3473 λαὸς

2095 3526 2202 3579 μου
2256 3505 2436 3578 ὑμεῖς,
2494 3503 2865 3574 κληθήσονται
2919 3501 3008 3558 καὶ
3067 3500 3221 3557 αὐτοὶ
3270 3501 3379 3557 υἱοὶ
3440 3503 3576 3557 Θεοῦ
3610 3502 3750 3570 ζῶν-

2090 3616 2184 3658 τος
2222 3637 2235 3652 .
2296 3593 2401 3651 Καὶ
2456 3593 2894 3669 συναχθήσονται
2951 3591 3006 3648 οἱ
3060 3590 3174 3647 υἱοὶ
3253 3591 3479 3668 Ἰσραὴλ
3536 3588 3628 3646 ἐπὶ
3679 3589 3744 3645 τὸ

2092 3684 2259 3757 αὐτὸ,
2333 3682 2423 3739 καὶ
2506 3685 2765 3755 θήσονται
2842 3683 3055 3744 ἑαυτοῖς
3135 3682 3313 3758 ἀρχὴν
3404 3678 3530 3754 μίαν
3557 3725 3571 3749 ,
3647 3677 3739 3735 καὶ

2094 3770 2457 3845 ἀναϐήσονται
2513 3771 2573 3827 ὲκ
2635 3779 2735 3843 τῆς
2792 3777 2937 3847 γῆς·
2997 3770 3084 3827 ὅτι
3134 3769 3346 3846 μεγάλη
3405 3768 3589 3846 ἡμίρα
3639 3770 3739 3823 τοῦ

2091 3862 2317 3942 Ἰσραήλ
2365 3866 2497 3938 (30).
2548 3868 2614 3942 ᾯ
2657 3862 2758 3938 γάρ
2810 3883 2893 3924 τις
2941 3862 3205 3933 πιστεύει,
3242 3865 3437 3917 τοῦτον
3484 3861 3737 3936 αἱρεῖται,

2093 3953 2337 4013 Πιστεύει
2372 3950 2429 4009 δέ
2457 3973 2540 4015 τις
2570 3955 2649 4024 τῷ
2676 3953 2812 4023 Υἱῷ,
2845 3950 2903 4015 ὅς
2931 3951 3073 4007 ἐστιν
3133 3950 3306 4026 ἀρχή·
3338 3947 3423 4006 διὸ
3451 3950 3539 4005 καὶ
3572 3968 3744 4025 προσ-

2094 4051 2264 4103 εῖπεν·
2298 4043 2440 4107 Τοὺς
2472 4040 2530 4099 δὲ
2560 4040 2711 4105 υἱοὺς
2748 4038 2928 4099 Ἰούδα
2958 4040 3192 4112 ἔλεήσω,
3238 4039 3326 4096 καὶ
3360 4040 3520 4095 σώσω
3550 4037 3603 4095 ἰν
3638 4037 3745 4095 Κύ-

2095 4134 2200 4210 ρίῳ
2227 4138 2342 4207 Θεῷ
2391 4132 2592 4189 αὐτῶν.
2645 4132 2841 4205 Σωτὴρ
2874 4128 2931 4185 δὲ
2959 4132 2988 4186 6
3038 4131 3251 4202 σώζων,
3285 4129 3409 4192 Υἱὸς
3454 4132 3554 4184 τοῦ
3587 4130 3743 4185 Θεοῠ·

2095 4223 2260 4286 οὗτος
2293 4218 2396 4299 ἄρα
2423 4222 2458 4291 ἡ
2490 4220 2660 4297 ἀρχή.

2169 4405 2243 4457 Ε’.
2277 4400 2355 4454 Δι’
2387 4398 2548 4468 Ὠσηὲ
2574 4395 2634 4452 τὸ
2664 4399 2903 4469 πνεῦμα,
2950 4395 3097 4471 Ἐγὼ
3140 4392 3198 4450 δι
3226 4392 3520 4463 παιδευτὴς
3568 4394 3747 4470 ὑμῶν,

342 4492 590 4563 Clangite
618 4492 751 4548 tuba
777 4507 940 4563 super
967 4491 1129 4547 colles
1161 4491 1421 4559 Domini;
1473 4496 1664 4549 senate
1703 4508 1866 4565 super
1895 4509 1974 4549 ex!

2101 4488 2253 4569 φησί.
2324 4487 2636 4544 Σαλπίσατε
2700 4484 2957 4562 σάλπιγγι
3007 4483 3096 4541 ἐπὶ
3149 4484 3279 4549 τοὺς
3350 4483 3581 4562 βουνοὺς
3637 4486 3747 4541 Κυ-

337 4582 598 4654 celsa(h).
631 4581 927 4637 Numnam
945 4586 1001 4636 et
1021 4579 1131 4636 hoc
1147 4579 1347 4652 ipsum
1363 4585 1453 4638 est
1476 4581 1796 4654 baptisma,
1829 4582 1985 4654 quod

340 4672 801 4745 regenerationis
821 4675 910 4727 est
939 4671 1197 4743 signum,
1222 4686 1290 4727 ex
1310 4670 1554 4728 materia
1583 4678 1670 4729 est
1688 4687 1985 4741 excessus,

409 4819 474 4884 »ιε
500 4818 564 4870 Ρ.
594 4815 701 4871 980
729 4815 838 4872 ED.
872 4813 1177 4871 POTTER.

409 4819 474 4884 »ιε
500 4818 564 4870 Ρ.
594 4815 701 4871 980
729 4815 838 4872 ED.
872 4813 1177 4871 POTTER.
1291 4813 1349 4886 (a
1395 4813 1535 4870 Gen.
1570 4831 1612 4880 1,
1637 4813 1695 4870 7.

340 4889 413 4959 (e)
442 4891 572 4945 Ose.
604 4904 647 4957 1,
677 4888 732 4944 2.
847 4887 909 4959 (1)
941 4886 1088 4943 Ibid.
1120 4886 1211 4953 l0,
1246 4885 1330 4941 Η.
1441 4886 1518 4959 (9)
1549 4884 1695 4943 Ibid.

847 4887 909 4959 q)
941 4886 1088 4943 Ibid.
1120 4886 1211 4953 ιο,
1246 4884 1330 4941 ιι.
1441 4886 1518 4959 (9)
1549 4884 1698 4943 Ibid.
1728 4884 1783 4940 7.

560 5027 850 5106 Εύλογεῖτε
878 5026 1104 5105 ἄγγελοι
1147 5028 1256 5106 τὸν.
1290 5026 1716 5106 Κύριονηινιιζε.
1749 5027 1990 5106 ij1._in

339 5096 563 5193 cantico
589 5096 775 5193 trium
818 5096 1136 5193 pue'rbr‘u’r‘n
1178 5096 1453 5193 sﬁ‘loyefifs
1511 5096 1737 5189 ἄγγελοι
1787 5099 1989 5193 Κυρίου

337 5178 431 5250 τὸν
465 5174 681 5250 Κύριον·
723 5179 780 5231 et
811 5168 962 5250 fnox,
1010 5168 1522 5250 Εὐλογεῖτέῦδατα
1560 5168 1735 5227 πάντα
1758 5172 1825 5228 τὰ
1856 5168 1987 5248 ὅπερ

342 5244 450 5303 ἅνω
480 5244 577 5302 τοῦ
606 5247 864 5319 ολύρατοῢ,
896 5246 987 5319 τὸν
1022 5244 1242 5319 Κύριον.
1275 5246 1560 5319 SYLBURG.

410 5321 519 5389 (27)
552 5314 867 5391 Εὐλογεῖτε,
912 5317 980 5372 τὰ
1026 5314 1142 5372 ἔστ.
1194 5317 1494 5391 Articulus
1544 5316 1612 5370 τά
1641 5316 1879 5391 additus
1908 5334 1978 5373 ex

339 5383 563 5445 eisdem
594 5383 743 5446 Bibl'.
784 5383 996 5447 Eadem
1050 5388 1271 5462 ΠιοΧοὶ
1302 5383 1586 5462 σεϐόμενοι
1625 5386 1723 5462 τὸν
1766 5387 1985 5462 Κύριον,

342 5531 562 5606 braicis
594 5532 836 5606 Bibljis:
887 5534 1134 5606 ideoque
1161 5531 1443 5591 wseorsum
1476 5533 1626 5590 inter
1652 5532 1987 5606 apocrypha

343 5599 678 5659 collocatur.
710 5604 996 5660 Sasona.

1807 4813 1884 4887 (b)
1919 4812 2062 4887 Dan.
2097 4828 2185 4880 ιιι,
2216 4811 2309 4887 61.
2335 4810 2429 4887 Q2,
2458 4811 2551 4879 63,
2581 4810 2672 4865 90.

1897 4885 1977 4957 (ἡ)
2006 4882 2135 4941 Ose.
2169 4900 2223 4952 ν,
2253 4884 2311 4952 2,
2339 4882 2393 4936 8.

2099 4579 2240 4656 ρίου·
2299 4579 2554 4653 ἡχήσατε
2612 4574 2700 4631 ἐπὶ
2758 4578 2866 4630 τῶν
2908 4572 3153 4650 ¹ὑψηλῶν
3186 4616 3201 4631 .
3263 4574 3369 4631 Καὶ
3432 4576 3568 4649 μήτι
3615 4573 3746 4629 αὐτὸ

2049 4690 2051 4695 π
2095 4668 2158 4724 τὸ
2220 4667 2533 4743 βάπτισμα,
2582 4664 2981 4742 ἆναγεννήσεως
3031 4662 3277 4741 ὑπάρχον
3337 4667 3595 4739 σημεῖον,
3645 4669 3748 4734 τῆς

2784 4807 2855 4877 (c)
2901 4807 3053 4866 Ibid.
3105 4807 3198 4864 55.
3310 4807 3561 4882 (d)Gen.
3593 4824 3636 4880 ι,
3685 4807 3737 4863 1.

2174 5027 2287 5103 (28)
2318 5024 2778 5103 ἘνῴχειΕιιοοίιί
2810 5022 3241 5103 librunleitant
3268 5023 3439 5103 etiam
3469 5019 3749 5103 prigcnes

2098 5093 2611 5177 De‘principiis'lib.
2637 5113 2713 5177 ιν,
2740 5113 2788 5152 c.
2816 5095 2959 5177 ult;
2991 5095 3250 5177 Hilarius
3268 5093 3512 5177 aii-ped.
3536 5093 3748 5177 c_ixxn;

2099 5165 2330 5230 Constit.
2365 5165 2537 5242 apost.
2588 5174 2791 5242 auctor
2817 5167 3033 5242 librvr,
3062 5184 3112 5242 ο.
3160 5168 3246 5233 16,
3278 5165 3495 5242 aliique
3528 5165 3746 5242 plures.

2329 5236 2562 5325 Γηγενές
2599 5237 2874 5325 φρόνημα.
2906 5241 2986 5325 ,Ιῐι
3019 5236 3178 5325 Flor.
3210 5236 3451 5325 geminas
3476 5236 3745 5325 Ιϐδιίρηὶε

2097 5308 2239 5389 sunt
2266 5308 2531 5387 uestigia,
2561 5308 2789 5387 γηγενὲς
2818 5308 3075 5389 φρόνημα
3113 5315 3172 5368 et
3200 5308 3411 5384 γηγενῆ
3458 5310 3630 5387 φρονή
3643 5327 3742 5382 μα-

2094 5406 2181 5443 τα.
2202 5388 2499 5444 ΒηΒυιιιι.

342 5441 1316 5533 sua;giliensisgdzoaagaur
1343 5441 1853 5518 boccanticumin
1884 5441 1989 5533 ne:
2048 5441 2090 5513 :E
2169 5441 2232 5533 (3}

2169 5449 2281 5531 (30)
2328 5454 2560 5531 Μεγάλῃ
2614 5452 2799 5529 ἡμὲρα
2824 5455 2939 5531 Arci}
2987 5449 3245 5531 Ἰσραήλἓ
3278 5453 3466 5509 Locus
3513 5452 3585 5509 de
3613 5466 3737 5507 ma-

2093 5524 2456 5601 gna'lsraeli's
2481 5529 2573 5588 die
2598 5524 2790 5587 eum
2815 5525 2975 5586 Osee
3005 5542 3047 5596 ι,
3066 5524 3167 5584 ’1Ι.
3209 5524 3489 5583 Smuao.
