4078 6146
375 321 481 378 7οι

1188 318 1432 374 DUBIA.
1462 344 1535 359 -
1569 314 1874 373 ECLOGA!
1911 316 2014 373 EX
2045 315 2469 374 SCRIPTUBIB
2502 317 2999 375 ΡΒΟΡΗΕΤΙΟῙΒ.

3686 318 3799 372 702

378 442 519 515 ὕλης
568 442 709 498 ἐστὶν
749 437 994 514 ἔκϐασις,
1046 439 1135 498 διὰ
1174 448 1274 512 τῆς
1319 446 1416 498 τοῦ
1466 443 1724 516 Σωτήρος
1775 436 2028 495 διδασκα-

2155 457 2250 513 per
2262 442 2587 499 doctrinam
2613 442 2951 513 Salvatoris,
2976 460 3257 518 magnum
3275 443 3427 502 illud
3439 461 3505 503 ac
3522 443 3792 518 rapidum

381 532 505 597 λίας
553 531 801 609 μεγάλου
848 533 943 587 καὶ
996 528 1233 609 σφοδροῦ
1282 531 1548 608 ῥεύματος
1598 531 1677 585 ἀεὶ
1726 528 2029 606 φερομένου

378 622 467 677 καὶ
528 622 943 699 παραφέροντος
999 621 1148 693 ἡμᾶς
1204 641 1219 691 ;
1277 617 1472 696 ἐξάγων
1522 616 1613 674 οῦν
1661 621 1760 688 τῆς
1815 617 2033 689 ἀταξίας

378 711 532 784 ἡμᾶς
563 711 592 765 ὁ
624 709 849 783 Κύριος,
900 710 1148 787 φωτίζει,
1195 707 1270 771 εἶς
1321 709 1382 764 τὸ
1429 713 1544 787 φῶς
1579 706 1721 785 ἄγων
1751 709 1815 763 τὸ
1847 709 2031 762 ἄσκιον

377 801 469 855 καὶ
506 799 609 855 οὐκ
638 796 717 854 ἔτι
753 796 966 857 ὑλικόν.

455 890 518 961 ζ’.
549 892 753 944 Τοῦτον
803 888 894 943 τὸν
939 887 1187 961 ποταμὸν
1227 893 1325 957 τῆς
1372 886 1510 959 ὕλης
1541 888 1654 962 (31)
1688 887 1781 942 καὶ
1807 889 1905 958 τήν
1943 886 2033 952 Θά-

378 975 586 1032 λασσαν
619 973 872 1049 διέκοψαν
912 975 1002 1030 καὶ
1052 971 1325 1040 διέστησαν
1370 971 1595 1047 δυνάμει
1644 975 1848 1049 Κυρίου
1896 994 2035 1050 προ-

376 1071 548 1144 φῆται
610 1061 729 1133 δύο,
776 1062 1185 1138 περατουμένης
1252 1070 1352 1132 τῆς
1411 1061 1551 1133 ὕλης
1606 1065 1725 1128 καθ’
1782 1064 2031 1140 ἑκάτερον

376 1151 654 1229 διάστημα
683 1150 895 1215 ὕδατος·
938 1150 1202 1228 βουλήσει
1234 1155 1332 1207 τοῦ
1363 1156 1497 1208 Θεοῦ
1544 1150 1903 1229 διυπηρέτουν
1935 1174 2029 1208 κα-

375 1241 533 1318 θαροὶ
566 1240 863 1318 στρατηγοὶ
912 1242 1121 1316 ἄμφω,
1153 1238 1223 1296 δι’
1272 1243 1345 1296 ὧν
1390 1240 1678 1313 ἐπιστεύθη
1710 1244 1778 1297 τὰ
1809 1247 2035 1316 σημεῖα,

369 1330 462 1387 ἵνα
490 1329 555 1401 δὴ
591 1331 618 1386 ὁ
650 1326 861 1393 δίκαιος
890 1328 953 1385 ἐκ
979 1336 1081 1400 τῆς
1114 1328 1253 1402 ὕλης
1279 1330 1527 1407 γένηται,
1559 1329 1629 1386 δι’
1673 1332 1845 1401 αὐτῆς
1879 1329 2036 1388 ὁδεύ-

375 1441 470 1483 σας
517 1420 585 1475 τὰ
629 1423 841 1495 πρῶτα.
892 1418 1112 1497 Θατέρῳ
1164 1421 1258 1494 μέν
1297 1441 1360 1496 γε
1404 1425 1511 1475 τῶν
1563 1424 1904 1498 στρατηγῶν,
1946 1422 2035 1478 καὶ

371 1505 627 1583 τοῦνομα
653 1513 752 1565 τοῦ
784 1515 1047 1584 Σωτῆρος
1076 1512 1240 1583 ἡμῶν
1264 1503 1624 1580 ἐπεϐέϐλητο.

455 1605 524 1656 Z'.
557 1597 763 1655 Αὐτίκα
792 1595 864 1652 δι’
893 1596 1086 1660 ὕδατος
1130 1597 1222 1653 καὶ
1266 1597 1569 1671 πνεύματος
1597 1601 1633 1669 ἡ
1667 1599 2034 1675 ἀναγέννησις,

384 1688 627 1765 καθάπερ
656 1686 746 1742 καὶ
791 1690 827 1758 ἡ
876 1692 1017 1743 πᾶσα
1060 1688 1285 1762 γένεσις.
1320 1692 1541 1761 Πνεῦμα
1575 1689 1678 1763 γὰρ
1729 1689 1862 1744 Θεοῦ
1915 1689 2037 1744 ἐπε-

387 1778 580 1857 φέρετο
604 1780 671 1852 τῇ
699 1771 937 1850 ἀϐύσσῳ.
988 1776 1086 1833 Καὶ
1136 1775 1226 1832 διὰ
1275 1781 1436 1832 τοῦτο
1486 1779 1513 1832 ὁ
1564 1779 1761 1854 Σωτὴρ
1812 1773 2036 1834 ἐϐαπτί-

382 1888 534 1937 σατο,
571 1868 647 1940 μή
679 1865 906 1942 χρῄζων
956 1864 1250 1937 αὖτὸς,’ἰνα
1295 1872 1413 1931 τοῖς
1463 1866 1927 1943 ἆναγεννωμένοις
1974 1868 2039 1923 τὸ

379 1962 484 2012 πᾶν
518 1953 664 2031 ὕδωρ
695 1957 917 2031 ἁγιάσῃ.
948 1954 1133 2032 Ταύτῃ
1162 1977 1247 2011 τοι
1280 1957 1344 2011 οὑ
1378 1956 1545 2030 μόνον
1574 1957 1637 2012 τὸ
1670 1961 1849 2031 σῶμα,
1892 1956 2040 2012 ἀλλὰ

376 2047 465 2101 καὶ
498 2046 597 2114 τὴν
642 2045 828 2120 ψυχὴν
875 2045 1269 2121 καθαιρόμεθα.
1322 2051 1566 2119 Σημεῖον
1619 2050 1748 2122 γοῦν
1798 2050 1896 2102 τοῦ
1948 2046 2037 2101 καὶ

375 2134 443 2191 τὰ
508 2132 711 2211 ἀόρατα
757 2136 922 2207 ἡμῶν
963 2134 1302 2210 ἀγιάζεσθαι,
1354 2134 1418 2190 τὸ
1464 2135 1553 2190 καὶ
1596 2133 1880 2209 πνεύματα
1927 2138 2040 2209 (32)

381 2223 657 2298 ἀκάθαρτα
703 2221 1168 2300 συμπεπλεγμένα
1213 2227 1284 2299 τῇ
1334 2225 1489 2300 ψυχῇ
1543 2220 1875 2294 διϋλίζεσθαι
1932 2223 2038 2279 ἀπὸ

380 2319 481 2384 τῆς
513 2314 773 2390 γενέσεως
803 2320 904 2384 τῆς
935 2319 1127 2384 καινῆς
1155 2334 1214 2369 τε
1241 2312 1331 2369 καὶ
1360 2320 1754 2388 πνευματικῆς.

465 2492 546 2550 11⁸.
584 2488 766 2566 Ὕδωρ
816 2491 999 2549 ἐπάνω
1043 2495 1141 2548 τοῦ
1188 2490 1441 2565 οὐρανοῦ·
1492 2491 1607 2548 ἐπεὶ
1654 2493 1716 2548 τὸ
1764 2492 2043 2569 βάπτισμα

389 2583 597 2661 γίνεται
651 2579 721 2637 δι’
780 2579 975 2646 ὕδατος
1033 2583 1120 2638 καὶ
1177 2581 1504 2656 Ιινεύματος,
1564 2582 1926 2659 ἀλεξητήριον
1980 2583 2039 2638 ὃν

389 2672 562 2748 πυρὸς
614 2675 713 2727 τοῦ
761 2668 969 2740 δισσοῦ,
1017 2675 1114 2727 τοῦ
1160 2693 1220 2728 τε
1268 2674 1378 2727 τῶν
1429 2672 1671 2747 ἀοράτων
1730 2671 2041 2746 ἁπτομένου

390 2761 485 2818 καὶ
511 2765 608 2817 τοῦ
636 2765 743 2817 τῶν
796 2761 1023 2837 ὀρατῶνσ
1077 2761 1282 2838 ἀνάγκη
1330 2761 1419 2816 καί
1470 2766 1567 2817 τοῦ
1617 2758 1807 2824 ὕδατος
1852 2762 1914 2817 τὸ
1942 2761 2037 2838 μέν

390 2872 444 2908 τι
475 2849 693 2923 νοητὸν,
723 2851 784 2908 τὸ
837 2849 895 2906 δὲ
940 2850 1196 2922 αἰσθητὸν
1250 2850 1518 2926 ὑπάρχον,
1549 2847 1913 2928 ἀλεξητήριον
1940 2858 2041 2922 τῆς

396 2938 632 3012 διπλόης
656 2945 753 2997 τοῦ
779 2940 972 3018 πυρός’
1006 2941 1093 2997 καὶ
1128 2940 1188 2995 τὸ
1236 2939 1330 3014 μὲν
1378 2939 1611 3015 ἐπίγειον
1650 2938 1797 3018 ὕδωρ
1838 2942 1901 2997 τὸ
1930 2946 2037 2997 σῶ-
2114 2986 2115 2989 η

395 3050 469 3104 μα
498 3029 857 3107 ἀποῤῥύπτει,
906 3032 968 3086 τὸ
1016 3026 1075 3086 Si
1122 3028 1445 3105 ἐπουράνιον
1474 3025 1642 3105 ὕδωρ,
1693 3027 1782 3085 διὰ
1811 3031 1873 3086 τὸ
1906 3033 2040 3088 εἶναι

388 3120 585 3191 νοητὸν
615 3119 706 3175 καὶ
737 3121 990 3195 ἀόρατον,
1022 3123 1243 3192 Πνεῦμα
1289 3116 1685 3193 άλληγορεῖται
1717 3120 1896 3196 ἅγιον,
1926 3124 2033 3176 τῶν

391 3209 635 3286 ἀοράτων
668 3210 1014 3287 καθαρτικὸν,
1046 3209 1159 3265 οἷον
1188 3211 1285 3264 τοῦ
1317 3205 1629 3279 Πνεύματος
1658 3205 1825 3284 ὕδωρ,
1858 3209 2039 3286 ὥσπερ

389 3297 564 3356 ἐκεῖνο
592 3302 689 3355 τοῦ
716 3301 992 3375 σώματος.

463 3568 537 3628 8'.
568 3570 632 3625 Ὁ
662 3569 792 3631 Θεὸς
842 3568 931 3625 καὶ
978 3570 1071 3624 τὸν
1121 3563 1287 3648 φόϐον
1332 3571 1402 3644 τῇ
1449 3568 1748 3644 ἀγαθότητι
1798 3569 2043 3642 συνέμιξε

392 3653 464 3712 δι’
492 3657 821 3730 ἀγαθότητα.
876 3660 955 3717 Τὸ
1004 3659 1108 3736 γὰρ
1139 3658 1413 3738 συμφέρον
1463 3659 1671 3731 ἑκάστῳ
1715 3662 1877 3713 τοῦτο
1929 3656 2038 3729 ἤδη

390 3748 665 3823 παρέχει,
723 3748 800 3811 ὡς
860 3747 1042 3825 ἰατρὸς
1097 3747 1491 3825 ἆῤῥωστοῦντι,
1549 3749 1624 3810 ὡς
1682 3748 1862 3823 πατὴρ
1919 3749 2043 3804 ἀτα-

390 3837 606 3889 κτοῦντι
652 3838 733 3907 τῷ
774 3832 952 3892 παιδί.
984 3837 1045 3894 Ὁ
1092 3837 1195 3912 γὰρ
1243 3832 1564 3910 φειδόμενος
1609 3842 1710 3906 τῆς
1745 3834 2042 3912 βακτηρίας

389 3921 555 3978 αὐτου
608 3928 757 3996 μισεῖ
808 3924 901 3979 τὸν
957 3925 1076 3981 υἱὸν
1133 3924 1319 3981 αὐτοῦ.
1382 3926 1480 3979 Καὶ
1539 3925 1567 3979 ὁ
1617 3923 1814 4003 Κύριος
1863 3922 1920 3981 δὶ
1950 3925 2040 3980 καὶ

390 4013 443 4068 οἱ
486 4011 787 4069 ἀπόστολοι
820 4012 985 4070 αὐτοῦ
1033 4013 1084 4069 ἐν
1136 4010 1291 4092 φόϐῳ
1336 4016 1423 4071 καὶ
1478 4014 1665 4077 πόνοις
1706 4013 2039 4093 ἀνεστράφη-

389 4122 506 4158 σαν.
555 4103 719 4160 ’Όταν
769 4100 860 4157 οὖν
909 4107 1104 4159 πιστοῦ
1154 4104 1407 4178 σώματος
1455 4105 1513 4176 ᾗ,
1553 4103 1588 4174 ἤ
1622 4101 1692 4160 δι’
1739 4103 2043 4180 ἁμάρτημά

386 4211 440 4246 τι
470 4192 974 4266 προημαρτημὲνον
1044 4189 1406 4267 ἐπιτιμῶντος
1462 4197 1560 4249 τοῦ
1616 4189 2043 4269 Κυρίου,ἢ.διὰ

393 4276 665 4354 μέλλοντα
719 4281 1258 4360 προφυλαξαμένου,
1307 4285 1343 4354 ἢ
1417 4283 1508 4339 καὶ
1584 4283 1700 4339 κατ’
1769 4282 2039 4358 ἐνέργειαν

389 4363 709 4444 προσϐολὴν
936 4365 1127 4442 ἔξωθεν
1176 4372 1467 4446 γινομένην
1527 4371 1589 4427 οὐ
1645 4370 1992 4436 κωλύσαντος
2028 4424 2042 4446 ,

392 4454 483 4527 διά
512 4479 562 4514 τι
597 4461 880 4535 χρήσιμον
910 4459 999 4516 καὶ
1031 4461 1180 4533 αὐτῷ
1208 4462 1295 4517 ναὶ
1323 4465 1439 4523 τοῖς
1468 4459 1635 4525 πέλας
1665 4460 2036 4540 παραδείγμα-

389 4568 483 4612 τος
513 4550 700 4626 χάριν.

462 4820 518 4876 Ι’.
549 4815 693 4890 ’Ήδη
729 4814 787 4873 δὶ
817 4817 870 4875 οἱ
900 4816 953 4873 ἐν
984 4821 1166 4895 σαθρῷ
1193 4816 1467 4882 οἲκοῦντες
1518 4820 1753 4895 σώματι,
1799 4821 2037 4899 καθάπερ

388 4909 440 4964 ἐν
516 4905 702 4980 πλοίῳ
773 4904 1033 4969 πλέοντας
1106 4903 1327 4980 παλαιῷ
1360 4952 1374 4977 ,
1434 4907 1535 4965 οὐκ
1608 4908 1740 4965 εἰσὶν
1801 4910 2035 4981 ὕπτιοι,

2146 530 2453 603 ﬂuentum,
2497 535 2649 605 quod
2711 539 2991 607 perpetuo
3047 533 3334 606 volvatur,
3393 550 3619 607 nosque
3675 551 3793 591 una

2143 620 2376 693 gurgite
2405 624 2552 677 ferat
2580 623 2609 677 ?
2650 623 2937 679 Dominus
2968 623 3147 696 igitur
3179 641 3284 680 nos
3325 640 3394 681 ex
3449 622 3793 681 confusione

2143 710 2425 778 educens,
2458 710 2777 783 illuminat,
2811 713 2883 768 ad
2915 711 3104 769 lucem
3151 714 3374 769 ducens
3405 729 3583 785 quam
3616 712 3791 769 nulla:

2144 799 2458 856 obscurent
2487 801 2760 873 tenebras,
2794 805 2852 858 et
2883 819 3009 875 quae
3035 803 3157 874 jam
3190 801 3512 858 materialis
3536 818 3652 858 non
3683 807 3789 860 est.

2214 906 2587 964 VI.Materia3
2645 909 2887 965 ﬂuvium
2945 909 3102 965 hunc
3134 925 3295 966 mare
3340 909 3791 982 exciderunt(a)

2144 1013 2212 1053 ac
2260 997 2584 1054 diviserunt
2633 998 2895 1070 potentia
2945 1000 3146 1055 divina
3186 998 3482 1072 prophetae
3513 1000 3617 1071 (ὁ),
3666 1016 3791 1055 ma-

2143 1085 2291 1142 teria
2321 1087 2638 1143 terminum
2671 1086 2950 1160 utrinque
3000 1089 3413 1160 constituente,
3444 1105 3580 1145 cum
3638 1105 3796 1161 aqua

2143 1176 2331 1233 divisa
2374 1177 2567 1232 fuerit.
2590 1178 2694 1234 Dei
2716 1194 2928 1250 nempe
2972 1168 3256 1234 voluntati
3290 1177 3621 1234 serviebant
3649 1193 3792 1249 pra:-

2144 1266 2285 1322 clari
2316 1266 2428 1322 duo
2458 1267 2658 1332 duces,
2692 1283 2796 1339 per
2825 1283 2974 1339 quos
3023 1268 3241 1323 credita
3287 1271 3425 1323 sunt
3454 1268 3624 1338 signa
3656 1284 3670 1333 ;
3706 1267 3791 1322 uti

2145 1356 2425 1413 nimirum
2454 1358 2655 1427 justus
2686 1374 2755 1414 ex
2787 1358 3026 1415 materia
3054 1358 3238 1426 ﬁeret,
3269 1358 3490 1431 quiper
3521 1373 3648 1414 eam
3682 1357 3794 1414 iter

2146 1446 2400 1518 primum
2422 1445 2746 1502 habuisset.
2766 1446 2982 1502 Verum
3022 1447 3239 1503 ducum
3264 1446 3450 1516 alteri,
3474 1445 3651 1503 etiam
3686 1462 3790 1503 nuo

2145 1550 2279 1591 men
2314 1534 2630 1591 Salvatoris
2663 1536 2845 1592 nostri
2868 1535 3122 1592 inditum
3157 1536 3286 1593 fuit.

2220 1641 2340 1698 VII.
2375 1641 2534 1698 Illico
2562 1659 2629 1699 ex
2678 1659 2831 1715 aqua
2860 1643 3196 1715 Spirituque
3224 1641 3605 1715 regeneratio,
3638 1640 3793 1697 sicut

2145 1736 2202 1788 et
2232 1747 2427 1787 rerum
2459 1732 2724 1788 omnium
2754 1732 2971 1788 creatio
2996 1749 3009 1788 :
3042 1732 3286 1805 Spiritus
3309 1737 3374 1802 ›χ‹
3402 1732 3558 1787 enim
3589 1731 3688 1786 Dei
3713 1733 3792 1801 fe-

2145 1822 2372 1879 rebatur
2391 1838 2559 1894 super
2589 1822 2849 1894 abyssum
2876 1821 2970 1895 (θ).
3002 1828 3285 1893 Hancque
3308 1821 3382 1876 ob
3412 1837 3653 1877 causam
3685 1820 3792 1875 ba-

2147 1912 2398 1985 ptizatus
2416 1916 2504 1968 est
2519 1911 3014 1979 Salvatornoster,
3043 1928 3179 1967 cum
3202 1909 3497 1982 baptismo
3520 1926 3634 1966 non
3657 1924 3794 1981 ege-

2147 2007 2235 2058 ret
2263 2002 2409 2073 ipse,
2443 2006 2507 2057 ut
2526 2001 2618 2057 his
2645 2002 2744 2073 qui
2779 2004 3281 2073 regenerarentur,
3310 2015 3523 2072 aquam
3554 2014 3792 2055 omnem

2148 2090 2560 2147 sanctiﬁcaret.
2604 2093 2806 2162 Itaque
2862 2107 2975 2146 non
3035 2105 3274 2161 corpore
3329 2088 3522 2145 solum
3579 2087 3681 2143 sed
3739 2092 3827 2143 et‘

2148 2182 2347 2236 anima
2381 2180 2584 2236 mundi
2618 2181 2944 2236 evadimus.
2969 2179 3218 2252 Signum
3241 2194 3374 2234 vero
3397 2178 3553 2249 quod
3577 2181 3635 2232 et
3656 2175 3799 2231 invi-

2147 2269 2344 2325 sibilia
2361 2269 2565 2325 animaa
2582 2269 2943 2339 commisti,a
2965 2284 3112 2328 nova
3129 2266 3542 2340 spiritualique
3561 2281 3798 2338 genera-

2147 2360 2305 2416 tione
2336 2362 2702 2431 separentur.

2215 2465 2366 2522 VIII.
2390 2468 2557 2539 Aqua
2581 2482 2760 2539 super
2780 2464 3013 2533 caelum,
3039 2462 3320 2536 quoniam
3360 2459 3656 2534 baptisma
3694 2474 3796 2531 per

2150 2572 2363 2627 aquam
2396 2555 2459 2610 ﬁt
2489 2560 2661 2628 atque
2708 2553 2990 2627 Spiritum
3025 2571 3040 2623 ;
3076 2553 3229 2624 quod
3261 2555 3318 2607 et.
3359 2549 3610 2623 duplicis
3643 2548 3795 2619 ignis

2150 2644 2227 2701 sit
2256 2645 2603 2702 remedium.
2655 2644 2798 2700 Cum
2830 2642 2976 2699 alter
3004 2642 3178 2700 rebus
3210 2640 3369 2696 hisce
3422 2638 3796 2708 accendatur,

2149 2751 2278 2807 quae
2320 2733 2639 2790 invisibilia
2695 2737 2859 2799 sunt,
2891 2732 3035 2789 alter
3087 2732 3247 2787 hisce
3297 2745 3428 2802 quae
3480 2727 3797 2800 conspicua

2149 2829 2290 2882 sunt
2314 2842 2326 2892 ;
2360 2838 2596 2880 necesse
2618 2822 2727 2879 fuit
2747 2826 2812 2878 ut
2841 2838 2993 2894 aqua
3015 2819 3223 2893 partim
3250 2818 3488 2892 quidem
3531 2816 3805 2888 intelligi.

2150 2913 2306 2981 bilis,
2323 2912 2535 2984 partim
2551 2910 2850 2968 sensibilis
2867 2910 3119 2982 duplicis
3133 2909 3165 2964 b
3178 2909 3429 2980 ujusque
3442 2907 3593 2980 ignis
3606 2923 3795 2963 reme-

2149 3003 2313 3059 dium
2344 3003 2442 3072 sit,
2475 3018 2540 3057 ac
2566 3001 2873 3072 utriusque
2895 2998 3172 3070 injuriam
3187 3002 3428 3068 avertat,
3451 3000 3526 3051 Ac
3554 2995 3792 3070 quidem

2148 3108 2297 3164 aqua
2327 3096 2561 3146 terrena
2610 3106 2822 3160 corpus
2889 3087 3096 3155 abluit,
3145 3104 3298 3159 aqua
3355 3102 3486 3143 vero
3543 3085 3795 3142 caelestis

2069 3174 2112 3242 C
2152 3180 2429 3253 quoniam
2461 3177 2744 3251 spiritalis
2772 3182 2830 3234 et
2877 3176 3213 3246 invisibilis,
3262 3191 3439 3232 sensu
3488 3173 3798 3246 allegorice

2151 3286 2255 3342 pro
2278 3269 2488 3341 spiritu
2521 3272 2724 3323 sancto
2753 3266 3027 3333 sumitur,
3061 3264 3274 3335 cuique
3304 3268 3467 3319 tanta
3495 3263 3581 3319 vis
3617 3262 3793 3330 inest,

2153 3366 2217 3415 ut
2248 3357 2567 3414 invisibilia
2599 3356 2863 3424 mundet,
2911 3353 3091 3410 veluti
3118 3352 3370 3425 Spiritus
3418 3368 3589 3423 aqua,
3621 3354 3799 3423 prout

2151 3447 2254 3503 illa
2283 3445 2544 3519 corporis
2575 3461 2728 3518 aqua
2753 3442 2947 3500 fuerit.

2224 3554 2324 3609 IX.
2361 3554 2533 3623 Deus,
2566 3555 2730 3607 tanta
2768 3552 2897 3622 ejus
2927 3550 3180 3619 bonitas,
3215 3548 3488 3604 timorem
3546 3545 3797 3603 bonitati

2150 3643 2324 3700 etiam
2360 3641 2694 3698 admiscuit.
2730 3640 2891 3705 Quod
2930 3641 3085 3697 enim
3141 3638 3457 3709 unicuique
3509 3636 3798 3708 convenit,

2152 3733 2263 3788 hoc
2287 3733 2411 3804 jam
2446 3730 2729 3800 concedit,
2751 3732 2825 3786 ad
2848 3729 3118 3786 eumdem
3139 3728 3379 3784 modum
3406 3744 3520 3800 quo
3536 3726 3801 3784 medicus

2151 3821 2410 3893 inﬁrmo,
2443 3826 2545 3876 aut
2575 3819 2729 3877 sicut
2758 3824 2922 3892 pater
2951 3818 3094 3881 filio,
3127 3816 3300 3873 ol'ticii
3334 3817 3424 3873 sui
3466 3816 3619 3873 haud
3652 3814 3798 3872 satis

2152 3911 2418 3967 memori.
2440 3910 2547 3980 Qui
2575 3909 2730 3965 enim
2743 3909 2924 3980 parcit
2938 3909 3113 3979 virga:
3125 3922 3259 3976 sum,
3279 3904 3406 3963 odio
3422 3904 3583 3962 habet
3608 3904 3798 3977 ﬁlium

2149 4018 2310 4058 suum
2339 4000 2437 4072 (ά).
2473 4003 2720 4070 Insuper
2740 3998 3025 4054 Dominus
3055 3995 3332 4066 illiusque
3356 3993 3625 4066 apostoli,
3649 3993 3709 4049 in
3733 3993 3801 4049 ti-

2153 4108 2315 4147 more
2344 4106 2410 4145 ac
2441 4088 2738 4144 laboribus
2767 4088 3004 4142 fuerunt
3032 4083 3285 4140 educati.
3319 4083 3464 4138 Cum
3503 4081 3700 4153 itaque
3729 4082 3797 4136 Ii-

2152 4179 2303 4236 delis
2334 4178 2586 4248 alicujus
2635 4192 2848 4248 corpus
2880 4175 3047 4231 labor
3090 4173 3182 4229 hic
3224 4171 3551 4243 incesserit,
3608 4171 3801 4228 evenit

2152 4270 2281 4337 hoc,
2314 4266 2402 4322 vel
2451 4266 2605 4339 quod
2639 4265 2925 4321 Dominus
2956 4266 3029 4320 ob
3061 4263 3284 4319 crimen
3341 4260 3573 4331 aliquod
3632 4260 3798 4333 prius

2153 4357 2537 4415 commissum
2563 4371 2763 4428 poenas
2795 4358 3079 4426 reposcat,
3104 4353 3192 4408 vel
3223 4351 3377 4425 quod
3402 4350 3460 4406 in
3495 4353 3798 4423 posterum

2155 4450 2435 4521 majorem
2459 4462 2660 4501 curam
2678 4444 2974 4515 adhibeat,
3008 4442 3094 4498 vel
3118 4443 3271 4515 quod
3294 4459 3364 4497 ex
3393 4443 3677 4514 potestate
3690 4456 3800 4498 sua

2071 4539 2117 4604 D
2150 4539 2263 4594 vim
2296 4536 2660 4594 extrinsecus
2691 4534 2908 4590 illatam
2942 4550 3056 4590 non
3097 4533 3402 4605 impediat,
3436 4536 3499 4587 ut
3552 4532 3793 4588 demum

2155 4627 2297 4683 utile
2369 4625 2591 4698 aliquid
2649 4623 2737 4680 illi
2794 4622 3041 4696 aliisque
3099 4623 3173 4679 ad
3256 4620 3585 4695 exerrplum
3660 4638 3798 4695 pro-

2152 4723 2348 4790 ponaL

2220 4824 2367 4881 861
2396 4823 2459 4879 X.
2493 4825 2624 4879 Jam
2657 4838 2791 4879 vero
2822 4820 2923 4894 qui
2951 4825 3225 4894 corrupto
3272 4824 3415 4877 sunt
3442 4834 3682 4892 corpore
3727 4836 3795 4877 ac

2147 4913 2450 4986 languido,
2485 4929 2602 4969 non
2660 4928 2830 4968 secus
2860 4927 2928 4968 ac
2966 4910 3064 4980 qui
3090 4910 3319 4984 navigio
3349 4913 3575 4967 vetusto
3632 4908 3793 4966 navi-

452 5027 518 5092 »Β
541 5025 602 5082 Ρ.
632 5026 736 5081 681
771 5024 883 5080 ED.
916 5023 1219 5080 POTTER.
1256 5024 1334 5096 ta)
1363 5025 1486 5082 Jos.
1518 5042 1602 5096 ιιι,
1640 5027 1725 5082 16.
1760 5028 1836 5100 (b)
1867 5029 2038 5086 Exod.

2155 5046 2195 5101 γ,
2215 5031 2305 5084 21.
2339 5030 2412 5100 (ο)
2443 5028 2585 5084 Gen.
2620 5044 2659 5093 ι,
2693 5031 2746 5081 2.
2779 5025 2858 5098 (ά)
2888 5032 3033 5082 Prov
3085 5042 3207 5097 xm,
3237 5026 3329 5081 24.

384 5214 542 5271 Israe

381 5286 529 5342 duce
558 5285 739 5341 Exodi
772 5283 920 5357 ιςιν,
953 5284 1200 5340 alterum
1250 5283 1353 5357 per
1390 5283 1708 5357 Jordanem
1758 5283 2051 5357 fluviu'm,‘

382 5357 530 5415 duce
556 5357 761 5425 Josua,
789 5356 984 5413 Josute
1027 5371 1165 5426 cap.
1208 5355 1295 5412 ni.
1341 5355 1520 5414 Alteri
1564 5361 1758 5413 autem
1810 5355 2027 5423 horum
2073 5374 2085 5387 ··

382 5432 504 5486 tam
534 5430 775 5512 ducum,
806 5445 984 5512 quam
1008 5425 1449 5512 prophetarum,
1475 5429 2029 5512 nempe‘Joeuagno-

387 5517 519 5575 men
551 5499 875 5575 Servatoris
905 5499 1090 5556 nostri
1105 5499 1342 5575 dicitur
1360 5499 1542 5556 fuisse
1561 5499 1815 5575 inditum
1844 5520 1859 5572 ;
1892 5499 2031 5575 quia

383 5573 598 5657 stipes
628 5569 837 5657 Ἰησοῦς
861 5569 1151 5657 ἱιιβεδεσξε
1173 5570 1760 5657 Dibliisnappellatur,
1790 5569 2028 5633 sed'ad-

388 5641 516 5703 dito'
532 5641 891 5718 discrimine,
921 5642 950 5699 ὁ
980 5646 1156 5717 Ναυῆ,
1187 5641 1355 5704 Navae
1386 5641 1564 5707 illius.
1594 5648 1886 5705 Susum.

452 5140 849 5269 (etB-nouus},
877 5144 976 5208 τῆς
1008 5134 1098 5194 ὕλ.
1144 5140 1398 5211 Respicit
1438 5141 1509 5196 ad
1555 5142 1704 5198 duos
1753 5143 2031 5201 mirificos
2057 5139 2061 5145 “
2087 5152 2097 5199 ’.

452 5230 542 5269 rae
566 5230 617 5269 is
636 5216 930 5269 transitus
954 5230 968 5269 :
991 5210 1243 5268 alterum
1259 5229 1360 5269 ner
1374 5228 1534 5269 mare
1562 5214 2031 5269 rubrum.Movse

2215 5146 2327 5219 (32)
2357 5142 2662 5219 Πνεόμᾳτα.
2715 5143 3043 5219 Credebant
3087 5159 3116 5198 e
3155 5142 3451 5219 veteribus
3496 5140 3789 5219 nonnulli,

566 5214 617 5290 i_s
636 5210 968 5290 transitus;
988 5210 1534 5290 alterumpermare
1562 5214 2031 5290 rubrum,Moyse
2140 5210 2387 5290 spiritus
2419 5210 2759 5290 seubonos,
2792 5231 2895 5290 seu
2927 5214 3136 5290 malos,
3178 5214 3454 5290 humanis
3481 5210 3789 5290 animabus

2096 5290 2099 5295 ⁴
2142 5285 2376 5361 semper
2437 5287 2742 5344 assistere.
2791 5286 2957 5343 Conf.
3017 5286 3240 5361 Hermia
3294 5289 3529 5361 Pastor,
3564 5285 3665 5361 lib.
3721 5303 3787 5354 ιι,

2143 5357 2343 5427 ιιιιιιίᾶ.
2402 5361 2459 5428 6,
2522 5364 2664 5415 sect.
2717 5361 2797 5427 2,
2855 5363 2913 5415 et
2956 5374 3083 5429 quis
3131 5358 3212 5413 ibi
3261 5357 3564 5415 adnotavit
3619 5357 3787 5416 Cote-

2139 5430 2341 5489 lerius.

2209 5504 2322 5630 $33)
2369 5494 2715 5589 Προσϐολήν.
2775 5499 3107 5572 Legendum
3149 5499 3378 5557 videtur
3434 5500 3615 5558 divise
3644 5500 3784 5574 πρὸς

2252 5575 2341 5630 ήν.
2376 5583 2476 5630 aut
2499 5592 2635 5630 προς
2666 5564 2957 5630 ἐπιϐολήν.
2988 5588 3092 5629 seu
3133 5566 3455 5630 ἐπιϐουλήν.
3502 5574 3781 5630 SYLBunG.

2143 5564 2341 5650 βολήν,
2376 5564 2476 5632 aut
2499 5564 2957 5648 πρὸςέπιϐολῖςν,
2988 5588 3092 5629 seu
3133 5566 3455 5645 ἐπιϐουλήν.
3502 5564 3781 5632 δγιεῦὶιϐ.
