4078 6146
293 307 403 364 703

1539 312 1875 367 CLEMENS
1915 309 2485 364 ALEXANDRINUS

3617 303 3745 362 704

296 434 460 504 gent,
493 448 612 488 non
642 435 784 486 sunt
811 431 1028 502 supini,
1062 432 1162 487 sed
1195 448 1428 505 semper
1447 433 1646 490 anima
1674 432 1734 488 in
1765 431 1946 489 Deum

2072 426 2188 484 ἀλλ’
2247 426 2644 508 ἀεὶιεῦχονται
2678 473 2696 497 ,
2755 426 3137 502 ἀνατεταμένοι
3213 427 3352 504 πρὸς
3414 427 3507 484 τὸν
3567 426 3747 483 Θεόν.

300 523 529 578 intenta
559 536 761 592 preces
792 519 1121 576 effundunt.

375 611 474 666 XI.
523 609 794 664 Seniores
852 608 1018 664 valde
1066 610 1385 675 conquesti
1445 615 1606 678 sunt,
1659 611 1771 670 nisi
1805 611 1945 668 mali

2128 610 2229 667 ῙΛ’·
2281 609 2351 666 Oi
2405 601 2763 682 πρεσϐύτεροι
2818 601 3029 680 σφόδρα
3079 603 3343 680 ἤχθοντο,
3404 603 3452 660 εἴ
3501 606 3584 679 μή
3646 602 3742 661 ὅτι

303 697 540 771 aliquod
571 696 627 752 in
658 696 782 753 dies
814 697 1039 753 cordori
1060 698 1371 767 accideret,
1403 701 1557 773 quod
1583 701 1808 758 fortiter
1829 700 1947 758 illis

2072 701 2322 774 πάσχοιεν
2355 698 2468 771 (34)
2490 694 2627 750 κατά
2655 694 2716 749 τὸ
2748 697 2910 767 σῶμα
2955 694 3227 750 ἑκάστοτε·
3260 688 3560 772 ἰφοῦοῦντο
3615 693 3734 771 γὰρ

303 785 714 860 perferendum
747 786 915 841 foret.
947 787 1255 844 Timebant
1271 789 1428 844 enim
1462 806 1534 846 ne
1565 790 1710 847 forte
1733 791 1793 845 in
1829 790 1949 846 vita

303 876 412 932 hac
445 872 652 948 poenis,
683 875 936 945 peccatis
984 874 1220 932 illorum
1266 877 1503 949 debitis,
1533 895 1646 934 non
1680 879 1945 950 receptis,

302 980 428 1034 quin
460 963 700 1034 quidem
751 963 956 1034 multa,
990 963 1105 1020 illis
1137 965 1237 1038 qui
1299 967 1357 1022 in
1417 984 1593 1023 carne
1634 972 1790 1033 sunt,
1849 985 1951 1041 per

301 1051 696 1125 ignorantiam
752 1053 1126 1122 comitantur,
1186 1055 1416 1130 saeculo,
1455 1058 1650 1113 futuro
1717 1074 1949 1129 poenam

301 1141 608 1198 confertim
633 1142 979 1214 reciperent,
1013 1160 1192 1215 quam
1223 1145 1296 1202 ob
1328 1162 1568 1203 causam
1603 1148 1709 1203 hac
1743 1148 1800 1202 in
1834 1147 1952 1202 vita

302 1229 496 1288 curari
531 1229 842 1286 malebant.
873 1231 1186 1289 Timendus
1243 1233 1444 1306 itaque
1474 1235 1644 1292 nobis
1691 1241 1780 1292 est
1836 1252 1950 1291 non

306 1319 549 1376 morbus
572 1319 823 1376 exterior
853 1322 954 1376 sed
987 1322 1182 1392 potius
1241 1328 1480 1394 peccata
1535 1330 1771 1398 prepter
1825 1341 1952 1398 quae

307 1408 550 1465 morbus
571 1409 895 1481 contingit,
922 1410 1249 1484 animaeque
1262 1414 1506 1470 morbus
1525 1430 1639 1470 non
1660 1413 1948 1486 corporis;

2060 789 2259 862 μήπως
2315 782 2543 848 ἐνταῦθα
2593 781 2655 838 ού
2724 783 3086 856 κομιζόμενοι
3147 782 3216 838 τὰ
3285 782 3539 860 ἐπίχειρα
3616 787 3739 839 τῶν

2060 876 2488 951 ἁμαρτημάτων,
2521 874 2555 928 ἅ
2593 869 2782 928 πολλᾶ
2836 877 2952 934 τοῖς
3009 872 3060 928 ἐν
3121 873 3276 947 σαρκὶ
3324 873 3443 928 κατ’
3489 869 3737 948 ἄγνοιαν

2059 962 2489 1040 παρακολουθεῖ,
2546 960 2742 1034 ἀορότν
2802 960 2915 1016 ἐκεῖ
2964 959 3281 1035 κομίσονται
3341 961 3440 1029 τήν
3501 959 3677 1033 δίκην
3719 980 3735 994 ’

2060 1053 2196 1110 ὥστε
2226 1049 2413 1107 ἐνθάδε
2445 1047 2827 1125 θεραπεύεσθαι
2877 1048 3084 1123 ἠξίουν.
3137 1044 3418 1120 Φοϐητὲον
3468 1048 3578 1125 ἄρα
3627 1050 3732 1106 οὗ·

2061 1144 2122 1220 χὶ
2155 1143 2312 1198 νόσον
2352 1141 2452 1210 τήν
2499 1136 2714 1213 ἔξωθεν,
2762 1137 2908 1195 ἀλλὰ
2951 1139 3339 1214 ἁμαρτήματα,
3373 1136 3444 1194 δι’
3491 1137 3528 1194 ’ἀ
3563 1141 3602 1209 ἡ
3641 1137 3735 1194 νό-

2063 1249 2176 1294 σος⁸
2232 1230 2322 1284 καὶ
2365 1228 2525 1284 νόσον
2577 1230 2786 1302 ψυχῆς,
2838 1228 2902 1282 ού
2947 1228 3229 1300 ὥματοςο
3281 1226 3367 1284 ὅτι
3412 1234 3561 1284 πᾶσα
3593 1228 3735 1304 σὰρξ

2060 1323 2286 1397 χόρτος·
2315 1319 2382 1375 τὰ
2413 1316 2471 1374 δε
2499 1318 2784 1392 σωματικᾶ
2813 1319 2903 1373 καὶ
2933 1317 2998 1372 τὰ
3029 1315 3180 1381 ἐκτὸς
3201 1317 3364 1388 καλά,
3386 1317 3732 1396 πρόσκαιρα·

2059 1412 2128 1466 τὰ
2157 1408 2213 1466 δὲ
2249 1410 2325 1484 μὴ
2356 1405 2670 1485 βλεπόμενα
2691 1405 2823 1462 αῗών
2836 1429 2904 1465 ια.

304 1499 525 1571 quippe
555 1497 733 1553 omni:
757 1515 883 1555 caro
911 1501 1125 1569 fenum.
1160 1501 1237 1573 (a)
1272 1542 1285 1556 .
1318 1505 1567 1575 Insuper
1596 1520 1879 1577 corporea
1932 1518 2180 1575 qumque
2199 1501 2457 1556 exterius
2491 1502 2635 1556 sunt
2665 1499 2839 1565 bona,
2871 1503 3251 1572 temporanea
3281 1503 3574 1572 suntquae
3599 1514 3736 1555 vero

305 1603 414 1644 non
448 1586 724 1654 ridentur,
756 1596 984 1644 aeterna.
1017 1588 1115 1661 (ὁ).

378 1677 588 1744 νιιΧΙΙ.
624 1677 761 1741 Quae
790 1677 861 1732 ad
894 1677 1196 1735 scientiam
1226 1680 1540 1752 pertinent,
1578 1698 1647 1738 ex
1675 1681 1750 1738 iis
1807 1697 1950 1737 non-

2133 1678 2234 1734 IB'.
2264 1677 2339 1731 Τὰ
2381 1681 2481 1745 τῆς
2531 1673 2805 1750 γνώσεως,
2850 1676 2918 1731 τὰ
2970 1673 3065 1749 μὶν
3115 1672 3224 1746 ἤδη
3275 1676 3608 1753 μετέχομεν
3650 1676 3724 1732 τὰ

313 1764 474 1822 nulla
495 1765 621 1835 jam
656 1763 1045 1836 percipimus;
1071 1767 1185 1824 alia
1204 1786 1358 1834 vero,
1382 1787 1450 1826 ex
1471 1769 1564 1826 his
1612 1787 1739 1843 quae
1762 1769 1952 1844 possi-

312 1854 542 1922 demus,
569 1852 820 1910 ﬁrmiter
848 1870 1176 1925 speramus.
1209 1861 1408 1929 Neque
1437 1859 1593 1914 enim
1626 1861 1824 1916 omnia
1852 1876 1955 1915 su-

315 1959 448 1999 mus
479 1940 696 2012 adepti,
739 1958 843 1998 nec
873 1944 1148 2002 omnibus
1179 1946 1506 2018 deficimur,
1548 1948 1651 2004 sed
1681 1948 1840 2005 velut
1863 1964 1956 2005 ar-

311 2031 631 2087 rhabonem
650 2031 936 2087 bonorum
960 2033 1284 2090 ccelestium
1317 2040 1690 2108 paternasque
1709 2037 1959 2095 haeredi-

309 2119 449 2177 tatis
479 2118 834 2191 accepimus.
871 2120 1095 2177 Viatica
1123 2139 1254 2180 vero
1287 2123 1391 2181 viae
1433 2125 1744 2182 Dominicze
1797 2127 1961 2198 ejus-

311 2203 444 2266 dem
477 2209 874 2266 beatitudines
902 2215 1060 2266 sunt.
1097 2211 1333 2280 Querite
1362 2215 1540 2271 enim.
1594 2215 1760 2285 dixit,
1820 2233 1962 2273 cura

312 2297 566 2355 sollicita
596 2298 878 2370 exquirite
931 2318 1167 2374 regnum
1198 2303 1314 2375 Dei,
1363 2311 1414 2362 et
1442 2304 1560 2362 haec
1589 2307 1779 2362 omnia
1809 2307 1960 2378 adji-

311 2386 530 2443 eientur
584 2387 756 2443 vobis.
789 2387 901 2445 Scit
927 2389 1077 2446 enim
1119 2393 1288 2448 Pater
1316 2403 1492 2450 vester
1520 2395 1718 2467 quibus
1745 2395 1962 2468 indige-

313 2477 387 2531 tis
406 2475 512 2548 (e).
537 2475 752 2548 Sicque
775 2493 889 2532 non
911 2475 1104 2533 solum
1125 2496 1345 2552 vacare,
1366 2482 1466 2537 sed
1499 2486 1556 2538 et
1585 2499 1755 2540 curas
1784 2484 1960 2540 etiam

315 2565 580 2620 conferre
611 2569 785 2621 vetat.
814 2567 934 2622 Non
962 2567 1117 2623 enim
1149 2568 1222 2624 ad
1250 2574 1546 2638 staturam,
1578 2571 1791 2644 inquit,
1821 2589 1964 2630 cura

313 2653 417 2708 hac
441 2653 686 2709 sollicita
714 2654 999 2726 quidpiam
1019 2657 1264 2728 adjicere
1291 2659 1513 2731 potestis
1537 2661 1632 2733 (ιί).
1659 2661 1964 2720 Manifesta

294 2741 471 2821 “enim
499 2742 798 2813 cognoscit
827 2743 1003 2813 Deus,
1035 2762 1303 2817 quanam
1345 2767 1451 2805 nos
1500 2750 1714 2807 habere
1745 2756 1802 2807 et
1833 2751 1964 2824 qui-

315 2832 428 2888 bus
447 2830 708 2903 indigere
728 2833 1016 2903 expediat.
1044 2835 1210 2892 Curis
1235 2837 1432 2911 itaque
1455 2840 1702 2896 terrenis
1722 2855 1964 2897 evacua-

315 2919 413 2987 tis,
448 2937 555 2975 nos
587 2919 746 2991 ipsos
778 2919 917 2988 illis,
967 2939 1094 2994 quae
1140 2925 1211 2981 ad
1270 2925 1456 2982 Deum
1520 2931 1680 2998 sunt,
1731 2927 1964 3000 impleri

2067 1763 2144 1835 δὲ,
2178 1765 2248 1821 δι’
2277 1767 2352 1820 ὧν
2379 1763 2605 1841 ἔχομεν,
2660 1759 2890 1839 βεϐαίως
2937 1763 3249 1838 ἐλπίζομεν⁸
3301 1761 3425 1820 οὕτε
3467 1766 3574 1841 γὰρ
3615 1770 3724 1820 πᾶν

2063 1856 2456 1929 κεκομίσμεθα,
2491 1851 2614 1909 οὔτε
2661 1853 2860 1915 παντὸς
2915 1855 3264 1929 ὑστεροῦμεν·
3295 1853 3424 1910 ἀλλ’
3475 1857 3590 1910 οἷον
3625 1853 3726 1929 ἀῤ-

2069 1939 2283 2023 ῥαϐῶνα
2309 1949 2417 1999 τῶν
2449 1941 2685 1998 αἰωνίων
2713 1943 2930 2018 ἀγαθῶν
2978 1942 3069 1998 καὶ
3110 1947 3208 1998 τοῦ
3254 1943 3513 2018 πατρῴου
3543 1941 3722 1998 πλού·-

2067 2056 2162 2090 του
2192 2032 2660 2113 προσειλήφαμεν.
2694 2031 2776 2090 Τὰ
2819 2029 2876 2088 δὶ
2924 2027 3114 2110 ἐφόδία
3157 2039 3258 2102 τῆς
3297 2038 3557 2107 κυριακῆς
3584 2027 3715 2085 ὁδοῦ

2069 2125 2121 2180 οἱ
2178 2122 2514 2199 μακαρισμοὶ
2559 2125 2656 2177 τοῦ
2713 2120 2937 2196 Κυρίου.
2982 2125 3204 2192 Ζητεῖτε
3252 2119 3378 2196 γὰρ,
3433 2118 3566 2190 εἶπε,
3617 2116 3714 2173 καὶ

2073 2217 2370 2289 μεριμνᾶτε
2443 2214 2545 2281 τήν
2627 2210 2904 2286 βασιλείαν
2980 2213 3080 2265 τοῦ
3151 2213 3306 2280 Θεοῦ,
3383 2209 3472 2264 καὶ
3549 2203 3714 2263 ταῦτα

2069 2305 2245 2359 πάντα
2300 2302 2722 2378 προστεθήσεται
2783 2299 2934 2373 ὑμῖνο
2999 2296 3112 2355 οἶδε
3163 2299 3267 2376 γὰρ
3325 2299 3354 2353 ὁ
3412 2298 3598 2374 Πατὴρ
3642 2297 3716 2351 ὧν

2071 2391 2264 2469 χρείαν
2312 2387 2467 2466 ἔχετε
2519 2387 2707 2452 Οὕτως
2758 2389 2822 2444 ού
2875 2382 3036 2462 μόνον
3083 2387 3180 2450 τὰς
3232 2385 3526 2464 ἀσχολίας,
3577 2383 3722 2441 ἀλλὰ

2069 2483 2160 2539 καὶ
2214 2481 2310 2545 τὰς
2359 2477 2646 2559 φροντίδας
2704 2478 3045 2556 περιγράφει.
3104 2476 3185 2534 Ού
3226 2475 3328 2552 γὰρ
3375 2479 3446 2550 τῇ
3504 2475 3718 2548 ἡλικίᾳ,

2071 2571 2254 2651 φησὶν,
2306 2571 2367 2626 ὲκ
2411 2572 2506 2625 τοῦ
2546 2568 2852 2648 φροντίζειν
2901 2564 3218 2643 προσθεῖναί
3261 2587 3314 2622 τι
3363 2563 3617 2651 δύνασθε.
3660 2566 3719 2624 Ὁ

2069 2650 2174 2738 γὰρ
2232 2661 2361 2725 Θεὸς
2416 2657 2531 2716 οἶδε
2581 2661 2789 2736 σαφῶς,
2829 2655 2951 2712 τίνα
3008 2656 3104 2730 μὲν
3162 2658 3296 2729 ἡμῖν
3343 2650 3512 2732 ἔχειν,
3561 2655 3723 2712 τίνων

2072 2749 2130 2807 δὲ
2183 2753 2405 2826 ἀπορεῖν
2455 2749 2736 2826 συμφέρει.
2798 2747 3147 2810 Κενώσαντας
3192 2746 3284 2801 οὗν
3337 2751 3476 2823 σφᾶς
3532 2743 3731 2808 αὐτοὺς

2069 2845 2180 2897 τῶν
2229 2842 2511 2912 κοσμσκῶν
2543 2833 2888 2915 φροντίδων,
2942 2834 3085 2907 ἀξιοῖ
3112 2833 3458 2912 πληροῦσθαι
3500 2841 3601 2906 τῆς
3649 2833 3729 2898 εὶς

2073 2928 2222 2987 Θεόν.
2293 2929 2488 3002 Ἡμεῖς
2563 2928 2664 3004 γὰρ
2745 2924 3067 2998 στενάζομεν
3104 2968 3118 2993 ,
3180 2921 3556 2980 ἰπενδύσασθαι
3619 2943 3725 2978 πο-

313 3009 459 3067 vult.
513 3010 720 3082 Quippe
743 3026 838 3067 nos
857 3013 1291 3085 ingemiscimus,
1321 3017 1651 3088 super-indui
1685 3021 1957 3090 cupientes

2076 3021 2294 3081 θοῦντες
2349 3019 2416 3074 τὰ
2472 3013 2712 3094 ἄφθαρτα
2747 3057 2762 3083 ,
2811 3013 2937 3086 πρὶν
2998 3010 3318 3118 ἐκδύσασθαι
3367 3010 3721 3118 τήν,φθοράν

313 3099 1519 3178 ᾳιικίηοοιτυρὶίδίῐὶαευηι(ε),ρι·ἱυεᾳυεω
1534 3108 1965 3181 corruptionem

311 3187 670 3245 exuerimus.
704 3189 903 3246 Effusa
927 3191 1082 3248 enim
1115 3192 1250 3265 ﬁde,
1282 3193 1599 3253 inﬁdelitas
1643 3198 1956 3255 evanescit.

308 3278 394 3334 Ad
417 3279 692 3334 eumdem
725 3280 968 3336 modum
1012 3281 1188 3338 etiam
1222 3282 1281 3338 in
1341 3284 1586 3342 scientia
1615 3303 1683 3344 ac
1702 3287 1958 3358 justitia.

311 3366 551 3438 Oportet
580 3367 774 3437 itaque
797 3385 912 3424 non
945 3369 1134 3425 solum
1160 3371 1419 3429 animam
1443 3390 1744 3448 evacuare,
1759 3393 1958 3434 verum

313 3455 492 3514 etiam
526 3456 644 3512 Deo
667 3457 930 3529 implere.
962 3459 1161 3532 Neque
1214 3461 1370 3518 enim
1403 3463 1658 3535 amplius
1715 3463 1963 3538 malum,

316 3545 472 3618 quod
505 3561 634 3601 esse
655 3546 867 3619 desiit;
897 3564 1086 3620 neque
1108 3550 1347 3607 omnino
1368 3552 1612 3625 bonum,
1636 3556 1790 3627 quod
1823 3573 1966 3612 non-

2077 3108 2482 3186 Ἐπιχεομὲνης
2539 3104 2645 3181 γὰρ
2695 3107 2796 3176 τῆς
2854 3104 3113 3170 πίστεως,
3171 3103 3366 3179 ἀπορεῖ
3409 3104 3446 3172 ἡ
3484 3102 3726 3159 ἀπιστία.

2066 3197 2311 3272 Ὁμοίως
2359 3196 2451 3252 καὶ
2492 3194 2580 3252 ἰπὶ
2632 3193 2886 3270 γνώσεως
2928 3191 3017 3249 καὶ
3064 3189 3437 3264 δικαιοσύνης.
3488 3193 3570 3250 Ού
3617 3193 3731 3269 χρὴ

2069 3287 2161 3345 οὖν
2211 3285 2377 3362 μόνον
2418 3289 2652 3341 κενῶσαι
2699 3283 2800 3352 τὴν
2850 3282 3059 3357 ψυχὴν,
3111 3278 3259 3338 ἀλλά
3303 3281 3394 3336 καὶ
3438 3278 3735 3357 πληρῶσαι

2069 3381 2224 3434 Θεοῦ.
2271 3373 2408 3431 Οὔτε
2453 3374 2555 3450 γὰρ
2607 3370 2687 3428 ἔτι
2736 3371 2922 3439 κακὸν,
2973 3369 3088 3426 ἐπεὶ
3137 3371 3427 3426 πέπαυται·
3480 3367 3606 3426 οὔτε
3662 3367 3729 3439 δὴ

2069 3466 2288 3541 ἀγαθὸν,
2341 3462 2458 3520 επεὶ
2512 3458 2743 3535 μηδέπω
2786 3456 3048 3538 εἷ’ληφεν·
3097 3459 3162 3515 τὸ
3211 3456 3271 3515 δὲ
3328 3461 3470 3533 μήτε
3527 3459 3728 3536 ἀγαθὸν

2075 3557 2217 3631 μήτε
2257 3554 2421 3610 κακὸν
2469 3549 2622 3607 οὐδὲν
2669 3549 2809 3605 ἔστιν
2841 3593 2854 3607 .
2905 3547 3179 3606 Ἐπάνεισι
3227 3549 3330 3625 γὰρ
3380 3547 3457 3614 εἷς
3501 3549 3592 3604 τὸν
3647 3570 3729 3606 κε-

319 3635 462 3690 dum
496 3633 716 3706 aliquid
747 3637 1008 3708 accepit:
1041 3640 1194 3710 quod
1227 3657 1358 3697 vero
1392 3659 1496 3699 nec
1527 3643 1744 3700 bonum
1774 3662 1957 3719 neque

2072 3642 2408 3717 καθαρμὲνον
2461 3639 2612 3696 οἶκον
2673 3637 2762 3694 καὶ
2803 3637 2956 3693 κενὸν
2979 3681 2997 3706 ,
3046 3636 3133 3692 ἐὰν
3185 3633 3357 3710 μηδὲν
3397 3641 3505 3693 τῶν
3551 3659 3735 3708 σωτη-

323 3722 566 3792 malum,
598 3722 744 3778 nihil
776 3730 884 3780 est.
919 3727 1226 3784 Revertitur
1253 3733 1405 3786 enim
1421 3732 1481 3787 in
1507 3733 1727 3790 domum
1755 3752 1957 3808 purga-

2075 3733 2205 3808 ρίων
2257 3726 2539 3806 ἐμϐληθῇ,
2595 3729 2660 3784 τὸ
2709 3729 3102 3802 προενοικῆσαν
3148 3727 3447 3804 ἀκάθαρτον
3493 3732 3729 3802 πνεῦμα,

320 3816 437 3868 tam
466 3828 536 3868 ac
565 3829 794 3869 vacuam
819 3814 912 3887 (f),
939 3815 1185 3890 inquam
1203 3836 1402 3876 eorum
1433 3821 1593 3878 nulla
1615 3839 1741 3894 quae
1764 3825 1835 3880 ad
1871 3843 1957 3882 sa-

2075 3814 2616 3896 συμπαραλαμόάνον
2669 3814 2817 3874 ἄλλα
2871 3815 3006 3872 επτᾶ
3065 3816 3346 3899 ,ἀκάθαρτα
3401 3816 3690 3891 πνεύματα
3722 3861 3733 3872 .

320 3902 504 3958 lutem
527 3906 688 3970 sunt,
716 3902 1200 3977 injectafuerunt,
1220 3908 1496 3983 ubiprius
1511 3913 1753 3985 spiritus
1778 3913 1957 3988 impu«

2076 3911 2170 3968 Διὸ
2197 3911 2532 3970 κενώσαντας
2560 3910 2669 3964 τῶν
2702 3910 2879 3963 κακῶν
2913 3903 2995 3962 δεῖ
3041 3905 3335 3982 πληρῶσαι
3382 3907 3482 3976 τὴν
3538 3909 3732 3986 ψυχὴν

323 4008 426 4047 rus
484 3989 871 4064 habitaverat,
903 3995 998 4065 qui
1032 4012 1229 4053 secum
1263 3997 1408 4056 alios
1446 4004 1668 4074 septem
1722 4003 1957 4076 spiritus

2073 4005 2172 4058 τοῦ
2198 4001 2397 4076 ἀγαθοῦ
2428 4001 2587 4069 Θεοῦ,
2628 3995 2760 4072 ὅπερ
2809 3994 2950 4052 ἐστὶν
2995 3995 3316 4070 οἰκητήριον
3367 3993 3734 4074 ἐπιλελεγμέ-

325 4081 590 4149 impuros
639 4082 909 4138 assumit.
954 4085 1145 4150 Quare
1194 4086 1368 4143 malis
1424 4090 1736 4159 evacuatis,
1769 4096 1832 4148 ut
1856 4097 1957 4149 Dec

2075 4112 2186 4146 vov.
2239 4087 2650 4160 Πληρωθέντων
2701 4085 2803 4161 γὰρ
2850 4088 2961 4141 τῶν
3007 4088 3193 4157 κενῶν,
3241 4081 3364 4142 τότε
3409 4089 3445 4157 ἡ
3496 4088 3735 4167 σφραγὶς

329 4168 482 4226 bono
513 4168 778 4226 animum
809 4171 1162 4245 impleamus
1194 4191 1432 4235 necesse
1452 4183 1542 4236 est
1564 4181 1718 4253 quod
1749 4186 1840 4238 est
1869 4181 1957 4239 do‘

2079 4176 2464 4248 ἱπακολουθεῖ,
2488 4173 2581 4231 *ίνα
2610 4171 2950 4255 φυλάσσηται
2980 4178 3059 4248 τῷ
3088 4179 3205 4248 Θεῷ
3233 4176 3296 4231 τὸ
3326 4176 3501 4252 ἅγιον.

329 4257 613 4315 micilium
635 4258 903 4318 electum.
932 4262 1192 4336 Impletis
1223 4265 1381 4323 enim
1413 4285 1539 4341 qua
1566 4269 1732 4343 prius
1763 4271 2002 4328 fuerunt
2027 4286 2231 4338 vacua,
2268 4272 2409 4326 tunc
2433 4267 2686 4338 sigillum
2714 4264 3118 4339 consequitur,
3149 4269 3216 4323 ut
3245 4267 3620 4325 custodiatur
3679 4268 3739 4325 id

331 4348 486 4420 quod
519 4347 637 4405 Deo
667 4355 936 4407 sanctum
967 4357 1078 4409 est.

395 4439 554 4496 XIII.
589 4439 761 4497 Omne
812 4444 1039 4498 verbum
1095 4443 1352 4514 ﬁrmatur
1404 4447 1612 4504 duobus
1652 4450 1739 4506 vel
1794 4449 1957 4507 tribue

2153 4452 2254 4504 II".
2309 4449 2420 4501 Πᾶν
2481 4443 2634 4522 ῥῆμα
2683 4439 2900 4498 ⁴’ίσταται
2960 4439 3049 4498 ἐπὶ
3105 4438 3200 4498 δύο
3245 4441 3335 4498 καὶ
3383 4447 3554 4519 τριῶν
3599 4465 3742 4523 μαρ-

326 4528 550 4585 ιεειίὺιιε
607 4532 683 4599 (g)
739 4546 754 4586 :
791 4531 898 4588 hoc
928 4536 1038 4600 est,
1063 4533 1120 4589 in
1150 4535 1341 4607 Patre,
1372 4537 1431 4593 in
1463 4537 1628 4613 Filio,
1658 4556 1723 4596 ac
1751 4540 1957 4612 Spiritu

2079 4537 2258 4613 τύρων
2295 4555 2306 4568 ·
2353 4534 2443 4590 ἐπὶ
2495 4532 2704 4610 Πατρὸς
2754 4530 2843 4587 καὶ
2884 4531 3014 4587 Υὶοῦ
3061 4530 3151 4588 καὶ
3200 4531 3356 4608 ἃγίου
3405 4532 3740 4608 Πνεύματος,

327 4623 559 4674 sancto:
593 4619 812 4690 quibus
833 4621 1080 4680 testibus
1092 4629 1148 4680 et
1170 4625 1559 4698 adjutoribus,
1578 4645 1704 4701 quae
1726 4631 1957 4686 manda-

2084 4629 2166 4707 ἐφ’
2197 4629 2270 4684 ὧν
2325 4625 2615 4702 μαρτύρων
2663 4625 2751 4680 καὶ
2813 4624 3032 4699 βοηθῶν
3079 4624 3135 4678 αἱ
3188 4621 3405 4682 ἐντολαὶ
3446 4623 3742 4702 λεγόμεναι

328 4709 388 4760 ta
414 4711 714 4776 vocantur,
749 4710 1305 4786 observarﬂdebent.

2083 4717 2444 4798 φυλάσσεσθαι
2479 4711 2812 4793 ὀφείλουσιν.

400 4795 541 4851 XIV.
581 4797 903 4866 Jejunium,
937 4809 1018 4856 est
1054 4818 1088 4857 a
1116 4803 1246 4859 cibo
1276 4805 1654 4877 abstinentia,
1687 4810 1860 4878 prout
1906 4823 1957 4863 ei

2097 4795 2106 4798 ⁷
2155 4807 2254 4864 ῙΔ’.
2301 4811 2365 4862 Ἦ
2415 4803 2638 4874 νηστεία
2686 4803 2798 4876 (35)
2849 4801 3036 4876 ἀποχή
3085 4807 3296 4880 τροφῆς
3337 4799 3449 4858 ἐστι
3497 4801 3632 4859 κατὰ
3677 4803 3739 4857 τὸ

326 4886 458 4957 ipsa
497 4903 634 4942 voce
657 4893 904 4944 constat.
970 4897 1040 4945 At
1069 4893 1237 4950 cibus
1269 4911 1375 4950 nos
1407 4912 1521 4951 non
1557 4897 1744 4969 magis
1778 4898 1957 4967 justo:

2084 4895 2512 4969 σημαινόμενον.
2558 4893 2744 4970 Τροφὴ
2795 4887 2854 4946 δὲ
2899 4886 3052 4964 οὐδὲν
3099 4887 3468 4966 δικαιοτίρους
3522 4892 3671 4964 ἡμᾶς
3704 4888 3739 4959 ἢ

326 4976 414 5032 vel
446 4977 700 5049 injustos
734 4979 945 5036 reddit.
975 4985 1305 5040 Secundum
1334 5001 1472 5042 vero
1503 5001 1744 5043 sensum
1770 4986 1957 5060 mysti‘

2085 4982 2450 5061 ἀδίκωτὲρους
2500 4982 2905 5057 ἀπειργάζεται·
2953 4979 3091 5034 κατὰ
3137 4975 3196 5035 δὶ
3241 4979 3305 5035 τὸ
3337 4978 3592 5053 μυστικὸν
3645 4977 3742 5046 δη-

319 5085 480 5134 cum,
513 5069 739 5142 liquido
771 5073 1026 5142 constat,
1069 5072 1388 5144 quodveiut
1420 5075 1676 5146 'singulis
1735 5076 1854 5132 vita
1908 5092 1957 5132 ο]

2086 5073 2180 5130 λοῖ
2230 5071 2338 5142 δτι,
2393 5071 2574 5146 ὥσπερ
2623 5074 2744 5132 τοῖς
2784 5068 2903 5124 καθ’
2947 5065 3042 5123 ἵνα
3097 5068 3158 5123 ἑκ
3194 5075 3404 5146 τροφῆς
3451 5070 3487 5140 ἡ
3538 5071 3676 5142 ζωὴ,
3706 5071 3741 5138 ἠ

319 5157 451 5213 cibo
482 5164 590 5226 est,
624 5163 820 5215 etnon
853 5161 1067 5217 nutriri
1119 5163 1328 5218 mortis
1386 5164 1696 5234 indicium,
1734 5164 1820 5221 sic
1869 5181 1957 5222 no:

2089 5160 2138 5218 δ’
2189 5163 2424 5241 ἀτροφία
2457 5161 2688 5217 θανάτου
2735 5151 3040 5232 σύμϐολον
3091 5154 3262 5220 οὕτως
3303 5156 3394 5214 καὶ
3441 5159 3592 5232 ἡμᾶς
3640 5163 3744 5216 τῶν

396 5329 462 5393 ’Ῐα
491 5333 548 5382 Ρ·
579 5331 701 5409 68_4_
716 5330 827 5409 Et).
863 5331 1165 5409 ROTTER.
1200 5334 1276 5409 (a)
1325 5334 1419 5409 lsa
1475 5352 1564 5409 ιι..
1595 5336 1652 5392 6.
1687 5335 1760 5409 (ὁ)
1789 5335 1840 5409 II
1871 5338 2000 5392 Cor.
2057 5351 2136 5400 tv,
2161 5335 2248 5390 18.
2303 5334 2375 5409 (ε)
2425 5331 2629 5388 Matth.
2657 5347 2738 5399 v1,
2769 5330 2840 5386 33
2895 5333 2955 5386 et
2983 5327 3072 5386 32.
3128 5329 3207 5403 (ἀ)
3259 5329 3575 5404 Matthmt,
3626 5333 3694 5386 27
3725 5327 3740 5375 ἶ

332 5399 470 5453 Luc.
501 5417 601 5469 xu,
633 5403 723 5456 25.
758 5404 832 5474 (e)
863 5407 910 5457 II
938 5406 1067 5460 Cor.
1103 5421 1158 5473 ν,
1200 5399 1265 5461 2.
1288 5407 1358 5479 (/)
1389 5407 1591 5464 Matth.
1622 5399 1845 5475 1rd,“.
1871 5409 1945 5480 (g)
1975 5399 2149 5464 Deut.
2180 5399 2320 5478 xm,
2347 5399 2403 5462 9.

2163 5578 2276 5652 (35)
2305 5577 2368 5635 Ἦ
2401 5572 2735 5652 νηστείαᾼζῐξθ
2758 5571 2984 5652 ΣφῘρυὶἱ,
3003 5571 3366 5647 abstinentia
3391 5573 3523 5632 vide
3551 5577 3610 5632 et
3639 5574 3742 5633 Ba-

407 5570 759 5664 '(3&)_I§t_uuii
802 5573 886 5664 ὅτι
925 5575 1212 5650 πάσχοιεν.
1264 5579 1600 5653 Legendum
1653 5579 1886 5638 videtur
1935 5597 1957 5634 ε

2129 5578 2276 5664 ..(35)
2305 5577 2368 5635 Ἠ
2394 5572 2735 5664 treats-2°
2757 5571 3231 5664 ξςίεὲξὶξέἓιῖρε

2093 5617 2368 5728 erit;
2387 5617 2498 5711 {315
2514 5617 2735 5710 Εἶθ’ἧῖ
2757 5617 2839 5707 ἰῐῖ
2849 5617 3144 5707 ἒὲἕεῦἱὶἆῖ

339 5643 415 5716 μή
447 5662 499 5696 τι
531 5641 816 5717 πάσχοιεν.
849 5641 1131 5708 suauia,
