4078 6146
350 317 463 377 705

1153 309 1396 367 DUBIA.
1423 335 1495 349 --
1532 305 1837 366 RCLOGE
1870 306 1976 362 EX
2012 305 2436 364 SCRIPTURlS
2471 307 2961 365 PBOPHBTICIS.

3662 310 3772 369 706

346 443 628 517 κοσμικῶν
655 435 935 508 νηστεύειν
965 432 1106 511 χρὴ,
1131 431 1226 488 ’ίνα
1267 435 1348 504 τῷ
1395 431 1587 517 κόσμῳ
1619 428 2002 502 ἀποθάνωμεν,

2139 447 2353 504 [noque
2384 433 2456 489 ab
2487 431 2582 489 his
2603 449 2732 504 quas
2757 431 2961 488 mundi
2982 431 3232 505 hujusce
3262 435 3767 508 suntjejunemus

348 514 625 604 iuniperi}
652 529 820 582 τοῦτο
869 525 1084 599 τροφῆς
1116 519 1258 583 θείας
1293 514 1687 594 μεταλαϐόντες
1740 522 1856 591 Θεῷ
1906 519 2006 588 ζή-

354 639 564 694 σωμον.
597 613 824 678 ΙἌλλως
843 633 905 669 τε
923 615 1083 668 κενοῖ
1097 613 1194 680 τῆς
1227 609 1362 680 ὕλης
1381 611 1480 678 τὴν
1503 610 1689 684 ψυχὴν
1724 610 1759 678 ἡ
1791 606 2012 678 νηστεία

353 709 445 766 καὶ
497 705 738 781 καθαράν
797 703 890 759 καὶ
937 699 1147 780 κούφην
1199 698 1288 754 σὺν
1333 698 1424 754 καὶ
1467 703 1546 770 τῷ
1593 699 1806 770 σώματι
1849 695 2010 771 παρίο

353 819 514 870 στησι
543 800 666 857 τοῖς
709 790 880 856 θείοις
926 789 1134 866 λόγοις.
1165 789 1347 866 Τροφὴ
1382 789 1478 863 μὲν
1537 788 1628 842 οὗν
1679 785 1921 860 κοσμικὴ
1983 785 2012 840 ὁ

355 888 626 964 πρότερος
680 884 800 960 βίος
847 881 936 937 καὶ
980 881 1048 936 τά
1097 879 1482 955 ἁμαρτήματα·
1515 877 1696 953 τροφὴ
1729 873 1788 931 δὲ
1832 874 2009 944 θεϊκή,

357 975 568 1047 πίστις,
599 972 778 1043 ἐλπὶς,
805 972 1007 1047 ἀγάπη,
1043 969 1318 1042 ὑπομονὴ,
1369 972 1598 1044 γνῶσις,
1647 965 1867 1039 εἷ’ρήνη,
1905 985 2013 1018 σω-

365 1063 628 1142 φροσύνη.
687 1059 956 1135 Μακάριοι
1013 1057 1114 1134 γάρ
1175 1057 1227 1112 οἱ
1277 1061 1568 1120 πεινῶντες
1608 1054 1698 1111 καὶ
1751 1053 2014 1142 διψῶντες

362 1141 464 1223 τήν
499 1149 836 1221 δικαιοσύνην
889 1152 986 1204 τοῦ
1032 1151 1187 1203 Θεοῦο
1248 1148 1401 1203 οὗτοι
1455 1147 1559 1223 γάρ
1617 1146 1707 1201 καὶ
1763 1141 2012 1218 ἐμπλησ-

367 1245 673 1314 σθήσονται.
696 1239 863 1313 Ψυχή
897 1236 977 1309 δὲ,
1008 1236 1134 1294 ἀλλ’
1156 1236 1218 1292 ού
1252 1241 1432 1310 σῶμα,
1471 1238 1570 1306 τὴν
1607 1231 1782 1312 ὄρεξιν
1807 1233 2008 1305 ταύτην

367 1325 656 1406 λαμϐάνει.

432 1507 512 1564 IE’
555 1506 664 1574 Τῆς
705 1503 942 1580 πίστεως
990 1503 1090 1572 τὴν
1137 1501 1308 1578 εύχήν
1344 1501 1704 1579 ἰσχυροτέραν
1747 1501 2016 1581 ἀπέφηνεν

365 1599 396 1652 δ
440 1595 637 1671 Σωτὴρ
693 1597 811 1657 τοῖς
863 1597 1080 1655 πιστοῖς
1109 1589 1441 1656 ἅποστόλοις
1500 1591 1589 1648 ἐπί
1638 1613 1783 1656 τινος
1823 1589 2018 1665 δαιμο-

366 1687 618 1754 νιῶντος,
647 1682 708 1737 ὃν
737 1682 839 1738 ούκ
859 1679 1092 1757 ’ίσχυσαν
1125 1681 1436 1758 καθαρίσαι,
1469 1681 1661 1752 εἰπὼν,
1689 1682 1766 1736 Τὰ
1794 1685 2022 1736 τοιαῦτα

374 1773 518 1850 εὐχῇ
565 1773 938 1846 κατορθοῦται.
987 1771 1049 1827 Ὁ
1082 1771 1176 1843 μὲν
1225 1772 1513 1833 πιστεύσας
1562 1769 1742 1848 ἄφεσιν
1774 1770 2020 1845 ἁμαρτη-

377 1865 559 1936 μάτων
587 1855 750 1917 ἔλαϐε
777 1861 921 1933 παρὰ
949 1863 1045 1914 τοῦ
1079 1858 1299 1935 Κύρίου·
1332 1859 1362 1914 ’ὸ
1395 1856 1443 1914 δ’
1473 1859 1525 1915 ἐν
1556 1860 1752 1933 γνώσει
1779 1858 2017 1934 γενόμε-

367 1972 477 2015 νος,
507 1950 598 2006 ἅτε
639 1948 835 2022 μηκέτι
889 1947 1240 2022 ἁμαρτάνων,
1290 1949 1416 2024 παρ’
1446 1948 1637 2004 ἑαυτοῦ
1685 1948 1783 2017 τὴν
1832 1945 2018 2023 ἄφεσιν

367 2043 478 2093 τῶν
513 2036 725 2094 λοιπῶν
757 2036 1066 2113 κομίζεται.

447 2305 537 2374 Ιξ.
568 2304 776 2379 Ὥσπερ
825 2303 881 2358 αἱ
919 2303 1194 2380 θεραπεῖαι
1223 2303 1314 2358 καί
1366 2303 1421 2358 αἱ
1451 2308 1782 2382 προφητεῖαι
1821 2304 1911 2359 καὶ
1959 2305 2027 2359 τὰ

372 2399 601 2468 σημεῖα,
632 2391 810 2456 οὕτως
856 2391 948 2448 καὶ
995 2393 1031 2462 ἡ
1073 2393 1345 2469 γνωστική
1378 2389 1702 2448 διδασκαλία
1728 2391 1796 2448 δι’
1826 2393 2026 2469 ἀνθρώ-

371 2505 490 2540 πων
550 2481 906 2558 ἐνεργοῦντος
952 2478 1050 2538 τοῦ
1081 2485 1215 2538 Θεοῦ
1265 2479 1614 2538 ἐπιτελεῖταιο
1668 2483 1696 2537 ὁ
1743 2481 1846 2558 γάρ
1895 2483 2024 2546 Θεὸς

370 2571 440 2630 δι’
501 2572 804 2646 ἀνθρώπων
847 2571 949 2641 τήν
990 2568 1217 2646 δύναμιν
1248 2569 1626 2628 ἐπιδείκνυται.
1689 2571 1789 2627 Καὶ
1847 2572 2024 2648 ὀρθῶς

373 2665 410 2733 ἡ
460 2659 773 2739 προφητεία
819 2659 988 2738 φησί·
1058 2661 1156 2716 Καὶ
1205 2659 1493 2717 ἀποστελῶ
1543 2660 1626 2717 ἐπ’
1677 2661 1862 2724 αὐτοῖς

378 2746 666 2822 ἄνθρωπον
732 2746 790 2811 ὅς
846 2747 1007 2802 σώσει
1065 2746 1279 2810 αύτούς.
1358 2748 1533 2810 Αὐτὸς
1600 2749 1690 2803 οὗν
1760 2746 2025 2822 ἐκπέμπει

378 2838 514 2893 ποτὶ
574 2838 669 2911 μὲν
709 2839 1014 2915 προφήτας,
1064 2838 1197 2892 ποτὲ
1253 2835 1311 2893 δὲ
1359 2836 1722 2906 ἀποστόλους,
1776 2844 2024 2914 σωτῆρας

381 2930 488 2983 τῶν
549 2927 867 3000 ἀνθρώπων.
921 2924 1080 2984 Οὕτω
1137 2926 1265 2990 Θεὸς
1323 2922 1392 2981 δι’
1450 2925 1751 3002 ἀνθρώπων
1814 2927 1995 3003 εὐεργε

377 3021 478 3071 τεῖ·
532 3015 667 3092 ούχῖ
718 3017 822 3092 γὰρ
878 3016 946 3072 τά
1007 3017 1101 3091 μὲν
1158 3014 1400 3089 δύναται,
1449 3018 1518 3072 τά
1565 3015 1622 3072 δὲ
1651 3017 1716 3072 ού
1747 3014 1967 3072 δύναται
2000 3017 2027 3072 ὁ

381 3105 530 3178 Θεὸς,
587 3103 716 3161 οὐδὲ
771 3105 980 3160 ἀσθενεῖ
1031 3126 1165 3161 ποτε
1212 3105 1262 3160 ἐν
1295 3103 1492 3160 οὐδενί·
1522 3103 1650 3162 ἀλλ’
1679 3103 1803 3161 οὐδὲ
1831 3105 1897 3160 τά
1931 3106 2024 3180 μὶν

382 3193 616 3264 ἐκοντος,
647 3196 717 3250 τά
746 3191 804 3250 δὶ
852 3191 1073 3258 ἄκοντος
1105 3195 1272 3251 αὐτοῦ
1301 3195 1522 3272 γίνεται·
1573 3194 1662 3250 καὶ
1710 3195 1775 3251 τὰ
1807 3196 1900 3270 μὲν
1939 3195 2026 3251 ὑπ’

383 3283 569 3356 αὐτοῦ,
597 3285 665 3340 τὰ
693 3281 753 3340 δὲ
798 3284 884 3362 ὑφ’
921 3285 1126 3359 ἑτέρου·
1179 3283 1324 3340 ἀλλᾶ
1366 3284 1456 3340 καὶ
1496 3286 1645 3359 ἠμΞς
1676 3281 1931 3362 ἐγέννησε
1961 3281 2032 3340 δι’

384 3373 702 3450 ἀνθρώπων,
733 3372 824 3429 καὶ
861 3371 1138 3429 ἐπαίδευσε
1169 3371 1238 3429 δι’
1270 3374 1595 3452 ἀνθρώπων.

457 3643 553 3700 ΙΖ“.
584 3641 646 3698 Ὁ
677 3641 808 3704 Θεὸς
855 3643 1003 3714 ἡμᾶς
1052 3637 1325 3712 ἐποίησεν,
1372 3640 1434 3696 ού
1483 3639 1774 3718 προόντας.
1821 3643 2030 3717 Ἐχρῆν

385 3730 490 3808 γὰρ
518 3728 607 3786 καὶ
635 3726 836 3786 εἰδέναι
865 3732 1012 3802 ἡμᾶς
1040 3728 1178 3786 ὅπου
1221 3731 1362 3804 ἦμεν
1413 3731 1459 3786 εἴ
1488 3737 1761 3807 προῇμεν,
1792 3732 1881 3786 καὶ
1913 3735 2030 3795 πῶς

385 3823 474 3877 καὶ
503 3819 593 3877 διὰ
620 3821 674 3876 τί
704 3818 860 3896 δεῦρο
890 3819 1116 3895 ἥκομενο
1161 3820 1207 3876 εί
1257 3819 1302 3876 δ’
1335 3822 1399 3877 ού
1431 3829 1704 3898 προῇμεν,
1747 3827 1847 3887 τῆς
1879 3824 2032 3899 γενὲ-

384 3932 520 3974 σεως
551 3911 720 3984 μόνος
752 3907 925 3972 αἴτιος
969 3911 998 3964 ὁ
1028 3910 1181 3973 Θεός.
1212 3911 1300 3973 Ὧς
1353 3909 1443 3966 οὖν
1493 3910 1592 3966 οὐκ
1635 3909 1792 3975 ὄντας
1842 3911 2032 3984 ἐποίη-

387 4022 497 4072 σεν,
529 3999 700 4064 οὕτως
745 3998 836 4055 καὶ
888 3999 1215 4075 γενομὲνους
1253 3999 1412 4070 σώζει
1443 4004 1512 4075 τῇ
1546 3997 1656 4073 ἲδίᾳ
1699 4002 1911 4078 χάριτι,
1944 4001 2032 4058 ἐὰν

388 4087 528 4160 ἄξιοι
737 4088 829 4144 καὶ
877 4085 1178 4160 ἐπιτήδειοι
1227 4092 1520 4165 φανῶμεν,
1572 4088 1618 4144 εἰ
1672 4092 1748 4164 μή
1801 4094 2034 4166 παρήσει

386 4178 526 4254 πρὸς
550 4178 615 4234 τὸ
636 4177 836 4234 οῗκεῖον
861 4176 1042 4242 τέλοςο
1075 4180 1166 4233 καὶ
1195 4177 1295 4256 γὰρ
1321 4180 1536 4249 ζώντων
1569 4179 1680 4235 ἐστὶ
1709 4180 1799 4236 καὶ
1828 4185 2032 4256 νεκρῶν

388 4267 610 4342 Κύριος.

2114 527 2504 592 oportet,eum
2539 539 2752 594 nempe
2783 521 2844 578 in
2879 523 3052 578 ﬁnem
3083 528 3146 579 ut
3171 525 3386 580 mundo
3422 527 3767 600 moriamur;

2115 625 2182 664 ac
2201 609 2335 665 dein
2358 610 2697 666 alimoniam
2719 610 2981 667 divinam
3005 613 3451 679 consecuti,Deo
3477 615 3767 675 vivamus.

2115 697 2360 770 Insuper
2382 700 2649 755 animum
2677 718 2709 756 a
2731 701 2866 757 faece
2901 701 3186 758 materiali
3204 703 3353 759 levat
3372 704 3696 776 jejunium,
3718 714 3774 763 et

2116 804 2333 859 purum
2367 788 2670 861 levemque
2718 807 2853 845 cum
2903 790 3031 863 ipso
3083 807 3320 865 corpore
3353 795 3768 867 constitutum,

2116 878 2487 934 sermonibus
2519 878 2924 951 doctrinisque
2955 880 3172 936 divinis
3199 887 3402 954 aptum
3435 885 3769 940 reddit.Sze-

2118 966 2234 1022 culi
2267 967 2508 1040 proinde
2545 968 2793 1038 hujusce
2851 969 3043 1040 cibus,
3099 971 3218 1026 vita
3268 974 3560 1042 praeterita
3591 980 3770 1047 atque

2119 1061 2354 1128 peccata
2383 1059 2560 1126 sunt;
2595 1057 2762 1113 cibus
2795 1074 2928 1114 vero
2963 1058 3218 1131 divinus,
3253 1060 3418 1132 ﬁdes,
3443 1079 3598 1133 spes,
3634 1063 3774 1120 cha-

2121 1143 2288 1210 ritas,
2322 1144 2626 1216 patientia,
2663 1144 2931 1215 scientia,
2964 1165 3097 1219 pax,
3146 1150 3560 1220 temperantia.
3611 1153 3776 1208 Beati

2122 1233 2275 1289 enim
2306 1235 2408 1304 qui
2435 1236 2688 1289 esuriant
2718 1252 2783 1291 ac
2828 1235 3032 1292 sitiunt
3070 1237 3361 1308 justitiam
3395 1238 3529 1311 Dei;
3562 1256 3695 1296 nam
3720 1245 3772 1298 et

2120 1321 2233 1392 ipsi
2255 1322 2657 1378 saturabunlur
2684 1324 2783 1396 (a).
2820 1323 2883 1388 ὥ
2913 1324 3120 1380 Anima
3162 1342 3296 1382 vero
3327 1330 3383 1384 et
3415 1345 3530 1384 non
3563 1346 3778 1403 corpus

2121 1411 2278 1467 hunc
2310 1411 2636 1484 appetitum
2664 1414 2867 1469 sumit.

2193 1499 2314 1554 XV.
2359 1505 2566 1557 Preces
2619 1503 2861 1573 majoris
2913 1519 3042 1559 esse
3084 1502 3314 1561 virtutis
3362 1523 3542 1578 quam
3576 1507 3778 1579 ﬁdem,

2124 1589 2408 1663 apostolis
2439 1589 2714 1646 ﬁdelibus
2745 1592 2925 1648 animi
2955 1593 3049 1649 sui
3096 1609 3338 1650 sensum
3369 1596 3614 1667 protulit
3653 1595 3780 1653 Sal-

2125 1683 2449 1746 vator,cum
2475 1683 2541 1734 de
2557 1679 2902 1737 (ἰάνθηοηίωο
2931 1681 3169 1753 quodam
3200 1689 3474 1755 ageretur
3499 1685 3782 1758 (b),quem

2130 1767 2416 1822 mundare
2461 1767 2617 1823 haud
2672 1774 2961 1840 poterant,
3007 1770 3231 1844 dicens,
3284 1772 3574 1829 miracula
3621 1775 3780 1846 ejus-

2136 1857 2289 1912 modi
2323 1873 2424 1928 per
2451 1874 2655 1929 preces
2689 1858 2972 1930 praestari.
3013 1860 3240 1934 Quippe
3291 1861 3392 1934 qui
3441 1863 3714 1933 credidit,
3747 1880 3781 1921 a

2133 1945 2380 2002 Domino
2412 1952 2776 2017 peccatorum
2809 1947 3216 2006 remissionem
3248 1953 3490 2022 adeptus
3529 1957 3648 2022 est;
3678 1952 3780 2024 qui

2133 2050 2266 2090 vero
2297 2035 2603 2091 scientiam
2655 2041 2744 2091 est
2791 2045 3164 2106 consecutus,
3219 2040 3438 2110 quique
3488 2057 3604 2096 non
3642 2056 3779 2096 .am-

2135 2120 2291 2195 ptius
2322 2130 2584 2196 peccat,a
2611 2124 2806 2196 seipso
2841 2125 3244 2182 remissionem
3277 2127 3642 2199 reliquorum
3671 2130 3784 2185 im-

2134 2216 2347 2285 petrat.

2204 2299 2344 2357 XVI.
2379 2301 2545 2358 Sicut
2595 2302 2952 2374 sanationes,
3005 2308 3062 2359 et
3109 2304 3450 2377 prophetiae,
3498 2311 3556 2362 et
3587 2306 3778 2380 signa,

2132 2389 2207 2446 ad
2231 2390 2501 2446 eumdem
2536 2391 2778 2448 modum
2809 2396 2864 2448 et
2896 2392 3159 2448 doctrina
3213 2410 3338 2465 quas
3369 2395 3441 2449 ad
3472 2395 3781 2453 scientiam

2134 2480 2341 2551 tendit,
2377 2497 2479 2552 per
2508 2481 2775 2538 homines
2802 2481 2917 2537 Deo
2949 2481 3266 2554 adjuvante
3297 2489 3355 2538 et
3385 2484 3624 2541 afﬂante
3651 2502 3780 2557 per-

2134 2570 2346 2626 ﬁcitur.
2383 2576 2530 2628 Deus
2576 2572 2733 2628 enim
2787 2589 2890 2644 per
2940 2573 3242 2628 hominem
3297 2590 3465 2630 suam
3521 2576 3780 2632 ostendit

2135 2663 2507 2732 potestatem.
2550 2659 2692 2716 [lino
2723 2665 2879 2718 recte
2909 2661 3052 2718 dicit
3101 2662 3409 2736 prophetia
3441 2680 3454 2719 :
3481 2665 3541 2721 Et
3565 2666 3783 2721 mittam

2133 2748 2203 2804 ad
2229 2764 2317 2805 eo:
2348 2751 2552 2818 virum,
2587 2748 2685 2822 qui
2714 2747 2964 2806 salvabz’t
2991 2767 3078 2807 eos
3108 2752 3200 2823 (ε).
3250 2755 3379 2825 Ipse
3429 2752 3664 2826 quidem
3697 2758 3787 2810 est

2135 2836 2235 2909 qui
2268 2854 2690 2910 nonnunquam
2721 2839 3061 2911 prophetas,
3097 2841 3449 2914 quandoque
3481 2859 3611 2899 vero
3642 2860 3784 2916 apo-

2135 2924 2316 2982 stolos
2349 2927 2551 2998 mittit,
2585 2929 2684 2999 qui
2714 2928 3062 2986 hominibus
3094 2931 3348 2987 salutem
3382 2937 3790 3003 parent.Hunc

2135 3015 2195 3071 in
2230 3017 2470 3072 modum
2505 3021 2657 3072 Deus
2709 3035 2813 3090 per
2860 3020 3162 3075 hominem
3214 3020 3499 3077 beneﬁcia
3529 3027 3788 3094 praestat.

2136 3103 2262 3161 Non
2293 3106 2448 3161 enim
2482 3106 2752 3178 quadam
2779 3107 3008 3164 efﬁcere
3045 3113 3240 3179 potest
3260 3109 3497 3178 Deus,et
3527 3111 3644 3167 alia
3675 3129 3789 3169 non

2141 3198 2370 3267 potest;
2406 3211 2594 3266 neque
2625 3211 2685 3250 re
2717 3195 2834 3251 ulla
2864 3196 3136 3252 inﬁrmus
3161 3201 3271 3254 est.
3302 3200 3414 3254 Sed
3449 3204 3504 3255 et
3534 3217 3637 3256 nec
3660 3200 3788 3273 ipso

2144 3283 2369 3340 volente
2401 3284 2669 3356 quaedam
2701 3283 2869 3353 ﬁunt,
2900 3284 3015 3342 alia
3063 3303 3195 3343 vero
3246 3287 3417 3358 quasi
3449 3287 3577 3360 ipso
3607 3289 3787 3347 invito

2143 3377 2284 3429 sunt
2313 3372 2552 3442 effecta;
2583 3378 2641 3429 et
2671 3372 2792 3429 haec
2823 3373 3064 3444 quidem
3111 3376 3182 3433 ab
3225 3375 3377 3449 ipso,
3409 3376 3521 3434 alia
3552 3395 3684 3435 vero
3716 3381 3789 3436 ab

2144 3461 2299 3532 alio;
2333 3462 2476 3536 quin
2506 3466 2564 3518 et
2593 3478 2699 3519 nos
2729 3479 2966 3536 quoque
2998 3481 3101 3536 per
3130 3464 3402 3522 homines
3433 3468 3794 3542 genuit,per-

2145 3568 2258 3624 que
2288 3551 2558 3608 homines
2583 3551 2820 3608 erudiit.

2216 3641 2369 3701 862
2401 3639 2572 3696 XVII.
2610 3644 2762 3696 Deus
2793 3640 3031 3712 quidem
3063 3659 3171 3699 nos
3202 3645 3589 3716 creavit,cum
3623 3648 3788 3721 prius

2144 3747 2262 3786 non
2291 3745 2579 3786 essemus.
2611 3729 2884 3801 Oportuit
2912 3731 3066 3787 enim
3099 3737 3156 3788 et
3196 3750 3301 3790 nos
3350 3737 3500 3793 scire
3528 3738 3629 3794 ubi
3658 3754 3789 3795 era-

2145 3835 2302 3886 mus,
2351 3817 2400 3874 si
2453 3820 2624 3875 modo
2674 3817 2838 3891 prius
2883 3819 3249 3892 fuissemus;
3287 3827 3345 3879 et
3384 3827 3697 3899 quomodo,
3731 3831 3790 3884 et

2144 3925 2324 3980 quam
2355 3907 2427 3963 ob
2459 3923 2700 3963 causam
2733 3907 2892 3964 hunc
2919 3908 2977 3964 in
3012 3910 3299 3966 mundum
3326 3915 3790 3971 venerimus.Sin

2147 3997 2309 4070 prius
2353 4014 2469 4053 non
2502 3996 2926 4064 t‘uimus,ortus
2958 4003 3099 4056 tunc
3132 3999 3318 4056 nostri
3347 4016 3529 4058 causa
3558 4004 3794 4074 quidem

2148 4087 2318 4143 unica
2349 4092 2440 4144 est
2486 4087 2660 4142 Deus.
2702 4087 2864 4142 Sicut
2916 4087 3115 4160 itaque
3163 4106 3297 4145 cum
3339 4091 3601 4146 nondum
3633 4108 3794 4149 esse-

2147 4195 2278 4234 mus
2312 4176 2548 4247 creavit,
2597 4175 2668 4232 ad
2721 4177 2994 4234 eumdem
3047 4179 3289 4234 modum
3338 4195 3469 4236 cum
3504 4179 3561 4235 in
3595 4197 3792 4239 rerum

2148 4273 2353 4324 natura
2406 4266 2593 4323 simus
2639 4263 2774 4337 ipsi,
2825 4266 3016 4338 gratia
3046 4285 3156 4323 sua
3201 4285 3307 4324 nos
3357 4269 3566 4326 salutis
3600 4272 3792 4329 reddit

385 4361 717 4434 participes,
745 4359 794 4417 si
827 4360 1000 4417 modo
1027 4359 1315 4416 fuerimus
1346 4360 1508 4434 digni
1541 4367 1598 4419 et
1626 4363 1861 4432 idonei;
1895 4365 1945 4422 si
1977 4381 2092 4424 non
2121 4377 2335 4433 segnes
2364 4358 2554 4415 simus
2586 4357 2659 4412 ad
2693 4356 2872 4423 εσθαι
2904 4358 3205 4431 Proprium
3232 4379 3247 4431 ;
3289 4361 3505 4434 quippe
3537 4361 3789 4419 vivorum

381 4452 459 4506 ut
488 4450 584 4506 ille
613 4453 669 4505 et
697 4453 1033 4506 mortuorum
1065 4449 1325 4505 Dominus
1355 4450 1453 4523 (ιι).

452 4539 560 4594 ΙΗ’.
609 4537 750 4614 Ὅρα
794 4533 853 4592 δὲ
898 4537 996 4607 τήν
1047 4533 1274 4610 δύναμιν
1317 4541 1414 4592 τοῦ
1441 4543 1595 4594 Θεοῦ’
1650 4540 1713 4597 ού
1748 4543 1914 4615 μόνον
1949 4541 2022 4598 ἐπ¹

2215 4536 2411 4594 XVIII.
2440 4535 2587 4593 Vide
2616 4551 2750 4592 vero
2785 4535 2882 4592 Dei
2914 4535 3240 4609 potentiam
3271 4557 3285 4608 ;
3319 4555 3437 4595 non
3465 4543 3695 4598 tantum
3729 4539 3789 4598 in

382 4625 686 4703 ἀνθρώπων
735 4627 812 4701 μὴ
862 4622 1022 4688 ὄντας
1055 4626 1130 4688 εἷς
1180 4627 1242 4681 τὸ
1275 4627 1406 4682 εἶναι
1455 4629 1735 4706 παράγων,
1784 4633 1873 4687 καὶ
1903 4633 2032 4696 τοὺς

380 4715 705 4790 γενομὲνους
736 4711 910 4788 αὔξων
959 4716 1078 4770 καθ’
1127 4714 1349 4786 ἡλικίας
1395 4719 1707 4794 προκοπὴν,
1747 4719 1894 4776 ἀλλὰ
1939 4721 2031 4777 καὶ

381 4803 512 4866 τούς
567 4803 916 4866 πιστεύοντας
974 4803 1162 4873 σώζων
1217 4805 1354 4860 κατὰ
1405 4806 1470 4861 τὸ
1525 4805 1727 4862 οἴκεῖον
1781 4809 2029 4883 ἑκάστῳ.

380 4889 527 4962 ’Ἤδη
573 4889 632 4947 δὲ
662 4888 995 4967 μεταϐάλλει
1025 4894 1116 4948 καὶ
1160 4894 1330 4966 ὥρας,
1361 4893 1452 4950 καὶ
1480 4896 1724 4971 καιροὺς,
1756 4899 1847 4954 καὶ
1894 4920 2032 4977 καρ-

382 4980 542 5049 ποὺς,
589 4982 681 5036 καὶ
734 4987 1003 5058 στοιχεῖα.
1054 4983 1228 5046 Οὗτος
1259 4984 1362 5059 γὰρ
1391 4986 1469 5049 εἷς
1516 4985 1668 5054 Θεὸς,
1715 4988 1745 5042 ὸ
1793 4988 1884 5044 καὶ
1927 4991 2028 5060 τὴν

385 5069 566 5145 ἀρχὴν
608 5069 701 5125 καὶ
747 5070 812 5125 τὸ
857 5070 1020 5135 τέλος
1063 5075 1171 5126 τῶν
1219 5071 1521 5145 γενομένων
1571 5073 1786 5139 οἰκείως
1825 5077 2032 5150 ἑκάστῳ

393 5160 564 5234 μετρή
572 5179 667 5222 σας
677 5201 690 5216 .

451 5372 518 5439 vx‘
551 5375 612 5432 ι’.
641 5375 749 5431 983
775 5373 892 5433 an.
919 5375 1220 5434 por-rea.
1327 5363 1414 5449 (ιι)
1439 5375 1646 5434 Matth.
1682 5393 1736 5447 ν,
1766 5380 1822 5438 e.

427 5497 569 5589 ’(36’)
616 5495 939 5596 Ἀπρσξελῶ
983 5497 1887 5596 ἰπλαρτοῖς.-Ρονξθᾼᾶτξοστελῶ
1937 5506 2032 5592 ,ἐπ’

381 5569 580 5633 αὐτούς
656 5571 745 5628 vel
805 5569 1164 5626 ἰπαποστελῶ
1210 5571 1397 5636 αὐτοῖς
1425 5590 1438 5604 ⁸
1497 5577 1600 5630 aut
1649 5573 1734 5629 ἰπ’
1790 5581 2033 5639 omnino

380 5611 646 5700 tollenda
673 5647 784 5701 est.
815 5643 1106 5700 Susum.

1935 5382 2014 5457 (b)
2041 5391 2221 5445 Marc.
2255 5405 2333 5458 xx,
2370 5389 2559 5445 18-28.

2142 4627 2508 4694 hominibus,
2536 4625 2638 4697 qui
2668 4641 2802 4681 cum
2837 4626 3102 4682 nondum
3134 4631 3353 4696 essent,
3403 4628 3460 4684 in
3513 4636 3788 4688 naturam

2140 4716 2414 4782 deducat,
2445 4731 2512 4769 ac
2536 4718 2849 4786 postquam
2881 4716 3098 4772 fuerint
3117 4733 3222 4788 per
3248 4717 3434 4773 aetatis
3466 4720 3792 4789 profectum

2141 4805 2214 4860 ad
2259 4803 2598 4860 earumdem
2647 4809 3036 4876 augmentum
3087 4805 3314 4878 evehat,
3365 4823 3565 4864 verum
3617 4809 3791 4866 etiam

2140 4893 2462 4950 secundum
2513 4891 2659 4948 illud
2707 4893 2862 4964 quod
2893 4893 3103 4965 cuique
3154 4911 3482 4967 congruum
3531 4903 3641 4968 est,
3694 4898 3796 4971 qui

2141 4982 2389 5038 credunt
2438 4980 2632 5038 salvos
2665 4981 2875 5036 reddit.
2907 4983 3047 5039 Jam.
3071 5001 3208 5040 vero
3238 4989 3296 5040 et
3319 4984 3518 5053 horas,
3557 4993 3616 5052 et
3644 4993 3792 5044 tem-

2141 5087 2304 5142 pora,
2330 5076 2385 5126 et
2417 5071 2738 5138 fructus,ac
2768 5070 3059 5128 elementa
3091 5079 3283 5129 mutat
3312 5074 3460 5146 ipse.
3493 5077 3596 5132 Ille
3634 5079 3793 5137 enim

2138 5164 2229 5216 est
2257 5159 2412 5216 Deus
2444 5157 2733 5232 unus,qui
2764 5160 3117 5233 principium
3141 5178 3209 5218 ac
3233 5163 3412 5222 ﬁnem
3436 5181 3641 5223 eorum
3665 5185 3794 5239 quea

2142 5252 2284 5304 sunt
2315 5248 2652 5321 unicuique,
2689 5249 3103 5305 convenienter
3131 5251 3392 5308 definiat.

2680 5389 2751 5460 (ε)
2779 5393 2892 5446 Isa.
2923 5407 3018 5444 xxx
3073 5391 3168 5445 20.
3279 5393 3368 5464 (d)
3394 5397 3561 5452 Rom.
3594 5413 3711 5465 xxv,
3735 5399 3792 5458 9.

2213 5513 2331 5593 (ἔδῃ
2355 5512 2476 5569 Ἐὰν
2507 5509 2714 5593 ἐξεκείο
2741 5529 2976 5593 quoque
3005 5515 3312 5593 di_stingui_
3341 5517 3508 5593 locus
3559 5524 3791 5593 poterit,

2141 5579 2231 5667 est
2271 5579 2410 5667 ᾅξιοι
2595 5579 3315 5667 ἕπιτήδειοῖ“φανῶμεντ-εἱ
3364 5590 3440 5662 μή
3489 5579 3576 5659 (id
3598 5599 3712 5667 est,
3743 5579 3791 5652 εί

2141 5652 2201 5712 δὲ
2230 5652 2333 5732 μὴ)
2361 5657 2595 5733 παρήσει
2624 5652 2760 5733 πρὸς
2787 5657 2851 5713 τὸ
2880 5652 2988 5717 οἷ’κ.
3018 5652 3199 5722 τέλος.
3231 5652 3517 5723 Βηὲυὲιά.
