4078 6146
328 358 444 417 707

412 486 569 543 XIX.
601 485 786 543 Homo
817 486 915 559 qui
948 502 1016 542 ex
1064 485 1178 542 ﬁde
1209 489 1266 542 et
1294 485 1505 543 timore
1556 485 1624 542 ad
1680 482 1982 541 scientiam
2019 486 2069 553 Α

342 576 645 649 processit,
678 593 790 633 non
824 579 889 632 ut
918 590 1121 649 servus
1153 575 1315 632 novit
1353 576 1564 643 dicere,
1600 576 1845 645 Domine,
1882 574 1985 628 Do-

337 667 536 728 mine;
567 668 665 722 sed
699 669 764 722 ut
795 664 954 721 filius
999 664 1271 721 invocare
1317 664 1541 732 didicit,
1576 668 1740 721 Pater
1766 671 1987 723 noster;

338 755 618 810 nimirum
648 771 681 810 a
711 755 920 828 spiritu
955 755 1255 811 servitutis
1276 754 1563 811 liberatus
1583 753 1681 826 qui
1716 753 1784 808 ad
1820 752 1986 807 timo-

336 860 457 900 rem
492 844 774 910 tendit,ac
804 861 909 916 per
937 843 1287 900 charitatem
1318 845 1387 900 ad
1426 844 1682 898 ﬁliorum
1720 840 1985 912 adoptio-

334 948 465 989 nem
500 932 564 996 ’κ
586 932 1115 1005 translatus,atque
1135 949 1291 989 nunc
1308 949 1374 988 ex
1397 933 1678 989 charitate
1696 930 1863 986 illum
1889 944 1984 983 co-

334 1021 437 1094 lat,
471 1039 647 1096 quem
676 1021 840 1095 prius
871 1022 1090 1078 timuit.
1131 1022 1255 1078 Non
1291 1022 1447 1078 enim
1500 1021 1679 1077 timor
1728 1018 1984 1091 amplius

335 1110 394 1167 in
426 1128 604 1168 causa
635 1116 745 1178 est,
777 1111 932 1184 quod
965 1128 999 1166 a
1025 1111 1221 1167 vetitis
1248 1109 1680 1176 abstineat,sed
1712 1106 1980 1164 cbaritati

333 1199 737 1271 tribuendum,
769 1195 924 1271 quod
957 1200 1027 1256 ad
1078 1200 1358 1255 mandata
1407 1199 1670 1256 animum
1703 1194 1979 1271 appellat.

335 1291 478 1361 Ipse,
530 1289 747 1362 inquit,
800 1289 1039 1362 Spiritus
1101 1287 1489 1345 testimonium
1527 1288 1802 1360 perhibet,
1853 1302 1980 1341 cum

334 1378 571 1435 dicimus
602 1397 621 1434 :
651 1379 822 1448 Abba,
859 1384 1030 1434 Pater
1056 1378 1161 1450 (a).

407 1468 518 1525 XX.
553 1468 854 1540 Sanguine
883 1483 1015 1522 vero
1059 1465 1574 1538 pretiosofredimit
1622 1482 1728 1522 nos
1776 1464 1978 1521 Domi-

338 1573 473 1615 nus:
508 1559 580 1614 ab
613 1557 769 1612 heris
818 1556 957 1612 olim
1008 1555 1233 1611 acerbis
1281 1561 1512 1610 nosmet
1559 1554 1836 1625 liberans,
1869 1554 1978 1611 hoc

335 1652 424 1704 est
455 1664 490 1704 a
527 1645 803 1720 peccat-is,
853 1661 1097 1717 quorum
1154 1660 1326 1700 causa
1382 1642 1672 1715 spiritalia
1703 1642 1974 1715 nequitiae

336 1735 505 1792 nobis
545 1737 782 1792 fuerunt
819 1733 1062 1790 domini.
1100 1733 1259 1788 Ducit
1307 1733 1507 1805 itaque
1538 1733 1607 1788 ad
1642 1732 1972 1788 libertatem

334 1822 655 1897 illamque:
689 1827 776 1879 est
806 1821 1013 1889 Patris,
1059 1822 1389 1878 cohaeredes
1434 1821 1580 1877 filios
1623 1827 1681 1877 et
1731 1821 1967 1876 amicos.

330 1914 552 1969 Fratres
581 1914 735 1969 enim
762 1913 892 1982 mei,
927 1911 1008 1967 ait
1040 1910 1347 1979 Dominus,
1399 1920 1451 1967 et
1488 1910 1795 1968 cohaeredes
1823 1918 1970 1978 sunt,

331 2005 428 2074 qui
451 2004 669 2073 faciunt
694 2002 1031 2061 voluntatem
1062 1999 1248 2055 Patris
1278 2000 1391 2055 mei
1438 1999 1531 2073 (b).
1562 1999 1750 2056 Nolite
1794 1998 1975 2071 igitur

327 2107 530 2148 vocare
563 2090 727 2147 vobis
759 2094 980 2162 patrem
1015 2105 1193 2160 super
1221 2092 1460 2144 terram.
1513 2090 1653 2144 Sunt
1686 2088 1843 2143 enim
1877 2104 1970 2143 su-

326 2197 431 2254 per
459 2187 674 2237 terram
707 2184 766 2235 et
795 2179 956 2248 heri;
990 2178 1047 2234 in
1076 2177 1235 2233 caelis
1258 2166 1461 2233 autem
1512 2182 1683 2233 Pater
1732 2183 1840 2245 est,
1900 2193 1968 2233 ex

328 2286 443 2342 quo
471 2269 741 2343 cognatio
772 2269 964 2324 omnis
994 2284 1127 2324 cum
1161 2268 1220 2322 in
1252 2266 1412 2323 cmlis
1439 2272 1565 2323 tum
1599 2267 1656 2323 in
1693 2271 1849 2323 terra
1877 2267 1970 2339 (ε).

325 2359 679 2431 Spontaneis
711 2358 866 2413 enim
899 2373 966 2412 ac
994 2356 1326 2413 volentibus
1366 2356 1616 2427 imperat
1662 2356 1923 2412 charitas
1956 2373 1969 2411 :

330 2452 421 2505 ast
449 2448 567 2504 illis
600 2447 699 2521 qui
733 2451 968 2518 pareant
1002 2446 1187 2515 inviti,
1221 2446 1399 2501 timor
1446 2445 1609 2501 hicne
1642 2445 1834 2501 malus
1865 2447 1969 2502 do-

330 2538 593 2594 minatur
624 2555 637 2593 :
672 2536 771 2609 qui
797 2551 931 2591 vero
964 2535 1034 2590 ad
1067 2535 1284 2589 bonum
1318 2534 1633 2590 eruditoris
1663 2534 1818 2590 vices
1842 2552 1976 2607 sup-

329 2625 473 2700 plet,
500 2627 573 2683 ad
604 2625 901 2682 Christum
934 2623 1116 2690 ducit,
1151 2622 1522 2695 maximeque
1554 2622 1832 2679 salutaris
1864 2629 1973 2680 est.

401 2715 542 2771 XXI.
574 2715 632 2770 Si
662 2731 794 2771 vero
835 2712 968 2784 quis
1020 2717 1200 2767 Deum
1246 2711 1545 2783 intelligit,
1599 2728 1975 2784 nequaquam

329 2820 471 2863 sane
502 2820 605 2876 pro
636 2801 920 2875 dignitate
950 2817 1057 2856 sua
1087 2804 1195 2855 est.
1247 2800 1382 2864 Quae
1432 2800 1586 2856 enim
1642 2806 1730 2855 est
1758 2800 1858 2856 Dei
1891 2801 1976 2856 di-

335 2890 576 2967 gnitas?
634 2896 736 2946 aut
791 2904 1060 2962 quaenam
1112 2886 1196 2943 illi
1275 2889 1611 2961 prastantia
1664 2892 1823 2961 par?
1876 2889 1975 2945 sed

332 2985 555 3055 quanta
580 2994 858 3036 concessa
889 2981 979 3034 est
1008 2976 1094 3032 illi
1139 2976 1412 3044 facultas,
1463 2976 1753 3049 intelligat
1778 2978 1977 3033 lumen

334 3087 638 3144 magnum,
674 3074 1028 3141 captumque
1059 3083 1366 3138 superans,
1399 3071 1457 3122 ct
1490 3065 1977 3137 pulcherrimum,

331 3161 855 3231 inaccessumque:
889 3155 1111 3225 lumen,
1160 3156 1428 3227 inquam,
1478 3154 1792 3227 ejusmodi,
1820 3157 1973 3227 quod

332 3265 564 3307 omnem
592 3247 915 3321 potentiam
950 3245 1183 3315 bonam,
1218 3244 1371 3317 quod
1422 3242 1697 3300 virtutem
1740 3260 1974 3301 omnem

330 3341 655 3413 elegantem
688 3335 963 3392 sortitum
995 3333 1107 3401 sit;
1141 3333 1294 3405 quod
1318 3331 1401 3388 illi
1429 3349 1579 3389 curae
1612 3332 1732 3390 sint
1760 3334 1973 3403 omnia,

1567 361 1900 419 οιωιειιιε
1940 355 2523 415 ALEXANDRINUS

3642 350 3748 408 708

2171 480 2266 537 ῙΘ’.
2304 480 2402 537 Ἐκ
2432 478 2663 541 πίστεως
2711 479 2801 534 καὶ
2852 471 3023 557 φόϐου
3079 475 3359 554 προκόψας
3410 472 3488 540 εἲς
3546 480 3745 552 γνῶσιν

2100 570 2405 644 ἅνθρωπος,
2441 566 2582 623 οἶδεν
2640 567 2834 641 εἰπεῖν,
2885 565 3074 642 Κύριε,
3129 566 3311 644 Κύριεο
3386 564 3515 623 ἀλλ’
3545 565 3653 643 οὐχ
3674 566 3747 629 ὡς

2096 659 2124 713 6
2184 654 2407 727 δοῦλος,
2466 655 2631 732 ἔμαθε
2688 656 2888 733 λέγειν,
2950 658 3124 732 Πάτερ
3182 659 3365 729 ἡμῶν·
3425 656 3488 711 τὸ
3538 656 3746 730 πνεῦμα

2092 755 2194 817 τῆς
2244 744 2496 811 δουλείας
2541 748 2605 803 τὸ
2635 746 2713 810 εἷς
2743 742 2911 825 φόϐον
2946 743 3336 819 ἐλευθερώσας,
3393 746 3485 801 καὶ
3518 741 3588 800 δι’
3619 745 3742 825 ἀγά-

2094 856 2202 907 πης
2231 837 2513 912 προκόψας
2543 837 2618 899 εἷς
2660 835 2954 909 υἱοθεσίαν,
3004 832 3328 909 αἰδούμενος
3373 832 3482 906 ἥδη
3515 832 3585 890 δι’
3615 834 3741 911 ἀγά-

2093 947 2200 996 πην
2234 926 2292 980 ’ὸν
2325 921 2572 1004 ἐφοϐεῖτο
2602 924 2892 1002 πρότερον
2927 926 2992 980 οὗ
3035 924 3137 1001 γὰρ
3180 918 3257 979 ἔτι
3295 921 3386 979 διὰ
3410 918 3578 1003 φόϐον
3612 926 3737 982 ἀπέ-

2094 1032 2251 1088 χεται
2279 1018 2385 1069 τῶν
2414 1013 2706 1092 ἀφεκτέων,
2757 1011 2904 1070 ἀλλᾶ
2933 1011 2999 1069 δι’
3032 1013 3248 1090 ἀγάπην
3277 1012 3464 1089 ἔχεται
3507 1018 3616 1070 τῶν
3657 1014 3735 1071 έν-

2089 1102 2289 1161 τολῶν.
2323 1104 2488 1173 Αὐτὸ,
2513 1104 2663 1180 φησὶ,
2690 1105 2751 1159 τὸ
2768 1107 2989 1178 Πνεῦμα
3014 1107 3295 1180 μαρτυρεῖ,
3316 1102 3443 1159 ὅταν
3464 1103 3734 1181 λέγωμεν·

2090 1186 2263 1249 Ἀϐϐἆ
2288 1193 2315 1247 6
2344 1194 2554 1265 Πατήρ.

2160 1461 2247 1545 K'1
2288 1461 2570 1536 Ἀγοράζει
2646 1457 2705 1515 Si
2782 1462 2930 1534 ἡμᾶς
3008 1460 3212 1537 Κύριος
3282 1461 3451 1536 τιμίῳ
3516 1460 3712 1536 αἵματι,

2088 1548 2362 1607 δεσποτῶν
2420 1551 2591 1606 πάλαι
2622 1556 2730 1607 τῶν
2763 1556 2974 1627 πικρῶν
3006 1550 3372 1608 ἀπαλλάσσων
3434 1554 3717 1629 ἁμαρτιῶν,

2087 1635 2156 1693 δι’
2187 1638 2248 1701 ἃς
2276 1640 2344 1694 τὰ
2373 1641 2712 1713 πνευματικᾶ
2742 1646 2839 1710 τῆς
2886 1640 3153 1717 πονηρίας
3205 1639 3508 1718 ἐκυρίευσεν
3551 1644 3724 1717 ἡμῶν.

2083 1731 2236 1801 νΑγει
2272 1726 2362 1783 οὖν
2396 1729 2472 1791 εἷς
2523 1728 2826 1805 ἐλευθερίαν
2858 1731 2957 1800 τὴν
3015 1735 3113 1786 τοῦ
3162 1731 3372 1807 Πατρὸς
3424 1728 3729 1808 συγκληρο-

2086 1815 2288 1889 νόμους
2348 1816 2501 1883 υἱοὺς
2555 1820 2641 1874 καὶ
2705 1819 2918 1897 φίλους.
2955 1817 3208 1898 Ἀδελφοί
3243 1842 3348 1895 μου
3379 1820 3507 1897 γὰρ,
3550 1818 3731 1899 φησὶν,

2088 1905 2115 1958 6
2174 1904 2394 1980 Κύριος,
2450 1907 2539 1962 καὶ
2593 1906 3038 1983 συγκληρονόμοι
3097 1910 3153 1963 οἱ
3201 1912 3488 1974 ποιοῦντες
3536 1908 3600 1964 τὸ
3658 1907 3735 1974 θέ-

2085 1992 2243 2067 λημα
2292 1998 2389 2049 τοῦ
2450 1996 2659 2072 Πατρός
2722 2018 2847 2071 μου.
2908 1998 3002 2067 Μὴ
3061 1996 3331 2070 καλέσητε
3383 1998 3476 2054 οὗν
3523 1998 3734 2062 ἑαυτοῖς

2082 2082 2288 2158 πατέρα
2335 2083 2425 2140 ἐπὶ
2468 2091 2567 2154 τῆς
2627 2091 2749 2161 γῆς·
2798 2083 3055 2141 δεσπόται
3100 2086 3200 2161 γὰρ
3250 2085 3338 2141 ἐπὶ
3367 2092 3469 2156 τῆς
3494 2088 3621 2160 γῆς·
3680 2084 3730 2140 ἐν

2084 2172 2142 2229 δὲ
2171 2174 2428 2250 οὐρανοῖς
2462 2176 2490 2229 6
2519 2175 2732 2251 Πατὴρ,
2765 2174 2815 2246 ἐξ
2849 2176 2910 2229 οὗ
2949 2181 3092 2231 πᾶσα
3119 2176 3322 2252 πατριὰ
3375 2171 3428 2230 ἔν
3484 2196 3544 2231 τε
3574 2175 3731 2252 οὖρα-

2083 2269 2198 2327 νοῖς
2250 2266 2342 2320 καὶ
2376 2263 2462 2319 ἐπὶ
2509 2270 2610 2334 τῆς
2639 2270 2762 2339 γῆς.
2808 2264 3022 2341 ’Δγάπη
3077 2266 3182 2341 γὰρ
3236 2265 3494 2321 ἑκουσίων
3545 2261 3728 2341 ἄρχει·

2082 2353 2327 2409 ἀκόντων
2384 2351 2440 2409 δὲ
2496 2354 2525 2409 6
2574 2348 2744 2429 φόϐος
2774 2352 2930 2417 οὗτος
2973 2355 3002 2409 6
3051 2353 3280 2430 φαῦλος·
3333 2355 3361 2409 6
3407 2350 3464 2409 δὶ
3495 2353 3571 2416 είς
3604 2355 3731 2430 ἁγα-

2086 2443 2174 2508 θὸν
2233 2440 2603 2520 παιδαγωγῶν
2664 2443 2739 2505 εἰς
2796 2443 3028 2519 Χριστὸν
3088 2441 3239 2519 ἄγει,
3298 2441 3389 2499 καὶ
3440 2436 3553 2498 ἔστι
3619 2464 3729 2498 σω-

2082 2534 2298 2610 τήριος.

2158 2710 2288 2768 ΚΑἏ
2326 2708 2393 2766 Εἴ
2424 2707 2488 2781 δή
2520 2730 2601 2772 τις
2633 2713 2754 2763 νοεῖ
2783 2709 2931 2782 Θεὸν,
2983 2710 3101 2764 κατ’
3131 2708 3278 2782 ἀξίαν
3322 2709 3417 2784 μὲν
3451 2707 3730 2785 οὐδαμῶν

2084 2798 2166 2862 τίς
2197 2799 2297 2873 γὰρ
2339 2796 2550 2875 γένοιτο
2600 2798 2718 2868 ἀξία
2769 2798 2935 2868 Θεοῦ;
2996 2796 3122 2854 ἀλλ’
3176 2799 3250 2862 ὡς
3310 2795 3531 2856 δυνατόν
3599 2798 3731 2870 ἐστι,

2085 2887 2280 2943 νοείτω
2332 2888 2466 2963 μέγα
2526 2887 2613 2941 καὶ
2679 2885 3036 2963 ἆπερινόητον
3086 2888 3174 2944 καὶ
3236 2886 3533 2944 κάλλιστον
3593 2893 3730 2966 φῶς,

2087 2976 2421 3052 ἀπρόσιτον,
2482 2982 2652 3030 πᾶσαν
2708 2973 2934 3050 δύναμιν
2996 2976 3224 3052 ἀγαθὴν,
3286 2984 3457 3033 πᾶσαν
3519 2978 3731 3034 ἀστείαν

2087 3065 2280 3141 ἀρετὴν
2361 3063 2902 3141 συγκεκληρωμένον,
2976 3066 3190 3121 πάντων
3256 3063 3565 3141 κηδόμενον
3645 3088 3732 3147 φι-

2088 3153 2437 3229 λοικτίρμον,
2498 3154 2716 3222 ἀπαθὲς,
2776 3156 3015 3229 ἀγαθὸν,
3084 3156 3256 3211 πάντα
3308 3153 3473 3227 εἷδὸς,
3533 3177 3732 3234 προγι-

2087 3248 2296 3299 νῶσκον
2361 3243 2566 3316 πάντα,
2628 3243 2943 3320 εἰλικρινὲς,
2999 3243 3193 3323 γλυκὺ,
3255 3245 3534 3321 λαμπρὸν,
3592 3248 3727 3318 ἀκή-

2087 3354 2269 3409 ρατον.

326 3430 479 3502 quod
512 3428 588 3485 sit
620 3424 972 3491 misericors,
1006 3423 1229 3495 absque
1259 3422 1652 3494 passionibus,
1683 3423 1945 3480 bonitate
1965 3440 2200 3481 summa
2232 3425 2540 3497 praeditum
2570 3443 2582 3481 :
2618 3425 2772 3497 quod
2802 3425 3002 3483 omnia
3031 3425 3200 3496 sciat,
3231 3429 3556 3498 praznoscat
3584 3426 3721 3482 uni-

319 3535 525 3585 versa;
553 3516 705 3589 quod
739 3513 993 3585 denique
1023 3512 1339 3578 sincerum,
1361 3511 1550 3579 dulce,
1586 3511 1981 3585 splendidum,
2018 3519 2193 3587 atque
2221 3515 2630 3587 incorruptum
2661 3515 2755 3571 sit.

395 3624 574 3681 XXII.
607 3623 768 3692 Quod
800 3638 869 3677 ex
896 3636 960 3675 se
992 3623 1290 3675 moveatur
1320 3617 1537 3689 anima,
1582 3617 1690 3675 hoc
1714 3619 1812 3675 Dei
1833 3636 1964 3692 gra-

324 3717 419 3790 tias
470 3717 774 3785 acceptum
820 3711 1031 3765 referre
1078 3707 1269 3775 debet,
1329 3709 1482 3778 quod
1532 3724 1600 3763 ex
1649 3725 1710 3765 se
1757 3708 1970 3765 habeat

327 3803 547 3869 anima,
579 3815 788 3872 nempe
818 3796 1027 3870 agendi
1077 3795 1418 3868 potentiam,
1478 3796 1549 3851 ab
1602 3812 1670 3851 ea
1708 3798 1970 3868 exposcit

324 3891 493 3965 quasi
526 3888 855 3964 symbolum
888 3888 959 3943 ad
984 3882 1398 3942 salutem.Vult
1426 3883 1581 3939 enim
1615 3885 1819 3941 animae
1843 3902 1969 3958 pro-

324 3981 521 4056 prium
553 3996 682 4036 esse
712 3979 931 4034 bonum
964 3974 1132 4043 illud,
1159 3973 1312 4046 quod
1347 3972 1396 4028 ei
1427 3973 1633 4029 tribuit
1663 3974 1965 4032 Dominus.

325 4072 549 4144 Quippe
580 4085 756 4125 sensu
789 4081 995 4139 parum
1021 4067 1272 4132 caret,ut
1304 4061 1456 4119 sicut
1486 4079 1700 4135 corpus
1726 4063 1962 4119 feratur.

324 4160 572 4217 Proinde
603 4159 839 4223 habere,
869 4154 1030 4211 illius
1067 4155 1155 4209 est
1185 4151 1285 4225 qui
1317 4152 1479 4223 prius
1510 4152 1833 4223 acceperit;
1871 4169 1965 4208 ac-

323 4250 518 4322 cipere
565 4264 697 4304 vero
740 4245 902 4301 illius
955 4242 1055 4315 qui
1101 4241 1349 4297 voluerit
1397 4246 1569 4313 atque
1618 4241 1960 4314 appetierit;

324 4346 521 4396 tenere
552 4354 685 4394 vero
717 4334 871 4408 quod
906 4328 1315 4404 accepit,illius
1344 4333 1433 4386 est
1454 4329 1552 4402 qui
1584 4334 1783 4386 tenere
1815 4331 1965 4403 cogi-

322 4427 529 4484 taverit
558 4431 616 4483 et
646 4425 1137 4498 possit.Hancque
1169 4419 1240 4475 ob
1273 4435 1510 4475 causam
1544 4418 1752 4474 animae
1787 4418 1965 4475 facul-

2152 3620 2277 3677 KB'.
2314 3621 2460 3677 Ἐπεὶ
2494 3618 2545 3691 ἐξ
2577 3621 2770 3691 tau-r73;
2802 3626 3027 3677 κινεῖται
3077 3623 3111 3691 ἡ
3165 3623 3344 3698 ψυχὴ,
3394 3626 3429 3694 ἡ
3472 3625 3635 3699 χάρις
3684 3624 3720 3692 ἡ

2078 3712 2176 3763 τοῦ
2233 3713 2387 3781 Θεοῦ,
2447 3710 2475 3764 ὃ
2529 3706 2643 3785 ἔχει
2693 3712 2727 3779 ἡ
2774 3711 2952 3785 ψυχὴ,
3010 3711 3109 3780 τὴν
3164 3712 3471 3787 προθυμίαν
3504 3712 3723 3767 ἀπαιτεῖ

2079 3801 2206 3872 παρ’
2263 3798 2503 3869 ἑαυτῆς,
2556 3802 2669 3854 οἷον
2719 3796 2903 3875 ἔρανον
2954 3800 3029 3863 εἷς
3086 3800 3393 3875 σωτηρίαν.
3458 3799 3720 3856 Βούλεται

2077 3886 2176 3961 γὰρ
2206 3894 2306 3956 τῆς
2351 3891 2536 3964 ψυχῆς
2572 3886 2707 3943 ἴδιον
2742 3888 2876 3944 εἶναι
2906 3890 2969 3944 τὸ
3000 3890 3217 3964 ἀγαθὸν,
3251 3890 3280 3945 ὃ
3313 3887 3529 3945 δίδωσιν
3578 3888 3716 3963 αὐτῇ

2078 3974 2105 4028 ὁ
2138 3975 2355 4049 Κύριος·
2392 3975 2452 4030 οὐ
2495 3978 2596 4054 γάρ
2650 3975 2787 4033 ἐστιν
2836 3976 3179 4050 ἀναίσθητος,
3219 3976 3312 4033 ἵνα
3361 3980 3587 4057 φέρηται
3643 3977 3718 4034 ὡς

2078 4068 2255 4137 σῶμα.
2290 4066 2367 4121 Τὸ
2394 4065 2488 4138 μέν
2522 4065 2614 4120 οὗν
2660 4060 2828 4142 ἔχειν,
2858 4071 2954 4122 τοῦ
3004 4061 3292 4130 λαϐόντοςο
3328 4065 3390 4123 τὸ
3424 4062 3609 4122 λαϐεῖν
3640 4064 3721 4139 δὶ,

2073 4151 2170 4208 τοῦ
2197 4152 2524 4225 θελήσαντος
2556 4155 2644 4210 καὶ
2678 4152 3019 4231 όρεχθέντοςο
3065 4156 3126 4211 τὸ
3168 4162 3381 4232 κρατεῖν
3412 4153 3470 4212 δὶ
3518 4157 3547 4212 ὃ
3592 4154 3720 4213 ’ἐλα-

2075 4235 2186 4310 ϐεν,
2231 4246 2328 4297 τοῦ
2365 4248 2577 4319 κρατεῖν
2644 4242 3047 4318 μελετήσαντος
3093 4244 3185 4300 καὶ
3236 4242 3568 4318 δυναμένου.
3624 4244 3723 4301 Διὰ

2071 4334 2230 4386 τοῦτο
2263 4330 2350 4387 ἐπὶ
2379 4335 2448 4407 τῇ
2493 4335 2648 4408 ψυχῇ
2698 4334 2726 4388 6
2758 4334 2888 4397 Θεὸς
2935 4334 3034 4403 τὴν
3083 4331 3296 4410 α’ίρεσιν,
3331 4330 3586 4408 δέδωκεν,
3628 4331 3723 4390 τίνα

2073 4418 2231 4482 αὐτὸς
2284 4420 2379 4494 μὶν
2433 4422 2645 4496 μηνύσῃ
2694 4422 2758 4478 τὸ
2808 4419 2950 4495 δέον,
3001 4424 3035 4494 ἡ
3071 4420 3148 4497 δὲ,
3199 4421 3461 4498 ἑλομένη,
3504 4419 3723 4498 δέξηται

325 4522 507 4574 tatem
537 4494 793 4589 eligendi
821 4512 983 4568 dedit
1012 4516 1187 4580 Deus,
1223 4512 1284 4564 ut
1314 4508 1443 4581 ipse
1501 4508 1737 4581 quidem
1789 4509 1964 4565 ofﬁcii
1998 4494 2043 4560 D
2071 4508 2162 4564 καὶ
2191 4511 2427 4586 κατάχῃ.

324 4606 419 4663 sui
471 4606 801 4672 admoneat,
872 4600 974 4657 illa
1035 4615 1167 4656 vero
1212 4596 1436 4671 eligens
1502 4596 1755 4672 accipiat
1804 4602 1968 4656 tene-

325 4700 422 4752 ato
433 4712 521 4751 ue.

390 4712 593 4840 (ἔξω.
644 4778 823 4836 Sicuti
871 4794 972 4850 per
1032 4793 1245 4850 corpus
1290 4777 1555 4833 Salvator
1600 4775 1835 4833 locutus
1882 4779 1972 4833 est

327 4877 692 4946 asgrotosque
722 4867 1044 4936 sanavit,ad
1078 4866 1352 4922 eumdem
1386 4865 1623 4921 modum
1658 4864 1967 4939 priusqui-

329 4962 463 5019 dem
489 4976 593 5033 per
614 4959 907 5032 prophetas
933 4956 1044 5030 (d);
1079 4971 1236 5012 nunc
1260 4959 1449 5011 autem
1478 4970 1579 5025 per
1609 4955 1877 5025 apostolos
1905 4969 1969 5010 ac

329 5038 587 5109 doctores.
623 5047 833 5104 Virtuti
866 5046 1023 5103 enim
1053 5044 1285 5101 Domini
1340 5042 1635 5099 ministrat
1669 5041 1920 5099 Ecclesia
1951 5059 1963 5099 :

328 5142 462 5198 inde
492 5145 633 5197 tunc
663 5152 893 5210 quoque
921 5134 1219 5191 hominem
1252 5131 1683 5204 assumpsit,ut
1710 5148 1812 5205 per
1831 5149 1967 5189 eum

326 5228 614 5287 voluntati
633 5227 822 5283 Patris
842 5225 1128 5287 serviret;
1159 5222 1277 5279 imo
1299 5221 1597 5278 hominem
1631 5236 1864 5292 semper
1883 5219 1967 5276 in-

329 5318 458 5375 duit
489 5324 641 5374 Deus
671 5315 991 5382 humanus,
1024 5312 1378 5381 misericors,
1411 5312 1475 5365 ut
1513 5308 1852 5365 hominibus
1885 5326 1967 5366 sa-

324 5406 508 5464 lutem
539 5404 913 5472 conciliaret;
945 5402 1110 5474 prius
1150 5400 1389 5473 quidem
1439 5399 1776 5472 prophetas,
1812 5414 1968 5455 nunc

2146 4781 2270 4836 Kl".
2311 4777 2515 4854 "anep
2547 4773 2635 4831 διὰ
2665 4781 2762 4833 τοῦ
2793 4779 3046 4852 σώματος
3096 4779 3125 4834 6
3173 4780 3368 4855 Σωτὴρ
3400 4777 3588 4836 ἐλάλει
3633 4782 3725 4838 καὶ

2078 4863 2232 4938 ἰᾶτο,
2292 4863 2435 4920 οὕτω
2489 4866 2581 4920 καὶ
2626 4867 2889 4943 πρότερον
2939 4868 3033 4942 μὲν
3096 4865 3185 4923 διὰ
3238 4871 3346 4924 τῶν
3396 4874 3723 4945 προφητῶν,

2076 4957 2165 5009 νῦν
2222 4950 2279 5008 δὲ
2337 4950 2427 5009 διὰ
2480 4958 2587 5009 τῶν
2648 4954 2967 5012 ἀποστόλων
3021 4956 3112 5011 καὶ
3166 4961 3276 5012 τῶν
3335 4954 3720 5015 διδασκάλων·

2075 5046 2110 5115 ἡ
2153 5041 2452 5115 Ἐκκλησία
2504 5043 2609 5120 γὰρ
2659 5044 2919 5121 ὑπηρετεῖ
2962 5049 3030 5120 τῇ
3077 5050 3176 5101 τοῦ
3224 5046 3424 5122 Κυρίου
3460 5047 3719 5126 ἐνεργεία·

2078 5130 2219 5187 ἔνθεν
2271 5131 2361 5187 καὶ
2415 5128 2539 5188 τότε
2596 5132 2874 5211 ἄνθρωπον
2933 5128 3223 5204 ἀνέλαϐεν,
3280 5132 3374 5191 ἵνα
3432 5132 3502 5192 δι’
3554 5136 3721 5194 αὐτοῦ

2077 5222 2392 5298 ὑπηρετήσῃ
2440 5227 2520 5296 τῷ
2577 5221 2846 5298 θελήματι
2897 5220 2994 5277 τοῦ
3051 5223 3293 5301 Πατρός⁶
3344 5225 3435 5279 καὶ
3489 5226 3724 5282 πάντοτε

2074 5311 2361 5386 ἄνθρωπον
2396 5312 2423 5367 6
2451 5309 2836 5389 φιλάνθρωπος
2864 5308 3103 5369 ἐνδύεται
3163 5312 3293 5377 Θεὸς
3355 5312 3433 5376 εἰς
3486 5313 3585 5384 τὴν
3625 5315 3722 5371 ἀν-

2076 5400 2313 5476 θρώπων
2365 5400 2676 5473 σωτηρίαν,
2730 5401 2997 5477 πρότερον
3059 5401 3153 5474 μὶν
3206 5400 3336 5465 τοὺς
3391 5404 3678 5480 προφήτας
3709 5447 3725 5477 ,

428 5612 494 5691 τις
522 5615 582 5691 _P.
611 5608 719 5691 98ᾴ
746 5608 859 5663 ED.
891 5605 1192 5662 POTTER.
1304 5605 1385 5677 (a)
1412 5608 1586 5665 Rom.
1615 5619 1741 5675 vm,
1778 5604 1880 5674 15;
1912 5604 2037 5662 Gal.
2072 5622 2146 5678 Iv,
2171 5606 2227 5661 6.
2342 5606 2416 5678 (b)
2446 5605 2653 5663 Matth.
2676 5607 2892 5678 1111,50;
2925 5621 3086 5682 χχιιι,
3118 5608 3173 5667 9.
3285 5610 3363 5682 (c)
3389 5607 3727 5691 Eph.m,15.

323 5680 403 5754 (ά)
431 5680 575 5737 Hel).
609 5696 650 5750 ι,
683 5680 735 5733 1.
