4078 6146
297 325 411 386 709

1101 327 1340 383 DUBIA.
1364 351 1434 365 -—
1467 322 1772 381 ECLOGE
1799 304 1900 380 EX
1937 324 2363 382 SCRIPTURIS
2398 326 2903 386 PROPHE'HCIS.

3604 332 3717 389 710

300 450 414 509 νυνὶ
471 449 529 507 δι
572 452 672 522 τήν
702 446 1064 519 Ἐκκλησίαν.
1095 448 1175 506 Τὸ
1227 446 1330 525 γὰρ
1388 444 1581 526 ὅμοιον
1637 449 1717 519 τῷ
1771 443 1950 520 ὁμοίῳ

2085 452 2256 505 ιυῐθιη
2287 450 2630 508 Ecclesiam.
2661 452 2726 517 ἦ(
2763 452 2987 526 Quippe
3018 453 3276 510 similem
3316 455 3388 512 ad
3438 455 3715 525 salutem,

300 543 640 620 ἐξυπηρετεῖν
716 536 1080 611 κατάλληλον
1137 536 1276 614 πρὸς
1305 522 1313 525 ⁷
1345 537 1443 606 τὴν
1514 522 1709 610 ὁμοίαν
1777 556 1954 607 σωτη-

340 633 442 688 ίαν.

303 652 490 779 ριῖδῖ
517 722 650 779 Ὅτε
698 717 892 796 χοϊκοὶ
930 716 1132 791 ἦμεν...
1164 717 1370 791 Καῖσαρ
1418 712 1478 771 δέ
1524 714 1664 770 ἐστιν
1711 714 1739 769 ὁ
1796 712 1961 788 πρόσ-

303 831 494 887 καιρος
542 811 773 885 ἂρχωνρ
797 808 859 863 οὗ
904 807 994 863 καὶ
1045 805 1200 861 εἰκὼν
1248 807 1284 875 ἡ
1328 806 1496 881 χοϊκὴ
1531 805 1558 859 ὁ
1590 803 1824 866 παλαιὸς
1867 801 1960 859 ἄν·

310 913 555 978 θρωπος,
586 897 664 963 εἷς
687 898 746 953 ὃν
777 893 1266 970 ἐπαλινδρόμησεν.
1296 892 1487 966 Τούτῳ
1537 891 1629 948 οῦν
1683 893 1750 949 τά
1793 891 1962 967 χοϊκὰ

312 986 637 1061 ἀποδοτέον,
667 986 701 1042 ’ὰ
753 984 1124 1064 πεφορὲκαμεν
1173 982 1226 1038 ἐν
1274 986 1344 1049 τῆ
1396 982 1565 1037 εἰκόνι
1612 984 1710 1037 τοῦ
1738 985 1959 1058 χοϊκοῦ,

313 1080 407 1135 καὶ
460 1079 527 1135 τὰ
562 1080 657 1135 τοῦ
701 1081 835 1134 Θεοῦ
878 1080 960 1150 τῷ
989 1079 1104 1148 Θεῷ
1136 1094 1149 1108 ·
1179 1070 1408 1130 ἕκασσον
1455 1073 1561 1152 γὰρ
1609 1078 1716 1129 τῶν
1774 1073 1959 1128 παθῶν

317 1169 499 1244 ὥσπερ
564 1165 794 1244 γράμμα
854 1163 945 1220 καὶ
1002 1162 1268 1241 χάραγμα
1333 1165 1471 1237 ἡμῖν
1539 1162 1631 1218 καὶ
1705 1167 1960 1235 σημεῖον.

316 1256 492 1315 Ἀλλο
533 1256 797 1332 χάραγμα
844 1258 937 1309 νῦν
989 1253 1018 1308 ὁ
1071 1252 1265 1327 Κύριος
1313 1253 1475 1327 ἡμῖν,
1505 1251 1596 1307 καὶ
1654 1248 1801 1306 ἄλλα
1846 1249 1963 1305 ὀνό-

312 1366 452 1421 ματα
484 1345 576 1402 καὶ
623 1346 927 1424 γράμματα
982 1342 1382 1417 ἐνσημαίνεται,
1431 1343 1613 1398 πίστιν
1664 1341 1782 1397 ἀντὶ
1837 1341 1963 1397 ἀπι-

303 1436 478 1505 στίας,
507 1434 599 1490 καὶ
650 1435 718 1490 τὰ
764 1433 908 1506 ἑξῆς.
940 1431 1130 1495 Οὕτως
1187 1432 1292 1488 ἀπὸ
1340 1435 1448 1487 τῶν
1495 1429 1700 1487 ὗλικῶν
1761 1430 1850 1486 ἐπὶ
1897 1429 1965 1485 τὰ

301 1524 645 1599 πνευματικὰ
691 1523 1053 1599 μεταγόμεθα,
1098 1521 1426 1601 φυρέσαντες
1481 1522 1581 1592 τὴν
1640 1520 1823 1576 εἰκόνα
1865 1517 1964 1574 τοῦ

307 1612 445 1670 hoc
452 1634 546 1690 ραν
556 1613 662 1671 ίου.

331 1810 343 1827 '
388 1795 511 1852 KE’.
541 1792 603 1850 Ὁ
634 1792 881 1862 Ἰωάννης
930 1791 1119 1870 φησὶν,
1158 1790 1266 1861 ὅτι,
1302 1789 1447 1865 Ἐγὼ
1509 1789 1604 1863 μὲν
1664 1788 1804 1864 ὑμᾶς
1837 1787 1962 1844 ὕδα-

2066 537 2262 595 simile
2294 539 2474 595 simili
2507 542 2842 598 subservire
2875 542 3128 600 maxime
3160 545 3450 602 convenit.

2138 715 2326 773 XXIV.
2362 718 2506 775 Cum
2541 720 2756 779 terreni
2792 720 3145 779 fuerimus...
3181 724 3370 779 Caesar
3400 729 3598 782 autem
3630 730 3724 784 est

2070 807 2341 879 princeps
2372 812 2811 882 temporaneus,
2843 812 3013 882 cujus
3039 816 3097 868 et
3127 811 3308 886 imago
3342 818 3571 871 terrena
3618 815 3717 888 (α),

2070 894 2353 952 nimirum
2384 901 2553 954 vetus
2582 898 2859 965 homo,ad
2893 916 3066 973 quem
3092 902 3331 973 quidem
3357 919 3585 961 reversa
3607 907 3716 960 est.

2071 983 2215 1040 Huic
2247 984 2442 1058 itaque
2468 1002 2595 1059 quae
2626 991 2767 1044 sunt
2797 993 3030 1045 terrena
3061 991 3359 1047 reddenda
3389 997 3550 1061 sunt,
3592 1009 3718 1066 qua:

2068 1073 2129 1128 in
2161 1074 2433 1147 ;imagine
2481 1076 2696 1133 terreni
2746 1078 3080 1150 gessimus;
3126 1083 3185 1135 et
3235 1097 3361 1153 quae
3407 1086 3548 1138 sunt
3594 1081 3720 1152 Dei,

2071 1162 2207 1219 Deo.
2241 1163 2527 1220 Affectum
2561 1166 2717 1222 enim
2751 1167 2971 1240 singuli
3004 1168 3169 1238 quasi
3203 1168 3417 1237 littera,
3453 1176 3610 1241 nota,
3663 1176 3723 1228 et

2072 1251 2309 1325 signum
2343 1254 2512 1310 nobis
2541 1255 2897 1327 impressum
2930 1262 3088 1312 sunt.
3123 1256 3312 1314 Aliam
3342 1276 3501 1315 nunc
3549 1261 3722 1317 nobis

2072 1346 2272 1397 notam
2305 1342 2612 1411 Dominus,
2646 1345 2759 1400 alia
2792 1345 3048 1412 nomina,
3078 1345 3420 1420 litterasque
3451 1348 3594 1429 alias
3623 1350 3721 1405 ob-

2073 1429 2289 1502 signat,
2313 1447 2522 1505 nempe
2546 1433 2719 1489 ﬁdem
2746 1450 2847 1507 pro
2874 1435 3305 1507 incredulitate,
3339 1454 3406 1494 ac
3438 1438 3524 1494 sic
3554 1439 3722 1494 dein-

2072 1534 2208 1591 ceps
2235 1520 2477 1594 reliqua.
2512 1522 2676 1578 Hunc
2703 1524 2760 1578 in
2786 1525 3025 1580 modum
3051 1542 3083 1580 a
3104 1525 3480 1583 terrestribus
3503 1527 3574 1584 ad
3597 1527 3723 1600 spi-

2073 1608 2265 1665 ritalia
2296 1627 2502 1668 sumus
2530 1612 2734 1680 evecti,
2763 1613 2904 1670 dum
2936 1614 3168 1671 caelestis
3198 1615 3504 1686 imaginem
3541 1625 3723 1690 porte-

2072 1714 2193 1754 mus
2221 1698 2322 1771 (b).

2144 1788 2296 1844 868
2329 1787 2502 1844 XXV.
2538 1788 2695 1846 Dixit
2735 1795 2992 1848 Joannes
3022 1809 3036 1849 :
3073 1796 3187 1863 Ego
3232 1794 3457 1865 quidem
3512 1795 3728 1868 baptizo

315 1902 368 1937 τι
404 1880 668 1957 βαπτίζω,
700 1878 915 1955 ἔρχεται
966 1874 1025 1933 δὲ
1076 1899 1183 1952 μου
1233 1876 1412 1932 ὀπίσω
1599 1877 1626 1931 ὁ
1689 1872 1964 1950 βαπτίζων

2085 1893 2167 1934 vos
2192 1893 2373 1951 aqua;
2405 1880 2554 1934 venit
2582 1884 2770 1936 autem
2797 1885 2916 1953 post
2944 1898 3047 1950 me,
3082 1884 3181 1956 qui
3210 1900 3301 1940 vos
3326 1882 3628 1956 baptizabit
3663 1884 3728 1941 in

323 1974 465 2046 ὑμᾶς
517 1970 570 2027 ἐν
630 1967 898 2042 πνεύματι
956 1968 1047 2022 καὶ
1104 1966 1255 2042 πυρί.
1291 1965 1427 2042 [lupi
1485 1963 1543 2021 δὲ
1598 1962 1789 2021 οὐδὲνα
1843 1960 1967 2021 ἐϐά-

314 2080 520 2117 πτισεν.
556 2060 735 2117 Ἔνιοι
769 2055 849 2129 δὲ,
883 2057 957 2121 ὥς
1007 2078 1170 2133 φησιν
1203 2055 1517 2128 Ἡρακλέων
1565 2057 1700 2128 (39),
1734 2055 1863 2130 πυρὶ
1904 2055 1972 2110 τὰ

313 2150 428 2205 ὦτα
467 2152 576 2205 τῶν
628 2146 1076 2225 σφραγιζομὲνων
1124 2143 1546 2218 κατεσημήνατο
1593 2146 1705 2219 (40)
1741 2163 1753 2178 ο
1794 2143 1970 2206 οὕτως

314 2236 640 2300 ὼιούσαντες
695 2236 760 2290 τὸ
817 2232 1183 2290 ἀποστολικόν
1216 2254 1231 2268 ι
1281 2233 1352 2288 Τὸ
1402 2234 1507 2309 γὰρ
1563 2236 1730 2289 πτῦον
1790 2231 1844 2286 ἐν
1899 2235 1968 2306 τῇ

314 2327 463 2405 χειρὶ
510 2325 703 2394 aurei},
759 2327 860 2381 τοῦ
917 2320 1239 2400 διακαθᾶραι
1293 2324 1393 2393 τὴν
1452 2319 1572 2377 ἅλω
1604 2341 1618 2354 ·
1678 2323 1769 2376 καὶ
1809 2321 1968 2375 συνά-

314 2418 390 2490 ξει
442 2418 533 2474 τὸν
582 2421 733 2473 σῖτον
785 2414 864 2478 είς
909 2415 1012 2485 τὴν
1062 2415 1379 2486 ἀποθήκην·
1414 2413 1478 2469 τὸ
1511 2410 1569 2468 δὲ
1617 2409 1823 2488 ἄχυρον
1869 2431 1971 2467 και

313 2506 570 2564 τακαόσει
628 2503 762 2581 πυρὶ
819 2499 1083 2578 ἀσϐἐστῳ.
1142 2503 1467 2581 Πρόσκειται
1543 2502 1633 2558 οὗν
1719 2505 1799 2574 τῷ
1877 2500 1974 2555 Διὰ

315 2598 514 2674 πυρὸς,
544 2596 610 2651 τὸ
652 2595 750 2650 Διὰ
794 2593 1103 2668 πνεύματος
1135 2636 1149 2649 .
1195 2589 1385 2662 ἐπειδὴ
1416 2591 1479 2648 τὸ
1511 2596 1658 2647 σῖτον
1713 2590 1818 2645 ἀπὸ
1875 2591 1972 2644 τοῦ

321 2686 539 2764 ἇχόρου
569 2681 849 2761 διακρίνει,
879 2684 1152 2740 τουτέστιν
1202 2682 1309 2738 ἀπὸ
1351 2687 1450 2738 τοῦ
1502 2678 1695 2736 ὑλικοῦ
1740 2677 1973 2753 ἐνδύμα-

323 2797 419 2840 τος
454 2773 544 2832 διὰ
578 2774 908 2848 πνεύματος
940 2773 1031 2829 καὶ
1060 2773 1125 2829 τὸ
1154 2770 1360 2848 ἄχυρον
1393 2772 1689 2848 χωρίζεται
1740 2767 1832 2824 διὰ
1874 2772 1972 2825 τοῦ

323 2865 635 2938 πνεύματος
674 2860 1022 2939 λικμώμενον
1057 2882 1072 2896 υ
1104 2860 1279 2926 οὕτως
1328 2860 1392 2916 τὸ
1441 2863 1657 2933 πνεῦμα
1705 2855 1973 2935 διαχωρι-

325 2956 513 3026 στικήν
543 2950 659 3030 ἔχει
691 2950 920 3027 δύναμιν
952 2951 1234 3028 ἐνεργειῶν
1273 2949 1500 3006 ὑλικῶν.
1523 2947 1673 3006 Ἐπεὶ
1698 2945 1755 3003 δὲ
1778 2948 1846 3002 τὰ
1877 2948 1971 3021 μὶν

320 3044 374 3118 ἐξ
428 3044 691 3121 ἀγενήτου
720 3044 835 3116 (41)
882 3042 975 3097 καὶ
1023 3041 1303 3118 ἀφθάρτου
1361 3037 1573 3114 γὲγονε,
1604 3038 1673 3093 τὰ
1729 3056 1971 3113 σπερμα-

319 3134 447 3191 τικὰ
477 3138 642 3204 ζωῆς,
676 3133 705 3188 ὁ
736 3132 909 3207 πυρὸς
937 3131 1026 3186 καὶ
1055 3130 1393 3197 ἀποτίθεται,
1423 3128 1488 3184 τὸ
1519 3125 1577 3183 δὲ
1636 3126 1848 3193 ὑλικὸν,
1886 3126 1973 3200 μὲ-

2076 1965 2277 2035 spiritu
2306 1974 2357 2021 et
2385 1965 2448 2021 in
2476 1965 2602 2036 igni
2628 1967 2869 2040 (c).Igne
2900 1985 3033 2025 vero
3066 1971 3357 2027 neminem
3390 1973 3728 2045 baptizavit.

2079 2054 2326 2117 Quidam
2360 2060 2759 2128 autem,prout
2788 2058 3001 2114 asserit
3030 2059 3368 2129 Heraclecn,
3393 2061 3525 2133 igne
3555 2078 3730 2120 aures

2078 2159 2281 2199 eorum
2310 2145 2830 2219 obsignarunt,qui
2862 2146 3111 2219 hujusce
3145 2149 3524 2221 baptismatis
3554 2150 3728 2224 sigil-

2082 2232 2204 2289 lum
2233 2239 2617 2306 acceperant:
2651 2235 2761 2291 hoc
2788 2236 3068 2293 nimirum
3102 2243 3269 2309 pacto
3299 2240 3550 2311 apostoli
3580 2240 3728 2299 illud

2088 2322 2486 2396 intelligentes
2518 2342 2537 2378 :
2571 2324 2949 2381 i’entilabrum
2977 2328 3128 2381 enim
3161 2329 3222 2382 in
3272 2344 3447 2385 manu
3487 2333 3629 2402 ejus,
3658 2328 3735 2387 ad

2081 2426 2269 2467 aream
2294 2413 2675 2484 purgandum;
2704 2431 2769 2471 ac
2797 2417 3149 2487 congregabit
3195 2417 3444 2474 triticum
3490 2422 3549 2476 in
3597 2420 3728 2475 hor-

2079 2517 2270 2571 reum;
2299 2503 2522 2574 paleam
2548 2519 2681 2560 vcro
2700 2504 2974 2561 comburat
3003 2507 3128 2577 igne
3151 2507 3607 2580 inexslinguibili
3628 2509 3728 2582 (ά).

2079 2591 2437 2663 Adjungitur
2464 2592 2664 2665 itaque
2694 2593 2832 2650 huic
2860 2610 2961 2667 per
2992 2596 3207 2667 ignem,
3240 2596 3384 2653 illud
3414 2613 3515 2670 per
3559 2600 3729 2670 spiri-

2079 2682 2233 2742 tum;
2261 2697 2387 2736 eam
2420 2698 2632 2755 nempe
2661 2682 2734 2739 ob
2764 2697 3005 2740 causam
3040 2685 3196 2757 quod
3235 2686 3497 2742 triticum
3542 2705 3578 2743 a
3627 2703 3728 2761 pa-

2080 2767 2171 2824 lea
2201 2768 2528 2839 discernat;
2562 2771 2671 2828 hoc
2699 2776 2791 2829 est
2821 2772 2894 2829 ab
2942 2772 3297 2831 indumento
3349 2777 3583 2833 terreno
3632 2792 3736 2850 per

2083 2857 2559 2930 spiritum.Palea
2588 2860 2864 2918 similiter
2895 2879 2928 2918 a
2955 2868 3125 2919 vento
3162 2879 3265 2919 seu
3298 2864 3510 2936 spiritu
3545 2865 3729 2921 venti-

2083 2947 2240 3004 lante
2287 2953 2613 3020 separatur.
2661 2951 2757 3006 Sic
2805 2950 3051 3023 spiritus
3098 2953 3343 3010 virtutes
3395 2954 3731 3011 materiales

2083 3037 2396 3109 separandi
2429 3039 2547 3094 vim
2579 3039 3069 3106 habet.Quoniam
3101 3058 3233 3097 vero
3266 3042 3381 3098 alia
3401 3044 3639 3116 quidem
3661 3060 3731 3101 ex

2083 3127 2341 3183 increato
2373 3131 2549 3200 atque
2579 3128 3011 3201 incorruptibili
3044 3130 3193 3187 facta
3236 3136 3395 3202 sunt,
3446 3134 3729 3189 nimirum

322 3244 421 3301 χρι
447 3201 652 3279 σόνεστι
691 3225 771 3294 τῷ
812 3201 1103 3296 κρείττονι,
1140 3219 1287 3293 μένει
1323 3235 1336 3249 ·
1371 3218 1497 3273 ὅταν
1542 3214 1751 3272 ἐκείνου
1794 3234 1970 3290 ’χωρι-

2089 3231 2214 3287 quae
2245 3216 2372 3272 vita
2405 3220 2544 3272 sunt
2570 3217 2816 3285 semina,
2851 3219 3213 3274 frumentum
3247 3201 3423 3275 etiam
3464 3221 3732 3277 recondi-

321 3315 447 3389 σθῇ,
478 3309 786 3368 ἀπόλλυται
819 3328 835 3344 ο
867 3308 923 3365 ἐν
976 3309 1146 3383 ἑτέρῳ
1192 3307 1297 3383 γὰρ
1348 3307 1466 3382 εἶχε
1515 3305 1578 3360 τὸ
1610 3305 1766 3362 εἶναι.
1799 3306 1976 3362 Τοῦτο

317 3407 449 3483 γοῦν
480 3403 810 3480 χωριστικὸν
846 3401 943 3475 μὲν
986 3397 1213 3474 δυνάμει
1259 3399 1322 3455 τὸ
1371 3402 1608 3472 πνεῦμα,
1640 3395 1978 3453 ἀναλωτικὸν

324 3492 386 3551 δὲ
413 3493 477 3550 τὸ
505 3497 613 3571 πῦρ
648 3512 660 3527 ·
693 3496 802 3567 πῦρ
836 3489 894 3547 δὶ
927 3491 990 3546 τὸ
1022 3488 1210 3546 ὑλικὸν
1260 3487 1506 3559 νοητέον.
1541 3483 1696 3544 Ἀλλ’
1723 3484 1837 3541 ἐπεὶ
1884 3484 1977 3558 μὲν

321 3583 389 3641 τὸ
420 3583 729 3657 σωζόμενον
759 3580 891 3654 σίτῳ
921 3577 1116 3647 ἔοικεν,
1144 3579 1208 3634 τὸ
1241 3575 1299 3634 δὲ
1328 3575 1660 3652 διαπεφυκὸς
1707 3578 1777 3650 τῇ
1826 3576 1981 3650 ψυχῇ

326 3676 410 3746 τῷ
441 3671 656 3749 ἀχύρῳ,
685 3670 778 3726 καὶ
818 3670 883 3726 τὸ
938 3669 1031 3743 μὲν
1083 3665 1397 3741 ἀσώματον,
1423 3665 1484 3721 τὸ
1516 3662 1573 3720 δὲ
1603 3663 1982 3741 χωριζόμενον

336 3758 527 3817 ὑλικόν
559 3757 699 3816 ἐστιν
734 3777 748 3791 ’
782 3756 1068 3830 ἀπέθηκεν
1100 3759 1179 3828 τῷ
1212 3755 1306 3829 μὲν
1331 3754 1609 3827 ἀσωμάτῳ
1654 3753 1717 3809 τὸ
1752 3757 1984 3825 πνεῦμα,

332 3849 536 3906 λεπτὸν
577 3848 669 3905 καὶ
714 3848 946 3923 καθαρὸν
1002 3841 1200 3921 σχεδὸν
1249 3844 1380 3918 ὑπὲρ
1428 3846 1575 3916 νοῦν,
1602 3846 1682 3916 τῷ
1722 3840 1780 3897 δὲ
1810 3838 1986 3914 ὁλικῷ

332 3940 397 3995 τὸ
427 3943 558 4016 πῦρ,
585 3936 649 3993 οὗ
679 3935 917 4013 πονηρὸν
950 3932 1077 3990 οὐδὲ
1106 3934 1269 3989 κακὸν
1321 3931 1590 4009 ὑπάρχον,
1625 3930 1850 4007 ἰσχυρὸν
1896 3930 1985 3985 καὶ

332 4030 506 4084 κακοῦ
535 4025 858 4101 καθαρτικόν
889 4041 903 4055 ’
935 4024 1111 4101 ἀγαθή
1165 4023 1267 4100 γὰρ
1299 4019 1529 4096 δύναμις
1555 4021 1617 4076 τὸ
1646 4025 1752 4095 πῦρ
1782 4023 1986 4075 νοεῖται

333 4114 427 4174 καὶ
460 4115 685 4193 ῗσχυρὰ,
716 4113 985 4191 φθαρτικὴ
1014 4115 1125 4167 τῶν
1160 4111 1429 4188 χειρόνων
1483 4111 1571 4166 καὶ
1608 4110 1846 4180 σωστική
1877 4113 1984 4164 τῶν

2089 3312 2184 3360 tur
2212 3321 2227 3360 :
2261 3306 2415 3378 quod
2436 3321 2568 3361 vero
2588 3309 2887 3362 terrenum
2920 3312 3007 3363 est
3038 3309 3297 3379 quandiu
3332 3307 3557 3365 meliori
3588 3326 3729 3365 con-

2080 3394 2716 3466 jungitur,permanet;
2739 3411 2915 3466 quam
2943 3395 3199 3467 primum
3220 3413 3354 3453 vero
3380 3396 3453 3453 ab
3476 3396 3575 3453 illo
3608 3398 3734 3454 fue-

2091 3483 2167 3538 rit
2198 3486 2557 3554 separatum,
2591 3484 2770 3555 perit:
2803 3483 2861 3538 in
2893 3483 3007 3541 alio
3037 3484 3195 3542 enim
3228 3487 3384 3558 quod
3415 3492 3593 3554 esset,
3627 3488 3733 3545 ha-

2093 3570 2241 3627 buit.
2274 3570 2690 3643 Hujusitaque
2721 3572 3033 3645 separandi
3065 3575 3182 3630 vim
3233 3574 3408 3633 habet
3454 3576 3733 3650 spiritus;

2094 3660 2480 3717 consumendi
2502 3676 2634 3717 vero
2665 3661 2807 3728 vim,
2839 3661 3011 3736 ignis;
3047 3663 3202 3736 ignis
3235 3669 3428 3722 autem
3464 3668 3736 3725 materia-

2094 3750 2168 3807 lis
2190 3750 2283 3806 hic
2307 3749 2743 3823 intelligendus.
2775 3754 2880 3807 Ast
2900 3753 3175 3824 quoniam
3207 3754 3265 3809 id
3299 3757 3453 3828 quod
3485 3757 3737 3813 salutem

2095 3839 2496 3912 consequitur,
2520 3840 2718 3896 tritico
2750 3840 2988 3912 quidem
3020 3845 3109 3898 est
3135 3841 3513 3917 simile,quod
3546 3851 3739 3903 autem

2096 3929 2306 3987 animae
2337 3929 2628 3985 adhzereat
2659 3946 2725 3986 ac
2761 3947 2876 3986 una
2904 3937 3197 4000 nascatur,
3231 3932 3408 4004 pulcre
3440 3948 3555 3990 non
3588 3935 3742 3992 absi-

2098 4019 2235 4076 mile
2284 4018 2522 4092 quidem
2572 4023 2695 4089 est;
2745 4022 2802 4075 et
2848 4019 2955 4075 hoc
3002 4020 3241 4092 quidem
3306 4020 3739 4094 incorporeum,

2098 4108 2253 4180 quod
2284 4123 2419 4163 vero
2449 4111 3080 4180 separatur,terrenum
3113 4113 3221 4180 est,
3253 4112 3530 4182 opposuit
3554 4111 3745 4168 incor-

336 4204 640 4281 ἀμεινόνων
677 4224 689 4237 ·
722 4201 807 4260 διὸ
835 4202 926 4258 καὶ
957 4201 1223 4281 φρόνιμον
1258 4203 1372 4277 (42)
1412 4196 1631 4277 λέγεται
1680 4199 1827 4274 παρὰ
1871 4203 1970 4254 τοῖς

2100 4214 2272 4271 poreo
2303 4196 2853 4270 spiritum,tenuem
2888 4214 3239 4270 purumque,
3274 4199 3488 4272 quippe
3518 4201 3619 4272 qui
3651 4215 3744 4256 ve-

333 4295 645 4374 προφήταις
673 4297 835 4350 τοῦτο
870 4292 934 4348 τὸ
964 4296 1095 4370 πῦρ.

2101 4285 2210 4343 luti
2240 4302 2406 4342 mens
2436 4290 2558 4354 est;
2589 4285 2849 4341 terrestri
2878 4302 3031 4357 vero,
3065 4287 3284 4359 ignem,
3318 4306 3434 4345 non
3468 4288 3569 4361 qui
3618 4305 3742 4344 ma-

337 4381 454 4455 lus,
487 4390 590 4443 aut
614 4401 829 4460 pravus
861 4384 957 4452 sit,
990 4387 1088 4440 sed
1123 4381 1223 4456 qui
1258 4381 1446 4452 fortis,
1480 4381 1699 4453 quique
1730 4378 1870 4435 mali
1899 4377 2191 4452 purgandi
2224 4376 2340 4431 vim
2371 4374 2604 4431 habeat.
2635 4375 2860 4448 Quippe
2889 4375 3075 4433 virtus
3120 4376 3275 4433 bona
3323 4378 3477 4450 ignis
3524 4377 3744 4434 intelli-

336 4474 498 4549 gitur
527 4472 831 4545 fortisque,
882 4471 1143 4543 potentia
1189 4468 1479 4525 deteriora
1525 4466 1940 4539 corrumpendi
1990 4465 2256 4540 praedita,
2311 4463 2814 4534 conservandique
2869 4463 3129 4520 meliora.
3181 4466 3544 4539 Quapropter
3590 4466 3743 4538 ignis

338 4561 503 4619 hicce
532 4561 592 4617 in
625 4559 1043 4634 prophetarum
1077 4555 1314 4630 scriptis
1347 4554 1606 4630 prudens
1637 4555 1825 4611 audit.

412 4650 526 4720 κζ’.
559 4647 750 4711 Οὕτως
777 4651 909 4723 γοῦν
935 4651 1027 4702 καῖ
1056 4644 1182 4702 ὅταν
1213 4645 1243 4700 ὁ
1286 4644 1416 4706 Θεὸς
1457 4640 1687 4720 λέγηται
1734 4646 1841 4717 πῦρ
1892 4661 1970 4697 καί

2169 4639 2362 4697 XXVI.
2407 4639 2499 4695 Sic
2554 4638 2753 4710 itaque
2808 4655 2942 4696 cum
2999 4648 3056 4698 et
3111 4642 3265 4699 Deus
3329 4642 3486 4717 ignis
3549 4659 3745 4701 consu-

338 4702 1067 4809 uiiiééﬁsimxtag,
1121 4730 1271 4792 ἀλλὰ
1326 4702 1608 4807 δυνάμεως
1682 4702 1859 4806 ὄνομα
1899 4751 1967 4787 κα

2100 4745 2253 4786 men:
2279 4730 2344 4802 (e)
2372 4731 2629 4798 vocatur,
2655 4702 2779 4785 non
2813 4729 3071 4802 malitiae,
3105 4732 3208 4788 sed
3240 4702 3510 4804 potentiae
3542 4732 3607 4798 ἆ(
3640 4749 3747 4789 no-

342 4824 638 4904 σύμϐολονΔ
684 4823 988 4884 ἐκλεκτέον.
1044 4825 1135 4887 Ὠς
1196 4823 1300 4900 γὰρ
1353 4823 1416 4878 τὸ
1473 4825 1582 4899 πῦρ
1628 4820 1970 4897 ῒσχυρότατο·

2101 4835 2236 4876 men
2269 4834 2335 4874 ac
2366 4816 2600 4889 signum
2635 4816 3107 4891 intelligendum.
3140 4821 3224 4876 Ad
3263 4823 3537 4879 eumdem
3588 4823 3746 4879 enim

339 4922 448 4974 τῶν
511 4915 801 4993 στοιχείων
874 4915 964 4970 καὶ
1038 4913 1257 4969 πάντων
1313 4915 1568 4988 κρατοῦν,
1618 4909 1760 4968 οὕτω
1813 4909 1905 4966 καὶ
1962 4916 1970 4962 i

2103 4908 2345 4965 modum
2376 4922 2494 4979 quo
2523 4906 2680 4979 ignis
2699 4906 3134 4966 elementorum
3188 4914 3277 4967 est
3326 4911 3744 4981 fortissimum,

410 5077 476 5143 p14
501 5077 565 5129 P.
594 5071 706 5128 985
734 5069 847 5128 ΕΙ).
878 5067 1180 5143 POTTER.
1273 5064 1592 5143 (a)AMatt_h.
1606 5066 1917 5143 inungi;

2085 5064 2118 5143 Ξ
2124 5065 2261 5143 991::
2293 5077 2388 5133 xv,
2420 5060 2509 5116 49.
2607 5060 2679 5133 (ο)
2711 5048 2919 5118 Matth.
2951 5062 3037 5134 ui,
3086 5063 3172 5118 11.

410 5077 476 5143 ›ι‹
501 5077 565 5129 P.
594 5071 706 5128 985
734 5069 847 5128 ΕΙ).
878 5067 1180 5126 POTTER.
1273 5065 1351 5139 (α)
1382 5064 1592 5123 Matth.
1622 5081 1764 5131 χχιι,
1794 5066 1884 5120 21.
1977 5063 2107 5191 (ῡὸΙ
2135 5065 2261 5118 Cor.
2293 5077 2388 5133 xv,
2420 5063 2509 5116 49.
2607 5063 2679 5133 (c)
2711 5063 2919 5118 Matth.
2951 5063 3037 5134 ui,
3086 5063 3172 5118 11.
3272 5063 3344 5136 (d)
3399 5064 3603 5122 Matth.
3658 5080 3748 5134 ιιι,

342 5143 447 5213 42;
481 5144 620 5201 Luc.
653 5156 740 5213 ιιι,
768 5143 857 5198 17.
932 5141 1008 5214 (ο)
1039 5143 1207 5196 Deut.
1238 5154 1319 5210 Iv,
1348 5137 1438 5194 24.
1511 5140 1576 5206 ›ι‹
1606 5136 1667 5193 Ρ.
1696 5136 1804 5191 986
1833 5134 1944 5192 ED.
1978 5138 2022 5189 P
2074 5133 2288 5190 TTER.

2101 5304 2174 5359 ad
2204 5300 2504 5359 Christum
2534 5301 2620 5358 vel
2653 5302 2725 5358 ad
2756 5302 3172 5359 Heracleonem
3204 5303 3405 5362 referri
3436 5305 3751 5364 verisimile

356 5318 360 5322 Α
558 5311 680 5369 Μου
709 5308 908 5366 ὀπίσω.
938 5308 1110 5384 Vulg.
1144 5307 1316 5379 Bibl.,
1339 5304 1514 5361 ὀπίσω
1543 5304 1991 5378 μου,Μθ.ί;ί;ᾕ.ηῙ,
2101 5304 2174 5388 uti
2204 5304 2504 5359 Christum

356 5386 436 5431 Η-
467 5386 599 5431 Lnn-
634 5401 721 5431 ιιι-
752 5384 824 5431 46
848 5383 1018 5431 1mm.
1050 5398 1092 5431 ι-
1120 5381 1214 5431 27.
1244 5385 1374 5431 Βγι..
2102 5375 2356 5431 videtur.
2386 5373 2514 5428 SYL.

349 5381 436 5448 11L
464 5381 599 5442 Luc.
634 5401 722 5453 III,
752 5384 824 5441 46
848 5383 1018 5440 Joan.
1050 5381 1092 5449 ι’,
1120 5381 1214 5436 27.
1244 5385 1374 5435 BYL.
2102 5381 2356 5431 videtur.
2386 5381 2514 5428 δη.

378 5536 381 5537 ν
419 5454 532 5583 (39ὲ
578 5451 917 5530 οΗρακλέων.
963 5453 1128 5512 Conf.
1184 5449 1555 5525 Augustinus
1631 5448 1709 5505 De
1766 5448 1993 5521 heroa,
2316 5442 3305 5573 1376:3515:ééhgyeaégghﬁm.
3383 5518 3395 5532 ο

349 5540 477 5594 ουρ,
538 5527 592 5584 θ,
1094 5593 1103 5594 7
1228 5592 1235 5594 ξ
1403 5589 1417 5594 Δ
1592 5592 1607 5594 _
1803 5589 1856 5594 __
1906 5593 1911 5594 γ
2268 5516 2286 5588 )
2373 5534 2402 5590 ρ
2445 5535 2539 5594 Δμ
2616 5586 2713 5594 __A
2858 5592 2865 5594 _
3126 5534 3154 5574 s
3200 5535 3472 5593 superius
3528 5519 3749 5594 Paedag.

349 5540 1014 5672 οιίῖοἲῠὲᾳτωημήνατο.
1046 5592 1378 5672 Ρίυιοαιίίριχ
1402 5589 1719 5672 legendum
1767 5589 1970 5672 yidetu:

2174 5540 2286 5589 (46)
2319 5540 2620 5590 Ψρῠνιμον.
2660 5540 2824 5571 υυιιι.
2885 5540 2894 5568 1

2103 5589 2207 5646 lib.
2239 5602 2325 5659 ιιι,
2360 5602 2411 5644 o.
2441 5587 2496 5659 8,
2528 5604 2587 5661 p.
2612 5586 2739 5658 280,
2772 5592 2894 5645 not.

347 5657 797 5745 κατεσημήναντῖ
831 5657 857 5701 ·’
879 5670 945 5727 ut
972 5667 1192 5725 feratur
1237 5665 1310 5725 ad
1352 5657 1505 5720 ἔνἰοῖ.
1535 5660 1652 5722 Nec
1690 5659 1846 5722 enim
1901 5676 1970 5720 va
