4078 6146
472 296 573 355 711

1732 292 2073 350 CLEMENS
2111 293 2681 354 ALEXANDRINUS

3794 306 3899 367 742

478 420 841 494 reliquisque
870 418 1431 486 dominatur,eodem
1462 416 1632 489 plane
1664 416 1835 473 modo
1866 415 2102 490 omnipo

2243 417 2371 479 Θεὸς
2430 415 2839 493 παντοδύναμος
2897 420 2985 475 καὶ
3042 422 3453 499 παντοκράτωρ,
3504 425 3535 480 ὁ
3598 424 3897 503 δυνάμενος

476 517 608 568 tens
638 528 704 567 ac
735 510 1104 567 omnitenens
1133 512 1223 564 est
1254 506 1430 563 etiam
1467 511 1637 575 Deus,
1669 505 1767 578 qui
1802 510 1993 579 potest
2039 510 2118 561 te-

476 617 632 668 nere,
665 614 879 669 creare,
914 599 1119 668 facere,
1156 596 1331 664 alere,
1366 611 1597 668 angere,
1620 612 1871 661 servare,
1905 594 2119 667 quique

472 689 732 762 corporis
760 689 1086 759 animaeque
1116 690 1464 759 potestatem
1497 685 1695 741 habet.
1725 683 1886 740 Sicut
1922 685 2120 756 itaque

469 779 776 836 elementis
805 778 936 834 aliis
969 777 1125 850 ignis
1159 774 1457 849 praecellit,
1513 775 1717 831 eodem
1769 774 1941 830 modo
1992 778 2118 828 tum

471 869 604 937 diis,
639 885 704 924 ac
737 868 1076 937 virtutibus,
1109 882 1176 921 ac
1203 864 1635 939 principatibus
1667 863 1951 936 praecellit
1984 863 2117 917 Om-

474 958 768 1014 nitenens.
802 956 960 1029 Ignis
991 960 1182 1012 autem
1220 956 1408 1010 virtus
1440 953 1655 1025 duplex
1680 957 1789 1019 est,
1825 952 1938 1008 alia
1987 950 2116 1024 qui-

474 1046 607 1103 dem
633 1046 701 1103 ad
739 1047 1037 1101 fructuum
1069 1043 1515 1116 productionem
1540 1058 1607 1097 ac
1627 1042 1966 1097 eorumdem
1995 1056 2117 1095 ma-

470 1135 799 1203 turitatem,
834 1134 1078 1207 insuper
1108 1134 1182 1190 ad
1216 1130 1556 1189 animalium
1584 1130 2019 1205 generationem
2054 1145 2120 1185 ac

473 1226 814 1282 eorumdem
846 1225 1042 1281 cibum
1078 1221 1439 1293 necessaria;
1469 1222 1641 1292 cujus
1672 1219 1755 1276 sol
1784 1220 1977 1292 imago
2008 1222 2117 1275 est:

475 1318 589 1375 alia
618 1335 751 1374 vero
774 1317 843 1373 ad
867 1314 1311 1372 dissolutionem
1347 1330 1413 1368 ac
1444 1311 1879 1382 corruptionem
1910 1308 2121 1375 tendit,

471 1407 668 1481 qualis
696 1410 787 1462 Est
815 1405 969 1477 ignis
1002 1404 1098 1459 ille
1132 1402 1449 1459 terrestris.
1484 1400 1734 1456 Proinde
1782 1414 1915 1454 cum
1964 1403 2119 1453 Deus

464 1498 623 1571 ignis
654 1510 1013 1552 consumens
1034 1496 1295 1561 vocatur,
1321 1490 1505 1545 virtus
1538 1494 1678 1544 tunc
1712 1486 1875 1543 fortis
1906 1484 2120 1542 intelli-

470 1584 747 1661 θῆαι-,συί
782 1582 928 1639 nihil
959 1582 1170 1654 opponi
1208 1577 1634 1653 possit,cuique
1664 1575 1809 1632 nihil
1844 1576 2123 1648 impossi-

2229 514 2516 579 κρατῆσαι,
2568 508 2767 578 κτίσαι,
2819 516 3070 580 ποιῆσαι,
3123 513 3355 590 τρέφειν,
3413 511 3618 586 αὔξειν,
3683 518 3891 594 σώζειν,

2232 597 2488 668 σώματος
2536 597 2625 651 καὶ
2686 602 2871 674 ψυχῆς
2930 598 3182 671 ἐξουσίαν
3249 596 3419 677 ἔχων,
3455 605 3546 667 Ὠς
3623 605 3719 662 οὖν
3785 615 3889 665 τῶν

2232 685 2523 760 στοιχείων
2555 686 2809 763 ὑπερέχει
2837 688 2900 743 τὸ
2930 693 3060 764 πῦρ,
3094 688 3237 745 οὕτω
3288 696 3422 755 θεῶν
3462 714 3523 748 τε
3578 695 3673 750 καὶ
3734 694 3891 753 δυνά-

2234 794 2377 846 μεων
2438 776 2526 830 καὶ
2587 776 2776 852 ἀρχῶν
2832 778 2861 831 ὁ
2904 779 3318 855 παντοκράτωρ.
3353 780 3537 854 Διπλῆ
3571 805 3632 840 τε
3661 786 3696 856 ἡ
3730 784 3882 843 δύνα-

2233 884 2324 936 μις
2355 868 2451 918 τοῦ
2496 866 2689 938 πυρὸς,
2721 867 2756 935 ὴ
2811 867 2907 940 μὲν
2942 870 3076 943 πρὸς
3124 865 3485 947 δημιουργίαν
3537 873 3629 928 καὶ
3687 876 3879 931 πέπαν-

2229 973 2309 1006 σιν
2359 957 2582 1027 καρπῶν
2647 955 2735 1010 καὶ
2807 957 2959 1024 ζώων
3019 959 3226 1033 γένεσιν
3281 958 3371 1014 καὶ
3431 962 3644 1038 τροφὴν
3694 962 3876 1037 ἐπιτή-

2230 1038 2397 1111 δειος,
2427 1044 2493 1111 ἦς
2540 1041 2702 1098 εῗκὼν
2761 1045 2789 1098 ὁ
2846 1044 3010 1114 ἥλιος
3045 1063 3057 1075 ⁸
3086 1048 3120 1117 ἡ
3167 1043 3225 1101 δὲ
3272 1048 3410 1123 πρὸς
3465 1048 3735 1107 ἀνάλωσιν
3790 1052 3873 1110 καὶ

2229 1130 2453 1207 φθορὰν,
2481 1132 2555 1194 ὡς
2592 1133 2655 1187 τὸ
2701 1137 2808 1208 πῦρ
2852 1132 2917 1188 τὸ
2964 1134 3222 1211 ἐπίγειον.
3257 1140 3375 1211 Πῦρ
3404 1135 3498 1192 οῦν
3532 1140 3654 1195 ὅταν
3706 1139 3869 1219 λέγη-

2226 1240 2316 1274 ται
2348 1221 2376 1274 ὁ
2406 1220 2535 1282 Θεὸς
2566 1220 2980 1295 καταναλίσκον,
3013 1220 3242 1297 δύναμις
3280 1224 3483 1303 ἷσ-χυρὰ
3537 1230 3619 1285 καί
3668 1229 3864 1303 ἀπροσ-

2230 1310 2484 1380 άντητος,
2515 1308 2551 1384 ᾖ
2584 1307 2753 1383 μηδὲν
2799 1309 3059 1367 ἀδύνάτον
3111 1315 3246 1389 (43),
3277 1312 3422 1371 ἀλλᾶ
3478 1318 3565 1372 καί
3615 1319 3674 1373 τὸ
3725 1319 3855 1376 ἀπο·

2232 1396 2383 1453 λὲσαι
2417 1396 2663 1456 δυνατόν.
2690 1401 2818 1475 Περῖ
2849 1402 3107 1473 τοιαύτης
3138 1400 3421 1478 δυνάμεως
3458 1405 3541 1461 καὶ
3588 1407 3615 1461 ὁ
3662 1409 3846 1485 Σωτὴρ

2232 1486 2379 1563 λέγει
2417 1508 2428 1520 ·
2460 1493 2573 1566 Πῦρ
2603 1487 2778 1559 ἦλθον
2813 1488 3000 1566 βαλεῖν
3047 1490 3134 1547 ἐπὶ
3188 1494 3289 1563 τήν
3349 1501 3475 1571 γῆν,
3507 1492 3740 1565 δηλονότι
3760 1494 3841 1552 δύο

2229 1598 2413 1652 ναμιν,
2442 1579 2551 1634 τῶν
2614 1581 2707 1653 μὶν
2767 1579 2921 1657 άγίαν
2969 1585 3323 1657 καθαρτικήν,
3370 1589 3480 1639 τῶν
3536 1581 3590 1640 δὶ
3638 1584 3847 1658 tium,

470 1677 588 1733 bile
618 1675 696 1731 sit
724 1674 964 1744 insuper
991 1676 1049 1726 et
1079 1670 1319 1742 perdere
1350 1684 1478 1723 eam
1530 1683 1719 1739 posse.
1773 1664 1854 1721 De
1910 1665 2106 1720 virtute

2231 1668 2305 1730 ὡς
2352 1669 2445 1741 μὲν
2478 1666 2673 1723 ἐκεῖνοι
2704 1670 2883 1745 φασίν,
2918 1670 3271 1749 ἆφανιστικήν
3309 1692 3322 1706 ’
3354 1674 3431 1730 ὡς
3482 1671 3539 1729 δὲ
3592 1676 3741 1748 ⁴ἡμεῖς
3793 1672 3845 1729 ἃν

472 1766 581 1822 hac
612 1763 868 1820 afﬁrmat
895 1760 1157 1816 Salvator
1190 1776 1203 1813 :
1235 1760 1421 1828 Ignem
1461 1757 1588 1812 veni
1632 1756 1848 1811 mittere
1894 1755 1957 1810 in
2009 1758 2106 1810 ter-

2232 1756 2490 1858 pa‘in‘pev,
2523 1754 2894 1830 παιδευτικέν.
2947 1762 3106 1835 Ἔχει
3158 1758 3215 1817 δὶ
3255 1761 3343 1817 καὶ
3399 1758 3570 1841 φόϐον
3623 1762 3682 1818 τὸ
3734 1766 3856 1840 πῦρ,

470 1875 595 1913 ram
625 1857 739 1928 (a);
771 1853 1052 1909 nimirum
1086 1850 1379 1919 virtutem,
1416 1866 1541 1921 quae
1590 1849 1827 1920 quidem
1878 1850 2106 1902 sanctos

2224 1846 2314 1899 καὶ
2346 1842 2596 1922 διάχυσιν
2623 1849 2685 1901 τὸ
2716 1852 2850 1925 φῶς.

467 1960 715 2029 purgat;
752 1956 1054 2007 terrestres
1081 1955 1298 2016 autem,
1347 1952 1520 2021 prout
1567 1950 1839 2003 asserunt
1887 1945 1992 2015 illi,
2040 1945 2213 2013 delet,
2245 1947 2494 2003 destruit
2527 1964 2540 2003 :
2577 1950 2870 2005 sententia
2899 1966 3033 2005 vero
3064 1954 3265 2007 nostra
3294 1957 3402 2021 est,
3436 1954 3592 2024 quod
3622 1953 3853 2011 erudiat.

468 2045 630 2118 Ignis
660 2046 853 2097 autem
890 2040 1183 2107 timorem,
1217 2037 1317 2093 lux
1348 2036 1721 2093 diil‘usionem
1756 2035 1952 2091 habet.

535 2132 775 2190 XXVII.
809 2130 933 2188 Non
964 2134 1163 2184 autem
1196 2128 1564 2199 scripserunt
1588 2125 1872 2196 seniores,
1924 2140 2117 2196 neque

467 2223 584 2280 illis
612 2221 928 2287 arridebat,
964 2227 1026 2274 ut
1054 2234 1195 2273 cura
1238 2215 1572 2271 traditionis
1622 2216 1897 2272 docendae
1947 2214 2115 2270 alteri

467 2326 621 2369 cura;
651 2327 717 2366 ac
749 2308 1044 2365 scribendi
1074 2304 1260 2362 labori
1293 2305 1681 2375 incumberet,
1722 2320 1827 2359 nec
1875 2303 2112 2375 quidem

469 2402 558 2457 uti
579 2406 814 2471 tempus
836 2393 1277 2469 praemeditandi
1304 2410 1426 2466 quae
1448 2397 1648 2449 essent
1677 2393 1922 2449 dicenda
1976 2393 2114 2449 scri-

472 2490 666 2559 bendo
690 2487 1073 2542 insumerent.
1098 2483 1370 2538 Fortasse
1400 2500 1529 2538 vero
1562 2499 1695 2537 cum
1719 2483 1981 2553 ejusdem
2012 2500 2115 2555 ge-

476 2580 558 2637 nii
592 2594 708 2632 non
738 2591 867 2630 esse
901 2588 1245 2645 persuasum
1277 2571 1611 2640 habuerint,
1646 2570 1823 2628 libros
1874 2589 2113 2644 compoo

482 2667 659 2723 nendi
691 2670 866 2734 atque
896 2660 1143 2718 docendi
1176 2661 1461 2728 studium,
1496 2659 1813 2732 unicuique
1843 2663 1995 2732 quod
2048 2680 2116 2718 ex

474 2756 671 2813 indole
702 2758 876 2818 esset,
900 2751 1315 2823 permiserunt.
1336 2750 1559 2821 Quippe
1591 2748 1841 2805 alterum
1876 2751 2113 2823 quidem

470 2845 653 2901 libere
683 2848 860 2913 atque
886 2842 1108 2910 impetu
1144 2839 1397 2910 quodam
1424 2854 1493 2893 ex
1522 2855 1619 2893 ore
1651 2839 1899 2895 dicentis
1930 2841 2116 2896 ﬂuens

472 2934 586 2990 cito
618 2948 735 2987 una
764 2945 967 3001 rapere
1000 2931 1221 2999 potest;
1255 2926 1506 2982 alterum
1537 2932 1759 2991 autem,
1792 2930 1946 2999 quod
1979 2945 2112 2984 exa-

468 3022 610 3079 mini
643 3020 954 3092 diligenter
982 3017 1300 3089 legentium
1335 3017 1593 3087 quotidie
1638 3017 1946 3088 subdatur,
1994 3018 2112 3074 dis-

465 3110 842 3183 quisitionem
869 3123 1161 3162 summam
1188 3105 1824 3178 postulat,operamque
1844 3106 2109 3162 sedulam

2299 2124 2413 2181 KZ'.
2446 2124 2561 2181 Οὐκ
2616 2124 2846 2204 ἔγραφον
2902 2123 2960 2181 δὶ
3012 2126 3063 2181 οἱ
3117 2124 3501 2204 πρεσϐύτεροι,
3540 2133 3676 2204 μήτε
3726 2130 3851 2186 άπα-

2226 2212 2452 2287 σχολεῖν
2488 2212 2818 2288 βουλόμενοι
2848 2216 2946 2285 τὴν
2979 2212 3370 2287 διδασκαλικὴν
3398 2224 3498 2289 τῆς
3531 2216 3852 2295 παραδόσεως

2225 2299 2484 2379 φροντίδα
2534 2304 2607 2374 τῆ
2652 2303 2774 2380 περὶ
2826 2305 2887 2359 τὸ
2943 2305 3167 2383 γράφειν
3222 2304 3368 2383 ἄλλῃ
3423 2306 3690 2385 φροντίδι,
3727 2306 3851 2382 μηδι

2228 2390 2335 2463 μὴν
2368 2391 2459 2446 τὸν
2500 2396 2597 2446 τοῦ
2649 2394 3077 2467 προσκέπτεσθαι
3131 2395 3198 2450 τὰ
3254 2393 3638 2472 λεχθησόμενα
3683 2398 3847 2472 καιρὸν

2223 2478 2707 2544 καταναλίσκοντες
2758 2481 2834 2545 εἷς
2877 2483 3291 2561 γραφήν.Τάχα
3348 2482 3407 2541 δὲ
3462 2484 3587 2542 ούδὶ
3633 2493 3730 2557 τῆς
3774 2484 3853 2541 αὖ·

2222 2575 2323 2639 τῆς
2351 2570 2561 2644 φύσεως
2610 2569 2944 2646 κατόρθωμα
2989 2573 3051 2628 τὸ
3082 2574 3428 2630 συντακτικὸν
3478 2576 3569 2631 καὶ
3615 2572 3850 2632 διδασκα-

2225 2656 2380 2713 λικὸν
2410 2658 2550 2722 εἶδος
2584 2659 2717 2715 εἶναι
2766 2662 3144 2735 πεπεισμένοι,
3181 2667 3298 2726 τοῖς
3357 2665 3433 2729 εἷς
3482 2669 3640 2721 τοῦτο
3695 2686 3852 2743 πεφυο

2223 2747 2343 2801 κόσι
2389 2750 2757 2823 συνεχώρουν.
2790 2750 2865 2806 Τὸ
2918 2752 3012 2824 μὶν
3060 2752 3185 2828 γὰρ,
3235 2751 3530 2817 ἀκωλύτως
3579 2754 3662 2809 καῖ
3724 2752 3853 2827 μετᾶ

2225 2834 2406 2911 ῥύμῆς
2466 2834 2681 2914 φέρεται
2732 2837 2904 2914 ῥεῦμα
2955 2844 3052 2895 τοῦ
3103 2838 3381 2916 λέγοντος,
3428 2843 3518 2899 καί
3562 2865 3663 2898 που
3715 2845 3851 2917 τάχα

2225 2927 2555 3001 συναρπάσαι
2605 2924 2901 3000 δυνάμενον
2936 2948 2948 2961 ⁶
2982 2930 3045 2984 τὸ
3090 2928 3166 2999 δὲ,
3205 2932 3307 2987 ὑπὸ
3348 2937 3454 2987 τῶν
3507 2926 3844 3006 ἐντυγχανόν-

2219 3036 2330 3070 των
2376 3017 2486 3089 (44)
2533 3016 2786 3072 ἱκάστοτε
2838 3019 3254 3092 βασανιζόμενον
3299 3015 3561 3095 ἀκριϐῶς,
3604 3026 3699 3088 τῆς
3741 3017 3843 3089 ἐξε-

2223 3103 2425 3168 τάσεως
2461 3105 2731 3180 τυγχάνον
2778 3107 2942 3182 ἂκρας
2973 3108 3062 3162 καὶ
3092 3116 3191 3179 τῆς
3238 3106 3541 3182 ἐπιμελείας
3567 3107 3794 3179 ἀξιοῦται
3826 3125 3839 3140 ⁸

468 3200 666 3271 exigit.
700 3199 801 3253 Est
830 3196 1030 3265 etiam,
1066 3200 1128 3250 ut
1171 3196 1251 3250 ita
1299 3195 1512 3263 dicam,
1562 3197 1777 3266 scripta
1826 3195 2103 3251 doctrinm

2220 3190 2476 3249 καὶέστιν
2512 3197 2625 3249 οἷον
2687 3195 2855 3251 εἰπεῖν
2913 3191 3185 3274 ἔγγραφος
3228 3195 3571 3261 διδασκαλίας
3623 3192 3845 3273 βεϐαίω-

466 3286 857 3353 conﬁrmatio,
889 3285 1090 3355 sicque
1120 3283 1189 3337 ad
1221 3288 1463 3355 nepotes
1496 3282 1603 3337 hoc
1653 3283 1825 3339 modo
1871 3283 2108 3355 scriptis

460 3376 857 3435 transmissio.
890 3373 1115 3445 Quippe
1139 3372 1437 3428 seniorum
1471 3371 1818 3443 depositum,
1853 3389 1921 3427 ex
1958 3373 2104 3428 scri-

462 3474 561 3540 pto
583 3468 851 3538 loquens,
884 3462 1168 3533 scriptore
1192 3461 1376 3516 utitur
1407 3461 1697 3528 ministro,
1732 3462 1802 3516 ad
1837 3462 2102 3517 traditio-

462 3573 595 3613 nem
619 3570 821 3611 eorum
844 3568 973 3623 quae
996 3551 1290 3622 leguntur.
1325 3550 1411 3606 Ad
1434 3551 1708 3606 eumdem
1742 3550 1938 3621 itaque
1975 3567 2101 3607 mo-

461 3645 603 3702 dum
635 3660 750 3716 quo
779 3646 1013 3713 Magnes
1047 3639 1219 3711 lapis,
1249 3638 1373 3694 aliis
1424 3641 1679 3695 materiae
1728 3639 2101 3710 conjunctus,

460 3735 680 3790 ferrum
711 3729 1344 3800 solummodu,propter
1365 3727 1853 3784 necessitudinem
1879 3744 1996 3800 qua
2018 3729 2103 3785 illi

462 3823 541 3878 sit
570 3822 768 3887 afﬁne,
800 3819 871 3874 ad
903 3835 967 3875 se
996 3817 1208 3884 trahit;
1242 3817 1324 3873 sic
1351 3818 1524 3873 etiam
1557 3816 1710 3886 libri,
1745 3816 1911 3871 multi
1965 3834 2099 3873 cum

460 3912 583 3969 sint
612 3910 713 3983 qui
743 3908 814 3965 iis
841 3910 1167 3976 versantur,
1201 3907 1307 3962 hos
1334 3908 1568 3962 tantum
1600 3905 1971 3978 trahunt,qui
2007 3907 2096 3962 in-

455 3999 753 4073 telligendi
788 3996 1003 4054 fuerint
1053 4012 1316 4068 capaces.
1370 3994 1635 4051 Veritatis
1678 3995 1834 4050 enim
1887 4011 2098 4067 sermo,

456 4091 589 4147 aliis
635 4088 855 4162 quidem
904 4085 1147 4142 stultitia
1204 4085 1300 4157 (b),
1361 4084 1492 4141 aliis
1544 4100 1679 4141 vero
1736 4083 2100 4146 scandalum:

456 4179 656 4251 paucis
682 4182 875 4234 autem
907 4181 999 4231 est
1028 4174 1337 4246 sapientia.
1369 4174 1462 4230 Sic
1498 4172 1593 4229 Dei
1640 4173 1826 4229 virtus
1876 4174 2096 4230 inveni-

454 4276 572 4339 tur,
626 4267 764 4325 licet
810 4264 1030 4321 invidia
1095 4267 1405 4336 rumpatur
1463 4262 1735 4335 gnostici.
1786 4266 2098 4336 Propterea

457 4358 667 4430 quaerit
686 4356 963 4426 etiam,an
987 4352 1051 4417 ἰ(
1072 4354 1238 4425 pejus
1265 4353 1440 4409 fuerit
1467 4352 1707 4425 indigno
1734 4351 1983 4416 dare,vel
2007 4352 2096 4407 di-

458 4464 572 4519 gno
604 4447 760 4503 haud
794 4448 1050 4518 praebere
1081 4462 1094 4500 :
1125 4459 1356 4517 praeque
1389 4444 1568 4497 nimio
1601 4457 1819 4508 amore,
1866 4440 2092 4512 pericu-

454 4537 578 4593 lum
609 4540 731 4603 est;
767 4552 837 4591 ne
870 4552 983 4592 non
1017 4534 1209 4590 solum
1253 4531 1436 4600 omni,
1486 4531 1578 4587 cui
1628 4532 1847 4595 deceat,
1887 4547 2089 4586 verum

453 4626 630 4681 etiam
660 4624 954 4680 interdum
986 4623 1229 4694 indigno
1260 4620 1476 4677 fervide
1506 4620 1725 4692 petenti
1756 4618 2091 4675 communi-

2218 3303 2320 3352 σις,
2352 3282 2442 3338 καὶ
2472 3283 2548 3347 εἷς
2578 3283 2704 3347 τοὺς
2739 3284 3025 3361 ὀψιγόνους
3059 3286 3233 3351 οὕτως
3292 3285 3383 3345 διὰ
3425 3295 3523 3360 τῆς
3564 3286 3848 3357 συντάξεως

2216 3373 2725 3448 παραπεμπομένης
2780 3378 2877 3441 τῆς
2934 3382 3143 3453 φωνῆς.
3194 3378 3257 3434 Ἥ
3313 3378 3418 3453 γὰρ
3474 3382 3579 3433 τῶν
3633 3369 3852 3452 πρεσϐυ-

2213 3462 2383 3537 τέρων
2466 3466 2917 3538 παρακαταθήκη,
2978 3462 3069 3520 διὰ
3128 3468 3228 3536 τῆς
3299 3474 3515 3546 γραφῆς
3596 3465 3850 3535 λαλοῦσα,

2217 3552 2477 3628 ὑπουργῷ
2510 3555 2713 3627 χρῆται
2770 3557 2850 3625 τῷ
2896 3552 3159 3632 γράφοντι
3216 3556 3353 3632 πρὸς
3405 3558 3505 3624 τὴν
3560 3553 3846 3633 παράδοσιν

2210 3644 2317 3694 τῶν
2378 3639 2791 3713 ἐντευξομένων.
2828 3642 3079 3716 Καθάπερ
3138 3644 3228 3699 οὗν
3278 3647 3313 3714 ἡ
3358 3651 3628 3721 μαγνῆτις
3683 3643 3848 3715 λίθος,

2209 3730 2309 3797 τήν
2370 3728 2547 3800 ἄλλην
2607 3728 2745 3800 ὕλην
2807 3735 3308 3806 παραπεμπομένη,
3359 3733 3521 3809 μόνον
3584 3733 3851 3813 ἐφέλκεται

2212 3814 2282 3871 δι’
2310 3815 2730 3888 ἐπιτηδειότητα
2753 3820 2843 3874 τὸν
2878 3818 3101 3896 σίδηρον
3137 3840 3150 3853 °
3187 3820 3359 3885 οὕτως
3406 3825 3495 3879 καὶ
3553 3824 3619 3879 τὰ
3649 3817 3853 3899 βιϐλία,

2209 3904 2437 3961 πολλῶν
2472 3902 2641 3962 ὄντων
2674 3912 2781 3963 τῶν
2814 3906 3275 3986 ἐντυγχανόντων,
3306 3910 3437 3974 τοὺς
3471 3909 3623 3976 οἵους
3649 3933 3706 3968 τε
3734 3931 3851 3966 συν-

2214 3995 2345 4050 ιέναι
2381 3997 2581 4069 μόνους
2624 3996 2912 4053 ἐπισπᾶται
2948 4018 2960 4031 ⁸
2997 4000 3025 4054 ὁ
3073 4001 3177 4075 γὰρ
3219 4006 3319 4070 τῆς
3376 4000 3639 4073 ἀληθείας
3695 4000 3853 4076 λόγος

2206 4090 2325 4147 τοῖς
2378 4086 2472 4158 μὶν
2520 4085 2720 4160 μωρία,
2767 4092 2883 4151 τοῖς
2932 4085 2989 4143 δὲ
3035 4086 3357 4158 σκάνδαλον,
3394 4088 3611 4165 ὀλίγοις
3665 4088 3722 4146 δὶ
3768 4109 3851 4144 σο-

2210 4173 2303 4251 φία
2331 4193 2344 4206 ο
2386 4173 2561 4237 οὕτως
2592 4175 2682 4229 καὶ
2716 4173 2945 4248 δύναμις
2991 4177 3292 4252 εὑρίσκεται
3338 4182 3472 4235 Θεοῦ
3504 4198 3518 4211 '
3557 4182 3752 4259 φθόνος
3798 4173 3854 4231 δὶ

2207 4261 2368 4333 ἀπείη
2406 4264 2517 4335 (46)
2548 4268 2857 4339 γνωστικοῦ
2892 4285 2904 4298 ·
2940 4262 3029 4319 διιὶ⁴
3068 4270 3230 4322 τοῦτο
3261 4268 3359 4343 γὰρ
3408 4266 3497 4321 καὶ
3554 4273 3725 4341 ζητεῖ,
3756 4264 3849 4322 πόο

2205 4371 2357 4425 τερον
2405 4356 2597 4427 χεῖρον
2648 4353 2845 4426 ἀναξίῳ
2888 4350 3094 4428 δοῦναι,
3122 4356 3157 4425 ἢ
3198 4354 3332 4427 ἀξίῳ
3365 4357 3440 4429 μή
3475 4354 3811 4434 παραδοῦναι
3835 4372 3851 4388 ⁸

2204 4441 2293 4494 καὶ
2350 4436 2646 4495 κινδυνεύει
2709 4441 2810 4496 ὑπὸ
2865 4439 3085 4512 πολλῆς
3133 4450 3233 4513 τῆς
3291 4443 3526 4519 ἀγάπης,
3576 4448 3641 4503 οὐ
3692 4446 3850 4520 μόνον

2205 4528 2369 4584 παντὶ
2395 4532 2474 4601 τῷ
2503 4531 2858 4603 προσήκοντι,
2892 4529 3017 4586 ἀλλ’
3045 4525 3153 4587 ἔσθ’
3177 4533 3267 4588 ὅτε
3303 4534 3390 4588 καὶ
3438 4535 3642 4610 ἀναξίῳ
3692 4534 3849 4591 λιπα-

2202 4623 2312 4692 ρῶς
2345 4615 2584 4691 δεομένῳ
2612 4620 2992 4692 κοινωνήσειν,
3025 4620 3087 4676 ού
3120 4618 3209 4676 διὰ
3235 4623 3335 4693 τήν
3374 4619 3560 4694 δέησιν
3594 4645 3607 4659 ·
3642 4624 3705 4681 οὗ
3752 4624 3847 4701 γὰρ

453 4718 543 4770 cet
574 4732 586 4769 ε
622 4730 736 4768 non
786 4716 1023 4784 propter
1074 4711 1419 4778 orationem,
1472 4708 1689 4782 quippe
1734 4725 1849 4764 non
1901 4708 2091 4763 laudis

2220 4704 2481 4777 ριλοδοξεῖ
2511 4726 2524 4739 ⁸
2560 4704 2705 4762 άλΑᾶ
2736 4705 2826 4762 διὰ
2850 4709 2951 4777 τὴν
2979 4708 3246 4783 ἐπιμονὴν
3276 4715 3373 4767 τοῦ
3404 4708 3669 4786 δεομένου
3696 4712 3852 4788 μελε-

449 4819 645 4859 amore
676 4802 1069 4866 movetur,sed
1100 4808 1334 4873 propter
1364 4796 1854 4871 perseverantiam
1891 4801 2089 4870 peten-

441 4892 546 4963 tis,
579 4890 838 4947 oratione
871 4890 1094 4962 prolixa
1116 4891 1187 4945 ad
1223 4889 1395 4945 tidem
1434 4886 1699 4942 animum
1745 4886 2089 4943 erudientis.

517 5019 581 5082 .1.
612 5014 673 5064 p.
701 5010 805 5064 987
838 5010 948 5065 ED.
988 5008 1291 5063 POTTER.

519 5134 632 5207 (43)
656 5137 724 5201 ᾚ
758 5128 926 5205 μηδὲν
958 5127 1338 5207 ἀδύνατονλῐῑι
1368 5128 1695 5207 Elapsum
1736 5127 1908 5181 etiam
1952 5127 2097 5207 al_t_e_-_

444 5195 571 5262 rius
604 5195 909 5277 scripturae
940 5204 1201 5277 vestigia,
1235 5203 1271 5270 ἢ
1307 5197 1475 5272 μηδὲν
1501 5195 1921 5269 ἀδύνατος,‹]ιιε
1951 5199 2096 5255 nihil

441 5295 553 5334 non
585 5276 767 5347 facere
791 5276 937 5347 potis
960 5282 1067 5347 est.
1103 5276 1390 5347 SYLsuaG.

516 5340 623 5437 (Μ)
656 5340 921 5437 genere.»
956 5343 1173 5437 ὲντυγχ.
1209 5346 1338 5437 Noq
1368 5345 1565 5433 minus
1592 5347 1724 5437 apte
1750 5340 2093 5437 sicilegeris,

448 5412 552 5503 ῦπδ
579 5412 732 5503 ,τῶν
796 5412 1251 5503 ἐντυγχανόντων
1321 5414 1571 5503 ἑκάστοτε
1628 5412 2094 5503 βασανιζόμενον,

448 5483 704 5562 ᾁκριϐοῦς
760 5491 858 5562 τῆς
910 5483 1199 5558 ἐξετάσεως
1272 5486 1562 5562 τυγχάνον,
1620 5483 1787 5558 ἄκρας
1848 5484 1939 5539 καὶ
1997 5490 2097 5553 τῆς

450 5556 769 5628 ἱπίμελείας
792 5556 1055 5629 ἀξιοῦται.
1091 5563 1218 5618 SYL.

520 5626 630 5701 (135)
663 5626 961 5705 Μαγνῆτις.
1009 5629 1348 5689 Similitudo
1406 5629 1477 5684 de
1537 5626 1829 5700 Magnetis
1879 5626 2096 5700 lapidis

2198 4800 2406 4858 τῶντος
2437 4793 2512 4857 εἷς
2541 4794 2719 4851 πίστιν
2750 4792 2838 4851 διὰ
2868 4796 3089 4869 πολλῆς
3115 4806 3213 4869 τῆς
3246 4796 3506 4872 δεήσεως.

1368 5006 1452 5078 (a)
1486 5009 1619 5060 Luc.
1652 5021 1753 5071 xu,
1787 5004 1875 5058 49.
1951 5005 2028 5075 (b)
2060 5006 2081 5059 Ι
2110 5007 2242 5061 Cor.
2276 5021 2315 5071 ι,
2351 5004 2437 5060 18.

2205 5131 2439 5212 natura,
2471 5132 2755 5212 usurpata
2792 5129 2973 5212 etiam
2984 5202 2994 5212 ι
3023 5145 3222 5212 supra,
3255 5146 3388 5212 pag.
3435 5130 3563 5201 299,
3594 5137 3651 5188 et
3696 5130 3848 5212 apud

2205 5200 2528 5271 Philonem,
2559 5216 2614 5270 p.
2644 5200 2769 5271 630,
2790 5202 2892 5255 sed
2923 5200 3116 5257 aliam’
3131 5200 3269 5271 ejus
3291 5200 3370 5255 rei
3402 5200 3643 5259 causam
3667 5200 3848 5259 adho-

2204 5270 2606 5398 gtwiq‘znnes
2662 5270 2979 5327 Broddzeus
3023 5270 3251 5328 Μίδεια.
3305 5270 3410 5328 lib.
3460 5289 3546 5344 ιιι,
3598 5291 3727 5347 cap.
3756 5273 3845 5329 29.

2243 5358 2485 5398 YLBURG.

2216 5483 2227 5494 .
2276 5414 2387 5499 fit?)
2422 5410 2660 5499 φθάνοι.
2685 5407 2742 5496 ξδ
2790 5412 2865 5465 ἀπ
2915 5416 3140 5499 ξθηειιεξ
3183 5416 3294 5483 θοι»
3338 5413 3455 5499 Pet
3482 5415 3651 5499 (αδειι
3694 5413 3849 5497 rem

2203 5483 2445 5565 invidie)
2476 5484 2733 5565 gnostici,
2764 5499 2805 5540 ι.
2837 5500 2890 5565 e_.
2923 5483 3177 5565 hominis
3207 5485 3463 5565 gnostici
3487 5483 3550 5565 in
3597 5485 3847 5565 divinam

2204 5556 2527 5629 quamdam
2558 5561 2833 5629 naturam
2866 5555 3243 5629 transmutati
3269 5572 3283 5612 :
3310 5557 3465 5629 quod
3498 5564 3695 5615 tamen
3713 5555 3848 5613 abs-

2204 5625 2318 5699 que
2348 5626 2571 5685 invidia
2599 5625 2822 5685 dictum
2850 5626 3002 5686 volo.
3033 5627 3325 5685 SYLBURG.
