4078 6146
378 341 488 397 713

1189 341 1434 397 DUBIA.
1468 370 1534 381 —
1561 338 1867 396 nomen
1903 334 2007 391 sx
2045 334 2473 390 scmp'rmus
2509 302 2999 396 morsmors.

3694 333 3803 389 714

370 456 375 460 ’
456 466 588 523 KH'.
633 465 754 524 Εἰσὶ
812 462 859 520 δ’
919 463 994 533 o'l,
1056 463 1315 539 λέγοντες
1369 462 1503 519 εἶναι
1556 459 1869 538 γνωστικοὶ,
1920 462 2022 513 τοῖς

2223 458 2474 515 XXVIII.
2507 459 2660 516 Sunt
2688 477 2819 517 vero
2850 462 2951 533 qui
2985 476 3121 518 cum
3150 459 3405 534 gnostici
3438 473 3568 517 esse
3602 458 3802 516 dican-

380 556 604 618 οἰκείοις
652 556 880 633 φθνοῦσι
929 552 1145 627 μᾶλλον
1193 555 1229 625 ἢ
1272 558 1389 615 τοῖς
1436 551 1610 614 ὶκτός.
1660 552 1748 613 Ὠς
1790 547 1849 605 δὲ
1876 551 1912 619 ἡ
1945 546 2042 613 θά-

381 644 559 701 λασσα
606 644 814 701 ἀνίεται
857 645 974 717 (47)
1020 648 1204 715 πᾶσιν,
1253 641 1380 698 ἀλλ’
1427 642 1455 696 6
1492 642 1586 714 μὲν
1636 642 1888 715 νήχεται,
1922 638 1951 692 6
1983 634 2041 692 δὲ

378 733 744 811 ἐμπορεόται,
774 734 803 788 6
836 731 895 788 δὶ
948 732 1162 807 ἀγρεύει
1207 730 1335 793 τοὺς
1385 730 1564 805 ἰχθῦς.
1618 729 1719 784 Καὶ
1770 730 1845 790 ὡς
1884 730 1920 796 ἡ
1963 732 2035 801 γῆ

379 826 569 895 κοινὴ,
622 821 750 879 ἀλλ’
783 823 811 877 6
847 822 941 894 μὶν
989 818 1185 888 ὁδεύει,
1211 822 1239 875 6
1276 817 1332 876 δὶ
1367 822 1513 895 ἀροῖ,
1543 820 1684 893 θηρᾶ
1732 815 1790 872 δὲ
1833 812 2039 891 ἕτερος,

380 912 475 968 καί
516 933 603 976 τις
641 909 815 973 ἄλλος
864 909 1110 984 μέταλλα
1160 908 1348 982 ἐρευνᾷ
1394 910 1530 979 (48),
1565 908 1592 961 6
1620 904 1677 961 δὲ
1731 902 2035 977 οἴκοδομεῖο

388 1001 565 1063 οὕτως
606 1001 692 1056 καὶ
737 1007 837 1069 τῆς
888 1002 1103 1076 Γραφῇς
1154 998 1683 1073 ἀναγινωσκομὲντδς,
1733 997 1762 1049 6
1814 994 1907 1068 μὲν
1960 993 2037 1056 εἰς

389 1090 589 1159 πίστιν,
618 1091 646 1143 6
678 1086 735 1144 δὲ
775 1087 850 1150 εἷς
895 1088 1026 1157 ἦθος
1075 1085 1395 1157 ὠφελεῖται,
1426 1086 1736 1160 ἀπαιρεῖται
1771 1081 1827 1139 δὲ
1862 1081 2035 1144 ἄλλος

387 1176 809 1252 δεισιδαιμονίαν
853 1178 987 1251 (49),
1046 1172 1128 1239 δις
1182 1182 1282 1246 τῆς
1341 1175 1687 1252 ἐπιγνώσεως
1730 1177 1838 1229 τῶν
1892 1192 2036 1248 πρα-

385 1269 634 1341 γμάτωνο
692 1266 721 1320 6
779 1262 838 1321 δὶ
904 1264 1173 1336 ἀθλητὴς.
1250 1265 1519 1341 γνωρίσας
1585 1264 1649 1318 τὸ
1700 1260 1914 1317 στάδιον
1971 1260 2034 1316 τὰ

380 1354 779 1429 Ὀλυμπιακὸν,
828 1353 1194 1410 ἰπαποδύεται
1234 1358 1305 1428 τῇ
1365 1352 1690 1424 διδασκαλίᾳ
1746 1353 1835 1407 καὶ
1885 1350 2034 1406 ἀλω-

370 1444 601 1515 νίζεται,
632 1444 723 1500 καὶ
766 1443 1068 1520 νικηφόρος
1116 1444 1347 1519 γίνεται,
1394 1441 1521 1505 τοὺς
1568 1440 1899 1502 ἀντιπάλους
1943 1441 2031 1495 καὶ

373 1533 817 1609 κατατρέχοντας
867 1541 969 1604 τῆς
1030 1540 1339 1609 γνωπικῆς
1398 1530 1527 1587 ὁδοῦ
1581 1530 2033 1607 παρακρουσάμε-

373 1645 469 1687 νος
520 1623 611 1680 καὶ
665 1623 1091 1698 ἀγωνισάμενος.
1144 1620 1445 1697 ’Δναγκαία
1489 1621 1674 1697 γὰρ-ἡ
1704 1620 1899 1695 γνῶσις
1943 1618 2032 1673 καὶ

379 1711 519 1785 πρὸς
563 1715 749 1787 ψυχῆς
801 1711 1102 1787 γυμνασίαν
1148 1712 1239 1767 καὶ
1297 1711 1432 1785 πρὸς
1490 1709 1794 1782 σεμνότητα
1839 1707 2030 1777 ἤθους,

378 1800 912 1877 ἀξιεντρεπτοτέρους
968 1805 1202 1856 ποιοῦσα
1267 1799 1396 1861 τοὺς
1464 1799 1714 1869 πιστοὺς,
1768 1798 1860 1852 καὶ
1914 1800 2025 1852 τῶν
2054 1827 2104 1893 Β

375 1892 709 1966 πραγμάτων
754 1884 998 1967 ἀκριϐεῖς
1048 1889 1260 1952 θεατάς.
1313 1889 1401 1951 Ὠς
1450 1888 1553 1964 γὰρ
1611 1888 1715 1942 οὑκ
1764 1884 1874 1942 ἔστι
1922 1906 2025 1940 πι-

371 1983 585 2034 στεῦσαι
625 1980 752 2034 ἄνευ
799 1981 1189 2055 κατηχήσεως,
1240 1977 1413 2041 οὕτως
1454 1974 1582 2034 οὐδὲ
1629 1970 2024 2032 καταλαϐέσθαι

368 2064 489 2123 ἄνευ
518 2066 797 2142 γνώσεως.

439 2357 558 2426 ΚΘ..
591 2356 715 2407 Τῶν
758 2351 863 2427 γὰρ
914 2350 1232 2428 εὐχρήστων
1289 2352 1376 2406 καὶ
1439 2351 1742 2427 ἀναγκαίων
1801 2354 1913 2425 (50)
1944 2353 2021 2416 εἷς

363 2440 662 2517 σωτηρίαν,
704 2441 820 2495 οἶον
861 2442 1070 2515 Ηατρὸς
1115 2440 1205 2495 καὶ
1254 2440 1384 2494 Υἱοῦ
1426 2439 1519 2494 καὶ
1562 2439 1723 2515 ἁγίου
1771 2442 2019 2515 Πνεῦμα-

360 2550 483 2603 τος,
530 2527 678 2585 ἀλλὰ
709 2529 799 2585 καὶ
850 2534 952 2596 τῆς
997 2528 1269 2605 ἡμετέρας
1311 2532 1497 2604 ψυχῆς
1539 2526 1621 2585 δεῖ
1667 2531 1885 2594 πάντως
1930 2532 2020 2586 καὶ

364 2618 460 2674 τὸν
492 2624 621 2694 περῖ
662 2619 839 2674 αὐτῶν
897 2618 1085 2695 λόγον,
1141 2617 1200 2682 ὅς
1256 2616 1366 2672 ἐστι
1421 2619 1746 2695 γοωστικὸς,
1807 2616 2018 2695 εὔχρη-

369 2728 497 2762 στον
526 2709 667 2780 ὁμοῦ
696 2708 784 2763 καὶ
814 2709 1096 2785 ἀναγκαῖον
1146 2706 1459 2783 τυγχάνειν.
1492 2711 1623 2770 Τοῖς
1675 2705 1734 2763 δὲ
1780 2710 1868 2763 καὶ
1916 2710 2014 2778 τήν

369 2797 701 2869 προστασίαν
735 2797 1171 2872 ἐπανῃρημένοις
1214 2800 1312 2850 τοῦ
1360 2794 1591 2873 ὠφελεῖν
1645 2794 1951 2872 εὔχρηστος
1980 2800 2014 2868 ἡ

373 2885 703 2959 πολυπειρία
750 2887 887 2961 πρὸς
935 2887 999 2941 τὸ
1036 2887 1110 2959 μή
1146 2883 1419 2940 διαΛαθεῖν
1447 2906 1499 2940 τι
1549 2890 1657 2940 τῶν
1709 2885 2014 2941 δοκούντων

370 2977 500 3050 παρ’
543 2972 738 3037 ἄλλοις
792 2974 1097 3050 ἀναγκαίως
1137 2976 1229 3030 καὶ
1286 2972 1625 3048 πολυμαθῶς
1675 2974 2014 3052 ἐνεγνῶσθαι.

371 3065 527 3139 Φέρει
564 3061 623 3119 δὲ
658 3063 749 3119 καὶ
808 3063 954 3134 ἄλλη
1005 3062 1398 3140 συγγυμνασίαν
1454 3067 1561 3137 (51)
1609 3066 1795 3139 ψυχῆς
1845 3065 2018 3136 ξητη-

366 3160 523 3223 τικῆς
572 3155 609 3222 ἡ
665 3160 768 3223 τῆς
831 3151 1165 3227 ἑτεροδόξου
1224 3150 1579 3215 διδασκαλίας
1640 3151 1867 3226 ἔκθεσις,
1925 3154 2014 3209 καὶ

368 3242 767 3313 ἀνεξαπάτητον
806 3248 908 3312 τῆς
957 3240 1197 3312 ἀληθοῦς
1244 3243 1357 3315 (52)
1402 3244 1562 3313 τηρεῖ
1605 3243 1697 3297 τὸν
1746 3244 2016 3315 μαθητὴν,

365 3331 845 3404 περισαλπίζεσθαι
946 3332 1208 3386 πάντοθεν
1274 3327 1386 3403 ἤδη
1486 3330 2012 3406 προμεμελετηκότα

363 3425 484 3484 τοῖς
509 3419 841 3494 πολεμικοῖς
869 3418 1146 3495 ὀργάνοις.

436 3619 519 3675 Α’.
567 3619 681 3675 Τοῦ
737 3619 1042 3691 γνωστικοῦ
1086 3614 1282 3689 νόμου,
1338 3614 1575 3690 καθάπερ
1636 3614 1852 3691 λέγουσι
1908 3617 2009 3685 τὴν

362 3708 582 3783 Κρήτην
641 3703 834 3783 ἄγονον
895 3709 1026 3759 εῖναι
1086 3703 1291 3778 θηρίων
1355 3703 1703 3780 ὀλεθρίων,ὁ
1740 3704 1856 3778 βίος
1912 3726 2007 3759 κα-

366 3797 530 3873 θαρὸς
576 3795 682 3849 ἀπὶ
729 3794 929 3856 παντὸς
986 3797 1232 3870 πονηροῦ
1275 3790 1434 3868 ἔργου
1485 3813 1544 3847 τε
1591 3795 1681 3849 καὶ
1735 3796 2013 3867 νοήματος

362 3884 457 3941 καὶ
506 3884 702 3960 λόγου,
751 3880 873 3939 οὔτε
927 3883 1125 3960 ἐχθρὸν
1176 3881 1400 3957 ἔχοντος
1445 3883 1508 3937 τὸ
1554 3883 1828 3958 παράπαν,
1867 3881 2014 3939 ἀλλὰ

358 3973 452 4030 καὶ
510 3973 707 4053 φθόνου
753 3972 843 4028 καὶ
877 3971 1085 4045 μίσους,
1137 3970 1227 4026 καὶ
1284 3969 1639 4050 βλασφημίας
1687 3971 1867 4043 πάσης
1914 3974 2005 4028 καὶ

365 4058 635 4133 διαϐολῆς
656 4061 807 4124 ἐκτὸς
838 4056 1009 4116 ὄντων
1044 4062 1180 4135 (53).

437 4172 567 4227 ΔΑ’.
611 4171 697 4224 Ἐν
755 4167 955 4240 πολλῷ
1000 4171 1081 4239 τῷ
1142 4166 1248 4242 βίῳ
1310 4167 1637 4243 μακαριστὸς
1695 4167 1756 4222 οὐ
1806 4165 1895 4223 διὰ
1944 4170 2007 4225 16

368 4259 573 4337 μακρὸν
621 4258 910 4333 γενόμενος
968 4259 1088 4330 ζῇν,
1119 4256 1253 4331 ᾧγε
1307 4254 1396 4310 καὶ
1454 4253 1543 4311 διὰ
1590 4258 1653 4312 τὸ
1704 4262 1861 4328 ζῆσαι
1919 4258 2010 4313 καὶ

366 4348 602 4419 ὑπῆρξεν
662 4346 797 4420 ἀξίῳ
850 4349 948 4402 τοῦ
1005 4348 1102 4418 ζῇν
1163 4343 1242 4398 ἀεὶ
1302 4344 1548 4419 γενέσθαι
1611 4347 1743 4421 (54).
1804 4344 2009 4404 Ούδὲνα

368 4435 704 4507 λελύπηκεν,
730 4434 813 4490 ὅτι
857 4440 942 4523 μῆ
989 4433 1070 4505 τῷ
1119 4430 1271 4523 λόγῳ
1322 4429 1595 4523 παιδεύων
1641 4433 1768 4497 τοὺς
1817 4433 2005 4504 ἡλκω-
2039 4457 2087 4523 D

372 4526 568 4601 μὲνους
596 4525 696 4594 τήν
744 4520 992 4601 καρδίαν,
1039 4520 1279 4595 καθάπερ
1333 4520 1514 4596 μὲλιτι
1566 4524 1843 4598 σωτηρίῳ,
1871 4523 2009 4599 γλυ-

438 4666 504 4731 ﬁt
538 4661 603 4718 P.
632 4660 739 4716 988
767 4658 879 4715 ED.
909 4657 1217 4715 POTTER.

439 4790 835 4923 Ἀνίεται.
889 4791 1107 4874 Malim,
1141 4789 1346 4844 ἀνεῖται
1388 4793 1540 4861 πᾶςι,

439 4885 524 4923 ιηι
562 4883 646 4922 us.
679 4868 827 4923 natet
857 4864 1127 4920 omnibus.
1157 4863 1446 4919 Svnsuae.

371 4862 661 4938 minibus,
679 4868 827 4938 patet
857 4862 1127 4938 omnibus.
1157 4863 1446 4938 ξνιυυιια.

439 4939 552 5010 (48)
584 4933 849 4994 Μεταλλα
903 4933 1108 5009 ἐρευνᾷ.
1162 4934 1311 5010 F103.
1332 5005 1346 5010 _
1369 4939 1429 4990 et
1459 4936 1564 5010 -Η.Δ
1588 4952 1776 5010 _mss.,
1811 4934 2023 5010 μεγάλα

363 5004 577 5087 ἆρεύνᾷ,
615 5004 1187 5087 magae-secutam};
1238 5004 1352 5087 Sed
1405 5004 1659 5087 μίταλλα
1708 5004 2023 5081 legendum

367 5076 883 5148 esse,'recte'vidit
906 5079 1082 5148 etiam
1123 5079 1276 5148 X.,et
1300 5076 1487 5148 H._In.

439 5144 1063 5228 (/19)_"A3_11-t91'i1gt_66
1109 5146 1300 5228 ,ἄλλος
1338 5144 1623 5228 ,δεινη-Η.
1688 5167 1803 5228 μισ,
1864 5150 2022 5228 ἀφαι-

365 5219 545 5299 ρεῖξτγαι
573 5219 850 5299 arma.
883 5222 995 5299 sed
1028 5219 1186 5295 vulg.
1221 5219 1391 5299 lectio
1424 5221 1649 5299 melior.
1688 5224 1767 5299 Ip.

436 5297 553 5369 (50)
618 5296 779 5369 Ἄνευ
834 5290 1294 5369 γνώσεως”τδξν
1389 5291 1514 5369 γὰρ,
1580 5290 1864 5369 εὖχήστςυν
1912 5292 2024 5369 ..καὶ

363 5361 559 5443 avexi.
614 5368 778 5443 Haud
836 5361 958 5443 scio
1011 5382 1085 5443 an
1145 5364 1337 5443 verior
1403 5361 1712 5443 scriptura
1754 5361 2025 5443 sit,_&’veo

364 5433 616 5514 γνώσεως
670 5442 777 5493 τῶν
838 5441 971 5511 γοῦν
1033 5433 1355 5514 εὐχρήστων
1418 5433 1543 5514 καὶ.-
1585 5435 1771 5512 ἀναγκ.
1822 5433 2030 5514 Absque

358 5507 683 5584 cognitione
727 5507 942 5584 eorum_
968 5507 1190 5580 quidem
1236 5520 1364 5580 quae
1410 5509 1578 5564 utilia
1619 5517 1670 5565 et
1699 5507 2031 5566 'necusa'ria

358 5581 492 5642 sui“
523 5584 595 5641 ad
623 5584 886 5640 salutem.
922 5581 1012 5638 In.

445 5656 561 5731 (51)
579 5651 762 5727 Ἀλλη
794 5671 947 5729 cm.
973 5648 1115 5723 Legi
1138 5647 1315 5709 etiam
1334 5653 1533 5724 potest
1558 5645 1737 5722 ἄλλην
1761 5669 1920 5726 om.
1945 5651 2029 5711 In.

710 5775 980 5838 Panos.
1026 5770 1142 5834 GR.
1184 5768 1295 5832 1x.

1597 4794 1905 4867 expositum
1932 4798 2012 4852 est

2140 551 2260 616 tur,
2292 549 2633 605 domesticis
2668 550 2858 623 magis
2889 566 3069 622 quam
3101 550 3316 608 exteris
3375 548 3670 607 invident.
3702 548 3794 607 Uti

2140 653 2275 692 vero
2305 636 2582 693 omnibus
2615 642 2775 711 patet
2807 656 2967 694 mare
2995 638 3275 708 liberum,
3325 640 3426 695 sed
3475 638 3626 695 alius
3662 638 3794 711 qui-

2142 726 2276 781 dem
2308 726 2368 781 in
2416 726 2620 783 eodem
2665 731 2850 798 natat,
2896 726 3048 784 alius
3092 731 3487 784 mercaturam
3544 732 3793 801 exercet,

2141 814 2501 885 piscaturam
2516 832 2649 872 vero
2668 816 2804 871 facit
2824 815 2994 873 alius.
3013 817 3082 872 Et
3092 816 3265 873 sicuti
3281 821 3436 874 terra
3455 818 3791 874 communis

2143 908 2252 975 est,
2277 903 2431 961 alius
2462 910 2661 961 tamen
2714 905 2775 961 in
2790 908 2992 963 eadem
3010 907 3121 963 iter
3138 907 3456 978 facit,alius
3470 913 3790 977 arat,vena-

2141 998 2236 1049 tur
2269 993 3006 1063 alius,metallascrutatur
3027 996 3342 1070 aliusquis,
3357 996 3509 1054 alius
3539 998 3790 1069 denique

2141 1082 2412 1151 aediﬁcat,
2460 1085 2545 1139 sic
2594 1083 3028 1155 Scripturarum
3080 1084 3348 1155 lectione,
3403 1086 3499 1143 hic
3547 1085 3788 1159 quidem

2141 1173 2214 1226 ad
2247 1172 2443 1242 ﬁdem,
2480 1174 2550 1229 ad
2586 1189 2778 1229 mores
2808 1173 3131 1231 aediﬁcatur
3160 1174 3282 1242 ille,
3311 1176 3788 1248 superstitionem

2141 1260 2294 1317 alius
2324 1262 2583 1333 deponit,
2618 1279 2827 1335 nempe
2856 1264 3012 1334 quod
3044 1281 3137 1320 res
3162 1264 3401 1336 penitus
3439 1269 3779 1337 cognoscat.

2141 1350 2241 1407 Ille
2272 1368 2405 1408 vero
2430 1353 2532 1424 qui
2562 1354 2726 1426 pugil
2743 1357 2852 1421 est,
2872 1370 2938 1409 ac
2954 1356 3213 1410 stadium
3229 1353 3633 1428 Olympiacum
3653 1372 3787 1428 pro-

2140 1440 2210 1497 be
2241 1441 2542 1514 intelligit,
2570 1442 2836 1499 doctrina
2856 1444 3218 1515 capessenda
3233 1444 3488 1517 exuitur,
3511 1460 3579 1502 ac
3603 1449 3789 1502 certat

2135 1530 2439 1602 victorque
2468 1531 2683 1601 evadit,
2711 1533 2813 1588 vim
2844 1533 3127 1605 gnostiezs
3158 1533 3524 1590 adversarios
3557 1533 3658 1607 qui
3695 1550 3785 1590 se-

2139 1625 2257 1675 met
2275 1626 2599 1691 opponunt,
2624 1620 2925 1693 depellens
2956 1627 3127 1692 atque
3158 1622 3418 1694 palmam
3451 1627 3778 1695 reportans.

2136 1709 2361 1780 Quippe
2393 1710 2722 1765 necessaria
2751 1710 2988 1781 quidem
3006 1714 3096 1765 est
3116 1712 3382 1779 scientia,
3407 1716 3533 1768 tum
3558 1713 3628 1768 ad
3652 1712 3778 1769 ani-

2136 1815 2243 1853 mae
2273 1798 2772 1865 exercitationem,
2820 1804 2946 1854 tum
2988 1800 3060 1855 ad
3108 1816 3340 1856 morum
3387 1801 3777 1874 honestatem,

2135 1905 2383 1959 quisque
2415 1888 2686 1961 agiliores
2705 1906 2940 1962 semper
2970 1889 3170 1946 fideles
3201 1893 3423 1963 reddat,
3459 1896 3635 1965 atque
3683 1910 3778 1950 ac-

2135 1983 2372 2034 curatos
2402 1994 2601 2034 rerum
2629 1978 3009 2050 inspectores.
3044 1979 3130 2034 Ad
3165 1980 3438 2036 eumdem
3469 1982 3628 2037 enim
3650 1998 3780 2038 mo-

2134 2069 2278 2124 dum
2310 2073 2378 2123 ut
2405 2067 2626 2138 absque
2654 2068 2947 2124 catechesi
2976 2068 3065 2125 vel
3102 2067 3475 2125 institutione
3503 2069 3627 2125 ﬁeri
3660 2086 3780 2127 non

2135 2161 2326 2229 potest
2350 2156 2435 2212 uti
2466 2156 2666 2213 credat
2698 2157 2856 2228 quis,
2889 2156 2976 2214 sic
3025 2171 3216 2229 neque
3263 2156 3389 2213 sine
3431 2157 3680 2215 scientia
3720 2167 3783 2216 ut

2134 2245 2615 2318 comprehendat.

2203 2354 2396 2409 XXIX.
2431 2353 2558 2408 Non
2590 2352 2784 2409 solum
2815 2352 2977 2409 hisce
3006 2368 3135 2425 quis
3169 2354 3406 2426 quidem
3430 2354 3503 2411 ad
3528 2354 3779 2413 salutem

2135 2440 2302 2496 utilia
2332 2445 2389 2497 et
2419 2440 2750 2497 necessaria
2779 2444 2938 2507 sunt,
2986 2457 3197 2514 nempe
3240 2442 3429 2510 Patre,
3497 2443 3660 2514 Filio,
3711 2459 3779 2499 ac

2128 2529 2345 2601 Spiritu
2382 2534 2608 2596 sancto,
2640 2530 2743 2584 sed
2774 2534 2833 2585 et
2863 2546 3041 2601 opera
3071 2530 3281 2586 animis
3300 2536 3514 2587 nostris
3545 2548 3777 2604 semper

2130 2634 2279 2689 opus
2307 2622 2415 2686 est,
2447 2623 2629 2689 utque
2651 2618 2798 2674 ratio
2828 2635 2955 2690 quis
2987 2619 3058 2674 de
3086 2618 3203 2675 illis
3224 2624 3334 2689 est,
3357 2636 3486 2692 qua;
3506 2621 3776 2694 gnostioa

2128 2711 2385 2774 vocatur,
2420 2704 2579 2761 utilis
2612 2706 2791 2761 simul
2819 2710 2998 2778 atque
3029 2709 3362 2764 necessaria
3389 2710 3486 2765 sit.
3518 2710 3624 2766 His
3664 2727 3772 2767 au-

2127 2799 2243 2850 tem
2267 2795 2369 2866 qui
2399 2794 2720 2866 praelatum
2750 2812 2971 2851 munus
3001 2800 3409 2868 susceperunt,
3443 2798 3651 2854 utaliis
3676 2800 3774 2856 be-

2127 2884 2796 2955 nefaciant,experientia
2818 2884 3003 2940 multa
3024 2886 3205 2953 utilis,
3230 2890 3386 2943 utne
3402 2888 3543 2959 quid
3566 2904 3771 2945 eorum

2126 2970 2305 3028 lateat
2334 2971 2489 3042 illos,
2522 2989 2653 3044 quae
2679 2974 2751 3028 ab
2784 2972 2915 3030 aliis
2961 2976 3314 3043 necessario,
3363 2976 3464 3047 qui
3510 2977 3776 3035 doctrina

2127 3061 2314 3117 multa
2344 3061 2560 3118 fuerint
2592 3062 2827 3128 imbuti,
2870 3063 3106 3135 cognita
3146 3063 3474 3121 videantur.
3528 3067 3778 3140 Insuper

2130 3151 2395 3206 doctrina
2424 3150 2831 3207 haereticorum
2856 3153 3219 3224 exponenda,
3243 3154 3489 3210 alteram
3515 3156 3776 3213 animam

2130 3239 2435 3295 exercendi
2468 3256 2672 3295 curam
2704 3240 2893 3307 aﬂ‘ert,
2924 3246 2981 3296 et
3003 3241 3361 3312 discipulum
3383 3243 3455 3298 ab
3476 3245 3775 3304 erroribus

2126 3329 2451 3384 immunem
2486 3333 2748 3399 praestat,
2780 3328 2883 3399 qui
2924 3329 3142 3401 ubique
3191 3330 3603 3389 instrumentis
3649 3334 3771 3389 bel-

2117 3416 2247 3472 licis
2279 3417 2571 3489 clangere,
2622 3418 2748 3488 jam
2805 3418 2997 3473 animo
3052 3422 3294 3490 paratus
3344 3436 3412 3478 ac
3456 3420 3768 3480 institutus

2119 3508 2217 3565 sit.

2190 3615 2377 3670 XXX.
2430 3614 2599 3686 Legis
2647 3614 2924 3685 gnosticaa
2973 3615 3171 3687 (sicuti
3218 3618 3290 3674 de
3320 3622 3491 3676 Creta
3537 3620 3759 3687 dicunt,

2121 3703 2277 3775 quod
2310 3704 2529 3759 bestias
2563 3703 2825 3759 exitiales
2868 3721 3074 3777 parum
3120 3707 3427 3781 producat)
3479 3711 3551 3767 ab
3605 3713 3765 3768 omni

2122 3809 2297 3864 pravo
2319 3807 2512 3864 opere,
2547 3792 2729 3848 animi
2778 3809 2981 3863 sensu,
3030 3810 3096 3850 ao
3140 3812 3413 3853 sermone
3460 3805 3551 3856 est
3598 3818 3765 3873 pura,

2123 3898 2227 3938 nec
2259 3897 2502 3953 prorsus
2531 3882 2840 3937 inimicum
2875 3882 3072 3949 habet,
3105 3886 3207 3940 sed
3238 3890 3404 3942 extra
3434 3888 3665 3946 invidia
3700 3908 3767 3947 ac

2122 3973 2261 4039 odii,
2290 3988 2356 4027 ac
2386 3971 2768 4043 blasphemiae
2789 3973 3102 4045 omnisque
3122 3975 3433 4032 calumniis
3456 3978 3643 4034 aleam
3672 3996 3770 4051 po-

2122 4060 2237 4117 sita
2264 4065 2372 4117 est.

2264 4167 2465 4223 XXXI.
2483 4166 2869 4239 Longaavitate
2890 4168 3098 4224 beatus
3113 4173 3202 4224 est
3231 4170 3330 4227 ille
3358 4172 3771 4245 celebrandus,

2122 4273 2235 4312 non
2270 4256 2369 4328 qui
2402 4255 2622 4311 multos
2652 4256 2712 4310 in
2745 4273 2930 4311 annos
2961 4259 3191 4327 vixerit,
3224 4260 3325 4315 sed
3360 4262 3459 4333 qui
3494 4263 3763 4334 vivendo,

2094 4346 2396 4418 ,quodque
2427 4344 2667 4411 exstitit,
2701 4345 2823 4399 vita
2853 4349 3067 4402 aeterna
3093 4363 3156 4402 se
3177 4347 3423 4421 dignum
3472 4354 3765 4422 praestitit.

2119 4433 2423 4490 Neminem
2452 4431 2699 4487 tristitia
2729 4432 2941 4498 affecit,
2968 4439 3383 4507 preterquam,
3407 4439 3548 4495 dum
3571 4442 3769 4497 animo

2120 4523 2485 4583 exulceratos
2517 4520 2839 4594 castigarit,
2870 4522 3117 4580 salutari
3154 4526 3321 4596 quasi
3367 4528 3561 4601 melle,
3613 4533 3771 4603 quod

2190 4790 2307 4865 (52)
2362 4790 2476 4861 Τῆς
2516 4784 2799 4865 ἀληθοῦς.
2866 4789 2997 4865 Legi
3054 4795 3248 4864 potest
3313 4792 3613 4865 τάληθοῦς,
3674 4806 3778 4858 aut

2129 4861 2257 4920 cum
2314 4861 2673 4930 praecedente
2746 4861 3010 4918 membro
3055 4861 3458 4936 repetendum
3528 4865 3779 4927 διδασκα·

2133 4933 2281 4990 λίας.
2314 4935 2593 4989 SYLBURG.

2197 4953 2281 4988 ας.
2314 4949 2593 4988 BYLBURG.

2205 4954 2229 4988 κ
2270 4976 2281 4988 .
2314 4953 2593 4989 DYLBURG.

2205 4953 3031 5083 (g3)nywv,_Congruentius
3087 4998 3259 5083 ἓξντος,
3318 5008 3607 5083 singulari
3661 5031 3776 5071 nu-

2133 5075 2327 5149 mero);
2362 5082 2426 5132 ut
2458 5075 2630 5149 paulo
2652 5075 3060 5149 antesxowoq.
3096 5077 3178 5149 In.
3418 5075 3452 5083 “’
3702 5120 3707 5125 ,

2204 5144 2322 5229 (54)
2340 5144 2475 5229 “'9'
2493 5166 2648 5229 χείλη
2702 5144 2967 5229 γενὲῥθα-ι.
2985 5216 3006 5229 ᾗ
3025 5148 3201 5229 Paullo
3258 5155 3699 5229 congruentius,
3729 5157 3776 5229 ᾧ

2129 5214 2311 5302 γε’καῖ
2337 5214 2427 5272 διὰ
2452 5214 2521 5302 16
2549 5214 2797 5302 ζῆσαι’.εὗ
2826 5216 3061 5302 ρπῆρξεν
3101 5218 3264 5302 Δὀίξιον
3302 5214 3403 5276 τοῦ
3428 5224 3544 5302 ζῇν,
3576 5226 3657 5302 ἀεὶ
3682 5214 3779 5302 ξιξ.

2132 5290 2335 5371 νὲσθαι·
2367 5293 2461 5345 cui
2484 5291 2649 5347 etiam
2681 5291 2748 5345 ob
2780 5292 2954 5371 vitam
3000 5300 3141 5371 recte
3180 5301 3377 5360 actam,
3408 5290 3783 5371 vita-dignum

2133 5367 2511 5445 [aret'semper
2540 5379 2675 5445 esse‘
2698 5365 3067 5445 superstitem.
3102 5365 3320 5445 segetis
3354 5373 3470 5445 est,
3503 5368 3555 5423 ὲν
3576 5365 3785 5445 πολλῷ

2131 5435 2350 5525 ειεξιτ
2381 5432 2723 5525 μανξαρέσῖὲς
2760 5433 3055 5525 γενέειιειοε
3086 5430 3292 5525 θυέιει..
3313 5458 3376 5492 το
3424 5460 3642 5525 μαξρςυ.
3662 5451 3783 5525 ξιξ.

2138 5501 2288 5561 ἀλλὰ
2317 5501 2406 5561 διά
2432 5505 2494 5559 τὸ
2522 5501 2579 5559 εὖ
2630 5507 2745 5578 ζῇν,
2774 5501 2861 5559 καὶ
2897 5501 3003 5559 ’διὰ
3047 5505 3110 5559 τὸ
3142 5502 3198 5560 εῦ
3231 5501 3544 5580 ζῆσαι,’τοῦ’
3563 5514 3646 5570 ἀεὶ

2138 5578 2291 5635 ἄξιος
2321 5577 2590 5635 γενέσθαι.
2620 5577 2704 5635 ID.

2174 5595 2291 5651 ξιος
2321 5595 2590 5655 γενεσθαι.
2621 5595 2704 5635 ω.

3392 5775 3466 5832 23
