  <div class='ocr_page' id='page_1' title='image "/cluster/home/n/w/nwhite01/storage/ocr_20150623/9/mdp.39015008686282/367.png"; bbox 0 0 4078 6146; ppageno 0'>
   <div class='ocr_carea' id='block_1_1' title="bbox 393 273 500 328">
    <p class='ocr_par' dir='ltr' id='par_1_1' title="bbox 393 273 500 328">
     <span class='ocr_line' id='line_1_1' title="bbox 393 273 500 328; baseline 0.019 -2"><span class='ocrx_word' id='word_1_1' title='bbox 393 273 500 328; x_wconf 85' lang='grc'><strong>719</strong></span> 
     </span>
    </p>
   </div>
   <div class='ocr_carea' id='block_1_2' title="bbox 401 485 2040 559">
    <p class='ocr_par' dir='ltr' id='par_1_2' title="bbox 401 485 2040 559">
     <span class='ocr_line' id='line_1_2' title="bbox 401 485 2040 559; baseline -0.003 -16"><span class='ocrx_word' id='word_1_2' title='bbox 401 486 556 543; x_wconf 85' lang='lat' dir='ltr'><strong>Deus</strong></span> <span class='ocrx_word' id='word_1_3' title='bbox 607 485 993 559; x_wconf 81' lang='lat' dir='ltr'><strong>gloriﬁcatur;</strong></span> <span class='ocrx_word' id='word_1_4' title='bbox 1041 486 1341 558; x_wconf 66' lang='lat' dir='ltr'><strong>similiter,</strong></span> <span class='ocrx_word' id='word_1_5' title='bbox 1363 503 1433 543; x_wconf 89' lang='lat' dir='ltr'><strong>ex</strong></span> <span class='ocrx_word' id='word_1_6' title='bbox 1481 486 1839 543; x_wconf 59' lang='lat' dir='ltr'><strong>hareditatis</strong></span> <span class='ocrx_word' id='word_1_7' title='bbox 1884 487 2040 557; x_wconf 85' lang='lat' dir='ltr'><strong>jure.</strong></span> 
     </span>
    </p>
   </div>
   <div class='ocr_carea' id='block_1_3' title="bbox 399 575 2044 648">
    <p class='ocr_par' dir='ltr' id='par_1_3' title="bbox 399 575 2044 648">
     <span class='ocr_line' id='line_1_3' title="bbox 399 575 2044 648; baseline 0 -18"><span class='ocrx_word' id='word_1_8' title='bbox 399 576 492 630; x_wconf 85' lang='lat' dir='ltr'><strong>Sic</strong></span> <span class='ocrx_word' id='word_1_9' title='bbox 524 592 753 648; x_wconf 83' lang='lat' dir='ltr'><strong>quoque</strong></span> <span class='ocrx_word' id='word_1_10' title='bbox 783 576 1003 631; x_wconf 89' lang='lat' dir='ltr'><strong>dictum</strong></span> <span class='ocrx_word' id='word_1_11' title='bbox 1036 575 1346 645; x_wconf 74' lang='lat' dir='ltr'><strong>illud,vivit</strong></span> <span class='ocrx_word' id='word_1_12' title='bbox 1372 577 1845 648; x_wconf 73' lang='lat' dir='ltr'><strong>Dominu:,atque</strong></span> <span class='ocrx_word' id='word_1_13' title='bbox 1875 575 2044 646; x_wconf 87' lang='lat' dir='ltr'><strong>illud,</strong></span> 
     </span>
    </p>
   </div>
   <div class='ocr_carea' id='block_1_4' title="bbox 400 665 1066 739">
    <p class='ocr_par' dir='ltr' id='par_1_4' title="bbox 400 665 1066 739">
     <span class='ocr_line' id='line_1_4' title="bbox 400 665 1066 739; baseline 0.003 -19"><span class='ocrx_word' id='word_1_14' title='bbox 400 666 646 720; x_wconf 73' lang='lat' dir='ltr'><strong>surrexit</strong></span> <span class='ocrx_word' id='word_1_15' title='bbox 669 665 934 722; x_wconf 76' lang='lat' dir='ltr'><strong>Dominus</strong></span> <span class='ocrx_word' id='word_1_16' title='bbox 963 668 1066 739; x_wconf 90' lang='lat' dir='ltr'><strong>(a).</strong></span> 
     </span>
    </p>
   </div>
   <div class='ocr_carea' id='block_1_5' title="bbox 471 753 2048 828">
    <p class='ocr_par' dir='ltr' id='par_1_5' title="bbox 471 753 2048 828">
     <span class='ocr_line' id='line_1_5' title="bbox 471 753 2048 828; baseline 0.001 -20"><span class='ocrx_word' id='word_1_17' title='bbox 471 753 918 827; x_wconf 71' lang='lat' dir='ltr'><strong>XLIII.Populus</strong></span> <span class='ocrx_word' id='word_1_18' title='bbox 937 772 1096 828; x_wconf 84' lang='lat' dir='ltr'><strong>quem</strong></span> <span class='ocrx_word' id='word_1_19' title='bbox 1118 772 1227 812; x_wconf 82' lang='lat' dir='ltr'><strong>non</strong></span> <span class='ocrx_word' id='word_1_20' title='bbox 1246 757 1766 826; x_wconf 77' lang='lat' dir='ltr'><strong>noveram,scrvivtl</strong></span> <span class='ocrx_word' id='word_1_21' title='bbox 1787 753 1928 810; x_wconf 76' lang='lat' dir='ltr'><strong>mihi</strong></span> <span class='ocrx_word' id='word_1_22' title='bbox 1950 753 2048 825; x_wconf 87' lang='lat' dir='ltr'><strong>(b);</strong></span> 
     </span>
    </p>
   </div>
   <div class='ocr_carea' id='block_1_6' title="bbox 399 843 2052 915">
    <p class='ocr_par' dir='ltr' id='par_1_6' title="bbox 399 843 2052 915">
     <span class='ocr_line' id='line_1_6' title="bbox 399 843 2052 915; baseline 0 -17"><span class='ocrx_word' id='word_1_23' title='bbox 399 859 507 915; x_wconf 87' lang='lat' dir='ltr'><strong>per</strong></span> <span class='ocrx_word' id='word_1_24' title='bbox 537 847 956 900; x_wconf 81' lang='lat' dir='ltr'><strong>testamentum</strong></span> <span class='ocrx_word' id='word_1_25' title='bbox 989 862 1102 902; x_wconf 90' lang='lat' dir='ltr'><strong>non</strong></span> <span class='ocrx_word' id='word_1_26' title='bbox 1138 862 1430 901; x_wconf 76' lang='lat' dir='ltr'><strong>noveram.</strong></span> <span class='ocrx_word' id='word_1_27' title='bbox 1459 844 1596 900; x_wconf 77' lang='lat' dir='ltr'><strong>Filii</strong></span> <span class='ocrx_word' id='word_1_28' title='bbox 1626 846 1822 914; x_wconf 77' lang='lat' dir='ltr'><strong>alieni,</strong></span> <span class='ocrx_word' id='word_1_29' title='bbox 1851 843 1953 915; x_wconf 86' lang='lat' dir='ltr'><strong>qui</strong></span> <span class='ocrx_word' id='word_1_30' title='bbox 1984 858 2052 898; x_wconf 88' lang='lat' dir='ltr'><strong>ea</strong></span> 
     </span>
    </p>
   </div>
   <div class='ocr_carea' id='block_1_7' title="bbox 407 931 1478 1004">
    <p class='ocr_par' dir='ltr' id='par_1_7' title="bbox 407 931 1478 1004">
     <span class='ocr_line' id='line_1_7' title="bbox 407 931 1478 1004; baseline 0.002 -18"><span class='ocrx_word' id='word_1_31' title='bbox 407 949 534 1004; x_wconf 74' lang='lat' dir='ltr'><strong>qua:</strong></span> <span class='ocrx_word' id='word_1_32' title='bbox 561 931 804 988; x_wconf 89' lang='lat' dir='ltr'><strong>alterius</strong></span> <span class='ocrx_word' id='word_1_33' title='bbox 836 939 998 1002; x_wconf 86' lang='lat' dir='ltr'><strong>sunt,</strong></span> <span class='ocrx_word' id='word_1_34' title='bbox 1030 933 1288 990; x_wconf 64' lang='lat' dir='ltr'><strong>aemulati</strong></span> <span class='ocrx_word' id='word_1_35' title='bbox 1319 939 1478 990; x_wconf 89' lang='lat' dir='ltr'><strong>sunt.</strong></span> 
     </span>
    </p>
   </div>
   <div class='ocr_carea' id='block_1_8' title="bbox 481 1020 2054 1095">
    <p class='ocr_par' dir='ltr' id='par_1_8' title="bbox 481 1020 2054 1095">
     <span class='ocr_line' id='line_1_8' title="bbox 481 1020 2054 1095; baseline 0.001 -21"><span class='ocrx_word' id='word_1_36' title='bbox 481 1020 671 1076; x_wconf 87' lang='lat' dir='ltr'><strong>XLIV.</strong></span> <span class='ocrx_word' id='word_1_37' title='bbox 705 1021 1072 1094; x_wconf 76' lang='lat' dir='ltr'><strong>Magniﬁcam</strong></span> <span class='ocrx_word' id='word_1_38' title='bbox 1119 1025 1328 1079; x_wconf 74' lang='lat' dir='ltr'><strong>salute:</strong></span> <span class='ocrx_word' id='word_1_39' title='bbox 1376 1025 1518 1095; x_wconf 79' lang='lat' dir='ltr'><strong>regis</strong></span> <span class='ocrx_word' id='word_1_40' title='bbox 1563 1025 1700 1092; x_wconf 76' lang='lat' dir='ltr'><strong>eius.</strong></span> <span class='ocrx_word' id='word_1_41' title='bbox 1749 1023 1820 1094; x_wconf 78' lang='grc' dir='ltr'><strong>(ο)</strong></span> <span class='ocrx_word' id='word_1_42' title='bbox 1866 1027 2054 1093; x_wconf 85' lang='lat' dir='ltr'><strong>Reges</strong></span> 
     </span>
    </p>
   </div>
   <div class='ocr_carea' id='block_1_9' title="bbox 368 1110 2056 1186">
    <p class='ocr_par' dir='ltr' id='par_1_9' title="bbox 368 1110 2056 1186">
     <span class='ocr_line' id='line_1_9' title="bbox 368 1110 2056 1186; baseline 0.001 -23"><span class='ocrx_word' id='word_1_43' title='bbox 368 1116 690 1169; x_wconf 89' lang='lat' dir='ltr'><strong>&#39;vocantur</strong></span> <span class='ocrx_word' id='word_1_44' title='bbox 719 1128 924 1168; x_wconf 86' lang='lat' dir='ltr'><strong>omnes</strong></span> <span class='ocrx_word' id='word_1_45' title='bbox 956 1112 1179 1181; x_wconf 75' lang='lat' dir='ltr'><strong>fideles,</strong></span> <span class='ocrx_word' id='word_1_46' title='bbox 1215 1115 1272 1168; x_wconf 90' lang='lat' dir='ltr'><strong>in</strong></span> <span class='ocrx_word' id='word_1_47' title='bbox 1310 1128 1555 1186; x_wconf 83' lang='lat' dir='ltr'><strong>regnum</strong></span> <span class='ocrx_word' id='word_1_48' title='bbox 1589 1111 1880 1179; x_wconf 81' lang='lat' dir='ltr'><strong>translati,</strong></span> <span class='ocrx_word' id='word_1_49' title='bbox 1923 1110 2056 1182; x_wconf 90' lang='lat' dir='ltr'><strong>qui-</strong></span> 
     </span>
    </p>
   </div>
   <div class='ocr_carea' id='block_1_10' title="bbox 404 1202 1218 1275">
    <p class='ocr_par' dir='ltr' id='par_1_10' title="bbox 404 1202 1218 1275">
     <span class='ocr_line' id='line_1_10' title="bbox 404 1202 1218 1275; baseline -0.001 -17"><span class='ocrx_word' id='word_1_50' title='bbox 404 1220 521 1275; x_wconf 90' lang='lat' dir='ltr'><strong>que</strong></span> <span class='ocrx_word' id='word_1_51' title='bbox 553 1203 812 1258; x_wconf 60' lang='lat' dir='ltr'><strong>heredes</strong></span> <span class='ocrx_word' id='word_1_52' title='bbox 845 1202 1025 1257; x_wconf 87' lang='lat' dir='ltr'><strong>futuri</strong></span> <span class='ocrx_word' id='word_1_53' title='bbox 1057 1207 1218 1258; x_wconf 89' lang='lat' dir='ltr'><strong>sunt.</strong></span> 
     </span>
    </p>
   </div>
   <div class='ocr_carea' id='block_1_11' title="bbox 477 1290 2058 1363">
    <p class='ocr_par' dir='ltr' id='par_1_11' title="bbox 477 1290 2058 1363">
     <span class='ocr_line' id='line_1_11' title="bbox 477 1290 2058 1363; baseline -0.002 -16"><span class='ocrx_word' id='word_1_54' title='bbox 477 1291 641 1347; x_wconf 89' lang='lat' dir='ltr'><strong>XLV.</strong></span> <span class='ocrx_word' id='word_1_55' title='bbox 675 1290 960 1346; x_wconf 85' lang='lat' dir='ltr'><strong>Malorum</strong></span> <span class='ocrx_word' id='word_1_56' title='bbox 994 1291 1326 1362; x_wconf 86' lang='lat' dir='ltr'><strong>tolerantia,</strong></span> <span class='ocrx_word' id='word_1_57' title='bbox 1378 1290 1626 1348; x_wconf 88' lang='lat' dir='ltr'><strong>dulcedo</strong></span> <span class='ocrx_word' id='word_1_58' title='bbox 1681 1290 1917 1363; x_wconf 87' lang='lat' dir='ltr'><strong>quidem</strong></span> <span class='ocrx_word' id='word_1_59' title='bbox 1969 1293 2058 1345; x_wconf 90' lang='lat' dir='ltr'><strong>est</strong></span> 
     </span>
    </p>
   </div>
   <div class='ocr_carea' id='block_1_12' title="bbox 409 1377 2060 1451">
    <p class='ocr_par' dir='ltr' id='par_1_12' title="bbox 409 1377 2060 1451">
     <span class='ocr_line' id='line_1_12' title="bbox 409 1377 2060 1451; baseline -0.002 -15"><span class='ocrx_word' id='word_1_60' title='bbox 409 1381 582 1436; x_wconf 90' lang='lat' dir='ltr'><strong>melle</strong></span> <span class='ocrx_word' id='word_1_61' title='bbox 613 1379 836 1450; x_wconf 86' lang='lat' dir='ltr'><strong>major;</strong></span> <span class='ocrx_word' id='word_1_62' title='bbox 866 1396 979 1435; x_wconf 90' lang='lat' dir='ltr'><strong>non</strong></span> <span class='ocrx_word' id='word_1_63' title='bbox 1015 1386 1209 1435; x_wconf 90' lang='lat' dir='ltr'><strong>autem</strong></span> <span class='ocrx_word' id='word_1_64' title='bbox 1250 1397 1366 1451; x_wconf 89' lang='lat' dir='ltr'><strong>qua</strong></span> <span class='ocrx_word' id='word_1_65' title='bbox 1414 1379 1704 1435; x_wconf 88' lang='lat' dir='ltr'><strong>malorum</strong></span> <span class='ocrx_word' id='word_1_66' title='bbox 1753 1377 2060 1434; x_wconf 80' lang='lat' dir='ltr'><strong>tolerantia</strong></span> 
     </span>
    </p>
   </div>
   <div class='ocr_carea' id='block_1_13' title="bbox 415 1468 2058 1540">
    <p class='ocr_par' dir='ltr' id='par_1_13' title="bbox 415 1468 2058 1540">
     <span class='ocr_line' id='line_1_13' title="bbox 415 1468 2058 1540; baseline -0.002 -14"><span class='ocrx_word' id='word_1_67' title='bbox 415 1470 636 1536; x_wconf 89' lang='lat' dir='ltr'><strong>est,sed</strong></span> <span class='ocrx_word' id='word_1_68' title='bbox 672 1469 892 1524; x_wconf 76' lang='lat' dir='ltr'><strong>ratione</strong></span> <span class='ocrx_word' id='word_1_69' title='bbox 923 1469 1153 1524; x_wconf 81' lang='lat' dir='ltr'><strong>fructus</strong></span> <span class='ocrx_word' id='word_1_70' title='bbox 1178 1469 1468 1540; x_wconf 88' lang='lat' dir='ltr'><strong>ejusmodi</strong></span> <span class='ocrx_word' id='word_1_71' title='bbox 1511 1468 1856 1524; x_wconf 78' lang='lat' dir='ltr'><strong>tolerantiae.</strong></span> <span class='ocrx_word' id='word_1_72' title='bbox 1907 1469 2058 1533; x_wconf 86' lang='lat' dir='ltr'><strong>Quo-</strong></span> 
     </span>
    </p>
   </div>
   <div class='ocr_carea' id='block_1_14' title="bbox 409 1557 2056 1630">
    <p class='ocr_par' dir='ltr' id='par_1_14' title="bbox 409 1557 2056 1630">
     <span class='ocr_line' id='line_1_14' title="bbox 409 1557 2056 1630; baseline -0.002 -17"><span class='ocrx_word' id='word_1_73' title='bbox 409 1558 568 1614; x_wconf 86' lang='lat' dir='ltr'><strong>niam</strong></span> <span class='ocrx_word' id='word_1_74' title='bbox 600 1558 796 1629; x_wconf 84' lang='lat' dir='ltr'><strong>itaque</strong></span> <span class='ocrx_word' id='word_1_75' title='bbox 825 1559 1131 1614; x_wconf 89' lang='lat' dir='ltr'><strong>continens</strong></span> <span class='ocrx_word' id='word_1_76' title='bbox 1162 1557 1262 1630; x_wconf 88' lang='lat' dir='ltr'><strong>qui</strong></span> <span class='ocrx_word' id='word_1_77' title='bbox 1309 1561 1418 1627; x_wconf 89' lang='lat' dir='ltr'><strong>est,</strong></span> <span class='ocrx_word' id='word_1_78' title='bbox 1469 1559 1539 1613; x_wconf 86' lang='lat' dir='ltr'><strong>ab</strong></span> <span class='ocrx_word' id='word_1_79' title='bbox 1590 1557 1895 1613; x_wconf 86' lang='lat' dir='ltr'><strong>aii&#39;ectibus</strong></span> <span class='ocrx_word' id='word_1_80' title='bbox 1944 1572 2056 1611; x_wconf 89' lang='lat' dir='ltr'><strong>non</strong></span> 
     </span>
    </p>
   </div>
   <div class='ocr_carea' id='block_1_15' title="bbox 409 1645 2060 1721">
    <p class='ocr_par' dir='ltr' id='par_1_15' title="bbox 409 1645 2060 1721">
     <span class='ocr_line' id='line_1_15' title="bbox 409 1645 2060 1721; baseline -0.003 -17"><span class='ocrx_word' id='word_1_81' title='bbox 409 1651 500 1704; x_wconf 89' lang='lat' dir='ltr'><strong>est</strong></span> <span class='ocrx_word' id='word_1_82' title='bbox 533 1663 774 1720; x_wconf 87' lang='lat' dir='ltr'><strong>prorsus</strong></span> <span class='ocrx_word' id='word_1_83' title='bbox 807 1647 1111 1715; x_wconf 88' lang='lat' dir='ltr'><strong>immunis,</strong></span> <span class='ocrx_word' id='word_1_84' title='bbox 1133 1652 1330 1720; x_wconf 87' lang='lat' dir='ltr'><strong>utpote</strong></span> <span class='ocrx_word' id='word_1_85' title='bbox 1352 1648 1448 1721; x_wconf 91' lang='lat' dir='ltr'><strong>qui</strong></span> <span class='ocrx_word' id='word_1_86' title='bbox 1480 1663 1591 1703; x_wconf 91' lang='lat' dir='ltr'><strong>non</strong></span> <span class='ocrx_word' id='word_1_87' title='bbox 1619 1647 1841 1718; x_wconf 89' lang='lat' dir='ltr'><strong>absque</strong></span> <span class='ocrx_word' id='word_1_88' title='bbox 1862 1645 2060 1701; x_wconf 90' lang='lat' dir='ltr'><strong>labore</strong></span> 
     </span>
    </p>
   </div>
   <div class='ocr_carea' id='block_1_16' title="bbox 411 1735 2052 1809">
    <p class='ocr_par' dir='ltr' id='par_1_16' title="bbox 411 1735 2052 1809">
     <span class='ocr_line' id='line_1_16' title="bbox 411 1735 2052 1809; baseline -0.002 -17"><span class='ocrx_word' id='word_1_89' title='bbox 411 1755 445 1792; x_wconf 89' lang='lat' dir='ltr'><strong>a</strong></span> <span class='ocrx_word' id='word_1_90' title='bbox 476 1735 848 1809; x_wconf 87' lang='lat' dir='ltr'><strong>passionibus</strong></span> <span class='ocrx_word' id='word_1_91' title='bbox 877 1736 1190 1792; x_wconf 86' lang='lat' dir='ltr'><strong>contineat.</strong></span> <span class='ocrx_word' id='word_1_92' title='bbox 1222 1741 1368 1795; x_wconf 91' lang='lat' dir='ltr'><strong>Cum</strong></span> <span class='ocrx_word' id='word_1_93' title='bbox 1419 1753 1549 1792; x_wconf 90' lang='lat' dir='ltr'><strong>vero</strong></span> <span class='ocrx_word' id='word_1_94' title='bbox 1601 1735 1744 1792; x_wconf 89' lang='lat' dir='ltr'><strong>insit</strong></span> <span class='ocrx_word' id='word_1_95' title='bbox 1791 1735 2052 1800; x_wconf 64' lang='lat' dir='ltr'><strong>habitus,</strong></span> 
     </span>
    </p>
   </div>
   <div class='ocr_carea' id='block_1_17' title="bbox 414 1824 2052 1899">
    <p class='ocr_par' dir='ltr' id='par_1_17' title="bbox 414 1824 2052 1899">
     <span class='ocr_line' id='line_1_17' title="bbox 414 1824 2052 1899; baseline -0.002 -17"><span class='ocrx_word' id='word_1_96' title='bbox 414 1826 575 1882; x_wconf 83' lang='lat' dir='ltr'><strong>haud</strong></span> <span class='ocrx_word' id='word_1_97' title='bbox 608 1825 862 1898; x_wconf 88' lang='lat' dir='ltr'><strong>amplius</strong></span> <span class='ocrx_word' id='word_1_98' title='bbox 892 1826 1198 1882; x_wconf 89' lang='lat' dir='ltr'><strong>continens</strong></span> <span class='ocrx_word' id='word_1_99' title='bbox 1227 1831 1337 1893; x_wconf 92' lang='lat' dir='ltr'><strong>est,</strong></span> <span class='ocrx_word' id='word_1_100' title='bbox 1371 1827 1522 1899; x_wconf 91' lang='lat' dir='ltr'><strong>quod</strong></span> <span class='ocrx_word' id='word_1_101' title='bbox 1576 1826 1637 1882; x_wconf 92' lang='lat' dir='ltr'><strong>in</strong></span> <span class='ocrx_word' id='word_1_102' title='bbox 1689 1842 1802 1881; x_wconf 90' lang='lat' dir='ltr'><strong>uno</strong></span> <span class='ocrx_word' id='word_1_103' title='bbox 1849 1824 2052 1880; x_wconf 88' lang='lat' dir='ltr'><strong>habitu</strong></span> 
     </span>
    </p>
   </div>
   <div class='ocr_carea' id='block_1_18' title="bbox 414 1914 1477 1986">
    <p class='ocr_par' dir='ltr' id='par_1_18' title="bbox 414 1914 1477 1986">
     <span class='ocr_line' id='line_1_18' title="bbox 414 1914 1477 1986; baseline 0 -16"><span class='ocrx_word' id='word_1_104' title='bbox 414 1921 474 1971; x_wconf 87' lang='lat' dir='ltr'><strong>et</strong></span> <span class='ocrx_word' id='word_1_105' title='bbox 501 1914 722 1986; x_wconf 89' lang='lat' dir='ltr'><strong>Spiritu</strong></span> <span class='ocrx_word' id='word_1_106' title='bbox 752 1918 954 1970; x_wconf 89' lang='lat' dir='ltr'><strong>sancto</strong></span> <span class='ocrx_word' id='word_1_107' title='bbox 985 1915 1159 1970; x_wconf 90' lang='lat' dir='ltr'><strong>homo</strong></span> <span class='ocrx_word' id='word_1_108' title='bbox 1191 1931 1347 1970; x_wconf 90' lang='lat' dir='ltr'><strong>nunc</strong></span> <span class='ocrx_word' id='word_1_109' title='bbox 1379 1916 1477 1970; x_wconf 88' lang='lat' dir='ltr'><strong>sit.</strong></span> 
     </span>
    </p>
   </div>
   <div class='ocr_carea' id='block_1_19' title="bbox 483 2001 2154 2076">
    <p class='ocr_par' dir='ltr' id='par_1_19' title="bbox 483 2001 2154 2076">
     <span class='ocr_line' id='line_1_19' title="bbox 483 2001 2154 2076; baseline -0.003 -15"><span class='ocrx_word' id='word_1_110' title='bbox 483 2003 668 2061; x_wconf 87' lang='lat' dir='ltr'><strong>XLVI.</strong></span> <span class='ocrx_word' id='word_1_111' title='bbox 703 2003 956 2075; x_wconf 89' lang='lat' dir='ltr'><strong>Spiritus</strong></span> <span class='ocrx_word' id='word_1_112' title='bbox 987 2008 1287 2073; x_wconf 87' lang='lat' dir='ltr'><strong>vocantur,</strong></span> <span class='ocrx_word' id='word_1_113' title='bbox 1320 2021 1449 2076; x_wconf 73' lang='lat' dir='ltr'><strong>quae</strong></span> <span class='ocrx_word' id='word_1_114' title='bbox 1479 2004 1537 2059; x_wconf 89' lang='lat' dir='ltr'><strong>in</strong></span> <span class='ocrx_word' id='word_1_115' title='bbox 1593 2002 1790 2059; x_wconf 88' lang='lat' dir='ltr'><strong>anima</strong></span> <span class='ocrx_word' id='word_1_116' title='bbox 1839 2001 2062 2075; x_wconf 54' lang='lat' dir='ltr'><strong>passio.</strong></span> <span class='ocrx_word' id='word_1_117' title='bbox 2147 2035 2154 2046; x_wconf 73' lang='grc' dir='ltr'><strong>ι</strong></span> 
     </span>
    </p>
   </div>
   <div class='ocr_carea' id='block_1_20' title="bbox 1653 274 2590 331">
    <p class='ocr_par' dir='ltr' id='par_1_20' title="bbox 1653 274 2590 331">
     <span class='ocr_line' id='line_1_20' title="bbox 1653 274 2590 331; baseline 0.001 -1"><span class='ocrx_word' id='word_1_118' title='bbox 1653 275 1988 330; x_wconf 77' lang='lat' dir='ltr'><strong>CLEMBNS</strong></span> <span class='ocrx_word' id='word_1_119' title='bbox 2026 274 2590 331; x_wconf 79' lang='lat' dir='ltr'><strong>ALEXANDRINUB</strong></span> 
     </span>
    </p>
   </div>
   <div class='ocr_carea' id='block_1_21' title="bbox 394 372 2125 484">
    <p class='ocr_par' dir='ltr' id='par_1_21' title="bbox 394 372 2125 484">
     <span class='ocr_line' id='line_1_21' title="bbox 394 372 2125 484; baseline 0 -33"><span class='ocrx_word' id='word_1_120' title='bbox 394 396 592 454; x_wconf 86' lang='lat' dir='ltr'><strong>laudis</strong></span> <span class='ocrx_word' id='word_1_121' title='bbox 641 414 760 454; x_wconf 66' lang='lat' dir='ltr'><strong>suae</strong></span> <span class='ocrx_word' id='word_1_122' title='bbox 805 372 1086 466; x_wconf 57' lang='lat' dir='ltr'><strong>ratione:</strong></span> <span class='ocrx_word' id='word_1_123' title='bbox 1117 402 1294 470; x_wconf 89' lang='lat' dir='ltr'><strong>atque</strong></span> <span class='ocrx_word' id='word_1_124' title='bbox 1341 413 1411 453; x_wconf 82' lang='lat' dir='ltr'><strong>ex</strong></span> <span class='ocrx_word' id='word_1_125' title='bbox 1460 395 1756 470; x_wconf 83' lang='lat' dir='ltr'><strong>agnitione</strong></span> <span class='ocrx_word' id='word_1_126' title='bbox 1817 400 2040 468; x_wconf 89' lang='lat' dir='ltr'><strong>nostra,</strong></span> <span class='ocrx_word' id='word_1_127' title='bbox 2069 417 2125 484; x_wconf 69' lang='grc' dir='ltr'><strong>Α</strong></span> 
     </span>
    </p>
   </div>
   <div class='ocr_carea' id='block_1_22' title="bbox 3718 277 3836 335">
    <p class='ocr_par' dir='ltr' id='par_1_22' title="bbox 3718 277 3836 335">
     <span class='ocr_line' id='line_1_22' title="bbox 3718 277 3836 335; baseline 0.034 -4"><span class='ocrx_word' id='word_1_128' title='bbox 3718 277 3836 335; x_wconf 80' lang='lat'><strong>720</strong></span> 
     </span>
    </p>
   </div>
   <div class='ocr_carea' id='block_1_23' title="bbox 2161 391 3785 480">
    <p class='ocr_par' dir='ltr' id='par_1_23' title="bbox 2161 391 3785 480">
     <span class='ocr_line' id='line_1_23' title="bbox 2161 391 3785 480; baseline 0.007 -32"><span class='ocrx_word' id='word_1_129' title='bbox 2161 417 2255 449; x_wconf 85' lang='grc' dir='ltr'><strong>σου</strong></span> <span class='ocrx_word' id='word_1_130' title='bbox 2295 395 2431 469; x_wconf 85' lang='grc'><strong>(63),</strong></span> <span class='ocrx_word' id='word_1_131' title='bbox 2465 391 2776 466; x_wconf 82' lang='grc' dir='ltr'><strong>δεδόξασται</strong></span> <span class='ocrx_word' id='word_1_132' title='bbox 2832 395 2894 451; x_wconf 83' lang='grc' dir='ltr'>τὸ</span> <span class='ocrx_word' id='word_1_133' title='bbox 2951 392 3129 471; x_wconf 67' lang='grc' dir='ltr'>ὄνομά</span> <span class='ocrx_word' id='word_1_134' title='bbox 3182 418 3300 467; x_wconf 89' lang='grc' dir='ltr'>σου,</span> <span class='ocrx_word' id='word_1_135' title='bbox 3349 400 3472 456; x_wconf 80' lang='grc' dir='ltr'>κατ’</span> <span class='ocrx_word' id='word_1_136' title='bbox 3517 399 3785 480; x_wconf 82' lang='grc' dir='ltr'>έπίγνῶσι</span> 
     </span>
    </p>
   </div>
   <div class='ocr_carea' id='block_1_24' title="bbox 2151 481 3837 568">
    <p class='ocr_par' dir='ltr' id='par_1_24' title="bbox 2151 481 3837 568">
     <span class='ocr_line' id='line_1_24' title="bbox 2151 481 3837 568; baseline 0.009 -31"><span class='ocrx_word' id='word_1_137' title='bbox 2151 486 2332 558; x_wconf 79' lang='grc' dir='ltr'>ἡμῶν,</span> <span class='ocrx_word' id='word_1_138' title='bbox 2367 481 2730 557; x_wconf 81' lang='grc' dir='ltr'>δοξαζομένου</span> <span class='ocrx_word' id='word_1_139' title='bbox 2781 489 2877 540; x_wconf 80' lang='grc' dir='ltr'><strong>τοῦ</strong></span> <span class='ocrx_word' id='word_1_140' title='bbox 2937 489 3072 542; x_wconf 76' lang='grc' dir='ltr'>Θεοῦ</span> <span class='ocrx_word' id='word_1_141' title='bbox 3115 488 3252 543; x_wconf 90' lang='grc' dir='ltr'>κατά</span> <span class='ocrx_word' id='word_1_142' title='bbox 3286 509 3346 544; x_wconf 88' lang='grc' dir='ltr'><strong>τε</strong></span> <span class='ocrx_word' id='word_1_143' title='bbox 3389 493 3491 562; x_wconf 77' lang='grc' dir='ltr'><strong>τὴν</strong></span> <span class='ocrx_word' id='word_1_144' title='bbox 3522 505 3837 568; x_wconf 66' lang='grc' dir='ltr'>κληρονοον</span> 
     </span>
    </p>
   </div>
   <div class='ocr_carea' id='block_1_25' title="bbox 2157 570 3812 656">
    <p class='ocr_par' dir='ltr' id='par_1_25' title="bbox 2157 570 3812 656">
     <span class='ocr_line' id='line_1_25' title="bbox 2157 570 3812 656; baseline 0.009 -31"><span class='ocrx_word' id='word_1_145' title='bbox 2157 573 2305 645; x_wconf 89' lang='grc' dir='ltr'>μίαν.</span> <span class='ocrx_word' id='word_1_146' title='bbox 2357 570 2514 629; x_wconf 76' lang='grc' dir='ltr'>Οὕτω</span> <span class='ocrx_word' id='word_1_147' title='bbox 2587 573 2676 628; x_wconf 80' lang='grc' dir='ltr'>καὶ</span> <span class='ocrx_word' id='word_1_148' title='bbox 2749 575 2812 629; x_wconf 84' lang='grc' dir='ltr'>τὸ</span> <span class='ocrx_word' id='word_1_149' title='bbox 2881 578 2956 650; x_wconf 79' lang='grc' dir='ltr'><strong>Ζῇ</strong></span> <span class='ocrx_word' id='word_1_150' title='bbox 3026 574 3246 652; x_wconf 79' lang='grc' dir='ltr'>Κύριος,</span> <span class='ocrx_word' id='word_1_151' title='bbox 3304 579 3395 633; x_wconf 78' lang='grc' dir='ltr'>καὶ</span> <span class='ocrx_word' id='word_1_152' title='bbox 3465 581 3526 636; x_wconf 81' lang='grc' dir='ltr'>τὸ</span> <span class='ocrx_word' id='word_1_153' title='bbox 3587 583 3812 656; x_wconf 85' lang='grc' dir='ltr'>Ἀνέστη</span> 
     </span>
    </p>
   </div>
   <div class='ocr_carea' id='block_1_26' title="bbox 2155 661 2379 738">
    <p class='ocr_par' dir='ltr' id='par_1_26' title="bbox 2155 661 2379 738">
     <span class='ocr_line' id='line_1_26' title="bbox 2155 661 2379 738; baseline -0.013 -18"><span class='ocrx_word' id='word_1_154' title='bbox 2155 661 2379 738; x_wconf 83' lang='grc' dir='ltr'>Κύριος.</span> 
     </span>
    </p>
   </div>
   <div class='ocr_carea' id='block_1_27' title="bbox 2227 749 3812 832">
    <p class='ocr_par' dir='ltr' id='par_1_27' title="bbox 2227 749 3812 832">
     <span class='ocr_line' id='line_1_27' title="bbox 2227 749 3812 832; baseline 0.009 -27"><span class='ocrx_word' id='word_1_155' title='bbox 2227 757 2352 806; x_wconf 83' lang='lat' dir='ltr'><strong>Ml&quot;.</strong></span> <span class='ocrx_word' id='word_1_156' title='bbox 2387 752 2526 813; x_wconf 90' lang='grc' dir='ltr'>Λαὸς</span> <span class='ocrx_word' id='word_1_157' title='bbox 2562 751 2619 807; x_wconf 79' lang='grc' dir='ltr'>ὃν</span> <span class='ocrx_word' id='word_1_158' title='bbox 2655 752 2758 808; x_wconf 75' lang='grc' dir='ltr'>οὐκ</span> <span class='ocrx_word' id='word_1_159' title='bbox 2785 749 2980 830; x_wconf 74' lang='grc' dir='ltr'>ἔγνων,</span> <span class='ocrx_word' id='word_1_160' title='bbox 3009 751 3299 813; x_wconf 79' lang='grc' dir='ltr'>ἐδούλευσέ</span> <span class='ocrx_word' id='word_1_161' title='bbox 3332 780 3426 832; x_wconf 88' lang='grc' dir='ltr'><strong>μοι</strong></span> <span class='ocrx_word' id='word_1_162' title='bbox 3460 779 3474 791; x_wconf 94' lang='grc'><strong>·</strong></span> <span class='ocrx_word' id='word_1_163' title='bbox 3507 763 3645 818; x_wconf 79' lang='grc' dir='ltr'>κατὰ</span> <span class='ocrx_word' id='word_1_164' title='bbox 3695 761 3812 820; x_wconf 83' lang='grc' dir='ltr'>δια-</span> 
     </span>
    </p>
   </div>
   <div class='ocr_carea' id='block_1_28' title="bbox 2158 836 3826 919">
    <p class='ocr_par' dir='ltr' id='par_1_28' title="bbox 2158 836 3826 919">
     <span class='ocr_line' id='line_1_28' title="bbox 2158 836 3826 919; baseline 0.011 -25"><span class='ocrx_word' id='word_1_165' title='bbox 2158 841 2330 911; x_wconf 77' lang='grc' dir='ltr'>θήκην</span> <span class='ocrx_word' id='word_1_166' title='bbox 2365 841 2466 896; x_wconf 81' lang='grc' dir='ltr'>οὐκ</span> <span class='ocrx_word' id='word_1_167' title='bbox 2495 836 2689 916; x_wconf 80' lang='grc' dir='ltr'><strong>ἔγνων.</strong></span> <span class='ocrx_word' id='word_1_168' title='bbox 2723 842 2843 897; x_wconf 77' lang='grc' dir='ltr'>Υἱοὶ</span> <span class='ocrx_word' id='word_1_169' title='bbox 2887 841 3199 919; x_wconf 84' lang='grc' dir='ltr'><strong>ἀλλότριοι,</strong></span> <span class='ocrx_word' id='word_1_170' title='bbox 3227 849 3293 902; x_wconf 73' lang='grc' dir='ltr'>τὰ</span> <span class='ocrx_word' id='word_1_171' title='bbox 3340 853 3437 904; x_wconf 77' lang='grc' dir='ltr'><strong>τοῦ</strong></span> <span class='ocrx_word' id='word_1_172' title='bbox 3495 848 3672 908; x_wconf 82' lang='grc' dir='ltr'>ἂλλου</span> <span class='ocrx_word' id='word_1_173' title='bbox 3721 860 3826 915; x_wconf 82' lang='grc' dir='ltr'>καὶ</span> 
     </span>
    </p>
   </div>
   <div class='ocr_carea' id='block_1_29' title="bbox 2163 928 2526 999">
    <p class='ocr_par' dir='ltr' id='par_1_29' title="bbox 2163 928 2526 999">
     <span class='ocr_line' id='line_1_29' title="bbox 2163 928 2526 999; baseline 0.008 -15"><span class='ocrx_word' id='word_1_174' title='bbox 2163 928 2526 999; x_wconf 78' lang='grc' dir='ltr'>ἐζηλωκότες.</span> 
     </span>
    </p>
   </div>
   <div class='ocr_carea' id='block_1_30' title="bbox 2234 1017 3818 1101">
    <p class='ocr_par' dir='ltr' id='par_1_30' title="bbox 2234 1017 3818 1101">
     <span class='ocr_line' id='line_1_30' title="bbox 2234 1017 3818 1101; baseline 0.011 -29"><span class='ocrx_word' id='word_1_175' title='bbox 2234 1023 2360 1076; x_wconf 58' lang='grc' dir='ltr'><strong>ΜΔΖ</strong></span> <span class='ocrx_word' id='word_1_176' title='bbox 2393 1017 2720 1094; x_wconf 82' lang='grc' dir='ltr'>Μεγαλόνων</span> <span class='ocrx_word' id='word_1_177' title='bbox 2749 1022 2842 1083; x_wconf 77' lang='grc' dir='ltr'><strong>τὰς</strong></span> <span class='ocrx_word' id='word_1_178' title='bbox 2873 1022 3146 1097; x_wconf 74' lang='grc' dir='ltr'><strong>σωτηρίας</strong></span> <span class='ocrx_word' id='word_1_179' title='bbox 3170 1029 3267 1080; x_wconf 80' lang='grc' dir='ltr'><strong>τοῦ</strong></span> <span class='ocrx_word' id='word_1_180' title='bbox 3313 1025 3585 1101; x_wconf 80' lang='grc' dir='ltr'>βασιλέως</span> <span class='ocrx_word' id='word_1_181' title='bbox 3631 1030 3818 1091; x_wconf 71' lang='grc' dir='ltr'>αὐτοῦ.</span> 
     </span>
    </p>
   </div>
   <div class='ocr_carea' id='block_1_31' title="bbox 2163 1107 3820 1192">
    <p class='ocr_par' dir='ltr' id='par_1_31' title="bbox 2163 1107 3820 1192">
     <span class='ocr_line' id='line_1_31' title="bbox 2163 1107 3820 1192; baseline 0.01 -29"><span class='ocrx_word' id='word_1_182' title='bbox 2163 1107 2416 1168; x_wconf 77' lang='grc' dir='ltr'><strong>Βασιλεῖς</strong></span> <span class='ocrx_word' id='word_1_183' title='bbox 2448 1109 2643 1174; x_wconf 82' lang='grc' dir='ltr'>πάντες</span> <span class='ocrx_word' id='word_1_184' title='bbox 2669 1107 2920 1186; x_wconf 85' lang='grc' dir='ltr'>λέγονται</span> <span class='ocrx_word' id='word_1_185' title='bbox 2953 1113 3006 1168; x_wconf 77' lang='grc' dir='ltr'>οἱ</span> <span class='ocrx_word' id='word_1_186' title='bbox 3035 1113 3219 1170; x_wconf 75' lang='grc' dir='ltr'>πιστοὶ</span> <span class='ocrx_word' id='word_1_187' title='bbox 3249 1115 3326 1179; x_wconf 82' lang='grc' dir='ltr'>εἷς</span> <span class='ocrx_word' id='word_1_188' title='bbox 3361 1117 3640 1192; x_wconf 85' lang='grc' dir='ltr'>βασιλείαν</span> <span class='ocrx_word' id='word_1_189' title='bbox 3686 1123 3820 1179; x_wconf 77' lang='grc' dir='ltr'>κατά</span> 
     </span>
    </p>
   </div>
   <div class='ocr_carea' id='block_1_32' title="bbox 2165 1195 2658 1272">
    <p class='ocr_par' dir='ltr' id='par_1_32' title="bbox 2165 1195 2658 1272">
     <span class='ocr_line' id='line_1_32' title="bbox 2165 1195 2658 1272; baseline 0.006 -21"><span class='ocrx_word' id='word_1_190' title='bbox 2165 1195 2547 1272; x_wconf 72' lang='grc' dir='ltr'>κληρονομίαν</span> <span class='ocrx_word' id='word_1_191' title='bbox 2579 1219 2658 1255; x_wconf 90' lang='grc' dir='ltr'>τε.</span> 
     </span>
    </p>
   </div>
   <div class='ocr_carea' id='block_1_33' title="bbox 2238 1287 3815 1374">
    <p class='ocr_par' dir='ltr' id='par_1_33' title="bbox 2238 1287 3815 1374">
     <span class='ocr_line' id='line_1_33' title="bbox 2238 1287 3815 1374; baseline 0.01 -34"><span class='ocrx_word' id='word_1_192' title='bbox 2238 1288 2367 1342; x_wconf 81' lang='grc' dir='ltr'><strong>ΜΕ’.</strong></span> <span class='ocrx_word' id='word_1_193' title='bbox 2397 1287 2458 1341; x_wconf 83' lang='grc' dir='ltr'><strong>ῚΙ</strong></span> <span class='ocrx_word' id='word_1_194' title='bbox 2493 1289 2841 1362; x_wconf 74' lang='grc' dir='ltr'>μακροθυμία</span> <span class='ocrx_word' id='word_1_195' title='bbox 2887 1288 3160 1364; x_wconf 68' lang='grc' dir='ltr'>γλυκύτης</span> <span class='ocrx_word' id='word_1_196' title='bbox 3210 1291 3351 1349; x_wconf 78' lang='grc' dir='ltr'>ἐστὶν</span> <span class='ocrx_word' id='word_1_197' title='bbox 3383 1295 3514 1372; x_wconf 74' lang='grc' dir='ltr'>ὑπὲρ</span> <span class='ocrx_word' id='word_1_198' title='bbox 3558 1300 3624 1354; x_wconf 85' lang='grc' dir='ltr'>τὸ</span> <span class='ocrx_word' id='word_1_199' title='bbox 3673 1301 3815 1374; x_wconf 82' lang='grc' dir='ltr'>μέλι,</span> 
     </span>
    </p>
   </div>
   <div class='ocr_carea' id='block_1_34' title="bbox 2168 1373 3815 1463">
    <p class='ocr_par' dir='ltr' id='par_1_34' title="bbox 2168 1373 3815 1463">
     <span class='ocr_line' id='line_1_34' title="bbox 2168 1373 3815 1463; baseline 0.01 -36"><span class='ocrx_word' id='word_1_200' title='bbox 2168 1373 2276 1450; x_wconf 82' lang='grc' dir='ltr'>οὐχ</span> <span class='ocrx_word' id='word_1_201' title='bbox 2307 1374 2524 1429; x_wconf 82' lang='grc' dir='ltr'>δτιέστὶ</span> <span class='ocrx_word' id='word_1_202' title='bbox 2559 1377 2924 1450; x_wconf 79' lang='grc' dir='ltr'><strong>μακροθυμία,</strong></span> <span class='ocrx_word' id='word_1_203' title='bbox 2954 1377 3101 1434; x_wconf 77' lang='grc' dir='ltr'>ἀλλὰ</span> <span class='ocrx_word' id='word_1_204' title='bbox 3142 1381 3279 1436; x_wconf 84' lang='grc' dir='ltr'><strong>κατᾶ</strong></span> <span class='ocrx_word' id='word_1_205' title='bbox 3323 1384 3416 1438; x_wconf 86' lang='grc' dir='ltr'><strong>τὸν</strong></span> <span class='ocrx_word' id='word_1_206' title='bbox 3466 1373 3680 1463; x_wconf 81' lang='grc' dir='ltr'>καρπὸν</span> 
     </span>
    </p>
   </div>
   <div class='ocr_carea' id='block_1_35' title="bbox 2171 1465 3804 1550">
    <p class='ocr_par' dir='ltr' id='par_1_35' title="bbox 2171 1465 3804 1550">
     <span class='ocr_line' id='line_1_35' title="bbox 2171 1465 3804 1550; baseline 0.012 -34"><span class='ocrx_word' id='word_1_207' title='bbox 2171 1465 2572 1537; x_wconf 89' lang='grc' dir='ltr'>μακροθυμίας.</span> <span class='ocrx_word' id='word_1_208' title='bbox 2624 1466 2771 1522; x_wconf 84' lang='grc' dir='ltr'>Έπεῖ</span> <span class='ocrx_word' id='word_1_209' title='bbox 2822 1468 2914 1522; x_wconf 79' lang='grc' dir='ltr'><strong>οὗν</strong></span> <span class='ocrx_word' id='word_1_210' title='bbox 2973 1469 3000 1523; x_wconf 94' lang='lat'><strong>6</strong></span> <span class='ocrx_word' id='word_1_211' title='bbox 3059 1467 3331 1545; x_wconf 74' lang='grc' dir='ltr'>ἐγκρατής</span> <span class='ocrx_word' id='word_1_212' title='bbox 3391 1472 3533 1530; x_wconf 82' lang='grc' dir='ltr'>ἐστιν</span> <span class='ocrx_word' id='word_1_213' title='bbox 3587 1476 3804 1550; x_wconf 73' lang='grc' dir='ltr'>ἀπαθὴς,</span> 
     </span>
    </p>
   </div>
   <div class='ocr_carea' id='block_1_36' title="bbox 2166 1553 3808 1643">
    <p class='ocr_par' dir='ltr' id='par_1_36' title="bbox 2166 1553 3808 1643">
     <span class='ocr_line' id='line_1_36' title="bbox 2166 1553 3808 1643; baseline 0.01 -37"><span class='ocrx_word' id='word_1_214' title='bbox 2166 1557 2379 1643; x_wconf 72' lang='grc' dir='ltr'>κρατῶν</span> <span class='ocrx_word' id='word_1_215' title='bbox 2431 1553 2550 1643; x_wconf 16' lang='grc' dir='ltr'>,οὐκ</span> <span class='ocrx_word' id='word_1_216' title='bbox 2589 1555 2802 1618; x_wconf 86' lang='grc' dir='ltr'>ἀπόνως</span> <span class='ocrx_word' id='word_1_217' title='bbox 2831 1561 2939 1611; x_wconf 83' lang='grc' dir='ltr'><strong>τῶν</strong></span> <span class='ocrx_word' id='word_1_218' title='bbox 2972 1559 3159 1614; x_wconf 83' lang='grc' dir='ltr'>παθῶν</span> <span class='ocrx_word' id='word_1_219' title='bbox 3195 1581 3206 1593; x_wconf 88' lang='grc'><strong>·</strong></span> <span class='ocrx_word' id='word_1_220' title='bbox 3243 1559 3371 1618; x_wconf 77' lang='grc' dir='ltr'>ὅταν</span> <span class='ocrx_word' id='word_1_221' title='bbox 3403 1561 3462 1618; x_wconf 75' lang='grc' dir='ltr'>δὲ</span> <span class='ocrx_word' id='word_1_222' title='bbox 3507 1561 3618 1637; x_wconf 76' lang='grc' dir='ltr'>ἕξις</span> <span class='ocrx_word' id='word_1_223' title='bbox 3667 1567 3808 1643; x_wconf 77' lang='grc' dir='ltr'>γένηο</span> 
     </span>
    </p>
   </div>
   <div class='ocr_carea' id='block_1_37' title="bbox 2166 1639 3816 1731">
    <p class='ocr_par' dir='ltr' id='par_1_37' title="bbox 2166 1639 3816 1731">
     <span class='ocr_line' id='line_1_37' title="bbox 2166 1639 3816 1731; baseline 0.009 -35"><span class='ocrx_word' id='word_1_224' title='bbox 2166 1663 2277 1711; x_wconf 89' lang='grc' dir='ltr'>ται,</span> <span class='ocrx_word' id='word_1_225' title='bbox 2305 1641 2405 1698; x_wconf 82' lang='grc' dir='ltr'>οὐκ</span> <span class='ocrx_word' id='word_1_226' title='bbox 2428 1639 2507 1698; x_wconf 81' lang='grc' dir='ltr'>ἔτι</span> <span class='ocrx_word' id='word_1_227' title='bbox 2539 1642 2825 1719; x_wconf 72' lang='grc' dir='ltr'>ἐγκρατὴς,</span> <span class='ocrx_word' id='word_1_228' title='bbox 2861 1645 2911 1701; x_wconf 82' lang='grc' dir='ltr'>ἐν</span> <span class='ocrx_word' id='word_1_229' title='bbox 2943 1652 3042 1720; x_wconf 85' lang='grc' dir='ltr'>μιᾷ</span> <span class='ocrx_word' id='word_1_230' title='bbox 3068 1644 3170 1719; x_wconf 78' lang='grc' dir='ltr'>ἕξει</span> <span class='ocrx_word' id='word_1_231' title='bbox 3219 1652 3308 1706; x_wconf 86' lang='grc' dir='ltr'>καὶ</span> <span class='ocrx_word' id='word_1_232' title='bbox 3359 1651 3503 1728; x_wconf 82' lang='grc' dir='ltr'>ἁγίῳ</span> <span class='ocrx_word' id='word_1_233' title='bbox 3551 1639 3816 1731; x_wconf 70' lang='grc' dir='ltr'>Πνεόματι</span> 
     </span>
    </p>
   </div>
   <div class='ocr_carea' id='block_1_38' title="bbox 2170 1732 2940 1808">
    <p class='ocr_par' dir='ltr' id='par_1_38' title="bbox 2170 1732 2940 1808">
     <span class='ocr_line' id='line_1_38' title="bbox 2170 1732 2940 1808; baseline 0.006 -22"><span class='ocrx_word' id='word_1_234' title='bbox 2170 1732 2469 1806; x_wconf 83' lang='grc' dir='ltr'>γενομένου</span> <span class='ocrx_word' id='word_1_235' title='bbox 2498 1737 2598 1788; x_wconf 82' lang='grc' dir='ltr'><strong>τοῦ</strong></span> <span class='ocrx_word' id='word_1_236' title='bbox 2629 1733 2940 1808; x_wconf 82' lang='grc' dir='ltr'>ἀνθρώπου.</span> 
     </span>
    </p>
   </div>
   <div class='ocr_carea' id='block_1_39' title="bbox 2245 1997 3819 2086">
    <p class='ocr_par' dir='ltr' id='par_1_39' title="bbox 2245 1997 3819 2086">
     <span class='ocr_line' id='line_1_39' title="bbox 2245 1997 3819 2086; baseline 0.013 -40"><span class='ocrx_word' id='word_1_237' title='bbox 2245 1997 2370 2086; x_wconf 66' lang='lat' dir='ltr'><strong>MC’.</strong></span> <span class='ocrx_word' id='word_1_238' title='bbox 2404 1997 2687 2086; x_wconf 79' lang='grc' dir='ltr'>Πνεόματα</span> <span class='ocrx_word' id='word_1_239' title='bbox 2729 1997 2944 2074; x_wconf 84' lang='grc' dir='ltr'>λέγεται</span> <span class='ocrx_word' id='word_1_240' title='bbox 2991 1999 3058 2055; x_wconf 77' lang='grc' dir='ltr'><strong>τὰ</strong></span> <span class='ocrx_word' id='word_1_241' title='bbox 3099 2000 3242 2073; x_wconf 86' lang='grc' dir='ltr'>πάθη</span> <span class='ocrx_word' id='word_1_242' title='bbox 3287 2003 3354 2059; x_wconf 81' lang='grc' dir='ltr'><strong>τὰ</strong></span> <span class='ocrx_word' id='word_1_243' title='bbox 3413 2005 3464 2062; x_wconf 82' lang='grc' dir='ltr'>ἐν</span> <span class='ocrx_word' id='word_1_244' title='bbox 3522 2011 3590 2082; x_wconf 79' lang='grc' dir='ltr'><strong>τῇ</strong></span> <span class='ocrx_word' id='word_1_245' title='bbox 3640 2012 3819 2086; x_wconf 81' lang='grc' dir='ltr'>ψυχῇ,</span> 
     </span>
    </p>
   </div>
   <div class='ocr_carea' id='block_1_40' title="bbox 423 2083 2048 2173">
    <p class='ocr_par' dir='ltr' id='par_1_40' title="bbox 423 2091 2048 2165">
     <span class='ocr_line' id='line_1_40' title="bbox 423 2091 2048 2165; baseline -0.002 -17"><span class='ocrx_word' id='word_1_246' title='bbox 423 2110 526 2148; x_wconf 89' lang='lat' dir='ltr'><strong>nes</strong></span> <span class='ocrx_word' id='word_1_247' title='bbox 559 2100 719 2158; x_wconf 89' lang='lat' dir='ltr'><strong>sunt,</strong></span> <span class='ocrx_word' id='word_1_248' title='bbox 752 2110 867 2149; x_wconf 88' lang='lat' dir='ltr'><strong>non</strong></span> <span class='ocrx_word' id='word_1_249' title='bbox 890 2097 1085 2149; x_wconf 88' lang='lat' dir='ltr'><strong>autem</strong></span> <span class='ocrx_word' id='word_1_250' title='bbox 1115 2093 1327 2165; x_wconf 85' lang='lat' dir='ltr'><strong>spiritu</strong></span> <span class='ocrx_word' id='word_1_251' title='bbox 1358 2097 1641 2165; x_wconf 86' lang='lat' dir='ltr'><strong>potentes,</strong></span> <span class='ocrx_word' id='word_1_252' title='bbox 1677 2091 1894 2164; x_wconf 84' lang='lat' dir='ltr'><strong>quippe</strong></span> <span class='ocrx_word' id='word_1_253' title='bbox 1926 2097 2048 2146; x_wconf 86' lang='lat' dir='ltr'><strong>tum</strong></span> 
     </span>
    </p>
   </div>
   <div class='ocr_carea' id='block_1_41' title="bbox 2172 2083 3820 2173">
    <p class='ocr_par' dir='ltr' id='par_1_41' title="bbox 2175 2083 3820 2173">
     <span class='ocr_line' id='line_1_41' title="bbox 2175 2083 3820 2173; baseline 0.009 -35"><span class='ocrx_word' id='word_1_254' title='bbox 2175 2083 2274 2140; x_wconf 72' lang='grc' dir='ltr'><strong>οὐκ</strong></span> <span class='ocrx_word' id='word_1_255' title='bbox 2331 2085 2572 2155; x_wconf 74' lang='grc' dir='ltr'>ἔξουσίας</span> <span class='ocrx_word' id='word_1_256' title='bbox 2632 2086 2934 2160; x_wconf 75' lang='grc' dir='ltr'>πνεύματα,</span> <span class='ocrx_word' id='word_1_257' title='bbox 2966 2087 3082 2144; x_wconf 80' lang='grc' dir='ltr'>ἐπεὶ</span> <span class='ocrx_word' id='word_1_258' title='bbox 3135 2087 3281 2147; x_wconf 82' lang='grc' dir='ltr'>ἔσται</span> <span class='ocrx_word' id='word_1_259' title='bbox 3315 2093 3554 2166; x_wconf 71' lang='grc' dir='ltr'>ἐμπαθὴς</span> <span class='ocrx_word' id='word_1_260' title='bbox 3609 2083 3820 2173; x_wconf 77' lang='grc' dir='ltr'>ἄνθρω-</span> 
     </span>
    </p>
   </div>
   <div class='ocr_carea' id='block_1_42' title="bbox 418 2180 2062 2254">
    <p class='ocr_par' dir='ltr' id='par_1_42' title="bbox 418 2180 2062 2254">
     <span class='ocr_line' id='line_1_42' title="bbox 418 2180 2062 2254; baseline -0.001 -18"><span class='ocrx_word' id='word_1_261' title='bbox 418 2180 594 2238; x_wconf 90' lang='lat' dir='ltr'><strong>homo</strong></span> <span class='ocrx_word' id='word_1_262' title='bbox 621 2183 722 2254; x_wconf 91' lang='lat' dir='ltr'><strong>qui</strong></span> <span class='ocrx_word' id='word_1_263' title='bbox 745 2182 835 2238; x_wconf 90' lang='lat' dir='ltr'><strong>his</strong></span> <span class='ocrx_word' id='word_1_264' title='bbox 857 2186 1011 2238; x_wconf 88' lang='lat' dir='ltr'><strong>esset</strong></span> <span class='ocrx_word' id='word_1_265' title='bbox 1035 2183 1326 2238; x_wconf 83' lang='lat' dir='ltr'><strong>obnoxius</strong></span> <span class='ocrx_word' id='word_1_266' title='bbox 1347 2183 1680 2238; x_wconf 64' lang='lat' dir='ltr'><strong>daemonum</strong></span> <span class='ocrx_word' id='word_1_267' title='bbox 1715 2180 1864 2252; x_wconf 83' lang='lat' dir='ltr'><strong>legio</strong></span> <span class='ocrx_word' id='word_1_268' title='bbox 1896 2180 2062 2251; x_wconf 86' lang='lat' dir='ltr'><strong>foret,</strong></span> 
     </span>
    </p>
   </div>
   <div class='ocr_carea' id='block_1_43' title="bbox 415 2271 2063 2344">
    <p class='ocr_par' dir='ltr' id='par_1_43' title="bbox 415 2271 2063 2344">
     <span class='ocr_line' id='line_1_43' title="bbox 415 2271 2063 2344; baseline -0.001 -18"><span class='ocrx_word' id='word_1_269' title='bbox 415 2272 515 2326; x_wconf 92' lang='lat' dir='ltr'><strong>sed</strong></span> <span class='ocrx_word' id='word_1_270' title='bbox 551 2275 785 2343; x_wconf 87' lang='lat' dir='ltr'><strong>propter</strong></span> <span class='ocrx_word' id='word_1_271' title='bbox 813 2271 1494 2344; x_wconf 82' lang='lat' dir='ltr'><strong>suggestionem.Eadem</strong></span> <span class='ocrx_word' id='word_1_272' title='bbox 1523 2271 1679 2326; x_wconf 90' lang='lat' dir='ltr'><strong>enim</strong></span> <span class='ocrx_word' id='word_1_273' title='bbox 1714 2271 2063 2338; x_wconf 64' lang='lat' dir='ltr'><strong>anima,muo</strong></span> 
     </span>
    </p>
   </div>
   <div class='ocr_carea' id='block_1_44' title="bbox 414 2358 2058 2431">
    <p class='ocr_par' dir='ltr' id='par_1_44' title="bbox 414 2358 2058 2431">
     <span class='ocr_line' id='line_1_44' title="bbox 414 2358 2058 2431; baseline -0.001 -17"><span class='ocrx_word' id='word_1_274' title='bbox 414 2359 636 2414; x_wconf 79' lang='lat' dir='ltr'><strong>tatione</strong></span> <span class='ocrx_word' id='word_1_275' title='bbox 668 2360 948 2430; x_wconf 88' lang='lat' dir='ltr'><strong>quadam,</strong></span> <span class='ocrx_word' id='word_1_276' title='bbox 981 2359 1128 2415; x_wconf 89' lang='lat' dir='ltr'><strong>alias</strong></span> <span class='ocrx_word' id='word_1_277' title='bbox 1161 2364 1333 2431; x_wconf 90' lang='lat' dir='ltr'><strong>atque</strong></span> <span class='ocrx_word' id='word_1_278' title='bbox 1365 2359 1510 2415; x_wconf 86' lang='lat' dir='ltr'><strong>alias</strong></span> <span class='ocrx_word' id='word_1_279' title='bbox 1556 2359 1869 2431; x_wconf 86' lang='lat' dir='ltr'><strong>qualitates</strong></span> <span class='ocrx_word' id='word_1_280' title='bbox 1920 2358 2058 2413; x_wconf 91' lang='lat' dir='ltr'><strong>dum</strong></span> 
     </span>
    </p>
   </div>
   <div class='ocr_carea' id='block_1_45' title="bbox 411 2448 1679 2520">
    <p class='ocr_par' dir='ltr' id='par_1_45' title="bbox 411 2448 1679 2520">
     <span class='ocr_line' id='line_1_45' title="bbox 411 2448 1679 2520; baseline 0 -16"><span class='ocrx_word' id='word_1_281' title='bbox 411 2449 680 2519; x_wconf 85' lang='lat' dir='ltr'><strong>recipiat,</strong></span> <span class='ocrx_word' id='word_1_282' title='bbox 713 2448 956 2519; x_wconf 89' lang='lat' dir='ltr'><strong>spiritus</strong></span> <span class='ocrx_word' id='word_1_283' title='bbox 987 2452 1128 2504; x_wconf 90' lang='lat' dir='ltr'><strong>tunc</strong></span> <span class='ocrx_word' id='word_1_284' title='bbox 1161 2448 1418 2520; x_wconf 86' lang='lat' dir='ltr'><strong>recipere</strong></span> <span class='ocrx_word' id='word_1_285' title='bbox 1447 2449 1679 2504; x_wconf 90' lang='lat' dir='ltr'><strong>dicitur.</strong></span> 
     </span>
    </p>
   </div>
   <div class='ocr_carea' id='block_1_46' title="bbox 481 2535 2057 2606">
    <p class='ocr_par' dir='ltr' id='par_1_46' title="bbox 481 2535 2057 2606">
     <span class='ocr_line' id='line_1_46' title="bbox 481 2535 2057 2606; baseline -0.001 -15"><span class='ocrx_word' id='word_1_286' title='bbox 481 2537 696 2591; x_wconf 89' lang='lat' dir='ltr'><strong>XLVII.</strong></span> <span class='ocrx_word' id='word_1_287' title='bbox 730 2538 892 2592; x_wconf 80' lang='lat' dir='ltr'><strong>Ratio</strong></span> <span class='ocrx_word' id='word_1_288' title='bbox 917 2554 950 2592; x_wconf 90' lang='lat' dir='ltr'><strong>a</strong></span> <span class='ocrx_word' id='word_1_289' title='bbox 972 2545 1240 2592; x_wconf 87' lang='lat' dir='ltr'><strong>creatura</strong></span> <span class='ocrx_word' id='word_1_290' title='bbox 1270 2537 1569 2592; x_wconf 89' lang='lat' dir='ltr'><strong>discedere</strong></span> <span class='ocrx_word' id='word_1_291' title='bbox 1601 2555 1706 2592; x_wconf 89' lang='lat' dir='ltr'><strong>nos</strong></span> <span class='ocrx_word' id='word_1_292' title='bbox 1731 2553 1841 2591; x_wconf 89' lang='lat' dir='ltr'><strong>non</strong></span> <span class='ocrx_word' id='word_1_293' title='bbox 1864 2535 2057 2606; x_wconf 85' lang='lat' dir='ltr'><strong>jubet,</strong></span> 
     </span>
    </p>
   </div>
   <div class='ocr_carea' id='block_1_47' title="bbox 408 2623 2060 2697">
    <p class='ocr_par' dir='ltr' id='par_1_47' title="bbox 408 2623 2060 2697">
     <span class='ocr_line' id='line_1_47' title="bbox 408 2623 2060 2697; baseline -0.002 -15"><span class='ocrx_word' id='word_1_294' title='bbox 408 2626 511 2682; x_wconf 89' lang='lat' dir='ltr'><strong>sed</strong></span> <span class='ocrx_word' id='word_1_295' title='bbox 544 2624 628 2679; x_wconf 90' lang='lat' dir='ltr'><strong>uti</strong></span> <span class='ocrx_word' id='word_1_296' title='bbox 662 2625 824 2680; x_wconf 91' lang='lat' dir='ltr'><strong>nulla</strong></span> <span class='ocrx_word' id='word_1_297' title='bbox 872 2624 1215 2696; x_wconf 87' lang='lat' dir='ltr'><strong>passionum</strong></span> <span class='ocrx_word' id='word_1_298' title='bbox 1267 2626 1556 2697; x_wconf 86' lang='lat' dir='ltr'><strong>pravitate</strong></span> <span class='ocrx_word' id='word_1_299' title='bbox 1609 2643 1741 2681; x_wconf 88' lang='lat' dir='ltr'><strong>cum</strong></span> <span class='ocrx_word' id='word_1_300' title='bbox 1793 2623 1895 2679; x_wconf 89' lang='lat' dir='ltr'><strong>illa</strong></span> <span class='ocrx_word' id='word_1_301' title='bbox 1946 2641 2060 2679; x_wconf 91' lang='lat' dir='ltr'><strong>una</strong></span> 
     </span>
    </p>
   </div>
   <div class='ocr_carea' id='block_1_48' title="bbox 406 2711 2059 2785">
    <p class='ocr_par' dir='ltr' id='par_1_48' title="bbox 406 2711 2059 2785">
     <span class='ocr_line' id='line_1_48' title="bbox 406 2711 2059 2785; baseline -0.001 -17"><span class='ocrx_word' id='word_1_302' title='bbox 406 2729 779 2769; x_wconf 86' lang='lat' dir='ltr'><strong>versaremur</strong></span> <span class='ocrx_word' id='word_1_303' title='bbox 812 2729 1101 2785; x_wconf 88' lang='lat' dir='ltr'><strong>:cumque</strong></span> <span class='ocrx_word' id='word_1_304' title='bbox 1133 2713 1360 2784; x_wconf 88' lang='lat' dir='ltr'><strong>aliquid</strong></span> <span class='ocrx_word' id='word_1_305' title='bbox 1395 2714 1690 2783; x_wconf 85' lang='lat' dir='ltr'><strong>acciderit,</strong></span> <span class='ocrx_word' id='word_1_306' title='bbox 1729 2718 1790 2768; x_wconf 91' lang='lat' dir='ltr'><strong>ut</strong></span> <span class='ocrx_word' id='word_1_307' title='bbox 1822 2711 2059 2768; x_wconf 84' lang='lat' dir='ltr'><strong>moleste</strong></span> 
     </span>
    </p>
   </div>
   <div class='ocr_carea' id='block_1_49' title="bbox 407 2801 2056 2874">
    <p class='ocr_par' dir='ltr' id='par_1_49' title="bbox 407 2801 2056 2874">
     <span class='ocr_line' id='line_1_49' title="bbox 407 2801 2056 2874; baseline -0.002 -16"><span class='ocrx_word' id='word_1_308' title='bbox 407 2820 526 2858; x_wconf 89' lang='lat' dir='ltr'><strong>non</strong></span> <span class='ocrx_word' id='word_1_309' title='bbox 559 2803 839 2868; x_wconf 82' lang='lat' dir='ltr'><strong>feramus,</strong></span> <span class='ocrx_word' id='word_1_310' title='bbox 870 2819 972 2858; x_wconf 91' lang='lat' dir='ltr'><strong>nec</strong></span> <span class='ocrx_word' id='word_1_311' title='bbox 1003 2803 1439 2870; x_wconf 88' lang='lat' dir='ltr'><strong>contristemur,</strong></span> <span class='ocrx_word' id='word_1_312' title='bbox 1477 2820 1664 2874; x_wconf 90' lang='lat' dir='ltr'><strong>neque</strong></span> <span class='ocrx_word' id='word_1_313' title='bbox 1716 2801 2056 2873; x_wconf 87' lang='lat' dir='ltr'><strong>possidendi</strong></span> 
     </span>
    </p>
   </div>
   <div class='ocr_carea' id='block_1_50' title="bbox 410 2891 2054 2964">
    <p class='ocr_par' dir='ltr' id='par_1_50' title="bbox 410 2891 2054 2964">
     <span class='ocr_line' id='line_1_50' title="bbox 410 2891 2054 2964; baseline -0.001 -17"><span class='ocrx_word' id='word_1_314' title='bbox 410 2891 700 2947; x_wconf 85' lang='lat' dir='ltr'><strong>desiderio</strong></span> <span class='ocrx_word' id='word_1_315' title='bbox 751 2891 939 2948; x_wconf 89' lang='lat' dir='ltr'><strong>simus</strong></span> <span class='ocrx_word' id='word_1_316' title='bbox 986 2892 1230 2964; x_wconf 86' lang='lat' dir='ltr'><strong>abrepti.</strong></span> <span class='ocrx_word' id='word_1_317' title='bbox 1283 2893 1427 2947; x_wconf 90' lang='lat' dir='ltr'><strong>Cum</strong></span> <span class='ocrx_word' id='word_1_318' title='bbox 1474 2893 1546 2947; x_wconf 90' lang='lat' dir='ltr'><strong>ab</strong></span> <span class='ocrx_word' id='word_1_319' title='bbox 1596 2893 1805 2947; x_wconf 68' lang='lat' dir='ltr'><strong>affectu</strong></span> <span class='ocrx_word' id='word_1_320' title='bbox 1859 2907 2054 2946; x_wconf 80' lang='lat' dir='ltr'><strong>rerum</strong></span> 
     </span>
    </p>
   </div>
   <div class='ocr_carea' id='block_1_51' title="bbox 409 2979 2058 3053">
    <p class='ocr_par' dir='ltr' id='par_1_51' title="bbox 409 2979 2058 3053">
     <span class='ocr_line' id='line_1_51' title="bbox 409 2979 2058 3053; baseline -0.001 -17"><span class='ocrx_word' id='word_1_321' title='bbox 409 2980 803 3052; x_wconf 87' lang='lat' dir='ltr'><strong>possessione,</strong></span> <span class='ocrx_word' id='word_1_322' title='bbox 852 2981 1130 3053; x_wconf 87' lang='lat' dir='ltr'><strong>omnique</strong></span> <span class='ocrx_word' id='word_1_323' title='bbox 1195 2979 1438 3036; x_wconf 87' lang='lat' dir='ltr'><strong>libidine</strong></span> <span class='ocrx_word' id='word_1_324' title='bbox 1487 2981 1785 3036; x_wconf 87' lang='lat' dir='ltr'><strong>discedere</strong></span> <span class='ocrx_word' id='word_1_325' title='bbox 1846 2980 2058 3051; x_wconf 91' lang='lat' dir='ltr'><strong>jubeat</strong></span> 
     </span>
    </p>
   </div>
   <div class='ocr_carea' id='block_1_52' title="bbox 412 3067 2053 3139">
    <p class='ocr_par' dir='ltr' id='par_1_52' title="bbox 412 3067 2053 3139">
     <span class='ocr_line' id='line_1_52' title="bbox 412 3067 2053 3139; baseline -0.001 -14"><span class='ocrx_word' id='word_1_326' title='bbox 412 3068 776 3125; x_wconf 86' lang='lat' dir='ltr'><strong>Providentia</strong></span> <span class='ocrx_word' id='word_1_327' title='bbox 807 3069 1024 3137; x_wconf 82' lang='lat' dir='ltr'><strong>divina,</strong></span> <span class='ocrx_word' id='word_1_328' title='bbox 1059 3069 1117 3124; x_wconf 91' lang='lat' dir='ltr'><strong>in</strong></span> <span class='ocrx_word' id='word_1_329' title='bbox 1149 3086 1248 3125; x_wconf 89' lang='lat' dir='ltr'><strong>eos</strong></span> <span class='ocrx_word' id='word_1_330' title='bbox 1280 3069 1433 3126; x_wconf 90' lang='lat' dir='ltr'><strong>solos</strong></span> <span class='ocrx_word' id='word_1_331' title='bbox 1483 3086 1811 3126; x_wconf 89' lang='lat' dir='ltr'><strong>sermonem</strong></span> <span class='ocrx_word' id='word_1_332' title='bbox 1861 3067 2053 3139; x_wconf 85' lang='lat' dir='ltr'><strong>vertit,</strong></span> 
     </span>
    </p>
   </div>
   <div class='ocr_carea' id='block_1_53' title="bbox 409 3159 1168 3230">
    <p class='ocr_par' dir='ltr' id='par_1_53' title="bbox 409 3159 1168 3230">
     <span class='ocr_line' id='line_1_53' title="bbox 409 3159 1168 3230; baseline 0.001 -18"><span class='ocrx_word' id='word_1_333' title='bbox 409 3159 507 3230; x_wconf 91' lang='lat' dir='ltr'><strong>qui</strong></span> <span class='ocrx_word' id='word_1_334' title='bbox 541 3159 599 3213; x_wconf 90' lang='lat' dir='ltr'><strong>in</strong></span> <span class='ocrx_word' id='word_1_335' title='bbox 631 3174 804 3214; x_wconf 89' lang='lat' dir='ltr'><strong>carne</strong></span> <span class='ocrx_word' id='word_1_336' title='bbox 835 3163 1168 3214; x_wconf 87' lang='lat' dir='ltr'><strong>versantur.</strong></span> 
     </span>
    </p>
   </div>
   <div class='ocr_carea' id='block_1_54' title="bbox 476 3246 2050 3320">
    <p class='ocr_par' dir='ltr' id='par_1_54' title="bbox 476 3246 2050 3320">
     <span class='ocr_line' id='line_1_54' title="bbox 476 3246 2050 3320; baseline 0.001 -18"><span class='ocrx_word' id='word_1_337' title='bbox 476 3247 716 3302; x_wconf 81' lang='lat' dir='ltr'><strong>XLVIII.</strong></span> <span class='ocrx_word' id='word_1_338' title='bbox 752 3246 912 3303; x_wconf 89' lang='lat' dir='ltr'><strong>Illico</strong></span> <span class='ocrx_word' id='word_1_339' title='bbox 945 3247 1148 3304; x_wconf 87' lang='lat' dir='ltr'><strong>Petrus</strong></span> <span class='ocrx_word' id='word_1_340' title='bbox 1187 3248 1246 3303; x_wconf 87' lang='lat' dir='ltr'><strong>in</strong></span> <span class='ocrx_word' id='word_1_341' title='bbox 1281 3247 1628 3320; x_wconf 81' lang='lat' dir='ltr'><strong>Apocalypsi</strong></span> <span class='ocrx_word' id='word_1_342' title='bbox 1661 3249 1823 3317; x_wconf 87' lang='lat' dir='ltr'><strong>dicit,</strong></span> <span class='ocrx_word' id='word_1_343' title='bbox 1858 3248 2050 3304; x_wconf 78' lang='lat' dir='ltr'><strong>infan-</strong></span> 
     </span>
    </p>
   </div>
   <div class='ocr_carea' id='block_1_55' title="bbox 401 3336 2053 3414">
    <p class='ocr_par' dir='ltr' id='par_1_55' title="bbox 401 3336 2053 3414">
     <span class='ocr_line' id='line_1_55' title="bbox 401 3336 2053 3414; baseline 0.001 -23"><span class='ocrx_word' id='word_1_344' title='bbox 401 3341 490 3394; x_wconf 88' lang='lat' dir='ltr'><strong>tes</strong></span> <span class='ocrx_word' id='word_1_345' title='bbox 519 3337 838 3405; x_wconf 85' lang='lat' dir='ltr'><strong>abortivos,</strong></span> <span class='ocrx_word' id='word_1_346' title='bbox 873 3341 1116 3392; x_wconf 79' lang='lat' dir='ltr'><strong>conatus</strong></span> <span class='ocrx_word' id='word_1_347' title='bbox 1146 3354 1212 3392; x_wconf 90' lang='lat' dir='ltr'><strong>ac</strong></span> <span class='ocrx_word' id='word_1_348' title='bbox 1249 3337 1426 3393; x_wconf 83' lang='lat' dir='ltr'><strong>sortis</strong></span> <span class='ocrx_word' id='word_1_349' title='bbox 1451 3353 1580 3392; x_wconf 87' lang='lat' dir='ltr'><strong>esse</strong></span> <span class='ocrx_word' id='word_1_350' title='bbox 1613 3336 1892 3404; x_wconf 88' lang='lat' dir='ltr'><strong>melioris,</strong></span> <span class='ocrx_word' id='word_1_351' title='bbox 1946 3337 2053 3414; x_wconf 88' lang='lat' dir='ltr'><strong>hos</strong></span> 
     </span>
    </p>
   </div>
   <div class='ocr_carea' id='block_1_56' title="bbox 400 3424 2048 3498">
    <p class='ocr_par' dir='ltr' id='par_1_56' title="bbox 400 3424 2048 3498">
     <span class='ocr_line' id='line_1_56' title="bbox 400 3424 2048 3498; baseline -0.001 -17"><span class='ocrx_word' id='word_1_352' title='bbox 400 3425 607 3498; x_wconf 85' lang='lat' dir='ltr'><strong>angelo</strong></span> <span class='ocrx_word' id='word_1_353' title='bbox 639 3427 818 3480; x_wconf 89' lang='lat' dir='ltr'><strong>tutori</strong></span> <span class='ocrx_word' id='word_1_354' title='bbox 848 3425 1020 3489; x_wconf 90' lang='lat' dir='ltr'><strong>tradi,</strong></span> <span class='ocrx_word' id='word_1_355' title='bbox 1057 3429 1121 3480; x_wconf 88' lang='lat' dir='ltr'><strong>ut</strong></span> <span class='ocrx_word' id='word_1_356' title='bbox 1150 3425 1411 3482; x_wconf 64' lang='lat' dir='ltr'><strong>scientiae</strong></span> <span class='ocrx_word' id='word_1_357' title='bbox 1454 3425 1764 3495; x_wconf 72' lang='lat' dir='ltr'><strong>praeceptis</strong></span> <span class='ocrx_word' id='word_1_358' title='bbox 1814 3424 2048 3494; x_wconf 89' lang='lat' dir='ltr'><strong>imbuti,</strong></span> 
     </span>
    </p>
   </div>
   <div class='ocr_carea' id='block_1_57' title="bbox 399 3514 2048 3584">
    <p class='ocr_par' dir='ltr' id='par_1_57' title="bbox 399 3514 2048 3584">
     <span class='ocr_line' id='line_1_57' title="bbox 399 3514 2048 3584; baseline 0 -13"><span class='ocrx_word' id='word_1_359' title='bbox 399 3516 821 3571; x_wconf 75' lang='lat' dir='ltr'><strong>habitationem</strong></span> <span class='ocrx_word' id='word_1_360' title='bbox 855 3517 1275 3572; x_wconf 85' lang='lat' dir='ltr'><strong>nanciscantur</strong></span> <span class='ocrx_word' id='word_1_361' title='bbox 1301 3514 1627 3584; x_wconf 86' lang='lat' dir='ltr'><strong>meliorem,</strong></span> <span class='ocrx_word' id='word_1_362' title='bbox 1649 3517 1850 3572; x_wconf 88' lang='lat' dir='ltr'><strong>eadem</strong></span> <span class='ocrx_word' id='word_1_363' title='bbox 1887 3533 2048 3571; x_wconf 89' lang='lat' dir='ltr'><strong>nem-</strong></span> 
     </span>
    </p>
   </div>
   <div class='ocr_carea' id='block_1_58' title="bbox 403 3604 2049 3676">
    <p class='ocr_par' dir='ltr' id='par_1_58' title="bbox 403 3604 2049 3676">
     <span class='ocr_line' id='line_1_58' title="bbox 403 3604 2049 3676; baseline 0.001 -17"><span class='ocrx_word' id='word_1_364' title='bbox 403 3621 472 3675; x_wconf 89' lang='lat' dir='ltr'><strong>pe</strong></span> <span class='ocrx_word' id='word_1_365' title='bbox 504 3604 684 3675; x_wconf 83' lang='lat' dir='ltr'><strong>passi,</strong></span> <span class='ocrx_word' id='word_1_366' title='bbox 717 3621 844 3675; x_wconf 68' lang='lat' dir='ltr'><strong>quze</strong></span> <span class='ocrx_word' id='word_1_367' title='bbox 877 3605 926 3658; x_wconf 86' lang='lat' dir='ltr'><strong>si</strong></span> <span class='ocrx_word' id='word_1_368' title='bbox 964 3605 1020 3658; x_wconf 88' lang='lat' dir='ltr'><strong>in</strong></span> <span class='ocrx_word' id='word_1_369' title='bbox 1073 3621 1314 3675; x_wconf 90' lang='lat' dir='ltr'><strong>corpore</strong></span> <span class='ocrx_word' id='word_1_370' title='bbox 1363 3605 1575 3660; x_wconf 86' lang='lat' dir='ltr'><strong>versati</strong></span> <span class='ocrx_word' id='word_1_371' title='bbox 1629 3604 1900 3673; x_wconf 78' lang='lat' dir='ltr'><strong>fuissent,</strong></span> <span class='ocrx_word' id='word_1_372' title='bbox 1953 3621 2049 3676; x_wconf 84' lang='lat' dir='ltr'><strong>pa-</strong></span> 
     </span>
    </p>
   </div>
   <div class='ocr_carea' id='block_1_59' title="bbox 401 3692 2048 3766">
    <p class='ocr_par' dir='ltr' id='par_1_59' title="bbox 401 3692 2048 3766">
     <span class='ocr_line' id='line_1_59' title="bbox 401 3692 2048 3766; baseline -0.001 -18"><span class='ocrx_word' id='word_1_373' title='bbox 401 3697 694 3760; x_wconf 83' lang='lat' dir='ltr'><strong>terentur;</strong></span> <span class='ocrx_word' id='word_1_374' title='bbox 731 3693 937 3763; x_wconf 86' lang='lat' dir='ltr'><strong>reliqui</strong></span> <span class='ocrx_word' id='word_1_375' title='bbox 971 3692 1352 3761; x_wconf 79' lang='lat' dir='ltr'><strong>vero,salutis</strong></span> <span class='ocrx_word' id='word_1_376' title='bbox 1384 3697 1609 3748; x_wconf 83' lang='lat' dir='ltr'><strong>tantum</strong></span> <span class='ocrx_word' id='word_1_377' title='bbox 1649 3694 1788 3749; x_wconf 82' lang='lat' dir='ltr'><strong>fient</strong></span> <span class='ocrx_word' id='word_1_378' title='bbox 1817 3694 2048 3766; x_wconf 87' lang='lat' dir='ltr'><strong>partici-</strong></span> 
     </span>
    </p>
   </div>
   <div class='ocr_carea' id='block_1_60' title="bbox 400 3781 2044 3853">
    <p class='ocr_par' dir='ltr' id='par_1_60' title="bbox 400 3781 2044 3853">
     <span class='ocr_line' id='line_1_60' title="bbox 400 3781 2044 3853; baseline -0.001 -17"><span class='ocrx_word' id='word_1_379' title='bbox 400 3781 700 3853; x_wconf 87' lang='lat' dir='ltr'><strong>pes,quasi</strong></span> <span class='ocrx_word' id='word_1_380' title='bbox 725 3781 998 3851; x_wconf 90' lang='lat' dir='ltr'><strong>injuriam</strong></span> <span class='ocrx_word' id='word_1_381' title='bbox 1024 3782 1205 3852; x_wconf 88' lang='lat' dir='ltr'><strong>passi,</strong></span> <span class='ocrx_word' id='word_1_382' title='bbox 1236 3782 1696 3838; x_wconf 86' lang='lat' dir='ltr'><strong>misericordiam</strong></span> <span class='ocrx_word' id='word_1_383' title='bbox 1722 3783 2044 3852; x_wconf 81' lang='lat' dir='ltr'><strong>consecuti,</strong></span> 
     </span>
    </p>
   </div>
   <div class='ocr_carea' id='block_1_61' title="bbox 397 3869 2042 3942">
    <p class='ocr_par' dir='ltr' id='par_1_61' title="bbox 397 3869 2042 3942">
     <span class='ocr_line' id='line_1_61' title="bbox 397 3869 2042 3942; baseline 0 -16"><span class='ocrx_word' id='word_1_384' title='bbox 397 3888 465 3926; x_wconf 89' lang='lat' dir='ltr'><strong>ac</strong></span> <span class='ocrx_word' id='word_1_385' title='bbox 499 3877 733 3925; x_wconf 86' lang='lat' dir='ltr'><strong>manent</strong></span> <span class='ocrx_word' id='word_1_386' title='bbox 761 3871 888 3926; x_wconf 88' lang='lat' dir='ltr'><strong>sine</strong></span> <span class='ocrx_word' id='word_1_387' title='bbox 921 3870 1203 3939; x_wconf 73' lang='lat' dir='ltr'><strong>cruciatu,</strong></span> <span class='ocrx_word' id='word_1_388' title='bbox 1237 3869 1459 3942; x_wconf 56' lang='lat' dir='ltr'><strong>praemii</strong></span> <span class='ocrx_word' id='word_1_389' title='bbox 1492 3869 1616 3926; x_wconf 92' lang='lat' dir='ltr'><strong>loco</strong></span> <span class='ocrx_word' id='word_1_390' title='bbox 1648 3871 1757 3927; x_wconf 93' lang='lat' dir='ltr'><strong>hoc</strong></span> <span class='ocrx_word' id='word_1_391' title='bbox 1807 3872 2042 3942; x_wconf 82' lang='lat' dir='ltr'><strong>quidem</strong></span> 
     </span>
    </p>
   </div>
   <div class='ocr_carea' id='block_1_62' title="bbox 397 3965 782 4030">
    <p class='ocr_par' dir='ltr' id='par_1_62' title="bbox 397 3965 782 4030">
     <span class='ocr_line' id='line_1_62' title="bbox 397 3965 782 4030; baseline -0.005 -15"><span class='ocrx_word' id='word_1_392' title='bbox 397 3965 782 4030; x_wconf 88' lang='lat' dir='ltr'><strong>reportantes.</strong></span> 
     </span>
    </p>
   </div>
   <div class='ocr_carea' id='block_1_63' title="bbox 463 4047 2036 4104">
    <p class='ocr_par' dir='ltr' id='par_1_63' title="bbox 463 4047 2036 4104">
     <span class='ocr_line' id='line_1_63' title="bbox 463 4047 2036 4104; baseline -0.001 0"><span class='ocrx_word' id='word_1_393' title='bbox 463 4049 666 4104; x_wconf 85' lang='lat' dir='ltr'><strong>XLIX.</strong></span> <span class='ocrx_word' id='word_1_394' title='bbox 701 4047 1009 4103; x_wconf 78' lang='lat' dir='ltr'><strong>Mulierum</strong></span> <span class='ocrx_word' id='word_1_395' title='bbox 1043 4053 1239 4103; x_wconf 86' lang='lat' dir='ltr'><strong>autem</strong></span> <span class='ocrx_word' id='word_1_396' title='bbox 1275 4047 1364 4104; x_wconf 90' lang='lat' dir='ltr'><strong>lac</strong></span> <span class='ocrx_word' id='word_1_397' title='bbox 1409 4048 1672 4103; x_wconf 83' lang='lat' dir='ltr'><strong>deﬂuens</strong></span> <span class='ocrx_word' id='word_1_398' title='bbox 1725 4065 1792 4104; x_wconf 84' lang='lat' dir='ltr'><strong>ex</strong></span> <span class='ocrx_word' id='word_1_399' title='bbox 1844 4049 2036 4104; x_wconf 88' lang='lat' dir='ltr'><strong>uberi-</strong></span> 
     </span>
    </p>
   </div>
   <div class='ocr_carea' id='block_1_64' title="bbox 391 4137 2036 4210">
    <p class='ocr_par' dir='ltr' id='par_1_64' title="bbox 391 4137 2036 4210">
     <span class='ocr_line' id='line_1_64' title="bbox 391 4137 2036 4210; baseline -0.001 -17"><span class='ocrx_word' id='word_1_400' title='bbox 391 4138 504 4193; x_wconf 89' lang='lat' dir='ltr'><strong>bus</strong></span> <span class='ocrx_word' id='word_1_401' title='bbox 534 4154 600 4192; x_wconf 84' lang='lat' dir='ltr'><strong>ac</strong></span> <span class='ocrx_word' id='word_1_402' title='bbox 631 4142 989 4205; x_wconf 89' lang='lat' dir='ltr'><strong>concretum,</strong></span> <span class='ocrx_word' id='word_1_403' title='bbox 1025 4137 1218 4206; x_wconf 83' lang='lat' dir='ltr'><strong>inquit</strong></span> <span class='ocrx_word' id='word_1_404' title='bbox 1249 4137 1450 4191; x_wconf 87' lang='lat' dir='ltr'><strong>Petrus</strong></span> <span class='ocrx_word' id='word_1_405' title='bbox 1492 4137 1548 4192; x_wconf 91' lang='lat' dir='ltr'><strong>in</strong></span> <span class='ocrx_word' id='word_1_406' title='bbox 1594 4137 1657 4201; x_wconf 55' lang='grc' dir='ltr'><strong>»Β</strong></span> <span class='ocrx_word' id='word_1_407' title='bbox 1711 4137 2036 4210; x_wconf 79' lang='lat' dir='ltr'><strong>Apocalysi,</strong></span> 
     </span>
    </p>
   </div>
   <div class='ocr_carea' id='block_1_65' title="bbox 382 4225 2035 4298">
    <p class='ocr_par' dir='ltr' id='par_1_65' title="bbox 382 4225 2035 4298">
     <span class='ocr_line' id='line_1_65' title="bbox 382 4225 2035 4298; baseline 0.001 -18"><span class='ocrx_word' id='word_1_408' title='bbox 382 4226 600 4281; x_wconf 88' lang='lat' dir='ltr'><strong>bestias</strong></span> <span class='ocrx_word' id='word_1_409' title='bbox 632 4243 839 4297; x_wconf 82' lang='lat' dir='ltr'><strong>parvas</strong></span> <span class='ocrx_word' id='word_1_410' title='bbox 871 4243 935 4280; x_wconf 85' lang='lat' dir='ltr'><strong>ac</strong></span> <span class='ocrx_word' id='word_1_411' title='bbox 967 4227 1301 4282; x_wconf 87' lang='lat' dir='ltr'><strong>carnivoras</strong></span> <span class='ocrx_word' id='word_1_412' title='bbox 1339 4225 1546 4298; x_wconf 83' lang='lat' dir='ltr'><strong>pariet,</strong></span> <span class='ocrx_word' id='word_1_413' title='bbox 1580 4232 1637 4281; x_wconf 92' lang='lat' dir='ltr'><strong>et</strong></span> <span class='ocrx_word' id='word_1_414' title='bbox 1691 4227 1746 4281; x_wconf 90' lang='lat' dir='ltr'><strong>in</strong></span> <span class='ocrx_word' id='word_1_415' title='bbox 1799 4243 1898 4282; x_wconf 82' lang='lat' dir='ltr'><strong>eos</strong></span> <span class='ocrx_word' id='word_1_416' title='bbox 1948 4243 2035 4282; x_wconf 87' lang='lat' dir='ltr'><strong>re-</strong></span> 
     </span>
    </p>
   </div>
   <div class='ocr_carea' id='block_1_66' title="bbox 2173 2172 3814 2258">
    <p class='ocr_par' dir='ltr' id='par_1_66' title="bbox 2173 2172 3814 2258">
     <span class='ocr_line' id='line_1_66' title="bbox 2173 2172 3814 2258; baseline 0.008 -30"><span class='ocrx_word' id='word_1_417' title='bbox 2173 2194 2274 2238; x_wconf 88' lang='grc' dir='ltr'><strong>πος</strong></span> <span class='ocrx_word' id='word_1_418' title='bbox 2330 2173 2534 2250; x_wconf 87' lang='grc' dir='ltr'>λεγεὼν</span> <span class='ocrx_word' id='word_1_419' title='bbox 2591 2172 2864 2248; x_wconf 78' lang='grc' dir='ltr'>δαιμόνων</span> <span class='ocrx_word' id='word_1_420' title='bbox 2901 2196 2914 2209; x_wconf 82' lang='lat'><strong><em>°</em></strong></span> <span class='ocrx_word' id='word_1_421' title='bbox 2959 2175 3105 2233; x_wconf 86' lang='grc' dir='ltr'><strong>ἀλλά</strong></span> <span class='ocrx_word' id='word_1_422' title='bbox 3153 2181 3289 2236; x_wconf 86' lang='grc' dir='ltr'>κατᾶ</span> <span class='ocrx_word' id='word_1_423' title='bbox 3333 2185 3426 2253; x_wconf 80' lang='grc' dir='ltr'><strong>τήν</strong></span> <span class='ocrx_word' id='word_1_424' title='bbox 3477 2172 3814 2258; x_wconf 60' lang='grc' dir='ltr'>προτροπήν,</span> 
     </span>
    </p>
   </div>
   <div class='ocr_carea' id='block_1_67' title="bbox 2171 2263 3814 2342">
    <p class='ocr_par' dir='ltr' id='par_1_67' title="bbox 2171 2263 3814 2342">
     <span class='ocr_line' id='line_1_67' title="bbox 2171 2263 3814 2342; baseline 0.007 -22"><span class='ocrx_word' id='word_1_425' title='bbox 2171 2263 2234 2320; x_wconf 86' lang='grc' dir='ltr'><strong>Ἦ</strong></span> <span class='ocrx_word' id='word_1_426' title='bbox 2269 2264 2371 2337; x_wconf 77' lang='grc' dir='ltr'><strong>γὰρ</strong></span> <span class='ocrx_word' id='word_1_427' title='bbox 2405 2263 2542 2333; x_wconf 80' lang='grc' dir='ltr'><strong>αὖτή</strong></span> <span class='ocrx_word' id='word_1_428' title='bbox 2573 2265 2752 2342; x_wconf 75' lang='grc' dir='ltr'>ψυχὴ,</span> <span class='ocrx_word' id='word_1_429' title='bbox 2783 2266 2921 2320; x_wconf 83' lang='grc' dir='ltr'>κατὰ</span> <span class='ocrx_word' id='word_1_430' title='bbox 2954 2263 3262 2340; x_wconf 82' lang='grc' dir='ltr'>μεταϐολὰς</span> <span class='ocrx_word' id='word_1_431' title='bbox 3290 2268 3462 2335; x_wconf 75' lang='grc' dir='ltr'>ἄλλας</span> <span class='ocrx_word' id='word_1_432' title='bbox 3511 2273 3597 2329; x_wconf 77' lang='grc' dir='ltr'>καὶ</span> <span class='ocrx_word' id='word_1_433' title='bbox 3645 2272 3814 2339; x_wconf 78' lang='grc' dir='ltr'>ἄλλας</span> 
     </span>
    </p>
   </div>
   <div class='ocr_carea' id='block_1_68' title="bbox 2170 2352 3814 2440">
    <p class='ocr_par' dir='ltr' id='par_1_68' title="bbox 2170 2352 3814 2440">
     <span class='ocr_line' id='line_1_68' title="bbox 2170 2352 3814 2440; baseline 0.008 -33"><span class='ocrx_word' id='word_1_434' title='bbox 2170 2352 2469 2422; x_wconf 73' lang='grc' dir='ltr'>ποιότητας</span> <span class='ocrx_word' id='word_1_435' title='bbox 2536 2355 2724 2417; x_wconf 78' lang='grc' dir='ltr'>κακίας</span> <span class='ocrx_word' id='word_1_436' title='bbox 2798 2352 3203 2432; x_wconf 71' lang='grc' dir='ltr'>ἀναδεχομένη,</span> <span class='ocrx_word' id='word_1_437' title='bbox 3252 2360 3535 2435; x_wconf 83' lang='grc' dir='ltr'>πνεύματα</span> <span class='ocrx_word' id='word_1_438' title='bbox 3607 2360 3814 2440; x_wconf 84' lang='grc' dir='ltr'>λέγεται</span> 
     </span>
    </p>
   </div>
   <div class='ocr_carea' id='block_1_69' title="bbox 2171 2440 2541 2520">
    <p class='ocr_par' dir='ltr' id='par_1_69' title="bbox 2171 2440 2541 2520">
     <span class='ocr_line' id='line_1_69' title="bbox 2171 2440 2541 2520; baseline 0.008 -24"><span class='ocrx_word' id='word_1_439' title='bbox 2171 2440 2541 2520; x_wconf 77' lang='grc' dir='ltr'>ἀνειληφέναι.</span> 
     </span>
    </p>
   </div>
   <div class='ocr_carea' id='block_1_70' title="bbox 2240 2531 3820 2619">
    <p class='ocr_par' dir='ltr' id='par_1_70' title="bbox 2240 2531 3820 2619">
     <span class='ocr_line' id='line_1_70' title="bbox 2240 2531 3820 2619; baseline 0.008 -33"><span class='ocrx_word' id='word_1_440' title='bbox 2240 2533 2362 2589; x_wconf 80' lang='lat' dir='ltr'><strong>MZ&#39;.</strong></span> <span class='ocrx_word' id='word_1_441' title='bbox 2423 2533 2484 2589; x_wconf 75' lang='grc' dir='ltr'>Ὀ</span> <span class='ocrx_word' id='word_1_442' title='bbox 2542 2531 2706 2607; x_wconf 86' lang='grc' dir='ltr'>λόγος</span> <span class='ocrx_word' id='word_1_443' title='bbox 2765 2540 2864 2603; x_wconf 77' lang='grc' dir='ltr'><strong>τῆς</strong></span> <span class='ocrx_word' id='word_1_444' title='bbox 2919 2536 3146 2600; x_wconf 81' lang='grc' dir='ltr'>κτίσεως</span> <span class='ocrx_word' id='word_1_445' title='bbox 3210 2541 3322 2612; x_wconf 80' lang='grc'><strong>(64)</strong></span> <span class='ocrx_word' id='word_1_446' title='bbox 3375 2540 3700 2619; x_wconf 76' lang='grc' dir='ltr'>ἀφίστασθαι</span> <span class='ocrx_word' id='word_1_447' title='bbox 3760 2542 3820 2598; x_wconf 81' lang='grc' dir='ltr'>οὗ</span> 
     </span>
    </p>
   </div>
   <div class='ocr_carea' id='block_1_71' title="bbox 2169 2619 3820 2700">
    <p class='ocr_par' dir='ltr' id='par_1_71' title="bbox 2169 2619 3820 2700">
     <span class='ocr_line' id='line_1_71' title="bbox 2169 2619 3820 2700; baseline 0.008 -26"><span class='ocrx_word' id='word_1_448' title='bbox 2169 2619 2399 2689; x_wconf 77' lang='grc' dir='ltr'>κελεύει,</span> <span class='ocrx_word' id='word_1_449' title='bbox 2459 2620 2584 2677; x_wconf 79' lang='grc' dir='ltr'>ἁλλ’</span> <span class='ocrx_word' id='word_1_450' title='bbox 2641 2622 3002 2698; x_wconf 84' lang='grc' dir='ltr'>ἀπροσπαθῶς</span> <span class='ocrx_word' id='word_1_451' title='bbox 3063 2623 3382 2692; x_wconf 84' lang='grc' dir='ltr'>διοικεῖσθαι</span> <span class='ocrx_word' id='word_1_452' title='bbox 3441 2639 3542 2700; x_wconf 71' lang='grc' dir='ltr'>τήν</span> <span class='ocrx_word' id='word_1_453' title='bbox 3601 2632 3820 2687; x_wconf 76' lang='grc' dir='ltr'>κτίσινο</span> 
     </span>
    </p>
   </div>
   <div class='ocr_carea' id='block_1_72' title="bbox 2169 2705 3823 2791">
    <p class='ocr_par' dir='ltr' id='par_1_72' title="bbox 2169 2705 3823 2791">
     <span class='ocr_line' id='line_1_72' title="bbox 2169 2705 3823 2791; baseline 0.008 -28"><span class='ocrx_word' id='word_1_454' title='bbox 2169 2705 2566 2782; x_wconf 74' lang='grc' dir='ltr'>ἐπισυμϐάντος</span> <span class='ocrx_word' id='word_1_455' title='bbox 2617 2709 2674 2766; x_wconf 86' lang='grc' dir='ltr'><strong>δέ</strong></span> <span class='ocrx_word' id='word_1_456' title='bbox 2721 2733 2890 2782; x_wconf 91' lang='grc' dir='ltr'>τινος,</span> <span class='ocrx_word' id='word_1_457' title='bbox 2937 2715 3012 2787; x_wconf 83' lang='grc' dir='ltr'>μή</span> <span class='ocrx_word' id='word_1_458' title='bbox 3065 2715 3400 2790; x_wconf 87' lang='grc' dir='ltr'>ἀγανακτεῖν,</span> <span class='ocrx_word' id='word_1_459' title='bbox 3435 2717 3580 2791; x_wconf 77' lang='grc' dir='ltr'>μηδὲ</span> <span class='ocrx_word' id='word_1_460' title='bbox 3627 2719 3823 2777; x_wconf 87' lang='grc' dir='ltr'>λυπεῖ-</span> 
     </span>
    </p>
   </div>
   <div class='ocr_carea' id='block_1_73' title="bbox 2169 2797 3823 2874">
    <p class='ocr_par' dir='ltr' id='par_1_73' title="bbox 2169 2797 3823 2874">
     <span class='ocr_line' id='line_1_73' title="bbox 2169 2797 3823 2874; baseline 0.008 -22"><span class='ocrx_word' id='word_1_461' title='bbox 2169 2799 2312 2864; x_wconf 88' lang='grc' dir='ltr'>σθαι,</span> <span class='ocrx_word' id='word_1_462' title='bbox 2349 2797 2489 2872; x_wconf 77' lang='grc' dir='ltr'>μηδὲ</span> <span class='ocrx_word' id='word_1_463' title='bbox 2537 2799 2819 2873; x_wconf 80' lang='grc' dir='ltr'>ἐπιθυμεῖν</span> <span class='ocrx_word' id='word_1_464' title='bbox 2868 2805 3164 2873; x_wconf 76' lang='grc' dir='ltr'>κτήσασθαι</span> <span class='ocrx_word' id='word_1_465' title='bbox 3201 2824 3213 2838; x_wconf 89' lang='grc'><strong>·</strong></span> <span class='ocrx_word' id='word_1_466' title='bbox 3245 2812 3344 2874; x_wconf 80' lang='grc' dir='ltr'>τῆς</span> <span class='ocrx_word' id='word_1_467' title='bbox 3378 2804 3430 2860; x_wconf 86' lang='grc' dir='ltr'><strong>έν</strong></span> <span class='ocrx_word' id='word_1_468' title='bbox 3490 2810 3652 2864; x_wconf 90' lang='grc' dir='ltr'>πάθει</span> <span class='ocrx_word' id='word_1_469' title='bbox 3716 2831 3823 2865; x_wconf 89' lang='grc' dir='ltr'>πα-</span> 
     </span>
    </p>
   </div>
   <div class='ocr_carea' id='block_1_74' title="bbox 2169 2889 3816 2969">
    <p class='ocr_par' dir='ltr' id='par_1_74' title="bbox 2169 2889 3816 2969">
     <span class='ocr_line' id='line_1_74' title="bbox 2169 2889 3816 2969; baseline 0.007 -28"><span class='ocrx_word' id='word_1_470' title='bbox 2169 2890 2480 2963; x_wconf 79' lang='grc' dir='ltr'>ρακτήσεως</span> <span class='ocrx_word' id='word_1_471' title='bbox 2537 2889 2856 2966; x_wconf 74' lang='grc' dir='ltr'>ἀφίστασθαι</span> <span class='ocrx_word' id='word_1_472' title='bbox 2913 2890 3114 2947; x_wconf 74' lang='grc' dir='ltr'>κελεύει</span> <span class='ocrx_word' id='word_1_473' title='bbox 3171 2893 3258 2946; x_wconf 84' lang='grc' dir='ltr'><strong>καὶ</strong></span> <span class='ocrx_word' id='word_1_474' title='bbox 3317 2893 3492 2964; x_wconf 86' lang='grc' dir='ltr'>πάσης</span> <span class='ocrx_word' id='word_1_475' title='bbox 3563 2917 3816 2969; x_wconf 77' lang='grc' dir='ltr'>προσπα-</span> 
     </span>
    </p>
   </div>
   <div class='ocr_carea' id='block_1_75' title="bbox 2169 2975 3813 3057">
    <p class='ocr_par' dir='ltr' id='par_1_75' title="bbox 2169 2975 3813 3057">
     <span class='ocr_line' id='line_1_75' title="bbox 2169 2975 3813 3057; baseline 0.006 -27"><span class='ocrx_word' id='word_1_476' title='bbox 2169 2975 2337 3047; x_wconf 82' lang='grc' dir='ltr'>θείας,</span> <span class='ocrx_word' id='word_1_477' title='bbox 2369 2980 2404 3047; x_wconf 74' lang='grc' dir='ltr'>ἡ</span> <span class='ocrx_word' id='word_1_478' title='bbox 2437 2977 2550 3032; x_wconf 85' lang='grc' dir='ltr'>θεία</span> <span class='ocrx_word' id='word_1_479' title='bbox 2578 2979 2813 3054; x_wconf 82' lang='grc' dir='ltr'>Πρόνοια</span> <span class='ocrx_word' id='word_1_480' title='bbox 2861 2979 3167 3057; x_wconf 64' lang='grc' dir='ltr'>ἀναστρέφει</span> <span class='ocrx_word' id='word_1_481' title='bbox 3197 2979 3283 3034; x_wconf 82' lang='grc' dir='ltr'><strong>ἐπὶ</strong></span> <span class='ocrx_word' id='word_1_482' title='bbox 3337 2981 3540 3054; x_wconf 87' lang='grc' dir='ltr'>μόνους</span> <span class='ocrx_word' id='word_1_483' title='bbox 3570 2982 3700 3048; x_wconf 82' lang='grc' dir='ltr'>τοὺς</span> <span class='ocrx_word' id='word_1_484' title='bbox 3756 2983 3813 3040; x_wconf 75' lang='grc' dir='ltr'><strong>έν</strong></span> 
     </span>
    </p>
   </div>
   <div class='ocr_carea' id='block_1_76' title="bbox 2165 3065 2491 3142">
    <p class='ocr_par' dir='ltr' id='par_1_76' title="bbox 2165 3065 2491 3142">
     <span class='ocr_line' id='line_1_76' title="bbox 2165 3065 2491 3142; baseline 0.009 -22"><span class='ocrx_word' id='word_1_485' title='bbox 2165 3065 2322 3142; x_wconf 85' lang='grc' dir='ltr'>σαρκί</span> 
     </span>
    </p>
   </div>
   <div class='ocr_carea' id='block_1_77' title="bbox 2238 3242 3818 3327">
    <p class='ocr_par' dir='ltr' id='par_1_77' title="bbox 2238 3242 3818 3327">
     <span class='ocr_line' id='line_1_77' title="bbox 2238 3242 3818 3327; baseline 0.003 -27"><span class='ocrx_word' id='word_1_486' title='bbox 2238 3244 2381 3300; x_wconf 81' lang='lat' dir='ltr'><strong>MH&#39;.</strong></span> <span class='ocrx_word' id='word_1_487' title='bbox 2412 3242 2619 3300; x_wconf 72' lang='grc' dir='ltr'>Αὐτίκα</span> <span class='ocrx_word' id='word_1_488' title='bbox 2669 3245 2696 3298; x_wconf 98' lang='lat'><strong>6</strong></span> <span class='ocrx_word' id='word_1_489' title='bbox 2748 3243 2949 3320; x_wconf 82' lang='grc' dir='ltr'>Πέτρος</span> <span class='ocrx_word' id='word_1_490' title='bbox 2993 3245 3045 3300; x_wconf 76' lang='grc' dir='ltr'>ἐν</span> <span class='ocrx_word' id='word_1_491' title='bbox 3094 3248 3163 3320; x_wconf 79' lang='grc' dir='ltr'><strong>τῇ</strong></span> <span class='ocrx_word' id='word_1_492' title='bbox 3197 3244 3566 3322; x_wconf 77' lang='grc' dir='ltr'>’Δποκαλύψει</span> <span class='ocrx_word' id='word_1_493' title='bbox 3625 3248 3818 3327; x_wconf 73' lang='grc' dir='ltr'>φησὶν,</span> 
     </span>
    </p>
   </div>
   <div class='ocr_carea' id='block_1_78' title="bbox 2165 3327 3818 3412">
    <p class='ocr_par' dir='ltr' id='par_1_78' title="bbox 2165 3327 3818 3412">
     <span class='ocr_line' id='line_1_78' title="bbox 2165 3327 3818 3412; baseline 0.005 -27"><span class='ocrx_word' id='word_1_494' title='bbox 2165 3330 2231 3385; x_wconf 79' lang='grc' dir='ltr'><strong>τά</strong></span> <span class='ocrx_word' id='word_1_495' title='bbox 2309 3330 2479 3410; x_wconf 78' lang='grc' dir='ltr'>βρέφη</span> <span class='ocrx_word' id='word_1_496' title='bbox 2553 3327 2992 3406; x_wconf 79' lang='grc' dir='ltr'>ἐξαμϐλωθέντα,</span> <span class='ocrx_word' id='word_1_497' title='bbox 3046 3341 3147 3405; x_wconf 84' lang='grc' dir='ltr'><strong>τῆς</strong></span> <span class='ocrx_word' id='word_1_498' title='bbox 3221 3335 3506 3408; x_wconf 78' lang='grc' dir='ltr'>ἀμείνονος</span> <span class='ocrx_word' id='word_1_499' title='bbox 3586 3338 3818 3412; x_wconf 81' lang='grc' dir='ltr'>ἐσόμενα</span> 
     </span>
    </p>
   </div>
   <div class='ocr_carea' id='block_1_79' title="bbox 2164 3420 3813 3501">
    <p class='ocr_par' dir='ltr' id='par_1_79' title="bbox 2164 3420 3813 3501">
     <span class='ocr_line' id='line_1_79' title="bbox 2164 3420 3813 3501; baseline 0.006 -28"><span class='ocrx_word' id='word_1_500' title='bbox 2164 3420 2355 3494; x_wconf 86' lang='grc' dir='ltr'>πείρας</span> <span class='ocrx_word' id='word_1_501' title='bbox 2385 3423 2520 3494; x_wconf 83' lang='grc'>(66),</span> <span class='ocrx_word' id='word_1_502' title='bbox 2547 3425 2714 3476; x_wconf 76' lang='grc' dir='ltr'>ταῦτα</span> <span class='ocrx_word' id='word_1_503' title='bbox 2747 3421 2967 3496; x_wconf 83' lang='grc' dir='ltr'>ἀγγέλῳ</span> <span class='ocrx_word' id='word_1_504' title='bbox 3009 3421 3355 3500; x_wconf 80' lang='grc' dir='ltr'>τημελούχῳ</span> <span class='ocrx_word' id='word_1_505' title='bbox 3400 3423 3813 3501; x_wconf 84' lang='grc' dir='ltr'>παραδίδοσθαι,</span> 
     </span>
    </p>
   </div>
   <div class='ocr_carea' id='block_1_80' title="bbox 2151 3505 3813 3590">
    <p class='ocr_par' dir='ltr' id='par_1_80' title="bbox 2151 3505 3813 3590">
     <span class='ocr_line' id='line_1_80' title="bbox 2151 3505 3813 3590; baseline 0.006 -28"><span class='ocrx_word' id='word_1_506' title='bbox 2151 3506 2239 3563; x_wconf 72' lang='grc' dir='ltr'>’ίνα</span> <span class='ocrx_word' id='word_1_507' title='bbox 2295 3510 2548 3584; x_wconf 84' lang='grc' dir='ltr'>γνώσεως</span> <span class='ocrx_word' id='word_1_508' title='bbox 2609 3505 3000 3584; x_wconf 78' lang='grc' dir='ltr'>μεταλαϐόντα,</span> <span class='ocrx_word' id='word_1_509' title='bbox 3033 3518 3132 3582; x_wconf 81' lang='grc' dir='ltr'><strong>τῆς</strong></span> <span class='ocrx_word' id='word_1_510' title='bbox 3176 3512 3466 3586; x_wconf 84' lang='grc' dir='ltr'>ἀμείνονος</span> <span class='ocrx_word' id='word_1_511' title='bbox 3512 3515 3660 3590; x_wconf 76' lang='grc' dir='ltr'><strong>τύχῃ</strong></span> <span class='ocrx_word' id='word_1_512' title='bbox 3711 3537 3813 3589; x_wconf 89' lang='grc' dir='ltr'>μο-</span> 
     </span>
    </p>
   </div>
   <div class='ocr_carea' id='block_1_81' title="bbox 2158 3595 3810 3678">
    <p class='ocr_par' dir='ltr' id='par_1_81' title="bbox 2158 3595 3810 3678">
     <span class='ocr_line' id='line_1_81' title="bbox 2158 3595 3810 3678; baseline 0.005 -27"><span class='ocrx_word' id='word_1_513' title='bbox 2158 3601 2277 3666; x_wconf 78' lang='grc' dir='ltr'>νῆς,</span> <span class='ocrx_word' id='word_1_514' title='bbox 2311 3598 2553 3653; x_wconf 81' lang='grc' dir='ltr'>παθόντα</span> <span class='ocrx_word' id='word_1_515' title='bbox 2579 3597 2612 3652; x_wconf 76' lang='grc' dir='ltr'><strong>ἃ</strong></span> <span class='ocrx_word' id='word_1_516' title='bbox 2643 3597 2702 3653; x_wconf 80' lang='grc' dir='ltr'><strong>ἂν</strong></span> <span class='ocrx_word' id='word_1_517' title='bbox 2753 3595 2947 3664; x_wconf 78' lang='grc' dir='ltr'>ἔπαθεν</span> <span class='ocrx_word' id='word_1_518' title='bbox 2989 3599 3077 3655; x_wconf 78' lang='grc' dir='ltr'>καὶ</span> <span class='ocrx_word' id='word_1_519' title='bbox 3130 3601 3182 3655; x_wconf 82' lang='grc' dir='ltr'><strong>έν</strong></span> <span class='ocrx_word' id='word_1_520' title='bbox 3235 3602 3450 3675; x_wconf 89' lang='grc' dir='ltr'>σώματι</span> <span class='ocrx_word' id='word_1_521' title='bbox 3498 3605 3764 3678; x_wconf 87' lang='grc' dir='ltr'>γενόμενα</span> <span class='ocrx_word' id='word_1_522' title='bbox 3795 3625 3810 3640; x_wconf 88' lang='grc'><strong>·</strong></span> 
     </span>
    </p>
   </div>
   <div class='ocr_carea' id='block_1_82' title="bbox 2151 3684 3805 3766">
    <p class='ocr_par' dir='ltr' id='par_1_82' title="bbox 2151 3684 3805 3766">
     <span class='ocr_line' id='line_1_82' title="bbox 2151 3684 3805 3766; baseline 0.004 -24"><span class='ocrx_word' id='word_1_523' title='bbox 2151 3687 2220 3742; x_wconf 73' lang='grc' dir='ltr'>τὰ</span> <span class='ocrx_word' id='word_1_524' title='bbox 2268 3684 2313 3740; x_wconf 81' lang='grc' dir='ltr'>δ’</span> <span class='ocrx_word' id='word_1_525' title='bbox 2350 3684 2506 3761; x_wconf 69' lang='grc' dir='ltr'>ἕτερα</span> <span class='ocrx_word' id='word_1_526' title='bbox 2567 3689 2738 3762; x_wconf 88' lang='grc' dir='ltr'>μόνης</span> <span class='ocrx_word' id='word_1_527' title='bbox 2784 3696 2883 3760; x_wconf 87' lang='grc' dir='ltr'>τῆς</span> <span class='ocrx_word' id='word_1_528' title='bbox 2925 3689 3200 3766; x_wconf 85' lang='grc' dir='ltr'>σωτηρίας</span> <span class='ocrx_word' id='word_1_529' title='bbox 3243 3691 3508 3761; x_wconf 80' lang='grc' dir='ltr'>τεύξεται,</span> <span class='ocrx_word' id='word_1_530' title='bbox 3555 3693 3632 3755; x_wconf 87' lang='grc' dir='ltr'><strong>ὡς</strong></span> <span class='ocrx_word' id='word_1_531' title='bbox 3681 3690 3805 3763; x_wconf 79' lang='grc' dir='ltr'>ἠδι-</span> 
     </span>
    </p>
   </div>
   <div class='ocr_carea' id='block_1_83' title="bbox 2153 3775 3806 3852">
    <p class='ocr_par' dir='ltr' id='par_1_83' title="bbox 2153 3775 3806 3852">
     <span class='ocr_line' id='line_1_83' title="bbox 2153 3775 3806 3852; baseline 0.004 -22"><span class='ocrx_word' id='word_1_532' title='bbox 2153 3775 2366 3849; x_wconf 81' lang='grc' dir='ltr'>κημένα</span> <span class='ocrx_word' id='word_1_533' title='bbox 2411 3776 2720 3850; x_wconf 78' lang='grc' dir='ltr'>ἐλεηθέντα,</span> <span class='ocrx_word' id='word_1_534' title='bbox 2778 3778 2867 3833; x_wconf 81' lang='grc' dir='ltr'>καὶ</span> <span class='ocrx_word' id='word_1_535' title='bbox 2923 3777 3070 3852; x_wconf 84' lang='grc' dir='ltr'>μένει</span> <span class='ocrx_word' id='word_1_536' title='bbox 3129 3777 3252 3834; x_wconf 75' lang='grc' dir='ltr'>ἄνευ</span> <span class='ocrx_word' id='word_1_537' title='bbox 3301 3780 3599 3852; x_wconf 83' lang='grc' dir='ltr'>κολάσεως,</span> <span class='ocrx_word' id='word_1_538' title='bbox 3643 3786 3806 3837; x_wconf 80' lang='grc' dir='ltr'>τοῦτο</span> 
     </span>
    </p>
   </div>
   <div class='ocr_carea' id='block_1_84' title="bbox 2151 3861 2598 3940">
    <p class='ocr_par' dir='ltr' id='par_1_84' title="bbox 2151 3861 2598 3940">
     <span class='ocr_line' id='line_1_84' title="bbox 2151 3861 2598 3940; baseline 0.009 -22"><span class='ocrx_word' id='word_1_539' title='bbox 2151 3866 2310 3940; x_wconf 78' lang='grc' dir='ltr'>γέρας</span> <span class='ocrx_word' id='word_1_540' title='bbox 2342 3861 2598 3924; x_wconf 77' lang='grc' dir='ltr'>λαϐόντα.</span> 
     </span>
    </p>
   </div>
   <div class='ocr_carea' id='block_1_85' title="bbox 2222 4040 3800 4122">
    <p class='ocr_par' dir='ltr' id='par_1_85' title="bbox 2222 4040 3800 4122">
     <span class='ocr_line' id='line_1_85' title="bbox 2222 4040 3800 4122; baseline 0.003 -22"><span class='ocrx_word' id='word_1_541' title='bbox 2222 4044 2354 4100; x_wconf 87' lang='grc' dir='ltr'><strong>ΜΘ’.</strong></span> <span class='ocrx_word' id='word_1_542' title='bbox 2404 4045 2479 4100; x_wconf 91' lang='grc' dir='ltr'><strong>Τὸ</strong></span> <span class='ocrx_word' id='word_1_543' title='bbox 2524 4040 2582 4098; x_wconf 71' lang='grc' dir='ltr'>δὲ</span> <span class='ocrx_word' id='word_1_544' title='bbox 2649 4045 2796 4118; x_wconf 83' lang='grc' dir='ltr'>γάΛα</span> <span class='ocrx_word' id='word_1_545' title='bbox 2853 4049 2955 4100; x_wconf 80' lang='grc' dir='ltr'><strong>τῶν</strong></span> <span class='ocrx_word' id='word_1_546' title='bbox 3011 4049 3306 4120; x_wconf 80' lang='grc' dir='ltr'>γυναικῶν,</span> <span class='ocrx_word' id='word_1_547' title='bbox 3360 4047 3482 4122; x_wconf 79' lang='grc' dir='ltr'>ῥέον</span> <span class='ocrx_word' id='word_1_548' title='bbox 3534 4047 3641 4104; x_wconf 86' lang='grc' dir='ltr'>ἀπὸ</span> <span class='ocrx_word' id='word_1_549' title='bbox 3698 4053 3800 4105; x_wconf 82' lang='grc' dir='ltr'><strong>τῶν</strong></span> 
     </span>
    </p>
   </div>
   <div class='ocr_carea' id='block_1_86' title="bbox 2153 4132 3801 4212">
    <p class='ocr_par' dir='ltr' id='par_1_86' title="bbox 2153 4132 3801 4212">
     <span class='ocr_line' id='line_1_86' title="bbox 2153 4132 3801 4212; baseline 0.005 -28"><span class='ocrx_word' id='word_1_550' title='bbox 2153 4136 2368 4205; x_wconf 80' lang='grc' dir='ltr'>μαστῶν</span> <span class='ocrx_word' id='word_1_551' title='bbox 2446 4132 2536 4186; x_wconf 83' lang='grc' dir='ltr'>καὶ</span> <span class='ocrx_word' id='word_1_552' title='bbox 2615 4133 2981 4208; x_wconf 74' lang='grc' dir='ltr'>πηγνύμενον,</span> <span class='ocrx_word' id='word_1_553' title='bbox 3041 4133 3205 4211; x_wconf 81' lang='grc' dir='ltr'>φησὶν</span> <span class='ocrx_word' id='word_1_554' title='bbox 3267 4135 3295 4188; x_wconf 88' lang='grc' dir='ltr'>ὁ</span> <span class='ocrx_word' id='word_1_555' title='bbox 3351 4134 3554 4210; x_wconf 86' lang='grc' dir='ltr'>Πέτρος</span> <span class='ocrx_word' id='word_1_556' title='bbox 3623 4135 3675 4191; x_wconf 79' lang='grc' dir='ltr'>ἐν</span> <span class='ocrx_word' id='word_1_557' title='bbox 3733 4142 3801 4212; x_wconf 85' lang='grc' dir='ltr'><strong>τῇ</strong></span> 
     </span>
    </p>
   </div>
   <div class='ocr_carea' id='block_1_87' title="bbox 2149 4219 3800 4304">
    <p class='ocr_par' dir='ltr' id='par_1_87' title="bbox 2149 4219 3800 4304">
     <span class='ocr_line' id='line_1_87' title="bbox 2149 4219 3800 4304; baseline 0.002 -27"><span class='ocrx_word' id='word_1_558' title='bbox 2149 4219 2564 4294; x_wconf 68' lang='grc' dir='ltr'>Ἀποκαλύψει,</span> <span class='ocrx_word' id='word_1_559' title='bbox 2616 4224 2864 4296; x_wconf 80' lang='grc' dir='ltr'>γεννήσει</span> <span class='ocrx_word' id='word_1_560' title='bbox 2951 4222 3114 4298; x_wconf 87' lang='grc' dir='ltr'>θηρία</span> <span class='ocrx_word' id='word_1_561' title='bbox 3193 4221 3365 4278; x_wconf 86' lang='grc' dir='ltr'>λεπτά</span> <span class='ocrx_word' id='word_1_562' title='bbox 3447 4225 3800 4304; x_wconf 72' lang='grc' dir='ltr'>σαρκοφάγα,</span> 
     </span>
    </p>
   </div>
   <div class='ocr_carea' id='block_1_88' title="bbox 386 4309 2048 4389">
    <p class='ocr_par' dir='ltr' id='par_1_88' title="bbox 386 4314 2036 4387">
     <span class='ocr_line' id='line_1_88' title="bbox 386 4314 2036 4387; baseline 0.001 -17"><span class='ocrx_word' id='word_1_563' title='bbox 386 4315 705 4383; x_wconf 87' lang='lat' dir='ltr'><strong>currentia,</strong></span> <span class='ocrx_word' id='word_1_564' title='bbox 737 4315 1130 4384; x_wconf 86' lang='lat' dir='ltr'><strong>devorabunt;</strong></span> <span class='ocrx_word' id='word_1_565' title='bbox 1184 4314 1462 4370; x_wconf 88' lang='lat' dir='ltr'><strong>nimirum</strong></span> <span class='ocrx_word' id='word_1_566' title='bbox 1516 4319 1751 4387; x_wconf 88' lang='lat' dir='ltr'><strong>propter</strong></span> <span class='ocrx_word' id='word_1_567' title='bbox 1799 4321 2036 4387; x_wconf 85' lang='lat' dir='ltr'><strong>peccata</strong></span> 
     </span>
    </p>
   </div>
   <div class='ocr_carea' id='block_1_89' title="bbox 2172 4309 3796 4389">
    <p class='ocr_par' dir='ltr' id='par_1_89' title="bbox 2172 4309 3796 4389">
     <span class='ocr_line' id='line_1_89' title="bbox 2172 4309 3796 4389; baseline 0.003 -25"><span class='ocrx_word' id='word_1_568' title='bbox 2172 4311 2230 4364; x_wconf 74' lang='grc' dir='ltr'><strong>ιαὶ</strong></span> <span class='ocrx_word' id='word_1_569' title='bbox 2262 4311 2630 4384; x_wconf 82' lang='grc' dir='ltr'>ἀνατρέχοντα</span> <span class='ocrx_word' id='word_1_570' title='bbox 2671 4309 2746 4372; x_wconf 62' lang='grc' dir='ltr'>εἲς</span> <span class='ocrx_word' id='word_1_571' title='bbox 2796 4311 2987 4379; x_wconf 77' lang='grc' dir='ltr'>αὐτὰς,</span> <span class='ocrx_word' id='word_1_572' title='bbox 3022 4311 3311 4383; x_wconf 87' lang='grc' dir='ltr'>κατεσθίει,</span> <span class='ocrx_word' id='word_1_573' title='bbox 3345 4309 3436 4367; x_wconf 77' lang='grc' dir='ltr'><strong>διὰ</strong></span> <span class='ocrx_word' id='word_1_574' title='bbox 3481 4313 3576 4375; x_wconf 80' lang='grc' dir='ltr'><strong>τὰς</strong></span> <span class='ocrx_word' id='word_1_575' title='bbox 3622 4315 3796 4389; x_wconf 79' lang='grc' dir='ltr'>ἁμαρ-</span> 
     </span>
    </p>
   </div>
   <div class='ocr_carea' id='block_1_90' title="bbox 381 4397 2048 4476">
    <p class='ocr_par' dir='ltr' id='par_1_90' title="bbox 381 4403 2032 4476">
     <span class='ocr_line' id='line_1_90' title="bbox 381 4403 2032 4476; baseline 0.003 -19"><span class='ocrx_word' id='word_1_576' title='bbox 381 4405 613 4459; x_wconf 87' lang='lat' dir='ltr'><strong>venisse</strong></span> <span class='ocrx_word' id='word_1_577' title='bbox 646 4421 846 4476; x_wconf 79' lang='lat' dir='ltr'><strong>pcenas</strong></span> <span class='ocrx_word' id='word_1_578' title='bbox 879 4404 1233 4459; x_wconf 87' lang='lat' dir='ltr'><strong>erudiendo:</strong></span> <span class='ocrx_word' id='word_1_579' title='bbox 1262 4421 1328 4460; x_wconf 82' lang='lat' dir='ltr'><strong>ex</strong></span> <span class='ocrx_word' id='word_1_580' title='bbox 1380 4403 1631 4476; x_wconf 86' lang='lat' dir='ltr'><strong>peccatis</strong></span> <span class='ocrx_word' id='word_1_581' title='bbox 1686 4404 1845 4459; x_wconf 87' lang='lat' dir='ltr'><strong>nasci</strong></span> <span class='ocrx_word' id='word_1_582' title='bbox 1901 4405 2032 4462; x_wconf 90' lang='lat' dir='ltr'><strong>illas</strong></span> 
     </span>
    </p>
   </div>
   <div class='ocr_carea' id='block_1_91' title="bbox 2172 4397 3795 4476">
    <p class='ocr_par' dir='ltr' id='par_1_91' title="bbox 2180 4397 3795 4472">
     <span class='ocr_line' id='line_1_91' title="bbox 2180 4397 3795 4472; baseline 0.003 -20"><span class='ocrx_word' id='word_1_583' title='bbox 2180 4399 2260 4463; x_wconf 82' lang='grc' dir='ltr'>ίας</span> <span class='ocrx_word' id='word_1_584' title='bbox 2341 4398 2583 4472; x_wconf 85' lang='grc' dir='ltr'>γίνεσθαι</span> <span class='ocrx_word' id='word_1_585' title='bbox 2662 4400 2758 4462; x_wconf 83' lang='grc' dir='ltr'><strong>τὰς</strong></span> <span class='ocrx_word' id='word_1_586' title='bbox 2843 4398 3101 4463; x_wconf 85' lang='grc' dir='ltr'>κολάσεις</span> <span class='ocrx_word' id='word_1_587' title='bbox 3183 4397 3474 4457; x_wconf 87' lang='grc' dir='ltr'>διδάσκων.</span> <span class='ocrx_word' id='word_1_588' title='bbox 3535 4403 3630 4459; x_wconf 87' lang='grc' dir='ltr'>Ἐκ</span> <span class='ocrx_word' id='word_1_589' title='bbox 3688 4407 3795 4457; x_wconf 81' lang='grc' dir='ltr'>τῶν</span> 
     </span>
    </p>
   </div>
   <div class='ocr_carea' id='block_1_92' title="bbox 383 4487 2048 4579">
    <p class='ocr_par' dir='ltr' id='par_1_92' title="bbox 383 4493 2029 4566">
     <span class='ocr_line' id='line_1_92' title="bbox 383 4493 2029 4566; baseline 0.002 -20"><span class='ocrx_word' id='word_1_590' title='bbox 383 4493 547 4559; x_wconf 89' lang='lat' dir='ltr'><strong>dicit,</strong></span> <span class='ocrx_word' id='word_1_591' title='bbox 583 4493 757 4548; x_wconf 88' lang='lat' dir='ltr'><strong>sicuti</strong></span> <span class='ocrx_word' id='word_1_592' title='bbox 795 4498 1031 4565; x_wconf 87' lang='lat' dir='ltr'><strong>propter</strong></span> <span class='ocrx_word' id='word_1_593' title='bbox 1062 4499 1298 4565; x_wconf 81' lang='lat' dir='ltr'><strong>pecca‘a</strong></span> <span class='ocrx_word' id='word_1_594' title='bbox 1328 4494 1700 4549; x_wconf 88' lang='lat' dir='ltr'><strong>venundatus</strong></span> <span class='ocrx_word' id='word_1_595' title='bbox 1729 4499 1817 4548; x_wconf 85' lang='lat' dir='ltr'><strong>est</strong></span> <span class='ocrx_word' id='word_1_596' title='bbox 1849 4511 2029 4566; x_wconf 84' lang='lat' dir='ltr'><strong>popu-</strong></span> 
     </span>
    </p>
   </div>
   <div class='ocr_carea' id='block_1_93' title="bbox 2172 4487 3794 4579">
    <p class='ocr_par' dir='ltr' id='par_1_93' title="bbox 2172 4487 3794 4566">
     <span class='ocr_line' id='line_1_93' title="bbox 2172 4487 3794 4566; baseline 0.002 -24"><span class='ocrx_word' id='word_1_597' title='bbox 2172 4489 2423 4563; x_wconf 80' lang='grc' dir='ltr'>;μαρτίιῖ›ν</span> <span class='ocrx_word' id='word_1_598' title='bbox 2509 4493 2793 4564; x_wconf 81' lang='grc' dir='ltr'>γεννᾶσθαι</span> <span class='ocrx_word' id='word_1_599' title='bbox 2883 4488 3050 4550; x_wconf 82' lang='grc' dir='ltr'>αὐτάς</span> <span class='ocrx_word' id='word_1_600' title='bbox 3138 4509 3325 4566; x_wconf 80' lang='grc' dir='ltr'>φησιν,</span> <span class='ocrx_word' id='word_1_601' title='bbox 3381 4490 3457 4552; x_wconf 87' lang='grc' dir='ltr'><strong>ὡς</strong></span> <span class='ocrx_word' id='word_1_602' title='bbox 3533 4487 3622 4545; x_wconf 77' lang='grc' dir='ltr'><strong>διὰ</strong></span> <span class='ocrx_word' id='word_1_603' title='bbox 3698 4492 3794 4554; x_wconf 69' lang='grc' dir='ltr'><strong>τὰς</strong></span> 
     </span>
    </p>
   </div>
   <div class='ocr_carea' id='block_1_94' title="bbox 378 4575 2048 4655">
    <p class='ocr_par' dir='ltr' id='par_1_94' title="bbox 378 4581 2031 4653">
     <span class='ocr_line' id='line_1_94' title="bbox 378 4581 2031 4653; baseline 0.003 -17"><span class='ocrx_word' id='word_1_604' title='bbox 378 4581 508 4649; x_wconf 89' lang='lat' dir='ltr'><strong>lus;</strong></span> <span class='ocrx_word' id='word_1_605' title='bbox 545 4583 818 4653; x_wconf 89' lang='lat' dir='ltr'><strong>quodque</strong></span> <span class='ocrx_word' id='word_1_606' title='bbox 850 4582 905 4636; x_wconf 88' lang='lat' dir='ltr'><strong>in</strong></span> <span class='ocrx_word' id='word_1_607' title='bbox 939 4581 1238 4638; x_wconf 88' lang='lat' dir='ltr'><strong>Christum</strong></span> <span class='ocrx_word' id='word_1_608' title='bbox 1271 4583 1506 4636; x_wconf 88' lang='lat' dir='ltr'><strong>credere</strong></span> <span class='ocrx_word' id='word_1_609' title='bbox 1537 4581 1747 4651; x_wconf 89' lang='lat' dir='ltr'><strong>noluit,</strong></span> <span class='ocrx_word' id='word_1_610' title='bbox 1774 4581 1860 4637; x_wconf 90' lang='lat' dir='ltr'><strong>uti</strong></span> <span class='ocrx_word' id='word_1_611' title='bbox 1892 4583 2031 4641; x_wconf 83' lang='lat' dir='ltr'><strong>dicit</strong></span> 
     </span>
    </p>
   </div>
   <div class='ocr_carea' id='block_1_95' title="bbox 2172 4575 3794 4655">
    <p class='ocr_par' dir='ltr' id='par_1_95' title="bbox 2172 4575 3794 4655">
     <span class='ocr_line' id='line_1_95' title="bbox 2172 4575 3794 4655; baseline 0.002 -24"><span class='ocrx_word' id='word_1_612' title='bbox 2172 4577 2407 4654; x_wconf 80' lang='grc' dir='ltr'>μαρτίας</span> <span class='ocrx_word' id='word_1_613' title='bbox 2455 4575 2662 4652; x_wconf 82' lang='grc' dir='ltr'>ἐπράθη</span> <span class='ocrx_word' id='word_1_614' title='bbox 2716 4577 2743 4631; x_wconf 93' lang='lat'><strong>6</strong></span> <span class='ocrx_word' id='word_1_615' title='bbox 2793 4575 2927 4640; x_wconf 82' lang='grc' dir='ltr'>λαός</span> <span class='ocrx_word' id='word_1_616' title='bbox 2963 4597 2977 4610; x_wconf 90' lang='grc'><strong>·</strong></span> <span class='ocrx_word' id='word_1_617' title='bbox 3015 4576 3109 4632; x_wconf 70' lang='grc' dir='ltr'><strong>καῖ</strong></span> <span class='ocrx_word' id='word_1_618' title='bbox 3140 4575 3230 4632; x_wconf 81' lang='grc' dir='ltr'><strong>διὰ</strong></span> <span class='ocrx_word' id='word_1_619' title='bbox 3281 4579 3383 4648; x_wconf 76' lang='grc' dir='ltr'>τὴν</span> <span class='ocrx_word' id='word_1_620' title='bbox 3434 4577 3512 4641; x_wconf 82' lang='grc' dir='ltr'><strong>εἰς</strong></span> <span class='ocrx_word' id='word_1_621' title='bbox 3565 4580 3794 4655; x_wconf 80' lang='grc' dir='ltr'>Χριστὸν</span> 
     </span>
    </p>
   </div>
   <div class='ocr_carea' id='block_1_96' title="bbox 376 4663 2048 4810">
    <p class='ocr_par' dir='ltr' id='par_1_96' title="bbox 376 4669 1614 4744">
     <span class='ocr_line' id='line_1_96' title="bbox 376 4669 1614 4744; baseline -0.002 -17"><span class='ocrx_word' id='word_1_622' title='bbox 376 4669 718 4744; x_wconf 84' lang='lat' dir='ltr'><strong>Apostolus,</strong></span> <span class='ocrx_word' id='word_1_623' title='bbox 749 4688 782 4726; x_wconf 89' lang='lat' dir='ltr'><strong>a</strong></span> <span class='ocrx_word' id='word_1_624' title='bbox 812 4669 1184 4743; x_wconf 89' lang='lat' dir='ltr'><strong>serpentibus</strong></span> <span class='ocrx_word' id='word_1_625' title='bbox 1216 4670 1614 4726; x_wconf 88' lang='lat' dir='ltr'><strong>mordebatur.</strong></span> 
     </span>
    </p>
   </div>
   <div class='ocr_carea' id='block_1_97' title="bbox 2172 4663 3792 4810">
    <p class='ocr_par' dir='ltr' id='par_1_97' title="bbox 2172 4663 3792 4810">
     <span class='ocr_line' id='line_1_97' title="bbox 2176 4663 3792 4743; baseline 0.002 -23"><span class='ocrx_word' id='word_1_626' title='bbox 2176 4666 2412 4735; x_wconf 86' lang='grc' dir='ltr'>πιστίαν,</span> <span class='ocrx_word' id='word_1_627' title='bbox 2445 4665 2520 4728; x_wconf 86' lang='grc' dir='ltr'><strong>ὡς</strong></span> <span class='ocrx_word' id='word_1_628' title='bbox 2577 4666 2741 4742; x_wconf 74' lang='grc' dir='ltr'>φησὶν</span> <span class='ocrx_word' id='word_1_629' title='bbox 2795 4667 2824 4722; x_wconf 94' lang='lat'><strong>6</strong></span> <span class='ocrx_word' id='word_1_630' title='bbox 2881 4663 3240 4738; x_wconf 83' lang='grc' dir='ltr'>’Δπόστολος,</span> <span class='ocrx_word' id='word_1_631' title='bbox 3299 4666 3402 4722; x_wconf 83' lang='grc' dir='ltr'><strong>ὑπὸ</strong></span> <span class='ocrx_word' id='word_1_632' title='bbox 3447 4671 3556 4722; x_wconf 80' lang='grc' dir='ltr'><strong>τῶν</strong></span> <span class='ocrx_word' id='word_1_633' title='bbox 3616 4663 3792 4743; x_wconf 73' lang='grc' dir='ltr'>ὄφεων</span> 
     </span>
     <span class='ocr_line' id='line_1_98' title="bbox 2172 4753 2444 4810; baseline 0 -1"><span class='ocrx_word' id='word_1_634' title='bbox 2172 4753 2444 4810; x_wconf 88' lang='grc' dir='ltr'>δάκνοντο.</span> 
     </span>
    </p>
   </div>
   <div class='ocr_carea' id='block_1_98' title="bbox 2139 4755 2444 4811">
    <p class='ocr_par' dir='ltr' id='par_1_98' title="bbox 2139 4755 2444 4811">
     <span class='ocr_line' id='line_1_99' title="bbox 2139 4755 2444 4811; baseline 0 0"><span class='ocrx_word' id='word_1_635' title='bbox 2139 4755 2422 4811; x_wconf 77' lang='grc' dir='ltr'>ἐδάκνοντο</span> <span class='ocrx_word' id='word_1_636' title='bbox 2432 4797 2444 4811; x_wconf 93' lang='grc'><strong>.</strong></span> 
     </span>
    </p>
   </div>
   <div class='ocr_carea' id='block_1_99' title="bbox 455 4837 2048 4922">
    <p class='ocr_par' dir='ltr' id='par_1_99' title="bbox 455 4846 2024 4921">
     <span class='ocr_line' id='line_1_100' title="bbox 455 4846 2024 4921; baseline 0.002 -19"><span class='ocrx_word' id='word_1_637' title='bbox 455 4853 514 4906; x_wconf 89' lang='lat' dir='ltr'><strong>L.</strong></span> <span class='ocrx_word' id='word_1_638' title='bbox 567 4849 717 4905; x_wconf 83' lang='lat' dir='ltr'><strong>Dixit</strong></span> <span class='ocrx_word' id='word_1_639' title='bbox 759 4849 1015 4921; x_wconf 88' lang='lat' dir='ltr'><strong>quadam</strong></span> <span class='ocrx_word' id='word_1_640' title='bbox 1064 4864 1260 4916; x_wconf 84' lang='lat' dir='ltr'><strong>senex,</strong></span> <span class='ocrx_word' id='word_1_641' title='bbox 1309 4846 1529 4903; x_wconf 87' lang='lat' dir='ltr'><strong>animal</strong></span> <span class='ocrx_word' id='word_1_642' title='bbox 1579 4863 1710 4903; x_wconf 87' lang='lat' dir='ltr'><strong>esse</strong></span> <span class='ocrx_word' id='word_1_643' title='bbox 1758 4849 1915 4920; x_wconf 90' lang='lat' dir='ltr'><strong>quod</strong></span> <span class='ocrx_word' id='word_1_644' title='bbox 1966 4849 2024 4905; x_wconf 89' lang='lat' dir='ltr'><strong>in</strong></span> 
     </span>
    </p>
   </div>
   <div class='ocr_carea' id='block_1_100' title="bbox 2172 4837 3788 4922">
    <p class='ocr_par' dir='ltr' id='par_1_100' title="bbox 2207 4837 3788 4922">
     <span class='ocr_line' id='line_1_101' title="bbox 2207 4837 3788 4922; baseline -0.001 -21"><span class='ocrx_word' id='word_1_645' title='bbox 2207 4845 2285 4902; x_wconf 79' lang='lat' dir='ltr'><strong>N&#39;.</strong></span> <span class='ocrx_word' id='word_1_646' title='bbox 2318 4845 2514 4919; x_wconf 74' lang='grc' dir='ltr'>Ἔλεγε</span> <span class='ocrx_word' id='word_1_647' title='bbox 2542 4837 2851 4918; x_wconf 77' lang='grc' dir='ltr'>πρεσϐύτης</span> <span class='ocrx_word' id='word_1_648' title='bbox 2903 4844 3043 4914; x_wconf 84' lang='grc' dir='ltr'><strong>ζῶον</strong></span> <span class='ocrx_word' id='word_1_649' title='bbox 3075 4843 3208 4901; x_wconf 81' lang='grc' dir='ltr'>εἶναι</span> <span class='ocrx_word' id='word_1_650' title='bbox 3247 4843 3311 4900; x_wconf 85' lang='grc' dir='ltr'>τὸ</span> <span class='ocrx_word' id='word_1_651' title='bbox 3357 4843 3494 4901; x_wconf 79' lang='grc' dir='ltr'>κατὰ</span> <span class='ocrx_word' id='word_1_652' title='bbox 3533 4844 3788 4922; x_wconf 83' lang='grc' dir='ltr'>γαστρός·</span> 
     </span>
    </p>
   </div>
   <div class='ocr_carea' id='block_1_101' title="bbox 446 4997 2048 5073">
    <p class='ocr_par' dir='ltr' id='par_1_101' title="bbox 446 4997 2047 5073">
     <span class='ocr_line' id='line_1_102' title="bbox 446 4997 2047 5073; baseline 0 -15"><span class='ocrx_word' id='word_1_653' title='bbox 446 5001 528 5073; x_wconf 91' lang='lat' dir='ltr'><strong>(a)</strong></span> <span class='ocrx_word' id='word_1_654' title='bbox 561 5001 694 5057; x_wconf 87' lang='lat' dir='ltr'><strong>Luc.</strong></span> <span class='ocrx_word' id='word_1_655' title='bbox 726 5017 879 5066; x_wconf 76' lang='lat' dir='ltr'><strong>xxiv,</strong></span> <span class='ocrx_word' id='word_1_656' title='bbox 911 5001 1000 5055; x_wconf 81' lang='grc'><strong>34.</strong></span> <span class='ocrx_word' id='word_1_657' title='bbox 1079 4999 1152 5072; x_wconf 90' lang='lat' dir='ltr'><strong>(b)</strong></span> <span class='ocrx_word' id='word_1_658' title='bbox 1178 4997 1334 5055; x_wconf 88' lang='lat' dir='ltr'><strong>Psal.</strong></span> <span class='ocrx_word' id='word_1_659' title='bbox 1365 5016 1504 5066; x_wconf 83' lang='lat' dir='ltr'><strong>xvn,</strong></span> <span class='ocrx_word' id='word_1_660' title='bbox 1538 5001 1626 5056; x_wconf 69' lang='lat'><strong>43.</strong></span> <span class='ocrx_word' id='word_1_661' title='bbox 1705 5001 1773 5072; x_wconf 80' lang='grc' dir='ltr'>(ε)</span> <span class='ocrx_word' id='word_1_662' title='bbox 1808 5000 1951 5057; x_wconf 90' lang='lat' dir='ltr'><strong>Ibid.</strong></span> <span class='ocrx_word' id='word_1_663' title='bbox 1982 5003 2047 5058; x_wconf 90' lang='grc'><strong>51</strong></span> 
     </span>
    </p>
   </div>
   <div class='ocr_carea' id='block_1_102' title="bbox 2172 4997 2909 5073">
    <p class='ocr_par' dir='ltr' id='par_1_102' title="bbox 2172 4997 2909 5064">
     <span class='ocr_line' id='line_1_103' title="bbox 2172 4997 2909 5064; baseline 0.001 -9"><span class='ocrx_word' id='word_1_664' title='bbox 2172 4999 2212 5064; x_wconf 72' lang='grc'><strong>[4</strong></span> <span class='ocrx_word' id='word_1_665' title='bbox 2242 4999 2304 5058; x_wconf 91' lang='grc' dir='ltr'><strong>Ρ.</strong></span> <span class='ocrx_word' id='word_1_666' title='bbox 2333 4999 2434 5054; x_wconf 83' lang='grc'><strong>991</strong></span> <span class='ocrx_word' id='word_1_667' title='bbox 2467 4997 2579 5055; x_wconf 87' lang='lat' dir='ltr'><strong>ED.</strong></span> <span class='ocrx_word' id='word_1_668' title='bbox 2612 4998 2909 5056; x_wconf 78' lang='lat' dir='ltr'><strong>POTTER.</strong></span> 
     </span>
    </p>
   </div>
   <div class='ocr_carea' id='block_1_103' title="bbox 437 5171 2006 5243">
    <p class='ocr_par' dir='ltr' id='par_1_103' title="bbox 437 5171 2006 5243">
     <span class='ocr_line' id='line_1_104' title="bbox 437 5171 2006 5243; baseline 0 -17"><span class='ocrx_word' id='word_1_669' title='bbox 437 5173 549 5243; x_wconf 85' lang='lat'><strong>(63)</strong></span> <span class='ocrx_word' id='word_1_670' title='bbox 571 5172 722 5243; x_wconf 62' lang='lat' dir='ltr'><strong>lteri</strong></span> <span class='ocrx_word' id='word_1_671' title='bbox 768 5171 938 5243; x_wconf 64' lang='grc' dir='ltr'><strong>οιῖνόνΔ</strong></span> <span class='ocrx_word' id='word_1_672' title='bbox 973 5190 1088 5243; x_wconf 77' lang='grc' dir='ltr'>σου.</span> <span class='ocrx_word' id='word_1_673' title='bbox 1141 5173 1202 5226; x_wconf 81' lang='grc' dir='ltr'><strong>Α.</strong></span> <span class='ocrx_word' id='word_1_674' title='bbox 1260 5171 1572 5243; x_wconf 83' lang='lat' dir='ltr'><strong>legendum</strong></span> <span class='ocrx_word' id='word_1_675' title='bbox 1650 5171 2006 5243; x_wconf 88' lang='lat' dir='ltr'><strong>suspicatur,</strong></span> 
     </span>
    </p>
   </div>
   <div class='ocr_carea' id='block_1_104' title="bbox 360 5237 2010 5312">
    <p class='ocr_par' dir='ltr' id='par_1_104' title="bbox 360 5237 2010 5312">
     <span class='ocr_line' id='line_1_105' title="bbox 360 5237 2010 5312; baseline 0.001 -15"><span class='ocrx_word' id='word_1_676' title='bbox 360 5237 499 5306; x_wconf 70' lang='grc' dir='ltr'>καθᾶ</span> <span class='ocrx_word' id='word_1_677' title='bbox 533 5237 619 5303; x_wconf 71' lang='grc' dir='ltr'>ἐἰς</span> <span class='ocrx_word' id='word_1_678' title='bbox 669 5242 866 5302; x_wconf 82' lang='grc' dir='ltr'>αἰῶνας</span> <span class='ocrx_word' id='word_1_679' title='bbox 917 5237 1230 5312; x_wconf 84' lang='grc' dir='ltr'>δεδόξασται</span> <span class='ocrx_word' id='word_1_680' title='bbox 1265 5258 1277 5271; x_wconf 87' lang='grc'><strong>·</strong></span> <span class='ocrx_word' id='word_1_681' title='bbox 1313 5237 1492 5296; x_wconf 59' lang='lat' dir='ltr'><strong>{illudi</strong></span> <span class='ocrx_word' id='word_1_682' title='bbox 1525 5243 1682 5296; x_wconf 90' lang='lat' dir='ltr'><strong>enim</strong></span> <span class='ocrx_word' id='word_1_683' title='bbox 1716 5237 1784 5296; x_wconf 85' lang='lat' dir='ltr'><strong>ad</strong></span> <span class='ocrx_word' id='word_1_684' title='bbox 1819 5237 2010 5298; x_wconf 80' lang='lat' dir='ltr'><strong>locum</strong></span> 
     </span>
    </p>
   </div>
   <div class='ocr_carea' id='block_1_105' title="bbox 359 5314 2008 5386">
    <p class='ocr_par' dir='ltr' id='par_1_105' title="bbox 359 5314 2008 5386">
     <span class='ocr_line' id='line_1_106' title="bbox 359 5314 2008 5386; baseline 0 -17"><span class='ocrx_word' id='word_1_685' title='bbox 359 5317 481 5386; x_wconf 66' lang='lat' dir='ltr'><strong>qui</strong></span> <span class='ocrx_word' id='word_1_686' title='bbox 511 5320 598 5386; x_wconf 77' lang='lat' dir='ltr'><strong>est</strong></span> <span class='ocrx_word' id='word_1_687' title='bbox 639 5320 771 5386; x_wconf 71' lang='lat' dir='ltr'><strong>sap.</strong></span> <span class='ocrx_word' id='word_1_688' title='bbox 809 5331 892 5369; x_wconf 80' lang='grc' dir='ltr'>ιιι.</span> <span class='ocrx_word' id='word_1_689' title='bbox 928 5317 990 5369; x_wconf 93' lang='lat' dir='ltr'><strong>In</strong></span> <span class='ocrx_word' id='word_1_690' title='bbox 1045 5317 1191 5368; x_wconf 73' lang='lat' dir='ltr'><strong>b‘lor.</strong></span> <span class='ocrx_word' id='word_1_691' title='bbox 1226 5315 1366 5369; x_wconf 89' lang='lat' dir='ltr'><strong>edit.</strong></span> <span class='ocrx_word' id='word_1_692' title='bbox 1399 5320 1672 5384; x_wconf 89' lang='lat' dir='ltr'><strong>corrupte</strong></span> <span class='ocrx_word' id='word_1_693' title='bbox 1725 5314 2008 5385; x_wconf 88' lang='lat' dir='ltr'><strong>scriptum</strong></span> 
     </span>
    </p>
   </div>
   <div class='ocr_carea' id='block_1_106' title="bbox 359 5382 1134 5440">
    <p class='ocr_par' dir='ltr' id='par_1_106' title="bbox 359 5382 1134 5440">
     <span class='ocr_line' id='line_1_107' title="bbox 359 5382 1134 5440; baseline 0.005 -4"><span class='ocrx_word' id='word_1_694' title='bbox 359 5382 495 5437; x_wconf 65' lang='grc' dir='ltr'><strong>»ξατά</strong></span> <span class='ocrx_word' id='word_1_695' title='bbox 524 5382 808 5438; x_wconf 84' lang='grc' dir='ltr'>αἰνονόσω.</span> <span class='ocrx_word' id='word_1_696' title='bbox 845 5386 1134 5440; x_wconf 78' lang='lat' dir='ltr'><strong>SYLBURG.</strong></span> 
     </span>
    </p>
   </div>
   <div class='ocr_carea' id='block_1_107' title="bbox 429 5454 2014 5527">
    <p class='ocr_par' dir='ltr' id='par_1_107' title="bbox 429 5454 2014 5527">
     <span class='ocr_line' id='line_1_108' title="bbox 429 5454 2014 5527; baseline 0.003 -19"><span class='ocrx_word' id='word_1_697' title='bbox 429 5455 542 5523; x_wconf 83' lang='grc'><strong>(64)</strong></span> <span class='ocrx_word' id='word_1_698' title='bbox 573 5455 686 5527; x_wconf 82' lang='grc' dir='ltr'><strong>Τῆς</strong></span> <span class='ocrx_word' id='word_1_699' title='bbox 717 5454 964 5514; x_wconf 90' lang='grc' dir='ltr'>κτίσεως.</span> <span class='ocrx_word' id='word_1_700' title='bbox 995 5459 1200 5526; x_wconf 85' lang='lat' dir='ltr'><strong>Aptius</strong></span> <span class='ocrx_word' id='word_1_701' title='bbox 1228 5457 1326 5522; x_wconf 76' lang='grc' dir='ltr'>τῆς</span> <span class='ocrx_word' id='word_1_702' title='bbox 1355 5455 1622 5525; x_wconf 84' lang='grc' dir='ltr'>κτήσεως,</span> <span class='ocrx_word' id='word_1_703' title='bbox 1647 5455 2014 5527; x_wconf 71' lang='grc' dir='ltr'><strong>ασᾳυὶεἱιὶοηϐ</strong></span> 
     </span>
    </p>
   </div>
   <div class='ocr_carea' id='block_1_108' title="bbox 360 5524 2006 5598">
    <p class='ocr_par' dir='ltr' id='par_1_108' title="bbox 360 5524 2006 5598">
     <span class='ocr_line' id='line_1_109' title="bbox 360 5524 2006 5598; baseline -0.001 -18"><span class='ocrx_word' id='word_1_704' title='bbox 360 5534 413 5582; x_wconf 81' lang='grc' dir='ltr'><strong>ει</strong></span> <span class='ocrx_word' id='word_1_705' title='bbox 441 5524 775 5598; x_wconf 58' lang='lat' dir='ltr'><strong>possessione</strong></span> <span class='ocrx_word' id='word_1_706' title='bbox 805 5524 1071 5582; x_wconf 74' lang='lat' dir='ltr'><strong>bonorum</strong></span> <span class='ocrx_word' id='word_1_707' title='bbox 1099 5545 1118 5581; x_wconf 83' lang='lat'><strong>.°</strong></span> <span class='ocrx_word' id='word_1_708' title='bbox 1147 5529 1408 5598; x_wconf 89' lang='lat' dir='ltr'><strong>itemque</strong></span> <span class='ocrx_word' id='word_1_709' title='bbox 1447 5543 1583 5582; x_wconf 80' lang='lat' dir='ltr'><strong>mox</strong></span> <span class='ocrx_word' id='word_1_710' title='bbox 1622 5524 1730 5592; x_wconf 75' lang='grc' dir='ltr'>τῆν’</span> <span class='ocrx_word' id='word_1_711' title='bbox 1768 5531 1959 5594; x_wconf 84' lang='grc' dir='ltr'>κτῆσιν</span> <span class='ocrx_word' id='word_1_712' title='bbox 1994 5544 2006 5558; x_wconf 90' lang='grc'><strong>·</strong></span> 
     </span>
    </p>
   </div>
   <div class='ocr_carea' id='block_1_109' title="bbox 361 5590 2182 5664">
    <p class='ocr_par' dir='ltr' id='par_1_109' title="bbox 361 5590 2182 5664">
     <span class='ocr_line' id='line_1_110' title="bbox 361 5590 2182 5664; baseline 0.002 -13"><span class='ocrx_word' id='word_1_713' title='bbox 361 5590 756 5652; x_wconf 71' lang='grc' dir='ltr'>υι’‹1οο1αι·αιιι</span> <span class='ocrx_word' id='word_1_714' title='bbox 785 5598 1115 5664; x_wconf 78' lang='lat' dir='ltr'><strong>seqaentia.</strong></span> <span class='ocrx_word' id='word_1_715' title='bbox 1141 5601 1223 5657; x_wconf 83' lang='lat' dir='ltr'><strong>In.</strong></span> <span class='ocrx_word' id='word_1_716' title='bbox 1313 5590 1328 5598; x_wconf 80' lang='grc'><em>’</em></span> <span class='ocrx_word' id='word_1_717' title='bbox 1683 5590 1689 5592; x_wconf 14' lang='grc' dir='ltr'><strong>Ἴ</strong></span> <span class='ocrx_word' id='word_1_718' title='bbox 1860 5590 1869 5594; x_wconf 55' lang='grc'>⁷</span> <span class='ocrx_word' id='word_1_719' title='bbox 2121 5597 2182 5655; x_wconf 86' lang='lat' dir='ltr'><strong>ID</strong></span> 
     </span>
    </p>
   </div>
   <div class='ocr_carea' id='block_1_110' title="bbox 2190 5166 3780 5244">
    <p class='ocr_par' dir='ltr' id='par_1_110' title="bbox 2190 5166 3780 5244">
     <span class='ocr_line' id='line_1_111' title="bbox 2190 5166 3780 5244; baseline 0.003 -22"><span class='ocrx_word' id='word_1_720' title='bbox 2336 5170 2690 5244; x_wconf 56' lang='grc' dir='ltr'>’ᾼναστρέιρει</span> <span class='ocrx_word' id='word_1_721' title='bbox 2737 5168 2825 5244; x_wconf 83' lang='grc' dir='ltr'>ἐπὶ</span> <span class='ocrx_word' id='word_1_722' title='bbox 2881 5167 3082 5244; x_wconf 80' lang='grc' dir='ltr'>μόνους</span> <span class='ocrx_word' id='word_1_723' title='bbox 3126 5167 3262 5244; x_wconf 17' lang='grc' dir='ltr'>τοὺς,</span> <span class='ocrx_word' id='word_1_724' title='bbox 3304 5166 3569 5244; x_wconf 13' lang='grc' dir='ltr'>ένγσαρκί.</span> <span class='ocrx_word' id='word_1_725' title='bbox 3599 5169 3780 5228; x_wconf 90' lang='lat' dir='ltr'><strong>Paulo</strong></span> 
     </span>
    </p>
   </div>
   <div class='ocr_carea' id='block_1_111' title="bbox 2126 5236 3784 5314">
    <p class='ocr_par' dir='ltr' id='par_1_111' title="bbox 2126 5236 3784 5314">
     <span class='ocr_line' id='line_1_112' title="bbox 2126 5236 3784 5314; baseline -0.002 -16"><span class='ocrx_word' id='word_1_726' title='bbox 2126 5236 2341 5298; x_wconf 75' lang='lat' dir='ltr'><strong>melius</strong></span> <span class='ocrx_word' id='word_1_727' title='bbox 2369 5236 2590 5314; x_wconf 82' lang='grc' dir='ltr'>ἀναστρ·</span> <span class='ocrx_word' id='word_1_728' title='bbox 2613 5236 2704 5296; x_wconf 76' lang='grc' dir='ltr'>’ἔτι</span> <span class='ocrx_word' id='word_1_729' title='bbox 2733 5236 2989 5314; x_wconf 77' lang='grc' dir='ltr'>μένοντας</span> <span class='ocrx_word' id='word_1_730' title='bbox 3019 5239 3070 5295; x_wconf 81' lang='grc' dir='ltr'>ἐν</span> <span class='ocrx_word' id='word_1_731' title='bbox 3104 5241 3283 5314; x_wconf 85' lang='grc' dir='ltr'>σαρκί,</span> <span class='ocrx_word' id='word_1_732' title='bbox 3315 5236 3496 5298; x_wconf 61' lang='lat' dir='ltr'><strong>adhuc</strong></span> <span class='ocrx_word' id='word_1_733' title='bbox 3539 5258 3784 5314; x_wconf 81' lang='lat' dir='ltr'><strong>commo-</strong></span> 
     </span>
    </p>
   </div>
   <div class='ocr_carea' id='block_1_112' title="bbox 2122 5311 3785 5388">
    <p class='ocr_par' dir='ltr' id='par_1_112' title="bbox 2122 5311 3785 5388">
     <span class='ocr_line' id='line_1_113' title="bbox 2122 5311 3785 5388; baseline -0.002 -19"><span class='ocrx_word' id='word_1_734' title='bbox 2122 5313 2398 5388; x_wconf 53' lang='lat' dir='ltr'><strong>rantestn</strong></span> <span class='ocrx_word' id='word_1_735' title='bbox 2433 5311 2870 5388; x_wconf 31' lang='lat' dir='ltr'><strong>hac-carnetut</strong></span> <span class='ocrx_word' id='word_1_736' title='bbox 2899 5311 3217 5388; x_wconf 70' lang='grc' dir='ltr'>ἀναστρέφει</span> <span class='ocrx_word' id='word_1_737' title='bbox 3263 5319 3364 5383; x_wconf 82' lang='grc' dir='ltr'><strong>τῆς</strong></span> <span class='ocrx_word' id='word_1_738' title='bbox 3409 5313 3785 5388; x_wconf 76' lang='grc' dir='ltr'>προσπαθείας</span> 
     </span>
    </p>
   </div>
   <div class='ocr_carea' id='block_1_113' title="bbox 2123 5383 3781 5512">
    <p class='ocr_par' dir='ltr' id='par_1_113' title="bbox 2123 5383 3781 5512">
     <span class='ocr_line' id='line_1_114' title="bbox 2123 5383 3781 5474; baseline 0.001 -34"><span class='ocrx_word' id='word_1_739' title='bbox 2123 5403 2225 5474; x_wconf 81' lang='lat' dir='ltr'><strong>per</strong></span> <span class='ocrx_word' id='word_1_740' title='bbox 2275 5385 2507 5471; x_wconf 59' lang='lat' dir='ltr'><strong>ellipsin</strong></span> <span class='ocrx_word' id='word_1_741' title='bbox 2560 5386 2986 5456; x_wconf 68' lang='lat' dir='ltr'><strong>praepositionis</strong></span> <span class='ocrx_word' id='word_1_742' title='bbox 3016 5383 3124 5440; x_wconf 77' lang='grc' dir='ltr'><strong>ἀπό</strong></span> <span class='ocrx_word' id='word_1_743' title='bbox 3144 5383 3377 5442; x_wconf 77' lang='lat' dir='ltr'><strong>dictum</strong></span> <span class='ocrx_word' id='word_1_744' title='bbox 3409 5383 3510 5454; x_wconf 83' lang='lat' dir='ltr'><strong>sit,</strong></span> <span class='ocrx_word' id='word_1_745' title='bbox 3546 5392 3610 5442; x_wconf 88' lang='lat' dir='ltr'><strong>ut</strong></span> <span class='ocrx_word' id='word_1_746' title='bbox 3638 5385 3781 5442; x_wconf 82' lang='lat' dir='ltr'><strong>alibi</strong></span> 
     </span>
     <span class='ocr_line' id='line_1_115' title="bbox 2123 5453 2718 5512; baseline 0.005 -2"><span class='ocrx_word' id='word_1_747' title='bbox 2123 5453 2402 5512; x_wconf 88' lang='grc' dir='ltr'>ανακαλει.</span> <span class='ocrx_word' id='word_1_748' title='bbox 2437 5457 2718 5512; x_wconf 70' lang='grc' dir='ltr'>δγιθυιιο.</span> 
     </span>
    </p>
   </div>
   <div class='ocr_carea' id='block_1_114' title="bbox 2123 5475 3778 5602">
    <p class='ocr_par' dir='ltr' id='par_1_114' title="bbox 2123 5475 3778 5602">
     <span class='ocr_line' id='line_1_116' title="bbox 2123 5475 2718 5512; baseline 0.005 -2"><span class='ocrx_word' id='word_1_749' title='bbox 2123 5475 2402 5512; x_wconf 82' lang='grc' dir='ltr'>ανακαΛει.</span> <span class='ocrx_word' id='word_1_750' title='bbox 2437 5475 2718 5512; x_wconf 64' lang='lat' dir='ltr'><strong>annuae.</strong></span> 
     </span>
     <span class='ocr_line' id='line_1_117' title="bbox 2123 5525 3778 5602; baseline 0.001 -19"><span class='ocrx_word' id='word_1_751' title='bbox 2123 5597 2141 5602; x_wconf 94' lang='lat'><em>_</em></span> <span class='ocrx_word' id='word_1_752' title='bbox 2191 5527 2306 5599; x_wconf 82' lang='lat'>(66)</span> <span class='ocrx_word' id='word_1_753' title='bbox 2336 5525 2554 5599; x_wconf 79' lang='grc' dir='ltr'>Πείρας.</span> <span class='ocrx_word' id='word_1_754' title='bbox 2586 5528 2712 5584; x_wconf 84' lang='lat' dir='ltr'><strong>Non</strong></span> <span class='ocrx_word' id='word_1_755' title='bbox 2745 5527 2898 5586; x_wconf 83' lang='lat' dir='ltr'><strong>male</strong></span> <span class='ocrx_word' id='word_1_756' title='bbox 2956 5545 3092 5586; x_wconf 88' lang='lat' dir='ltr'><strong>cum</strong></span> <span class='ocrx_word' id='word_1_757' title='bbox 3146 5528 3504 5601; x_wconf 85' lang='lat' dir='ltr'><strong>II.legemus</strong></span> <span class='ocrx_word' id='word_1_758' title='bbox 3556 5525 3778 5602; x_wconf 82' lang='grc' dir='ltr'>μοίρας.</span> 
     </span>
    </p>
   </div>
  </div>
