4078 6146
361 416 468 472 721

1179 414 1430 469 DUBIA.
1464 440 1530 452 —
1559 412 1862 469 ECLOGA!
1899 412 1999 466 EX
2034 411 2459 469 SCRIPTURIS
2496 417 2987 472 PROPHETICIS.

3681 420 3790 474 722

359 538 637 595 εἴσιοῦσαν
698 538 806 613 γὰρ
861 536 958 606 τήν
1018 535 1204 610 ψυχὴν
1249 533 1325 596 εἶς
1380 533 1480 602 τήν
1540 534 1750 608 μήτραν
1780 532 1886 587 ἀπὸ
1916 538 2004 602 τῆς

2131 542 2328 592 ventre
2353 537 2664 608 reperitur.
2701 540 3029 612 Ingressam
3055 541 3212 596 enim
3247 541 3503 597 animam
3548 542 3604 598 in
3655 559 3784 599 ma~

359 628 679 703 καθάρσεως
713 623 1154 700 ηὐτρεπισμένην
1188 623 1266 678 εἷς
1315 621 1612 695 σύλληψιν,
1673 621 1762 677 καὶ
1817 621 2022 698 εἰσκρι-

361 723 546 783 θεῖσαν
582 714 689 772 ὑπό
720 735 869 778 τινος
896 717 1004 768 τῶν
1046 717 1117 788 τῇ
1164 711 1361 788 γενέσει
1394 711 1714 788 ἐφεστώτων
1747 709 2021 787 ἀγγέλων,

360 803 890 882 παραγινώσκοντος
933 803 1024 857 τὸν
1079 802 1264 878 καιρὸν
1305 807 1404 871 τῆς
1448 799 1804 874 συλλήψεως,
1851 805 2020 854 κινεῖν

361 897 505 966 πρὸς
539 893 830 949 συνουσίαν
871 892 968 960 τήν
1023 895 1270 965 γυναῖκα.
1329 884 1787 959 Καταϐληθέντος
1839 886 1896 942 δὲ
1923 893 2020 943 τοῦ

364 981 708 1059 σπέρματος,
740 981 813 1043 ὡς
843 980 1030 1047 εἰπεῖν,
1089 978 1475 1049 έξοικειοῦσθαι
1508 977 1570 1032 τὸ
1615 977 1668 1032 έν
1725 981 1805 1049 τῷ
1853 975 2019 1051 σπέρ-

372 1095 504 1147 ματι
554 1075 783 1144 πνεῦμα,
830 1069 919 1124 καὶ
967 1067 1109 1123 οὕτω
1158 1061 1635 1140 συλλαμϐάνεσθαι
1677 1069 1749 1140 τῇ
1798 1065 2015 1124 πλάσει.

368 1161 681 1238 Μαρτύριον
739 1157 1014 1231 ὠνόμασεν
1065 1161 1255 1223 πᾶσιν,
1313 1156 1552 1227 θπηνίκα
1612 1155 1673 1211 ἂν
1730 1153 2015 1230 εὐαγγελί-

367 1249 645 1321 ζωνταιοὶ
703 1245 928 1322 ἄγγελοι
970 1245 1067 1308 τὰς
1135 1244 1349 1320 στείρας
1408 1247 1522 1300 οἷον
1581 1243 2014 1319 προεισκρίνουσι

355 1342 458 1405 τῆς
507 1335 836 1410 συλλήψεως
875 1333 972 1397 τὰς
996 1333 1201 1409 ψυχὰς
1247 1334 1334 1388 καὶ
1374 1333 1425 1388 έν
1477 1338 1557 1406 τῷ
1603 1331 1923 1408 Εὐαγγελίῳ
1951 1333 2014 1387 τὸ

357 1427 661 1503 βρέφυςέσκ
689 1423 983 1501 ίρτησενὼς
1035 1421 1286 1499 ἔμψυχον
1322 1425 1454 1498 (67)’
1487 1432 1576 1478 καί
1607 1425 1662 1477 αἱ
1693 1428 1894 1498 στεῖραι
1927 1419 2018 1476 διὰ

350 1513 516 1570 τοῦτό
563 1515 667 1569 εἶσι
716 1517 944 1587 στεῖραι,
993 1513 1068 1574 ὡς
1117 1511 1177 1567 ἃν
1230 1514 1307 1586 μή
1345 1510 1750 1588 εἰσκρινομένης
1780 1518 1882 1580 τῆς
1909 1511 2009 1579 τὴν

354 1609 456 1660 τοῦ
517 1604 826 1680 σπέρματος
879 1596 1192 1671 καταϐολὴν
1253 1600 1591 1678 συναγούσης
1643 1600 1716 1663 εἷς
1764 1601 2010 1676 κατοχὴν

361 1691 696 1768 συλλήψεως
727 1691 815 1747 καὶ
843 1693 1136 1769 γεννήσεως
1147 1735 1158 1749 .

434 1960 560 2016 NA'.
616 1958 682 2015 Ol
736 1955 956 2033 οὐρανοὶ
1171 1953 1486 2033 διηγοῦνται
1543 1955 1698 2028 δόξαν
1749 1960 1907 2016 Θεοῦ.
1941 1956 2008 2014 Ol

356 2046 576 2123 οὐρανοὶ
609 2045 859 2122 λέγονται
917 2042 1251 2121 πολλαχῶς,
1307 2045 1397 2100 καὶ
1456 2046 1508 2100 οἱ
1565 2045 1702 2101 κατὰ
1732 2043 2008 2118 διάστημα

350 2137 439 2193 καὶ
471 2133 750 2210 περίοδον,
800 2133 892 2189 καὶ
947 2135 1000 2189 οἱ
1056 2136 1192 2189 κατᾶ
1232 2131 1499 2207 διαθήκην
1549 2139 1656 2190 τῶν
1715 2133 1990 2208 πρωτοκτί

349 2247 488 2283 στων
541 2220 791 2300 ἀγγέλων
847 2223 1090 2300 ἐνέργεια
1135 2226 1417 2300 προσεχής
1478 2226 1611 2298 (69)·
1673 2224 2004 2299 κυριωτέραν

345 2315 448 2393 γὰρ
505 2313 804 2390 παρουσίαν
841 2311 1093 2388 ἀγγέλων
1126 2313 1181 2367 αἱ
1235 2310 1488 2383 διαθῆκαι
1530 2313 1836 2388 ἐνήργησαν
1872 2315 2007 2386 (70),

349 2407 386 2474 ἡ
419 2402 508 2459 ἐπὶ
541 2400 742 2476 Ἀδὰμ,
794 2403 830 2472 ἡ
864 2400 950 2456 ἐπὶ
987 2403 1130 2473 Νῶε,
1158 2403 1192 2471 ἡ
1228 2400 1315 2456 ἐπὶ
1350 2397 1623 2477 Ἀϐραὰμ,
1655 2405 1690 2472 ἡ
1723 2401 1808 2455 ἐπὶ
1842 2408 2004 2456 Μωϋ-

354 2494 512 2555 σέως.
563 2492 659 2547 Διὰ
706 2491 808 2568 γὰρ
856 2494 953 2546 τοῦ
1003 2490 1206 2567 Κυρίου
1239 2489 1546 2562 κινηθέντες
1606 2491 2005 2565 πρωτόκτιστοι

354 2579 606 2658 ἄγγελοι,
661 2579 916 2657 ἰνήργουν
957 2578 1034 2642 εἷς
1064 2579 1191 2642 τοῦς
1221 2585 1516 2656 προσεχεῖς
1545 2585 1662 2643 τοῖς
1694 2583 2004 2657 προφήταις

356 2669 644 2747 ἀγγέλους,
669 2669 961 2746 ἡγούμενοι
1007 2663 1161 2739 δόξαν
1197 2672 1350 2739 Θεοῦ,
1383 2670 1480 2730 τὰς
1513 2667 1793 2741 διαθήκας.
1830 2667 2008 2726 Ἀλλὰ

355 2759 446 2815 καὶ
470 2759 537 2815 τὰ
563 2758 696 2814 κατᾶ
739 2759 837 2829 τήν
888 2764 991 2834 γῆν
1038 2759 1305 2834 γενόμενα
1351 2759 1438 2813 ὑπ’
1482 2757 1729 2835 ἀγγέλων
1763 2756 1852 2815 διὰ
1895 2763 2002 2815 τῶν

356 2848 778 2922 πρωτοκτίστων
806 2847 1055 2924 ἀγγέλων
1085 2847 1332 2924 ἐγένοντο
1364 2847 1442 2911 εἷς
1483 2845 1636 2919 δόξαν
1669 2853 1824 2906 Θεοῦ.

419 3029 546 3086 ΝΒ’.
605 3025 908 3085 Καλοῦνται
960 3023 1018 3081 δὲ
1067 3025 1286 3102 οὐρανοὶ
1319 3025 1518 3100 κυρίως
1571 3028 1726 3100 μὶνὸ
1782 3027 2003 3102 Κύριος,

345 3114 530 3175 ἔπειτα
561 3114 620 3173 δὲ
667 3115 757 3172 καὶ
789 3116 840 3171 οἱ
873 3115 1294 3192 πρωτόκτιστοι,
1357 3117 1473 3189 μεθ’
1511 3115 1602 3179 οὕς
1646 3116 1736 3171 καὶ
1769 3118 1821 3171 οἱ
1861 3119 2004 3193 ἅγιοι

345 3207 452 3283 πρὸ
481 3206 658 3281 νόμου
690 3203 989 3278 ἅνθρωποι,
1040 3205 1116 3268 ὡς
1167 3206 1220 3259 οἱ
1264 3204 1597 3281 πατριάρχαι
1641 3205 1730 3261 καὶ
1765 3209 2004 3275 Μωϋσῆς

2135 625 2337 680 tricem
2372 643 2475 699 per
2505 628 2985 684 emendationem
3018 630 3089 685 ad
3122 629 3302 685 fetum
3337 632 3780 704 concipiendum

2133 714 2276 769 bene
2309 726 2714 788 praeparatam,
2748 721 2922 789 atque
2954 719 3025 773 ab
3056 721 3395 790 angelorum
3430 720 3624 794 aliquo
3679 723 3777 794 qui

2131 803 2438 860 hominum
2461 807 2819 877 generationi
2855 814 3117 879 praesunt
3149 808 3425 875 infusam,
3447 812 3545 882 qui
3569 819 3624 866 et
3645 828 3776 867 con-

2129 893 2414 964 ceptionis
2446 895 2944 967 opportunitatem
2973 896 3406 968 articulumque
3436 900 3651 970 optime
3678 916 3775 954 co-

2127 983 2410 1053 gnoverit,
2446 999 2678 1039 movere
2700 985 2770 1039 ad
2806 985 2995 1038 mariti
3044 985 3383 1056 complexus
3427 987 3772 1044 mulierem:

2127 1072 2352 1126 semine
2385 1089 2515 1128 vero
2547 1073 2877 1140 commisto,
2908 1080 2973 1130 ut
3001 1074 3083 1130 ita
3112 1074 3335 1146 loquar,
3371 1076 3614 1149 spiritus
3673 1078 3773 1149 qui

2127 1161 2363 1231 quidem
2399 1162 2454 1215 in
2485 1161 2709 1218 semine
2740 1169 2848 1232 est,
2894 1163 3082 1218 amice
3121 1165 3517 1237 conjungitur,
3568 1165 3772 1238 sicque

2126 1266 2229 1322 per
2274 1251 2682 1307 formationem
2743 1253 2990 1324 concipi.
3052 1254 3340 1309 Omnibus
3387 1254 3467 1310 rei
3523 1255 3772 1326 hujusce

2124 1340 2529 1396 testimonium
2568 1341 2884 1412 perhibuit,
2916 1358 3050 1397 cum
3083 1342 3320 1414 angelos
3351 1342 3446 1410 iis,
3484 1360 3608 1415 quaz
3653 1349 3769 1400 ste-

2125 1429 2261 1485 riles
2285 1435 2423 1485 sunt
2441 1431 2816 1501 annuntiant,
2847 1437 2982 1487 ante
3003 1431 3437 1502 conceptionem
3463 1433 3771 1490 infundere

2123 1518 2371 1574 animas.
2406 1519 2477 1574 Et
2506 1519 2564 1575 in
2605 1519 2915 1592 Evangelio
2947 1521 3243 1576 exsultavit
3283 1521 3470 1592 infans
3517 1522 3624 1594 (α),
3676 1527 3767 1578 ut-

2123 1612 2255 1679 pote
2286 1609 2384 1680 qui
2409 1609 2533 1679 jam
2568 1609 2762 1664 anima
2797 1610 3074 1680 praeditus
3107 1616 3279 1666 esset.
3313 1615 3470 1666 Hanc
3501 1611 3574 1666 ob
3622 1627 3764 1666 cau-

2120 1714 2246 1754 sam
2279 1697 2509 1753 steriles
2565 1703 2702 1753 sunt
2733 1698 2984 1765 steriles,
3019 1701 3186 1770 quasi
3246 1716 3360 1755 non
3419 1700 3767 1755 infundatur

2119 1787 2338 1855 anima,
2363 1804 2490 1858 quas
2523 1803 2723 1842 semen
2757 1789 3083 1856 conjectum
3119 1787 3370 1860 colligat,
3404 1790 3473 1844 ad
3507 1804 3761 1861 concep-

2118 1875 2295 1930 tionis
2328 1892 2392 1930 ac
2426 1875 2820 1947 generationis
2847 1876 3236 1932 detentionem
3275 1883 3511 1932 rectam.

2192 1963 2346 2018 866
2383 1963 2470 2018 LI.
2504 1962 2636 2018 Caeli
2663 1974 2938 2020 enarravit
2966 1965 3211 2033 gloriam
3245 1967 3337 2021 Dei
3366 1966 3462 2037 (b).
3493 1965 3632 2021 Coeli
3673 1967 3763 2021 di-

2119 2057 2335 2106 cuntur
2368 2051 2571 2107 multis
2605 2053 2830 2120 modis;
2867 2054 2963 2125 qui
3022 2053 3242 2109 scilicet
3275 2071 3374 2125 per
3421 2054 3760 2110 distantiam

2118 2157 2184 2195 ac
2218 2141 2514 2212 periodum
2549 2146 2710 2207 sunt,
2737 2147 2792 2197 et
2824 2143 2921 2214 qui
2959 2159 3058 2213 per
3081 2148 3496 2199 testamentum
3531 2143 3761 2214 angelo-

2120 2246 2250 2284 rum
2301 2230 2486 2302 primo
2519 2235 2843 2286 creatorum
2895 2233 3080 2288 virtus
3127 2233 3486 2287 immediate.
3538 2233 3763 2305 Quippe

2118 2317 2458 2391 angelorum
2493 2319 2860 2390 praesentiam
2898 2319 3367 2392 principaliorem
3409 2325 3762 2376 testamenta

2118 2424 2221 2462 ceu
2252 2408 2467 2462 fmdera
2508 2414 2650 2462 sunt
2688 2415 2943 2479 operata,
2993 2409 3049 2464 in
3102 2409 3346 2478 Adamo,
3392 2409 3451 2464 in
3510 2409 3648 2474 Noe,
3699 2410 3755 2463 in

2115 2496 2470 2564 Abrahamo,
2505 2497 2561 2550 in
2598 2497 2820 2569 Moyse.
2872 2498 3069 2553 Primae
3101 2499 3256 2554 enim
3304 2498 3614 2554 errationis
3655 2514 3756 2552 an-

2115 2585 2228 2658 geli
2254 2603 2287 2640 a
2310 2585 2556 2642 Domino
2579 2587 2741 2656 moti,
2763 2587 2818 2641 in
2843 2588 3081 2659 angeIOs
3100 2587 3396 2659 prophetis
3419 2587 3757 2643 immediate

2115 2675 2482 2745 conjunctae,
2532 2675 2754 2747 operati
2826 2681 2994 2746 sunt,
3045 2676 3446 2731 existimantes
3507 2676 3753 2748 gloriam

2113 2764 2238 2831 Dei,
2272 2763 2547 2819 nimirum
2581 2768 2935 2821 testamenta
2964 2781 3064 2821 ceu
3118 2765 3351 2820 foedera.
3402 2765 3549 2820 Nam
3582 2781 3756 2837 opera

2114 2869 2240 2924 qum
2275 2855 2346 2908 ab
2377 2853 2600 2925 angelis
2631 2853 2688 2908 in
2723 2859 2878 2908 terra
2909 2858 3140 2924 peracta
3189 2858 3328 2909 sunt
3377 2870 3479 2926 per
3507 2853 3755 2910 creatio-

2114 2943 2206 2998 nis
2240 2943 2437 3013 prima“:
2469 2941 2706 3014 angelos
2736 2941 2795 2996 in
2833 2941 2928 2997 Dei
2959 2941 3204 3013 gloriam
3238 2943 3393 2998 edita
3425 2943 3681 2998 fuerunt.

2189 3031 2298 3087 LII.
2326 3029 2464 3088 Coeli
2500 3047 2632 3086 vero
2662 3037 2963 3098 vocantur,
2996 3031 3281 3103 precipue
3331 3033 3591 3103 quidem,
3644 3031 3761 3087 Do-

2116 3121 2348 3188 minus;
2381 3119 2513 3175 dein
2550 3124 2769 3185 autem,
2794 3120 2892 3192 qui
2915 3121 3103 3192 primo
3129 3122 3363 3192 fuerunt
3385 3121 3564 3175 creati
3591 3141 3605 3189 ;
3629 3123 3761 3192 post

2113 3209 2220 3264 hos
2253 3213 2309 3263 et
2341 3209 2606 3264 homines
2639 3209 2826 3263 sancti
2861 3213 2995 3264 ante
3029 3209 3237 3280 legem,
3271 3224 3478 3279 nempe
3511 3208 3758 3278 patriar-

346 3297 435 3352 καὶ
471 3297 524 3350 οἱ
554 3302 853 3372 προφῆταιο
905 3294 1020 3349 εἶτα
1067 3293 1155 3348 καὶ
1205 3294 1255 3348 οἳ
1311 3293 1632 3349 ἀπόστολοι.
1687 3295 1912 3364 Ποίησιν
1945 3293 2002 3350 δὲ

2125 3298 2256 3366 3ha2,
2290 3303 2346 3352 et
2373 3302 2618 3369 Moyses,
2650 3303 2827 3368 atque
2861 3269 3153 3369 prOpheta:
3180 3314 3195 3363 ;
3226 3269 3304 3350 'et
3349 3269 3480 3350 dein
3513 3269 3760 3364 ‘quoque

350 3390 553 3462 χειρῶν
613 3383 778 3440 αὐτοῦ
837 3381 1156 3459 ἀναγγέλλει
1213 3383 1276 3438 τὸ
1330 3385 1650 3458 στερέωμα.
1710 3383 2002 3458 Στερέωμα

349 3473 494 3548 λέγει
522 3474 614 3529 τὸν
671 3473 800 3528 Θεὸν
846 3471 937 3527 τὸν
989 3471 1168 3542 ἀπαθῆ
1212 3472 1300 3527 καὶ
1345 3466 1750 3545 ἆμενάϐλητον,
1783 3475 1859 3534 ὼς
1912 3473 1999 3529 καὶ

348 3561 576 3639 ἄλλαχῆ
611 3565 638 3618 ὁ
670 3561 830 3624 αὐτὸς
863 3555 1053 3631 Δαϐἱδ,
1084 3563 1465 3637 Ἀγαπήσωσε,
1515 3559 1705 3637 Κύριε,
1757 3563 1790 3630 ἡ
1843 3561 2002 3637 ἰσχύς

352 3673 460 3727 μου
495 3695 508 3710 .
569 3651 766 3728 Κύριος
822 3650 1106 3726 στερεωμά
1162 3671 1313 3724 μου,
1371 3650 1462 3705 καὶ
1519 3652 1799 3725 καταφυγή
1865 3672 1998 3724 μου.

345 3743 464 3813 Τήν
515 3741 738 3812 ποίησιν
773 3738 864 3796 οῦν
897 3745 1004 3795 τῶν
1038 3744 1240 3816 χειρῶν
1273 3738 1437 3795 αὐτοῦ
1471 3738 1599 3794 αὐτὸ
1629 3738 1690 3794 τὰ
1723 3739 2003 3813 στερέωμα

344 3828 691 3907 ἀναγγέλλει,
717 3830 991 3885 τουτέστιν
1025 3826 1258 3884 δείκνυσι
1304 3829 1392 3884 καὶ
1424 3829 1598 3906 φαίνει
1628 3829 1728 3898 τήν
1777 3829 1999 3900 ποίησιν

339 3923 454 3975 τῶν
497 3917 748 3995 ἀγγέλων
776 3917 1319 3995 αὐτοῦ”ἀναγγέλλει
1351 3917 1454 3994 γὰρ
1484 3917 1574 3973 καὶ
1609 3915 1872 3974 δείκνυσιν
1907 3916 1999 3982 οὕς

344 4007 624 4080 ἰποίησεν.

419 4189 542 4243 NI".
591 4184 801 4260 Ἡμέρα
855 4187 925 4259 τῇ
986 4181 1170 4260 ἡμέρᾳ
1225 4182 1498 4259 ἐρεύγεται
1552 4183 1702 4260 ῥῆμα
1739 4228 1751 4240 .
1803 4185 1892 4246 Ὠς
1949 4185 2002 4240 οἱ

345 4274 570 4350 οὐρανοὶ
621 4270 950 4349 πολλαχῶς,
985 4271 1158 4335 οὕτως
1203 4273 1292 4327 καὶ
1339 4273 1374 4342 ἡ
1426 4273 1626 4348 ἡμέρα.
1676 4275 1854 4347 Ῥῆμα
1886 4271 1943 4329 δὲ
1973 4276 2001 4329 ὁ

351 4361 568 4438 Κύριος·
621 4361 710 4417 καὶ
742 4362 771 4416 ὁ
816 4360 975 4423 αὐτὸς
1020 4357 1078 4416 δὲ
1125 4360 1308 4436 ἡμέρα
1336 4359 1601 4436 πολλαχῆ
1636 4360 1867 4435 εἶ’ρηται.
1903 4365 1996 4419 Καὶ

347 4452 442 4523 νὺξ
512 4451 662 4506 νυκτὶ
739 4449 1060 4526 ἀναγγέλλει
1134 4454 1355 4525 γνῶσιν.
1423 4452 1481 4506 Ὀ
1558 4445 1816 4516 διάϐολος
1881 4447 2002 4526 ᾔδει

349 4539 706 4610 ἐλευσόμενον
757 4539 850 4594 τὸν
903 4537 1122 4615 Κύριον⁸
1182 4537 1230 4594 εἷ’
1269 4535 1326 4594 δὲ
1379 4538 1506 4601 Θεὸς
1541 4540 1652 4613 (71)
1686 4537 1844 4604 αὐτὸς
1888 4537 2000 4612 εἷἠ,

2115 3386 2384 3459 apostoli.
2421 3386 2568 3456 Opus
2599 3402 2724 3442 vero
2755 3401 3026 3440 manuum
3054 3386 3172 3457 ejus
3223 3387 3522 3440 annuntiat
3563 3385 3758 3454 ﬁrma-

2111 3484 2373 3531 mentum.
2409 3474 2867 3530 Firmamentum
2900 3479 3068 3529 vocat
3097 3479 3305 3541 Deum,
3341 3472 3442 3545 qui
3472 3489 3506 3528 a
3537 3473 3756 3544 passio-

2115 3581 2185 3619 ne
2216 3563 2500 3618 immunis
2534 3567 2623 3618 est
2653 3579 2719 3617 ac
2751 3562 3162 3630 immutabilis,
3195 3562 3365 3617 sicuti
3395 3569 3452 3617 et
3483 3562 3596 3618 alio
3628 3560 3753 3618 loco

2113 3654 2269 3709 idem
2302 3651 2399 3708 ille
2429 3651 2606 3707 David
2639 3650 2852 3706 asserit
2880 3668 2892 3704 :
2928 3652 3169 3720 Diligam
3204 3655 3272 3720 te,
3308 3651 3554 3721 Domine,
3576 3653 3754 3707 virtus

2111 3760 2283 3799 mea:
2342 3741 2607 3796 Dominus
2662 3743 3070 3812 ﬁrmamentum
3127 3758 3310 3797 meum
3357 3759 3422 3797 ac
3475 3743 3752 3814 refugium

2111 3845 2297 3885 meum
2325 3829 2417 3900 (ε).
2452 3827 2612 3900 Opus
2642 3827 2838 3899 itaque
2870 3843 3154 3882 manuum
3187 3829 3314 3898 ejus
3339 3827 3534 3900 ipsum
3559 3830 3757 3884 firma-

2113 3924 2376 3976 mentum
2411 3917 2762 3986 annuntiat;
2795 3916 2905 3972 hoc
2936 3921 3028 3973 est
3067 3917 3323 3973 ostendit
3364 3934 3431 3973 ac
3479 3934 3760 3991 apparere

2113 4009 2251 4065 facit
2280 4024 2430 4079 opus
2451 4006 2792 4078 angelorum
2828 4022 3092 4061 suorum.
3125 4007 3450 4062 Annuntiat
3506 4005 3660 4062 enim
3696 4023 3763 4062 ac

2112 4097 2390 4162 ostendit,
2422 4112 2572 4168 quos
2596 4094 2690 4151 ille
2723 4095 2876 4150 fecit.

2183 4187 2284 4244 IlI.
2321 4187 2446 4242 Dies
2476 4184 2591 4240 diei
2619 4188 2832 4240 eructat
2866 4185 3088 4240 verbum
3120 4184 3215 4256 (ἀ).
3249 4185 3413 4240 Sicut
3450 4184 3576 4239 cceli
3608 4184 3760 4239 mul-

2115 4276 2385 4349 tipliciter
2423 4275 2722 4345 dicuntur,
2775 4274 2858 4329 sic
2891 4273 3062 4328 etiam
3097 4273 3242 4329 dies.
3276 4282 3339 4346 ιι(
3369 4273 3623 4329 Verbum
3657 4290 3761 4329 au-

2109 4370 2226 4421 tem
2260 4365 2544 4421 Dominus
2577 4368 2686 4432 est,
2720 4381 2786 4420 ac
2819 4363 2944 4435 ipse
2972 4380 3372 4434 saepenumero
3403 4363 3524 4416 dies
3568 4363 3759 4417 nomi-

2112 4462 2286 4511 natus
2313 4459 2422 4509 est.
2455 4455 2522 4509 Et
2551 4469 2662 4509 nox
2683 4455 2835 4509 nocti
2867 4453 3079 4508 indicat
3127 4452 3420 4508 stent-iam.
3479 4453 3760 4522 Cognovit

2112 4542 2379 4600 diabolus
2411 4542 2728 4598 Dominum
2763 4549 3072 4597 venturum
3104 4557 3264 4596 esse:
3291 4558 3362 4596 an
3417 4557 3549 4595 vero
3609 4541 3763 4597 Deus

347 4631 450 4687 οὐκ
478 4630 766 4701 ἠπίστατοο
822 4628 907 4685 διὸ
957 4630 1046 4686 καὶ
1100 4629 1375 4706 ἐπείραζεν
1435 4629 1616 4703 αὑτὸν,
1662 4629 1753 4685 ’ίνα
1797 4637 1908 4708 γνῷ
1956 4632 2000 4686 εἷ

2125 4635 2265 4689 λάθω
2291 4636 2445 4687 esset
2470 4632 2731 4697 futurus,
2765 4631 2929 4686 illum
2960 4629 3148 4685 latuit.
3175 4631 3536 4702 Quapropter
3567 4628 3761 4701 ipsum

345 4719 572 4784 δυνατός
619 4719 778 4777 ἐστιν.
839 4723 966 4792 Έᾷν
1024 4723 1132 4794 (72)
1167 4741 1324 4795 φησι,
1377 4719 1466 4775 καὶ
1520 4718 1725 4792 ἀπέστη
1757 4721 1852 4777 ἀπ’
1904 4721 1999 4776 αὐ·
2041 4787 2046 4791 η

344 4813 446 4866 τοῦ
477 4808 552 4873 εἰς
603 4809 818 4885 καιρὸν,
862 4809 1136 4864 τουτέστιν
1169 4801 1500 4864 ἀνεϐάλλετο
1547 4811 1646 4878 τήν
1685 4808 1889 4884 εὕρεσιν
1927 4810 2001 4873 εἰς

350 5043 428 5083 ιν.
465 5043 552 5082 13.

428 5181 544 5252 (67)
568 5180 885 5252 Ἔμψυχον.
936 5179 1072 5234 Post
1121 5177 1272 5234 hanc
1301 5194 1500 5234 vocem
1535 5177 1596 5234 in
1630 5178 1780 5252 Flor.
1815 5179 2006 5252 defec-

352 5249 454 5308 tus
485 5249 724 5322 signum
756 5249 865 5321 et,
898 5266 1033 5306 cum
1063 5255 1258 5306 tamen
1283 5253 1591 5306 structuris
1638 5249 1784 5306 nihil
1834 5250 2004 5308 desit.

351 5329 646 5380 Susum.

428 5395 540 5467 (68)
571 5393 638 5451 Ol
671 5389 912 5467 οὐρανοί.
944 5391 1250 5467 Enarratio
1281 5396 1372 5448 est
1404 5392 1616 5467 psalmi
1661 5407 1824 5460 xvm,
1880 5409 2006 5463 quae

355 5463 644 5537 quantum
679 5463 796 5537 huc
827 5463 1382 5537 quadret,judicen_t
1407 5463 1529 5537 alii.
1563 5468 1646 5537 In.

431 5538 546 5609 (69)
594 5532 869 5610 Ἐνὲργιια
919 5532 1226 5610 προσεχής.
1284 5535 1528 5610 Etiamsi
1587 5536 1744 5610 legas
1775 5532 2009 5610 ἐνεργείᾳ

358 5606 678 5682 προσεχεῖς,
708 5606 918 5682 parum
944 5606 1419 5682 lucis’sententite
1451 5609 1782 5682 accesserit.
1817 5606 1900 5663 In.

607 5677 970 5754 Ἑνῆργησαν.
1032 5677 1206 5747 Ριονυ
1269 5677 1717 5754 ένειργήσθησαν,
1773 5693 2008 5750 corrup-

359 5757 438 5810 te.
470 5752 555 5813 In.

2112 4721 2383 4788 tentavit,
2415 4724 2480 4775 ut
2510 4727 2886 4793 cognosceret
2915 4719 3105 4791 qualis
3136 4717 3218 4774 illi
3265 4718 3523 4790 potentia
3572 4719 3763 4785 fuerit,

2114 4812 2195 4868 uti
2229 4828 2362 4866 cum
2397 4809 2575 4865 dicit:
2607 4811 2672 4864 Et
2703 4811 2921 4864 recessit
2953 4809 3026 4864 ab
3056 4824 3115 4864 eo
3141 4808 3209 4862 ad
3251 4811 3466 4878 tempus
3501 4807 3604 4878 (e):
3656 4807 3765 4863 hoc

423 4955 671 5082 (q)3Luc.
705 4973 746 5027 1,
777 4955 864 5011 41.
922 4954 1000 5027 (b)
1031 4953 1184 5012 Psal.
1215 4971 1375 5024 xvm,
1403 4954 1457 5011 4.
1515 4956 1585 5028 (c)
1609 4955 1760 5011 Psal.
1793 4971 1932 5028 ινα,
1962 4956 2004 5011 3ι

2125 4956 2155 5028 l)
2209 4955 2362 5012 Psal.
2395 4972 2556 5028 xvm,
2584 4959 2640 5010 2.
2694 4952 2757 5017 ἰ(
2786 4959 2848 5010 Ρ.
2872 4953 2978 5006 992
3006 4953 3119 5008 ED.
3150 4952 3452 5008 POTTEB.
3506 4951 3586 5022 (ἀ)
3621 4951 3761 5007 Luc.

2192 5179 2304 5252 (71)
2336 5176 2486 5238 Θεός.
2520 5179 2648 5235 Haec
2679 5195 2789 5235 vox
2818 5179 3018 5234 addita
3047 5194 3078 5233 e
3116 5176 3267 5234 Flor.
3301 5177 3442 5234 edit.
3473 5177 3760 5249 margine.

2121 5251 2411 5307 SYLBURG.

2192 5323 2302 5391 {72)
2362 5323 2501 5389 ’Ec‘iv.
2563 5321 2672 5375 Pro
2731 5318 2820 5388 ἐᾷν
2861 5323 3167 5375 scructura
3223 5319 3480 5391 postulat
3537 5314 3765 5391 diove]

2119 5388 2468 5459 εἷάσε,’.ιιύἰι.
2532 5392 2736 5462 Lucas
2775 5407 2905 5462 cap,
2933 5408 3007 5460 iv,
3043 5388 3237 5462 Adicitf
3297 5390 3398 5462 Καὶ
3448 5388 3764 5462 συντελέσας

2118 5456 2307 5537 πάντα
2322 5463 2623 5535 πειρασμὸν
2647 5462 2685 5537 *ὁ
2717 5456 3003 5537 διάϐολος,
3029 5460 3236 5537 ἐπέστη
3281 5461 3374 5537 ἀπ’,
3419 5461 3585 5537 αὐτοῦ
3632 5462 3764 5537 ἄχρι

2115 5532 2330 5611 καιροῦ.
2355 5526 2704 5611 sequentia
2737 5551 2895 5611 vero,
2944 5526 3276 5611 ἀνεϐάλλετο
3307 5534 3417 5611 ’τήν
3451 5526 3764 5611 εῦρεσινῖἶς

2116 5605 2222 5675 τῆν’
2270 5606 2579 5674 ἀνάστασιν,
2630 5605 2892 5661 alludere
2935 5605 3206 5661 videntur
3255 5606 3324 5660 ad
3367 5605 3762 5664 narrationem

2120 5697 2248 5754 quae
2280 5684 2372 5736 est
2398 5681 2452 5736 in
2485 5677 2795 5751 Evangelia
2816 5677 3143 5736 secundum
3166 5675 3570 5735 Nicodamum.
3605 5677 3688 5734 lo.
