4078 6146
360 334 471 392 ’127

1612 334 1942 391 ΟιωΝΒ
1978 331 2551 390 ALEXANDBINUB

3680 334 3790 394 728

366 459 634 535 gelorum
664 460 883 514 statum
908 460 1236 526 transeunt,
1271 458 1380 514 sub
1403 456 1747 531 angelorum
1780 457 2004 512 institu-

2135 459 2303 524 ξαντες
2363 454 2739 527 μετατέθενται
2796 450 2873 516 είς
2919 451 3333 529 ἀρχαγγελικὴν
3397 454 3663 527 ἐξουσίαν·
3730 464 3785 517 οἱ

370 550 549 621 tione,
579 546 737 603 mille
766 563 951 602 annos
965 546 1336 617 erudiuntur,
1355 548 1426 602 ad
1444 546 1858 619 perfectionem
1879 545 2011 614 qui-

368 641 501 695 dem
534 636 747 693 reversi
776 652 844 691 ac
873 635 1261 691 determinati.
1296 636 1579 708 Dein,qui
1602 635 1850 692 docendi
1879 651 2013 690 mu-

366 744 479 783 nus
503 725 563 781 in
595 742 657 782 se
685 728 1091 796 susceperunt,
1126 724 1185 779 in
1236 729 1583 797 potestatem
1641 722 2010 797 archangeli-

2125 542 2386 616 μαθόντες
2428 540 2485 597 δὲ
2525 541 2653 605 τοὺς
2696 541 2745 612 ἐξ
2789 542 3089 617 ἀνθρώπων
3147 541 3300 608 αὖθις
3350 547 3781 621 μεθισταμένους

2122 629 2197 693 εἲς
2250 630 2517 707 ἀγγέλους
2566 631 2984 705 μαθητεύουσινο
3036 630 3221 688 ἔπειτα
3270 632 3445 698 οὕτως
3494 636 3772 714 περιόδοις

2125 721 2317 797 ῥηταῖς
2358 720 2809 785 ἀποκαθίστανται
2856 719 2926 792 τῇ
2955 717 3131 792 οἴκείᾳ
3174 725 3273 777 τοῦ
3305 724 3562 797 σώματος
3610 728 3764 804 ἀγγε-

368 832 498 872 cam
528 817 860 870 transeunt:
895 813 995 884 qui
1025 829 1158 869 vero
1207 813 1471 870 discendi
1524 818 1720 886 partes
1756 813 2014 884 perfece-
2124 808 2363 880 λοθεσίᾳ.

365 906 527 973 runt,
549 901 682 959 illos
710 919 940 971 rursus,
989 902 1090 975 qui
1141 919 1209 959 ex
1256 902 1594 959 hominibus
1642 905 1712 959 ad
1760 900 2000 974 angelos
2038 903 2368 969 transeunt,
2401 899 2752 956 erudiendos
2782 899 3150 973 suscipiunt;
3204 901 3292 959 sic
3350 909 3549 977 postea
3592 907 3772 979 perio-

365 992 459 1049 dis
490 992 664 1048 certis
692 992 813 1063 jam
845 990 1095 1047 dictisin
1119 992 1412 1065 propriam
1448 991 1892 1065 angelicamque
1914 988 2177 1061 corporis
2209 989 2527 1045 stationem
2561 988 3021 1046 constituuntur.

440 1082 634 1138 LVIII.
668 1082 782 1136 Lex
821 1081 1043 1136 Domini
1093 1082 1462 1137 immaculata
1510 1085 1833 1137 convertens
1890 1079 2019 1135 ani-

368 1188 489 1227 mas
519 1171 614 1243 (a).
651 1171 760 1226 Lex
791 1171 1057 1238 Verbum,
1080 1170 1206 1243 ipse
1256 1171 1513 1227 Salvator
1568 1171 1806 1237 dicitur,
1846 1172 2020 1242 prout

371 1260 584 1317 asserit
616 1260 820 1316 Petrus
848 1261 909 1315 in
938 1260 1344 1316 Przdicatione
1376 1279 1390 1329 ;
1423 1261 1543 1316 imo
1594 1261 1877 1333 propheta
1906 1278 1918 1315 :
1948 1260 2021 1314 De

370 1350 505 1407 Sion
542 1349 724 1407 exibit
758 1350 865 1417 lex,
893 1354 947 1405 et
985 1351 1208 1405 Verbum
1238 1349 1469 1405 Domini
1498 1349 1564 1406 de
1588 1349 1895 1407 Jerusalem
1919 1348 2016 1420 (ὁ).

450 1529 993 1587 LIX.Te:iimonium
1030 1530 1249 1586 Domini
1293 1530 1472 1600 ﬁdele,
1525 1530 1857 1602 sapientiam
1874 1544 2019 1602 pra-

372 1626 524 1676 stans
553 1620 831 1691 parvulis.
895 1620 1336 1674 Testamentum
1388 1619 1618 1675 Domini
1679 1635 1903 1687 verum,
1936 1635 2022 1673 sa-

373 1708 642 1781 pientiam
669 1716 942 1780 prauam
987 1710 1269 1779 parvulis;
1319 1709 1410 1764 his
1463 1709 1741 1764 nimirum
1800 1708 1899 1777 qui
1946 1709 2018 1761 ab

2197 1077 2328 1133 NH'.
2383 1077 2444 1134 '0
2473 1077 2642 1150 νόμος
2697 1082 2795 1132 τοῦ
2851 1081 2984 1133 Θεοῦ
3041 1074 3283 1151 ἄμωμος
3329 1083 3467 1155 (83),
3527 1083 3772 1160 ἐπιπρὲ-
3820 1100 3823 1101 ⁷

2127 1185 2241 1241 φων
2285 1168 2491 1241 ψυχάς.
2541 1166 2731 1239 Νόμος
2780 1167 2871 1222 καὶ
2920 1166 3119 1243 Λόγος,
3175 1169 3337 1234 αὑτὸς
3370 1172 3399 1226 6
3434 1174 3631 1250 Σωτὴρ
3683 1175 3773 1231 λέ-

2126 1275 2301 1330 γεται,
2361 1253 2436 1317 ὠς
2486 1256 2688 1330 Πέτρος
2735 1255 2788 1310 δν
2847 1255 3201 1332 Κηρύγματι·
3262 1260 3354 1313 καὶ
3400 1262 3429 1316 6
3458 1265 3772 1341 προφήτης.

2126 1344 2225 1401 Ἐκ
2274 1343 2377 1418 γὰρ
2438 1343 2582 1398 Σιὼν
2641 1342 2971 1414 ἱξελεύοεται
3024 1346 3220 1419 νόμος,
3279 1349 3373 1403 καὶ
3430 1351 3612 1426 Λόγος
3673 1353 3774 1409 Κύ-

2127 1431 2248 1507 ρίου
2280 1432 2332 1503 ἐξ
2361 1431 2677 1509 Ἱερουσαλή
2688 1456 2746 1506 μ.

2197 1524 2321 1578 ΝΘ’.
2408 1524 2469 1577 Ἣ
2550 1524 2818 1598 μαρτυρία
2894 1524 3101 1599 Κυρίου
3182 1528 3379 1595 πιστὴ,
3477 1530 3770 1607 σοφίζουσα

2124 1612 2312 1681 νήπια·
2365 1613 2399 1680 ἡ
2459 1614 2710 1682 Δταθήκη
2772 1612 2974 1686 Κυρίου
3034 1614 3272 1685 ἀληθὴς,
3332 1618 3628 1695 σοφίζουσα
3682 1643 3775 1692 νη·

2124 1700 2307 1770 πίους,
2337 1700 2464 1762 τοὺς
2516 1701 2770 1768 ἀκακους,
2800 1700 2931 1763 σιούς
2971 1722 3032 1757 τε
3072 1702 3440 1777 ἀποστόλους,
3471 1705 3658 1765 ἔπειτα
3684 1712 3774 1766 ναὶ

379 1797 541 1853 omni
568 1796 793 1851 malitia
816 1802 955 1853 sunt
977 1798 1293 1865 immunes;
1324 1802 1450 1852 tum
1470 1798 1773 1870 apostolis,
1803 1797 1936 1852 dein
1960 1800 2004 1851 ei

2135 1790 2295 1861 ἡμᾶς.
2341 1787 2518 1845 Ἀλλὰ
2546 1789 2636 1844 καὶ
2667 1792 2701 1858 ἠ
2737 1790 2907 1845 αὐτοῦ
2952 1795 3051 1845 τοῦ
3097 1794 3299 1867 Κυρίου
3353 1798 3624 1873 μαρτυρία
3658 1801 3775 1854 καθ’

378 1885 568 1941 nobis.
603 1887 848 1957 Insuper
877 1890 934 1941 et
963 1887 1157 1957 ipsum
1190 1886 1420 1942 Domini
1444 1886 1871 1952 testimonium,
1905 1902 2004 1956 qui

2135 1880 2187 1946 ἣν
2244 1879 2426 1933 παθὼν
2487 1878 2705 1949 ἀνέστη,
2756 1877 2973 1949 ἀληθής
3020 1883 3290 1955 γενομένη
3339 1886 3474 1939 κατὰ
3515 1888 3577 1941 τὸ
3618 1886 3775 1962 ἔργον

376 1979 511 2047 post
542 1976 876 2047 passionem
906 1992 941 2029 a
971 1975 1220 2030 mortuis
1251 1975 1590 2039 resurrexit,
1625 1976 1769 2031 illud
1824 1974 2020 2045 ipsum

374 2078 576 2119 revera
604 2079 805 2119 verum
839 2079 973 2119 cum
1005 2068 1180 2132 esset,
1209 2064 1280 2119 ad
1303 2063 1642 2120 ﬁrmitatem
1666 2064 1800 2119 ﬁdei
1825 2062 2019 2119 Eccle-

375 2151 526 2207 siam
557 2152 823 2208 adduxit.

441 2240 559 2296 LX.
596 2240 778 2296 Timor
834 2242 1061 2297 Domini
1112 2250 1311 2311 castus,
1357 2258 1694 2314 permanens
1751 2242 1815 2297 in
1843 2258 2019 2298 saecu-

368 2330 486 2385 lum
512 2330 727 2386 seculi.
763 2330 901 2387 Illos
932 2330 1099 2402 quia
1146 2331 1357 2388 timore
1404 2332 1477 2388 ad
1531 2332 1710 2387 fidem
1754 2332 2018 2389 conversi

369 2424 510 2474 sunt
539 2436 606 2476 ac
629 2419 951 2489 justitiam,
977 2420 1039 2475 in
1072 2421 1352 2477 saeculum
1388 2437 1732 2493 permanere
1781 2421 2010 2477 asserit.

362 2507 581 2564 Iudicia
628 2508 851 2566 Domini
903 2526 1055 2575 vera,
1111 2510 1303 2579 ﬁrma,
1360 2511 1830 2582 immobiliaque,
1888 2527 2019 2581 qum

365 2597 695 2651 mercedem
724 2597 946 2666 iustam
980 2599 1334 2668 concedunt,
1368 2604 1425 2654 et
1453 2616 1581 2670 qua
1633 2598 1694 2653 in
1728 2600 2014 2655 unitatem

363 2684 500 2740 ﬁdei
523 2684 721 2755 justos
752 2686 1145 2741 constituunt.
1179 2686 1404 2759 Quippe
1434 2687 1545 2745 hoc
1575 2688 1818 2756 indicat,
1856 2689 2010 2759 quod

366 2773 602 2829 dicitur:
633 2774 949 2842 luxti/Icaro
978 2777 1038 2829 in
1070 2777 1365 2845 semetipsa
1392 2777 1483 2847 (e).
1512 2776 1689 2847 Super
1719 2793 1923 2831 aurum
1950 2793 2014 2831 ac

366 2861 609 2933 lapidem
628 2864 935 2933 pretiosum
957 2862 1298 2932 hujusmodi
1323 2871 1463 2919 sunt
1482 2865 1773 2920 desideria
1802 2866 1904 2935 (ά).

439 2950 585 3007 LXI.
616 2952 835 3006 Etenim
863 2967 1052 3007 servus
1082 2962 1210 3007 tuus
1238 2953 1471 3008 custodit
1527 2970 1591 3009 ea
1648 2954 1741 3026 (e).
1792 2954 2012 3026 Nempe

366 3038 524 3095 haud
556 3042 696 3111 quia
727 3056 931 3096 servus
960 3040 1135 3097 sicuti
1168 3042 1365 3098 David:
1401 3044 1501 3098 sed
1534 3043 1788 3115 populus
1821 3042 2013 3098 omnis

364 3129 466 3200 qui
500 3130 737 3186 tandem
772 3128 986 3185 salutis
1010 3130 1304 3202 particeps
1336 3132 1574 3188 futurus
1625 3133 1723 3198 sit,
1769 3149 1838 3188 ex
1867 3132 2009 3188 obe-

360 3218 583 3273 dientia
613 3218 909 3273 mandatis
940 3219 1225 3290 praestita,
1255 3220 1356 3275 Dei
1379 3236 1583 3277 servus
1609 3227 1852 3277 vocatus
1897 3227 2007 3277 est.

431 3305 595 3362 LXII.
629 3308 704 3361 Ab
731 3308 959 3363 occultis
985 3324 1123 3363 mets
1149 3309 1359 3363 munda
1388 3325 1474 3364 me
1494 3310 1581 3381 (Ι).
1608 3310 1829 3382 Nempe
1859 3328 1892 3366 a
1914 3329 2008 3368 co-

358 3395 747 3467 gitationibus
777 3402 943 3452 extra
974 3397 1261 3453 rationem
1285 3404 1529 3465 rectam,
1562 3416 1628 3454 ac
1658 3399 2002 3456 defectibus.

359 3483 585 3555 Quippe
614 3484 734 3540 haec
766 3502 799 3539 a
819 3485 983 3555 justo
1016 3503 1257 3558 prorsus
1289 3486 1478 3543 aliena
1508 3505 1637 3544 esse
1657 3490 1933 3545 afﬁrmat.

434 3572 631 3629 LXIII.
662 3572 726 3629 Si
754 3576 865 3630 mei
890 3592 1005 3629 non
1033 3576 1249 3646 fuerint
1278 3578 1575 3645 dominali,
1624 3582 1755 3634 tunc
1803 3582 2005 3636 imma-

392 3662 578 3717 ulalus
601 3664 803 3734 ero(g).
820 3664 1063 3720 Perinde
1076 3665 1247 3735 quasi
1262 3667 1510 3722 dixisset
1531 3667 1648 3733 ille,
1669 3668 1725 3723 Si
1751 3671 1864 3724 mei
1889 3687 2005 3725 non

368 3751 658 3805 dominati
688 3752 927 3819 fuerint,
956 3753 1057 3824 qui
1091 3769 1184 3809 me
1210 3761 1648 3826 persequuntur
1680 3758 1851 3813 sicuti
1895 3765 2002 3814 Do-

366 3838 618 3906 minum,
650 3855 765 3895 non
793 3856 892 3896 ero
925 3840 1362 3897 immaculatus.
1398 3842 1560 3898 Haud
1581 3844 1735 3899 enim
1764 3845 1821 3900 in
1850 3863 2005 3902 mar-

363 3930 559 3996 tyrum
592 3926 789 3982 album
822 3928 1084 3984 defertur
1114 3929 1268 4002 quis,
1302 3929 1359 3984 ni
1384 3931 1849 4002 persecutionem
1876 3950 2009 4005 pas-

363 4031 469 4070 sus
498 4015 691 4071 fuerit:
725 4033 915 4088 neque
936 4018 1141 4088 justus
1173 4025 1416 4092 apparet
1441 4021 1597 4092 quis,
1628 4021 1685 4076 ni
1720 4022 2001 4091 injuriam

360 4121 596 4176 passus,
630 4105 910 4177 injuriam
942 4108 1069 4180 ipse
1093 4125 1292 4180 parem
1332 4110 1488 4167 haud
1535 4111 1804 4170 retulerit
1835 4132 1848 4172 :
1898 4132 2003 4172 nec

360 4193 601 4251 demum
632 4194 889 4253 tolerans
911 4195 1222 4254 malorum.
1268 4240 1281 4254 .
1326 4242 1340 4257 .
1388 4240 1403 4256 .
1448 4242 1461 4255 .
1508 4244 1522 4257 .
1558 4243 1570 4255 .
1618 4244 1630 4257 .
1678 4243 1691 4257 .
1737 4242 1750 4256 .
1796 4245 1811 4259 .
1858 4247 1871 4261 .
1916 4245 1929 4259 .

2126 1967 2277 2036 αὐτὸ,
2337 1967 2413 2029 εἰς
2476 1962 2769 2042 βεϐαίωσιν
2844 1968 3075 2031 πίστεως
3149 1970 3314 2047 ἤγαγε
3386 1974 3486 2041 τὴν
3544 1972 3781 2047 Ἐκκλη-

2126 2056 2241 2110 σίαν
2251 2098 2264 2112 .

2194 2240 2276 2292 Ξ’.
2316 2237 2376 2293 Ὀ
2433 2230 2603 2314 φόϐος
2660 2234 2860 2311 Κυρίου
2916 2237 3092 2312 ἁγνὸς,
3143 2233 3402 2308 διαμένων
3459 2237 3536 2301 εἷς
3586 2238 3760 2295 αἲῶνα

2122 2322 2345 2386 αἰῶνος.
2378 2323 2524 2385 Τοὺς
2572 2322 2632 2379 ἐκ
2674 2320 2848 2401 φόϐου
2879 2324 2956 2388 εἷς
2989 2326 3165 2381 πίστιν
3211 2324 3617 2404 ἒπιστραφὲντας
3666 2328 3759 2385 καὶ

2123 2410 2495 2482 δικαιοσύνην,
2553 2411 2631 2475 εἷς
2687 2412 2860 2468 αἰῶνα
2915 2416 3239 2489 παραμένειν
3294 2412 3461 2489 λέγει.
3515 2416 3596 2471 Τὰ
3643 2416 3763 2493 κρί-

2125 2522 2268 2574 ματα
2342 2501 2544 2576 Κυρίου
2617 2500 2874 2572 ἀληθινὰ,
2953 2498 3145 2579 βέϐαια
3218 2503 3305 2559 καὶ
3379 2504 3769 2577 ἀμετακίνητα,

2119 2592 2235 2645 κατ’
2268 2589 2417 2660 ἀξίαν
2450 2590 2845 2664 ἀπονεμητικᾶ,
2878 2592 2966 2647 καὶ
3015 2592 3092 2655 εἰς
3121 2594 3221 2662 τὴν
3251 2591 3476 2662 ἑνότητα
3518 2600 3621 2663 τῆς
3670 2593 3769 2649 πί-

2121 2700 2288 2741 στεως
2336 2680 2761 2744 ἆαοκαθιστάντα
2809 2680 2937 2744 τοὺς
2989 2678 3254 2745 δικαίους·
3303 2687 3469 2738 τοῦτο
3518 2683 3624 2759 γὰρ
3672 2705 3770 2754 ση-

2122 2766 2301 2839 μαίνει
2330 2767 2416 2835 τὸ,
2469 2765 2873 2841 Δεδικαιωμένα
2912 2772 3025 2843 (84)
3052 2770 3139 2825 ἐπὶ
3186 2772 3249 2826 τὸ
3299 2770 3451 2829 αὐτό.
3485 2773 3554 2826 Αἱ
3585 2776 3771 2827 τοιαῦ-

2044 2890 2051 2897 ·
2116 2876 2205 2910 ται
2239 2854 2523 2927 ἐπιθυμίαι
2558 2856 2688 2931 ὑπὲρ
2724 2857 2913 2933 χρυοίν
2945 2858 3035 2913 καὶ
3064 2856 3216 2913 λίθον
3242 2859 3455 2931 τίμιον.

2192 2946 2324 3001 ΞΝ.
2379 2944 2477 3000 Καὶ
2532 2946 2633 3022 γὰρ
2666 2947 2694 3001 6
2727 2944 2925 3009 δοῦλός
2983 2969 3083 3002 οου
3143 2946 3405 3026 φυλάοοει
3482 2949 3632 3005 αὐτά·
3666 2949 3773 3026 οὐχ

2117 3032 2204 3087 ὅτι
2237 3030 2434 3095 δοῦ)ος
2479 3036 2595 3089 οἷον
2654 3031 2823 3091 Δαϐἰδ
3044 3035 3191 3092 ἀλλὰ
3245 3041 3351 3100 πᾶς
3383 3039 3411 3093 ὁ
3444 3036 3575 3102 λαὸς
3607 3040 3636 3095 6
3667 3061 3771 3095 σω-

2121 3122 2350 3193 ζόμενος
2384 3119 2583 3185 δοῦλος
2641 3129 2797 3196 Θεοῦ,
2856 3123 2927 3180 δι’
2990 3125 3237 3194 ὑπακοὴν
3287 3125 3517 3197 ἐντολῆς
3566 3126 3769 3199 κεκλη-

2041 3191 2084 3259 C
2128 3191 2311 3283 μένος.

2191 3300 2321 3356 ΞΒ’.
2379 3301 2472 3356 Ἐκ
2518 3306 2625 3357 τῶν
2685 3302 2927 3379 κρυφίων
2992 3324 3097 3375 μου
3159 3299 3451 3379 καθάρισὸν
3512 3324 3602 3379 με’
3658 3309 3762 3361 τῶν

2123 3384 2341 3443 ἐννοιῶν
2374 3393 2480 3443 τῶν
2510 3390 2655 3463 παρὰ
2699 3391 2789 3445 τὸν
2844 3390 3003 3466 ὀρθὸν
3038 3391 3224 3468 λόγον,
3255 3397 3364 3448 τῶν
3413 3393 3764 3469 ἐγκαταλειμ-

2120 3475 2326 3549 μάτων.
2361 3480 2545 3535 Ταῦτα
2572 3481 2673 3555 γὰρ
2707 3478 2977 3557 ἀλλότρια
3005 3478 3153 3557 λέγει
3185 3479 3419 3540 δικαίου.

2186 3569 2311 3623 EI".
2381 3568 2506 3624 Ἐὰν
2565 3571 2640 3641 μή
2707 3590 2812 3642 μου
2872 3569 3358 3645 κατακυριεόσωσι,
3416 3571 3539 3627 τότε
3594 3575 3749 3647 ἄμωο

2118 3674 2218 3726 μος
2249 3651 2462 3728 ἔσομαι·
2514 3655 2736 3728 ἐπίστης
2788 3663 2889 3731 τῷ,
2941 3658 3059 3714 Ἐάν
3113 3661 3189 3732 μή
3260 3682 3366 3733 μου
3414 3661 3762 3737 κατακυριεύ-

2116 3764 2279 3798 σωσιν
2312 3745 2363 3799 οἱ
2409 3742 2699 3810 διώκοντές
2754 3768 2821 3821 με
2869 3746 3049 3821 ὥσπερ
3093 3750 3185 3804 τὸν
3237 3751 3461 3825 Κύριον,
3493 3751 3595 3807 οὐχ
3644 3748 3767 3807 ἔσο-

2119 3854 2214 3905 μαι
2272 3830 2528 3908 ἄμωμος*
2585 3836 2646 3891 οὐ
2702 3837 2803 3913 γὰρ
2859 3836 3062 3910 μάρτυς
3119 3838 3318 3914 γίνεταί
3371 3861 3479 3907 τις,
3538 3838 3624 3896 ἐὰν
3687 3843 3762 3915 μὴ

2116 3918 2354 3997 διωχθῇο
2411 3923 2537 3980 οὐδὶ
2594 3922 2804 3988 δίκαιος
2856 3926 3120 4005 φαίνεται,
3152 3926 3264 4000 ἐὰν,
3326 3930 3402 4003 μή
3459 3926 3761 4001 ἀδικηθεὶς,

2118 4012 2193 4084 μὴ
2228 4009 2584 4089 ἀνταδικήσῃο
2616 4013 2741 4070 οὐδὲ
2774 4016 2880 4089 μὴν
2907 4015 3216 4087 ἀνεξίκακος
3246 4019 3381 4091 (86).
3464 4062 3476 4075 .
3559 4063 3572 4076 .
3654 4062 3667 4075 .
3751 4061 3764 4076 .

494 4384 557 4442 P.
587 4384 695 4439 995
722 4384 836 4443 ED.
870 4384 1173 4442 POTTER.
1206 4386 1283 4459 (a)
1313 4387 1467 4445 Psal.
1526 4406 1685 4461 xvm,
1718 4394 1772 4448 8.
1805 4392 1881 4466 (b)
1934 4394 2105 4451 Joan.
2144 4412 2205 4464 ιι,
2240 4397 2293 4455 3.
2348 4397 2418 4470 (ο)
2475 4398 2631 4455 Psal.
2687 4416 2847 4469 xvm,
2908 4401 2975 4456 10
3030 4402 3103 4473 (d)
3165 4402 3312 4459 Ibid.
3366 4402 3452 4459 12.
3490 4402 3563 4475 (ο)
3614 4403 3767 4474 Psal,

360 4496 520 4551 cxrn,
556 4484 643 4539 16.
677 4484 744 4555 (Ι)
774 4482 927 4540 Psal.
959 4501 1121 4554 xvm,
1157 4485 1242 4540 13.
1279 4488 1356 4559 (g)
1390 4487 1535 4544 Ibid.
1572 4489 1658 4544 14.

434 4658 549 4751 (θ3)
606 4659 667 4715 Ὁ
723 4659 916 4751 νόμοβή
964 4664 1061 4751 τρῦ
1118 4666 1251 4751 Θεοῦ
1291 4664 1561 4751 Ιἄμωμος.
1632 4666 1803 4751 Vulg.
1860 4668 2004 4725 Bibl.

2135 4675 2220 4724 tur
2251 4670 2310 4751 in_
2336 4672 2580 4751 eisdem
2622 4675 2908 4751 φρει-ρης
2953 4676 3347 4751 fragmentum
3400 4678 3768 4751 psalmixu',

364 4730 761 4809 psalmo_xv1,1
794 4730 807 4787 ξ
860 4732 918 4785 Ὁ
939 4732 1117 4809 νόμος
1164 4730 1383 4809 Κυρίου
1432 4736 1687 4809 ἄμωμος.
1723 4730 2008 4797 Βῖιιθυεια.

578 4803 824 4881 Τοῦτο...
866 4801 1289 4877 Δεδιδιαιωμένα.
1341 4801 1480 4863 Ηωό
1526 4801 1863 4881 parenthesi
1915 4814 2011 4868 in-

364 4875 658 4931 cludenda
686 4882 846 4931 sunt.

421 4947 543 5069 £85)
577 4945 783 5007 Δοῦλος
838 4946 951 5001 οἷον
1010 4943 1197 5030 ᾼαϐίδ.
1260 4954 1423 5006 Forte
1480 4948 1680 5013 δοῦλος
1728 4952 1823 5027 τῇν
1855 4954 1882 5008 ὁ
1914 4962 2010 5008 Δα-

360 5009 415 5068 ϐί
458 5033 686 5069 .servus
737 5024 854 5069 erat
886 5020 1074 5069 David-
1127 5021 1233 5069 011i
1288 5038 1416 5069 mnx
1462 5025 1731 5069 sennilnr
1788 5026 1949 5069 lnnnn
1978 5044 2009 5069 ρ

2123 4741 2230 4825 hoc
2261 4742 2548 4825 videlicet,
2576 4750 2641 4825 ut
2773 4741 2994 4825 notavit
3016 4741 3250 4823 (Κύριε,
3287 4741 3464 4825 σῷσον
3489 4741 3771 4825 Ἑὸνᾼβασιξ

2120 4810 2236 4894 λξα,
2269 4813 2515 4894 τουτέστι
2544 4814 2638 4868 τὸν
2674 4815 2757 4894 εἷς
2810 4810 3035 4894 βαᾳιλέα
3072 4810 3446 4894 *κεχρισμένον
3469 4892 3479 4894 _
3503 4810 3657 4878 λαόν.
3690 4822 3770 4879 Οὐ

2154 4883 2235 4967 ἀρε
2262 4885 2548 4967 μόνονντρν
2591 4881 2777 4967 ᾼαϐίδ.
2810 4881 2906 4967 ᾈιὸ
2934 4890 3023 4967 καὶ
3067 4881 3295 4967 ﬁnal-fisth
3319 4894 3415 4947 Καὶ
3464 4892 3767 4967 ἐπάξιουςον

2163 4956 2385 5048 μῶγκέν
2419 4956 2455 5045 ᾖ
2487 4957 2545 5011 ἂν
2590 4959 2772 5048 ἡθμέρᾳ
2820 4956 3278 5048 ἐπικαλεσιύμὲθα
3321 4984 3396 5048 ei.
3432 4966 3541 5048 Τὸ-
3562 4960 3769 5048 ἀναϐῆ-

458 5059 472 5084 ,
498 5033 703 5101 servus.
737 5024 854 5075 erat
884 5020 1074 5111 David.
1127 5021 1233 5111 Qui
1288 5038 1420 5078 mox
1461 5020 2004 5111 sequiturn'locuse

2135 5020 2199 5080 ναι
2250 5020 2335 5111 in".
2382 5020 2481 5111 ἐἦν
2510 5020 2761 5111 καρδίανξ
2782 5033 2843 5085 τὸ
2874 5020 3181 5111 καλὸνᾲὺἀρ
3212 5020 3575 5111 ξῆςνΓραφῆς
3606 5020 3770 5111 λέγέ-

358 5087 511 5168 Ijetri
540 5090 841 5161 concione,
875 5092 1089 5148 citatus
1130 5093 1303 5148 etiam
1333 5087 1624 5168 supra,'p.
1664 5097 1762 5151 168
1793 5102 1849 5152 et
1881 5099 2003 5154 154.

360 5160 630 5216 SYLBURG
642 5204 655 5217 .

433 5231 546 5300 (86)
599 5231 967 5311 'AveEixanoc.
1023 5238 1085 5291 In
1146 5237 1433 5311 excerptis
1481 5239 1847 5311 Augustanis
1905 5242 2003 5297 iti-

361 5301 493 5356 dem
527 5301 742 5360 manca
754 5311 843 5362 est
867 5306 1047 5378 hujus
1062 5323 1201 5364 xvul
1223 5301 1433 5380 psalmi
1458 5301 1769 5368 enaFratio~
1794 5313 2002 5386 Sequi-

2112 5119 2222 5181 ται,
2244 5100 2332 5181 θεαὶ
2362 5101 2424 5155 τὸ
2455 5100 2673 5181 mam
2704 5104 2801 5171 τὴν
2834 5102 3011 5181 καλὴν
3047 5100 3277 5179 βουλήνξ
3311 5100 3445 5175 Qu'e
3477 5100 3550 5164 illi
3586 5100 3769 5181 dig'na

2114 5174 2229 5226 sint
2252 5176 2547 5230 Clemente
2578 5191 2757 5247 penes
2788 5174 3076 5234 acutiores
3119 5174 3244 5236 esto
3281 5174 3598 5252 judicium.
3630 5174 3767 5238 ἕη-

2114 5259 2286 5301 BUBG.
