4078 6146
1835 315 2311 375 FRAGMENTA.

683 625 1837 784 CLEMENTIS
1971 627 3449 781 ALEXANDRINI

1679 906 2467 1002 FRAGMENTA.

2064 1239 2110 1294 Ι.

1114 1356 1728 1414 ADUMBRATIONES
1758 1355 1831 1412 IN
1863 1355 2179 1413 PRIOREM
2212 1355 2274 1412 D.
2328 1358 2537 1414 PETRI
2574 1359 2988 1417 EPISTOLAM.

433 1485 566 1559 Haec
594 1483 1095 1559 Commentariola
1125 1483 1181 1537 in
1213 1482 1463 1559 priorem
1514 1481 1829 1559 Epi_s_tolam
1857 1482 2288 1559 canonicam_S_.
2335 1484 2509 1551 Petri,
2545 1483 2864 1559 Epistolam
2916 1486 2974 1559 S_.
3005 1486 3191 1553 Judea,
3225 1494 3280 1541 et
3309 1487 3457 1542 duas
3482 1488 3774 1559 Epistolas

368 1557 431 1612 S.
463 1556 737 1625 Joannis,
768 1555 1153 1611 Cassiodorus
1183 1553 1803 1609 transtulissevidetur
1828 1572 1843 1620 ;
1870 1554 2102 1608 illorum
2127 1555 2367 1625 quidem
2388 1553 2796 1622 meminit,lib.
2822 1557 3150 1613 Divinarum
3173 1560 3485 1622 lectionum,
3518 1553 3617 1615 ubi
3658 1561 3768 1616 ait:

362 1628 704 1700 Clementem
760 1627 1214 1700 Alexandrinum
1262 1625 1562 1700 Epistolam
1610 1625 1663 1680 S.
1700 1625 1854 1680 Petri
1896 1627 2159 1700 primam,
2191 1627 2244 1700 δέ
2296 1627 2493 1700 Joanis
2545 1631 2787 1698 primam
2838 1630 3151 1700 secundam,
3190 1635 3242 1686 et
3290 1629 3479 1687 Jacobi
3531 1632 3772 1694 (rectius

363 1699 570 1772 Iudae),
596 1700 772 1754 Attico
790 1713 1038 1772 semone
1054 1698 1382 1753 declarasse.
1421 1697 1593 1772 Addit
1616 1699 1994 1772 porro,un
2030 1697 2079 1772 s_i
2109 1698 2347 1772 quidem
2372 1697 2639 1754 Clemens
2668 1700 2745 1754 ibi
2775 1700 2958 1756 multa
2982 1697 3201 1771 quidem
3225 1704 3320 1756 sed
3345 1701 3650 1771 subtiliter.
3680 1702 3776 1758 sed

369 1769 566 1844 aliqua
596 1772 813 1826 incaute
841 1771 1055 1844 locutus
1081 1776 1179 1834 est,
1207 1772 1373 1844 scita
1405 1771 1700 1844 transferri
1710 1840 1720 1844 _
1730 1769 1925 1837 fecisse
1954 1772 2016 1823 in
2045 1769 2308 1844 Latinum
2337 1774 2421 1839 ut,
2450 1773 2689 1827 exclusis
2719 1769 3047 1842 quibusdam
3076 1770 3447 1844 offendicutis.
3476 1773 3773 1844 puriﬁcata

365 1840 618 1898 doctrina
645 1843 764 1910 eius
790 1842 1047 1915 securior
1074 1840 1247 1915 possit
1273 1840 1509 1915 hauriri.
1533 1911 1546 1915 _
1570 1840 1859 1915 Nimirum
1886 1856 1973 1915 _se
2022 1841 2348 1909 profitetur,
2408 1859 2524 1915 non
2554 1848 2675 1915 tam
2729 1840 3069 1915 interpretis
3099 1840 3277 1915 quam
3337 1840 3617 1900 censoris
3634 1847 3770 1915 jure

370 1930 544 1970 usum
580 1931 595 1979 ;
635 1919 702 1986 Aet
723 1913 976 1986 pessimo
1008 1913 1233 1968 utinam
1266 1918 1324 1986 et
1354 1911 1663 1986 singulari,
1685 1911 1960 1986 exemplo,
1993 1928 2125 1966 cum
2152 1929 2376 1986 errores
2407 1912 2605 1969 libello
2659 1911 2997 1970 eximendos
3021 1911 3332 1986 satageret,
3366 1911 3774 1973 auctoritatem

407 1986 604 2059 enitus
633 1982 1040 2059 labefactasse.
1073 1987 1235 2059 Opus
1265 1983 1375 2059 hoc
1404 1983 1469 2059 in
1500 1982 1876 2059 Bibliotheeis
1902 1988 2165 2059 Patrum,
2185 1985 2297 2059 sub
2328 1986 2837 2059 Adumbrationum
2851 1986 3086 2059 nomine
3103 1982 3421 2057 comparet,
3455 2004 3571 2059 quo
3594 1988 3772 2045 titulo

381 2054 639 2129 sudatur
667 2072 702 2111 a
736 2054 1394 2129 Fabro_St_apulensi,_in_
1438 2056 1867 2129 Commentariis
1911 2054 2019 2129 ‘in_
2043 2056 2309 2129 Epistolas
2358 2057 2674 2129 catholicas,
2707 2073 2878 2129 quem
2913 2058 3087 2114 etiam
3136 2054 3384 2114 titulum
3408 2054 3413 2055 ί
3439 2054 3684 2114 sortitur
3713 2059 3772 2114 in

352 2128 553 2184 codice
576 2144 688 2183 ms.
720 2125 1122 2183 vetustissimo
1153 2126 1395 2182 cmnobii
1430 2127 1483 2181 S.
1517 2126 1710 2200 Marias
1739 2125 1958 2200 Montis
1988 2126 2111 2200 Dei,
2136 2128 2419 2200 referente
2446 2125 2972 2200 Philippo'Labbeo
3003 2131 3060 2185 in
3093 2130 3301 2187 Dissert
3322 2130 3449 2185 hist.
3482 2131 3554 2185 de
3581 2132 3770 2200 script.

348 2200 538 2255 eccles.
571 2204 761 2273 Hasce
791 2201 1251 2273 commentarios
1302 2203 1527 2269 partem
1562 2198 1747 2273 fuisse
1801 2197 2229 2273 ’Υποςτυπώσεῳν
2287 2197 2893 2273 Clementia—arum,“
2922 2219 3028 2273 par
3056 2207 3146 2257 est
3174 2202 3407 2257 credere
3465 2197 3772 2257 Cassiodo-

352 2288 510 2344 rum,
538 2271 640 2343 qui
670 2268 995 2344 στρωματέα
1024 2268 1415 2344 contemtorem
1449 2271 1657 2344 vertit,
1693 2268 2019 2323 ὖποτυπώσε

2132 2270 2576 2344 adumbrationes
2608 2268 2952 2328 reddidisse.
2986 2274 3065 2328 Ex
3122 2273 3327 2328 iisdem
3358 2274 3772 2344 Hypotyposeon

358 2341 624 2398 fontibus
656 2341 982 2413 accipimus
1016 2341 1410 2414 fragmentum
1447 2341 1594 2414 illud
1631 2359 1745 2397 non
1799 2343 2317 2405 contemnendum,
2350 2344 2503 2414 quod
2536 2344 2745 2399 Nicetes
2776 2348 2991 2399 Catena
3018 2345 3198 2401 Grec.
3231 2345 3386 2399 Patr.
3407 2341 3479 2399 in
3535 2341 3668 2410 Job,
3702 2361 3771 2399 ex

358 2414 678 2470 Bodleiana
705 2412 904 2469 nostra
952 2412 1307 2470 bibliotheca
1333 2418 1468 2470 ante
1500 2412 1723 2483 aliquot
1752 2430 1938 2468 annos
2001 2430 2103 2485 per
2133 2412 2446 2469 Patricium
2478 2415 2714 2471 Jonium
2747 2416 2924 2481 edita,
2960 2416 3126 2472 nobis
3157 2416 3522 2473 conservavit
3554 2414 3684 2471 :cui
3717 2420 3775 2472 et

359 2485 464 2542 illa
496 2485 821 2542 succedunt
849 2502 977 2558 qua
1008 2485 1302 2541 habentur
1331 2485 1389 2541 in
1450 2488 1667 2542 Catena
1697 2485 1756 2540 in
1792 2485 2031 2553 Lucam,
2065 2502 2241 2557 quam
2296 2487 2609 2543 Corderius
2640 2488 2841 2544 Latine
2868 2488 3070 2545 edidit.
3106 2488 3265 2544 FILL.

445 2783 597 2841 308
648 2783 786 2855 Cap.
823 2800 863 2852 ι,
887 2799 1038 2840 vers.
1071 2782 1126 2838 3.
1159 2813 1228 2824 --
1252 2781 1580 2839 Benedictus
1606 2783 1747 2840 Deus
1773 2791 1826 2840 et
1850 2784 2018 2839 Pater
2048 2785 2099 2852 Α
2127 2786 2225 2839 tur
2255 2785 2520 2854 spiritus,
2554 2791 2830 2859 operatur
2856 2787 3166 2843 Dominus.
3201 2786 3337 2855 Quae
3373 2803 3539 2845 nunc.
3589 2787 3783 2859 inquit

372 2874 603 2929 Domini
629 2875 807 2929 nostri
834 2874 958 2929 Iesu
988 2872 1214 2939 Christi,
1247 2871 1346 2943 qui
1370 2889 1477 2943 per
1502 2889 1764 2941 magnam
1795 2873 2016 2929 miseri-

362 2962 608 3019 cordiam
625 2978 789 3018 suam
818 2963 1163 3030 regeneravit
1192 2976 1308 3017 nos.
1343 2961 1400 3017 Si
1456 2960 1673 3016 etenim
1704 2961 1861 3017 Deus
1910 2978 2017 3018 nos

363 3053 569 3127 genuit
587 3053 943 3117 exmateria,
969 3055 1169 3125 postea
1189 3068 1323 3108 vero
1346 3052 1561 3108 secund
1575 3069 1670 3107 um
1690 3052 2016 3123 profectum

363 3142 492 3199 vitae
523 3142 909 3214 regeneravit.
942 3144 1109 3197 Pater
1153 3140 1376 3197 Domini
1404 3140 1585 3197 nostri
1611 3156 1711 3212 per
1766 3157 2018 3197 resurre-

359 3234 600 3290 ctionem
628 3249 647 3285 :
676 3232 804 3287 Iesu
834 3229 1042 3286 Christi
1066 3231 1433 3292 ;secundum
1463 3230 1637 3285 [idem
1663 3232 1909 3285 vestram
1929 3246 2018 3286 re-

364 3319 664 3393 surgentis
695 3320 754 3375 in
792 3320 984 3375 nobis.
1046 3319 1209 3375 Sicut
1240 3335 1271 3374 e
1300 3317 1592 3374 contrario
1646 3318 1898 3373 moritur
1954 3319 2015 3375 in

368 3410 562 3476 nobis,
594 3409 652 3465 id
681 3412 883 3465 nostra
934 3407 1282 3464 inﬁdelitate
1337 3407 1607 3464 faciente.
1637 3407 1869 3463 Dicebat
1912 3424 2015 3463 au-

362 3502 483 3556 tem
514 3499 755 3564 iterum,
785 3512 1087 3568 nunquam
1119 3496 1327 3553 reverti
1377 3496 1637 3551 secundo
1686 3496 1758 3551 ad
1804 3512 2018 3568 corpus

367 3587 629 3645 animam
655 3586 716 3642 in
748 3587 857 3643 hac
881 3587 1037 3654 vita;
1073 3602 1261 3657 neque
1295 3585 1579 3656 injustam
1601 3584 1727 3641 ﬁeri
1758 3601 1885 3656 quae
1910 3603 2018 3640 an-

365 3676 550 3748 gelica
585 3677 737 3733 facta
766 3679 877 3744 est,
932 3691 1121 3746 neque
1149 3674 1491 3746 malignam,
1526 3690 1596 3730 ne
1617 3674 1830 3730 iterum
1862 3690 2021 3729 occa-

369 3766 598 3823 sionem
630 3763 911 3836 peccandi
942 3781 1046 3836 per
1060 3765 1495 3837 susceptionem
1526 3762 1721 3819 carnis
1743 3762 2018 3835 accipiat:

371 3855 433 3910 in
467 3854 897 3911 resurrectione
946 3857 1165 3922 autem,
1224 3857 1539 3924 utramque
1570 3852 1627 3906 in
1659 3869 1873 3924 corpus
1931 3867 2023 3907 re-

368 3942 538 4011 verti,
595 3943 1038 4014 conjunguntur
1066 3941 1301 3997 sibimet
1330 3939 1577 3996 invicem
1627 3942 1797 4013 juxta
1834 3957 2023 4014 genus

367 4030 692 4105 proprium,
748 4030 1076 4087 secundum
1110 4029 1592 4101 compositionem
1660 4029 1904 4086 alterius
1960 4046 2023 4085 se

2126 2875 2198 2941 (ν.
2227 2872 2334 2945 12),
2357 2877 2691 2931 annuntiata
2704 2884 2835 2931 sunt
2884 2877 3031 2931 vobis
3050 2892 3149 2946 per
3166 2892 3260 2932 eos
3297 2876 3395 2947 qui
3416 2876 3562 2932 vobis
3597 2893 3777 2933 evan-

2124 2962 2523 3030 gelizaverunt.
2554 2964 2782 3030 Vetera,
2816 2964 3029 3035 inquit,
3060 2981 3187 3036 quae
3218 2982 3320 3037 per
3344 2966 3657 3037 prophetas
3700 2968 3777 3021 fa-

2126 3056 2215 3107 cta
2246 3056 2387 3107 sunt
2417 3058 2476 3107 et
2533 3053 2816 3122 plurimos
2846 3054 3048 3120 latent,
3087 3071 3243 3109 nunc
3308 3055 3472 3110 vobis
3529 3053 3782 3110 revelata

2126 3145 2268 3196 sunt
2298 3156 2398 3211 per
2452 3141 2862 3213 evangelistas.
2898 3142 3065 3197 Vobis
3091 3145 3261 3206 enim,
3313 3143 3510 3213 inquit
3563 3140 3778 3211 (ibid),

2126 3231 2424 3300 manifesta
2453 3238 2581 3284 sunt
2599 3245 2696 3299 per
2724 3229 2997 3301 Spiritum
3025 3235 3282 3285 sanctum
3310 3233 3407 3300 qui
3433 3231 3636 3284 missus
3678 3233 3776 3285 est:

2127 3317 2237 3372 hoc
2267 3322 2356 3373 est
2404 3317 2795 3380 Paraclatum,
2828 3319 2898 3372 de
2928 3335 3041 3387 quo
3102 3319 3381 3373 Dominus
3411 3317 3558 3372 dixit
3601 3334 3613 3371 :
3659 3319 3779 3372 Nisi

2130 3421 2228 3473 ego
2254 3408 2465 3474 abiero,
2497 3406 2600 3462 ille
2616 3422 2727 3462 non
2757 3407 2938 3462 veniet
2952 3406 3048 3477 (a).
3082 3411 3146 3461 in
3176 3423 3334 3478 quem
3372 3406 3777 3477 concupiscunt,

2129 3496 2321 3565 inquit
2351 3496 2561 3566 (ibid.),
2589 3497 2783 3564 angeli
2802 3498 3111 3568 prospicere
3142 3516 3155 3565 ;
3181 3514 3296 3553 non
3319 3495 3511 3567 angeli
3541 3499 3777 3567 aposta-

2129 3589 2223 3649 ιω,
2243 3585 2397 3640 sicut
2418 3586 2656 3657 plurimi
2695 3587 3111 3659 suspicantur;
3136 3587 3235 3643 sed
3282 3586 3434 3658 quod
3459 3601 3658 3641 verum
3690 3588 3782 3641 est

2129 3689 2196 3729 ac
2225 3673 2510 3744 divinum,
2542 3674 2729 3745 angeli
2762 3674 2862 3746 qui
2911 3675 3249 3731 desiderant
3278 3676 3604 3747 profectum
3648 3690 3775 3745 per-

2132 3762 2405 3819 fectionis
2436 3762 2595 3819 illius
2639 3764 2910 3835 adipisci.
2937 3764 3250 3834 Sanguine,
3311 3765 3504 3835 inquit
3533 3774 3606 3833 (v.
3669 3763 3778 3834 19),

2130 3852 2393 3923 pretioso,
2424 3852 2566 3908 sicut
2595 3853 2735 3921 agni
2763 3855 3199 3908 incontaminati
3223 3857 3275 3908 et
3305 3852 3674 3908 immaculati.

2131 3944 2235 3995 Hic
2266 3941 2453 4010 tangit
2498 3940 2781 3997 Leviticas
2799 3948 2856 3997 et
2903 3940 3294 3997 saeerdotales
3325 3942 3601 4010 antiquas
3632 3941 3779 3998 cele-

2132 4029 2429 4086 brationes
2460 4047 2473 4084 :
2504 4031 2798 4101 significat
2828 4038 3024 4086 autem
3056 4032 3314 4086 animam
3360 4031 3643 4085 mundam
3676 4046 3780 4101 per

365 4122 626 4194 quadam
658 4120 1045 4191 congruentia
1092 4123 1431 4191 coaptantes
1464 4118 1617 4175 sicut
1655 4135 1892 4191 sagena,
1934 4118 2020 4175 vel
2055 4154 2099 4219 Β
2123 4119 2438 4190 justitiam,
2499 4136 2624 4191 qua:
2672 4120 2916 4175 offertur
2944 4120 3081 4177 Deo.
3139 4121 3475 4189 Praecogniti
3530 4118 3772 4190 quidem,

367 4209 675 4267 ediﬁcatio
694 4208 979 4281 lapidum.
996 4209 1307 4280 Propterea
1332 4213 1540 4264 Petrus
1558 4208 1752 4279 inquit
1770 4208 1917 4279 (cap.
1951 4226 2015 4273 ιι,

363 4316 421 4357 v.
453 4300 510 4371 5)
535 4315 549 4354 :
575 4301 640 4354 Et
668 4314 759 4354 vos
788 4298 896 4371 ipsi
922 4300 1067 4355 sicut
1096 4297 1304 4371 lapides
1332 4298 1445 4353 vivi
1485 4296 1858 4367 azdiﬁcamini
1912 4300 2014 4353 do—

370 4406 498 4447 mus
542 4387 823 4461 spiritalis
856 4388 1230 4453 :custodium
1264 4387 1488 4443 scilicet
1538 4386 1595 4441 in
1646 4387 1773 4443 caeli
1823 4388 2027 4444 locum

371 4478 718 4551 signiﬁcans
748 4476 907 4534 sedis
966 4476 1262 4549 angelicae.
1292 4479 1359 4531 In
1388 4492 1505 4545 vos,
1539 4476 1735 4547 inquit
1790 4477 1941 4548 (cap.
1976 4493 2017 4546 ι,

371 4586 429 4624 v.
455 4569 513 4637 5,
541 4567 620 4639 6),
645 4568 743 4639 qui
772 4567 984 4622 virtute
1026 4567 1130 4622 Dei
1155 4565 1562 4621 conservamini
1605 4565 1712 4636 ﬁde
1740 4582 1805 4621 ac
1831 4581 2022 4638 specu-

377 4658 610 4725 latione,
637 4657 959 4729 precepturi
984 4654 1155 4725 ﬁnem
1192 4655 1326 4727 ﬁdei
1353 4660 1549 4712 vestrae
1576 4657 1900 4711 animarum
1928 4672 2023 4710 sa—

380 4746 573 4803 lutem.
604 4746 754 4802 Hine
810 4748 1053 4818 apparet
1081 4745 1360 4817 quoniam
1396 4762 1507 4800 non
1538 4749 1627 4800 est
1681 4745 2026 4801 naturaliter

307 4869 311 4871 λ
374 4835 577 4893 anima
604 4834 1092 4906 incorruptibilis,
1134 4836 1234 4889 sed
1286 4834 1473 4906 gratia
1504 4833 1603 4889 Dei
1639 4849 1740 4904 per
1770 4834 1942 4889 ﬁdem
1968 4840 2025 4890 et

364 4925 691 4997 justitiam,
708 4929 767 4980 et
785 4939 888 4995 per
904 4922 1265 4979 intellectum
1292 4922 1587 4995 perﬁcitur
1605 4923 2025 4994 incorruptibi-

371 5014 469 5071 lis.
500 5014 576 5070 De
607 5030 717 5087 qua
772 5013 952 5068 salute
1007 5012 1201 5083 inquit
1255 5013 1336 5083 V).
1400 5013 1504 5079 10).
1562 5011 1919 5083 exquiserunt
1972 5015 2025 5068 et

373 5103 610 5159 scrutati
636 5103 765 5157 sunt
808 5101 1113 5173 praphetae,
1170 5106 1227 5156 et
1255 5104 1459 5155 cetera
1489 5116 1617 5171 qua:
1671 5107 2024 5171 sequuntur.

375 5191 715 5248 Declaratur
739 5206 842 5263 per
872 5189 1003 5254 hoc,
1036 5206 1165 5245 cum
1194 5189 1483 5260 sapientia
1502 5188 1724 5244 locutos
1753 5205 1878 5245 esse
1900 5206 2028 5261 pro-

374 5280 604 5352 phetas,
638 5284 696 5336 et
721 5278 999 5351 spiritum
1030 5278 1088 5332 in
1122 5277 1206 5335 eis
1237 5278 1452 5333 Christi
1487 5276 1669 5333 fuisse
1700 5279 2025 5333 secundum

372 5368 807 5443 possessionem
840 5370 897 5423 et
914 5366 1343 5438 subjectionem
1373 5365 1612 5435 Christi,
1644 5382 1744 5436 per
1788 5366 2031 5423 archan-

375 5457 538 5532 gelos
558 5457 718 5515 enim
742 5460 802 5513 et
821 5455 1184 5530 propinquos
1203 5454 1443 5529 angelos
1464 5454 1565 5528 qui
1586 5454 1803 5512 Christi
1814 5472 2029 5512 vocan—

2130 4208 2555 4280 inquit(v.20),
2613 4213 2743 4263 ante
2789 4211 3243 4266 constitutionem
3303 4208 3529 4263 mundi.
3579 4208 3774 4263 Primo

2131 4296 2349 4369 quippe
2394 4298 2789 4369 prmcoguitus
2819 4302 2954 4353 ante
2985 4314 3216 4354 omnem
3251 4302 3578 4353 creaturam
3616 4297 3773 4367 quod

2133 4389 2257 4443 erat
2284 4385 2571 4441 Christus.
2617 4385 2957 4455 Mani/estalt
3000 4396 3183 4441 autem
3210 4388 3274 4441 in
3316 4385 3646 4455 novissimis,
3680 4401 3783 4456 per

2133 4479 2473 4547 generatum
2506 4492 2739 4546 corpus.
2775 4475 3097 4546 Regenerati
3128 4491 3237 4531 non
3262 4492 3332 4532 ea:
3358 4475 3567 4530 semine
3587 4490 3781 4529 corru-

2133 4564 2322 4638 ptibili
2349 4567 2423 4632 (v.
2457 4564 2569 4635 23).
2620 4564 3025 4636 Corruptibilis
3073 4565 3253 4637 igitur
3300 4569 3390 4620 est
3418 4564 3615 4620 anima
3654 4580 3781 4634 quas

2136 4671 2267 4711 cum
2301 4670 2540 4725 corpore
2571 4655 2748 4709 simul
2784 4656 3180 4725 profunditur,
3200 4660 3264 4710 ut
3283 4655 3522 4727 quidam
3553 4659 3779 4723 putant.

2143 4744 2369 4801 Verbum
2400 4754 2583 4799 autem
2641 4744 2884 4807 Domini,
2916 4744 3112 4817 inquit
3132 4746 3205 4816 (ν.
3238 4746 3354 4815 25),
3408 4754 3695 4816 permanet
3724 4744 3786 4800 in

2137 4838 2405 4889 sternam
2436 4850 2458 4895 ,·
2487 4836 2612 4887 tam
2667 4833 2974 4905 prephetia
3032 4851 3206 4906 quam
3262 4833 3456 4889 divina
3498 4834 3784 4890 doctrina.

2136 4925 2292 4993 (Cap.
2351 4937 2414 4991 ιι,
2445 4938 2498 4976 v.
2525 4923 2580 4994 6)
2617 4938 2628 4978 :
2660 4923 2761 4987 ,Vos
2807 4932 2989 4980 autem
3052 4940 3224 4993 genus
3276 4925 3529 4992 electum,
3605 4923 3789 4995 regale

2137 5012 2519 5069 sacerdotium.
2571 5011 2853 5078 Quoniam
2888 5029 3021 5069 vero
3050 5012 3298 5069 electum
3332 5030 3519 5086 genus
3576 5028 3785 5069 sumus

2139 5101 2237 5157 Dei
2271 5100 2574 5167 electione,
2634 5102 2865 5157 abunde
2898 5101 3120 5157 clarum
3167 5106 3275 5158 est.
3319 5101 3532 5174 Regale
3585 5107 3783 5158 autem

2140 5188 2399 5257 dixit,>X<
2437 5189 2717 5261 quoniam
2774 5191 2844 5245 ad
2902 5207 3150 5262 regnum
3199 5190 3387 5247 vocati
3441 5207 3674 5256 sumus,
3731 5195 3790 5247 et

2140 5295 2349 5334 sumus
2430 5279 2669 5334 Christi.
2777 5280 3178 5335 Sacerdotium
3274 5286 3470 5337 autem
3552 5285 3791 5353 propter

2139 5366 2493 5423 oblationem
2529 5383 2657 5439 quae
2689 5368 2752 5423 fit
2773 5367 3135 5424 orationibus
3165 5373 3222 5425 et
3242 5368 3545 5436 doctrinis,
3568 5370 3789 5443 quibus

2142 5455 2531 5528 acquiruntur
2559 5458 2768 5514 animai
2798 5474 2927 5531 quis
2977 5459 3301 5516 offeruntur
3328 5459 3465 5518 Deo.
3526 5461 3632 5531 Qui
3657 5477 3787 5519 cum

452 5637 516 5703 ιιι
541 5640 604 5694 P.
632 5636 741 5694 996
767 5635 881 5695 BD.
913 5634 1211 5693 POTTER.
1242 5637 1320 5709 (a)
1348 5635 1518 5694 Joan.
1549 5651 1666 5707 ενι,
1693 5635 1747 5694 7.
1770 5634 1835 5701 ιιι
1861 5640 1925 5692 P.
1953 5636 2021 5692 99

2132 5636 2204 5694 ει).
2258 5636 2557 5697 POTTER.
