4078 6146
353 373 467 428 733

1835 368 2304 422 FRAGMENTA.

3660 365 3768 420 734

351 499 561 556 vocati.
594 498 654 553 In
686 495 984 568 iudicium,
1020 493 1210 566 inquit
1239 493 1443 566 (ibid.),
1475 508 1700 563 magna?
1729 491 1844 548 diei
1873 493 1999 547 vin-
2034 493 2090 559 Α
2118 493 2632 565 num.Prophetavit
2659 495 2924 552 autemde
2946 494 3036 549 his
3050 491 3539 566 septimus,inquit
3559 492 3759 566 (v.14),

350 590 492 646 culis
509 585 796 660 perpetuis
828 584 930 639 sub
949 583 1191 652 caligine
1219 581 1807 638 reservavit.Vicinum
1841 581 2009 636 terris

353 678 580 744 locum,
610 676 724 730 hoc
757 680 850 730 est
882 671 1270 744 caliginosum
1305 688 1493 726 aerem
1527 671 1842 744 signiﬁcat.
1873 670 2006 726 Vin-

353 767 491 824 cula
525 781 662 820 vero
693 763 836 819 dixit
871 761 1243 816 amissionem
1275 760 1513 815 honoris
1543 760 1601 814 in
1634 777 1749 831 quo
1792 761 2004 816 consti-

355 860 578 922 terant,
612 859 670 909 et
700 851 1080 922 cupiditatem
1112 849 1476 904 inﬁrmarum
1509 865 1742 918 rerum;
1777 848 2006 921 cupidi-

359 948 485 999 tate
516 942 736 1014 quippe
768 939 1016 995 devincti
1047 939 1299 1010 propria,
1325 939 1582 992 converti
1617 955 1729 994 non
1762 943 2004 1008 queunt.

361 1032 519 1088 Sicut
548 1031 803 1095 Sodoma,
836 1027 1028 1100 inquit
1057 1029 1132 1098 (ν.
1173 1027 1248 1098 7),
1300 1035 1353 1082 et
1401 1028 1730 1082 Gomorrha.
1783 1028 2006 1091 Quibus

362 1120 660 1194 signiﬁcat
690 1119 970 1173 Dominus
998 1115 1307 1172 remissius
1339 1132 1488 1184 esse,
1524 1121 1579 1171 et
1611 1116 1871 1171 eruditos
1894 1133 2008 1187 pce-

366 1210 636 1266 nituilsse.
669 1206 947 1263 Similiter
990 1204 1209 1276 iisdem,
1263 1204 1456 1276 inquit
1512 1206 1588 1277 (ν.
1639 1205 1716 1276 8),
1750 1209 1804 1261 et
1837 1205 1897 1260 hi
1926 1221 2005 1261 so-

359 1298 654 1362 mniantes,
688 1296 795 1351 hoc
827 1299 918 1351 est
947 1296 1047 1364 qui
1099 1294 1398 1349 somniant
1444 1293 1866 1365 imaginatione
1897 1311 2008 1349 sua

351 1386 629 1442 libidines
661 1389 718 1440 et
747 1383 1029 1455 reprobas
1068 1382 1445 1454 cupiditates,
1480 1383 1701 1437 bonum
1732 1399 1860 1438 esse
1895 1400 2004 1454 pu-

351 1480 692 1540 tantes,non
716 1473 862 1529 illud
887 1473 1042 1543 quod
1075 1488 1208 1527 vere
1229 1471 1450 1526 bonum
1473 1476 1646 1540 est,et
1671 1471 1831 1526 omni
1855 1472 2005 1527 bono

353 1563 653 1634 superius.
676 1555 917 1619 Carnem
946 1560 1184 1632 quidem,
1219 1559 1414 1631 inquit
1445 1559 1659 1630 (ibid.),
1692 1560 2002 1624 maculant,

353 1653 786 1709 dominationem
827 1655 1006 1706 autem
1055 1657 1347 1721 spernunt,
1412 1650 1758 1720 maiestatem
1817 1661 2006 1705 autem

361 1742 785 1812 blasphemant;
826 1739 933 1794 hoc
977 1744 1065 1795 est
1113 1737 1306 1793 solum
1357 1738 1674 1793 Dominum
1729 1737 1831 1809 qui
1875 1755 2006 1793 vere

367 1831 650 1886 Dominus
681 1833 875 1884 noster
903 1831 1009 1895 est,
1041 1827 1216 1882 Jesus
1244 1826 1596 1894 Cbristus,et
1627 1826 1788 1881 solus
1809 1825 2007 1883 lauda-

363 1917 521 1974 bilis.
553 1897 914 1990 Mdjestatem,
949 1915 1165 1986 inquit,
1201 1915 1597 1986 blasphemant,
1641 1915 1750 1970 hoc
1782 1919 1870 1970 est
1901 1933 2005 1971 an-

358 2005 541 2078 gelos.
587 2006 675 2078 (V.
720 2006 778 2074 9)
839 2021 853 2059 :
917 2004 1143 2074 Quando
1172 2004 1405 2060 Michael
1461 2005 1829 2073 archangelus
1884 2021 2010 2060 eum

357 2095 577 2150 diabolo
615 2094 924 2165 disputans,
977 2093 1354 2148 altercabatur
1399 2092 1465 2148 dc
1510 2108 1737 2164 corpore
1767 2093 1962 2164 Moysis
1989 2111 2008 2148 :

355 2183 452 2240 hic
473 2184 786 2240 conﬁrmat
807 2183 1278 2254 assumptionem
1300 2181 1790 2254 Moysis.Michael
1812 2187 2007 2238 autem

349 2273 446 2329 hic
477 2273 696 2330 dicitur
728 2273 830 2344 qui
866 2290 968 2344 per
1000 2272 1396 2344 propinquum
1422 2271 1592 2327 nobis
1625 2271 1899 2342 angelum
1925 2271 2011 2326 al-

351 2364 691 2418 tercabatur
722 2379 858 2418 cum
890 2359 1143 2416 diabolo.
1193 2363 1271 2415 Hi
1300 2365 1512 2427 autem,
1566 2359 1757 2432 inquit
1786 2360 1864 2431 (ν.
1899 2362 2006 2431 10),

355 2467 693 2524 quaecunque
722 2451 947 2523 quidem
977 2449 1260 2520 ignorant,
1295 2448 1693 2520 blasphemant.
1741 2449 2009 2516 Quaecun-

356 2557 461 2613 que
491 2545 675 2597 autem
703 2539 1053 2596 naturaliter
1083 2543 1346 2611 tanquam
1375 2549 1522 2594 muta
1540 2538 1820 2594 animalia
1840 2555 2004 2594 nove-

359 2635 518 2700 runt,
547 2631 608 2686 in
635 2630 720 2686 his
747 2639 1199 2702 corrumpuntur.
1235 2629 1541 2701 Signiﬁcat
1573 2647 1671 2685 eos
1702 2630 2006 2685 comedere

363 2739 432 2779 ac
463 2721 682 2788 bibere,
717 2726 771 2775 et
800 2720 974 2776 rebus
1005 2719 1266 2775 venereis
1315 2719 1644 2790 indulgere,
1678 2725 1734 2775 et
1764 2718 1878 2775 alia
1909 2736 2008 2775 eos

369 2813 698 2881 perpetrare
727 2808 868 2863 dicit
896 2825 1024 2878 quae
1055 2811 1196 2862 sunt
1225 2805 1565 2862 communia
1585 2823 1718 2862 cum
1746 2807 2007 2863 animali-

364 2899 480 2954 bus
509 2898 732 2953 ratione
761 2897 1116 2954 carentibus.
1160 2897 1240 2952 va
1275 2895 1619 2966 illis,inquit
1651 2898 1724 2968 (ν.
1761 2897 2008 2969 11),quia

360 2987 424 3042 in
453 2989 543 3043 via
573 2987 710 3043 Cain
738 2987 1020 3042 abierunt.
1055 2985 1149 3040 Sic
1181 2984 1355 3040 etiam
1387 2989 1622 3056 peccato
1647 2986 1780 3040 Adae
1805 2987 2008 3056 subja-

358 3093 563 3133 cemus
585 3076 916 3132 secundum
950 3073 1171 3147 peccati
1203 3073 1676 3130 similitudinem.
1708 3075 2005 3146 Nubes,in-

357 3166 488 3238 quit
513 3169 588 3235 (v.
623 3165 734 3236 12),
766 3166 888 3220 sine
915 3181 1098 3235 aqua;
1131 3163 1239 3218 hoc
1279 3167 1387 3230 est,
1435 3163 1532 3234 qui
1586 3164 1826 3219 verbum
1858 3163 2008 3219 divi-

2119 583 2186 637 ab
2217 583 2386 639 Adam
2419 584 2623 640 Enoch.
2645 584 2746 640 His
2777 583 2971 640 verbis
2999 584 3361 656 prophetiam
3393 582 3752 654 comprobat.

2117 673 2233 742 Isti,
2266 672 2460 744 inquit
2490 674 2565 744 (ν.
2601 673 2711 745 19),
2743 682 3118 747 segregantes,
3170 671 3371 728 fideles
3402 672 3474 728 ab
3503 671 3753 728 inﬁdeli-

2117 760 2251 830 bus,
2285 764 2610 818 secundum
2650 765 2948 835 propriam
2995 761 3401 818 inﬁdelitatem
3435 761 3753 833 redarguti.

2116 850 2185 905 Et
2216 850 2426 906 iterum
2459 851 2856 908 discernentes
2905 871 2938 908 a
2986 852 3282 908 carnibus.
3332 851 3630 919 Animales,
3663 850 3756 906 in-

2116 939 2243 1010 quit
2274 939 2488 1010 (ibid.),
2520 941 2790 1014 Spiritum
2832 958 2940 996 non.
2972 941 3230 997 habentes
3261 957 3274 995 :
3311 939 3592 1012 Spiritum
3641 939 3756 994 sci-

2117 1028 2252 1084 licet
2283 1030 2377 1100 qui
2412 1036 2500 1085 est
2522 1048 2623 1102 per
2645 1031 2819 1086 fidem
2851 1031 3169 1086 secundum
3196 1046 3366 1086 usum
3387 1028 3629 1100 justitiae
3652 1045 3755 1084 su-

2117 1118 2472 1190 perveniens.
2514 1121 2620 1175 Vos
2644 1125 2848 1187 autem,
2882 1121 3074 1193 inquit
3118 1119 3192 1192 (ν.
3247 1120 3361 1189 20),
3409 1118 3750 1188 charissimi,

2113 1208 2606 1279 supermdiﬁcantes
2645 1211 2997 1281 vosmetipsos
3043 1208 3392 1264 sanctissima
3434 1211 3607 1263 vestra
3645 1208 3753 1278 ﬁde

2114 1297 2178 1351 in
2197 1296 2417 1368 Spiritu
2447 1301 2657 1354 sancto.
2693 1299 2964 1367 Quosdam
3001 1307 3208 1366 autem,
3266 1297 3460 1369 inquit
3508 1299 3583 1370 (v.
3633 1299 3746 1369 21),

2115 1383 2336 1440 salvate
2369 1386 2440 1440 de
2483 1387 2608 1457 igne
2651 1388 2932 1459 rapientes
2977 1387 3051 1458 (ν.
3096 1388 3210 1455 22),
3254 1386 3582 1458 quibusdam
3625 1401 3754 1443 vero

2113 1475 2464 1529 miseremini
2493 1475 2551 1530 in
2585 1479 2797 1545 timore,
2834 1475 2888 1530 id
2922 1481 3005 1531 est
3039 1492 3138 1531 eos
3169 1475 3268 1548 qui
3320 1475 3377 1530 in
3431 1475 3625 1547 ignem
3657 1492 3754 1532 ca-

2115 1561 2284 1630 dunt,
2337 1564 2593 1620 doceatis
2645 1569 2704 1619 ut
2750 1564 3095 1636 semetipsos
3164 1563 3433 1620 libarent.
3482 1563 3754 1630 0dientes,

2113 1650 2307 1722 inquit
2337 1653 2412 1724 (ν.
2444 1654 2556 1725 ‘23),
2589 1671 2709 1709 eam
2734 1671 2854 1724 qum
2884 1654 3128 1708 carnalis
3156 1658 3234 1710 est
3304 1653 3643 1709 maculatam
3671 1658 3757 1709 tu-

2114 1741 2299 1795 nicam
2319 1759 2338 1802 ;
2362 1743 2570 1796 animas
2604 1743 2871 1798 videlicet
2899 1743 3099 1798 tunica
3134 1741 3363 1798 macula
3393 1741 3758 1813 est,epiritus

2117 1831 2611 1901 concupiscentiis
2645 1832 2906 1904 pollutus
2937 1831 3293 1887 carnalibus.
3326 1833 3392 1886 Ei
3428 1835 3635 1901 autem,
3665 1831 3759 1886 in-

2120 1918 2250 1990 quit
2277 1920 2352 1990 (v.
2381 1921 2493 1986 24),
2526 1923 2624 1990 qui
2648 1925 2837 1991 potens
2885 1930 2961 1976 est
3000 1936 3324 1976 conservare
3365 1935 3456 1974 vos
3501 1921 3620 1974 sine
3671 1922 3759 1990 of-

2116 2011 2385 2078 fensione,
2420 2015 2469 2064 et
2499 2009 2833 2066 constituere
2863 2018 2998 2066 ante
3025 2014 3369 2080 conspectum
3412 2008 3612 2078 gloria?
3638 2023 3759 2064 suae

2119 2098 2512 2153 immaculatos
2543 2100 2604 2154 in
2648 2098 2861 2153 laetitia.
2913 2099 2977 2153 ln
3031 2103 3346 2168 conspectu
3397 2096 3594 2166 gloriae
3630 2113 3756 2151 sua:

2118 2187 2280 2251 dicit,
2315 2203 2508 2242 coram
2542 2187 2787 2260 angelis.
2830 2186 3244 2242 lmmaculatos
3293 2191 3488 2241 autem
3539 2187 3758 2241 consti-

2118 2277 2389 2342 tuendos,
2422 2276 2663 2348 angelos
2695 2277 2902 2346 factos,
2945 2292 3077 2330 cum
3128 2274 3270 2330 dicit
3318 2274 3521 2330 Daniel
3555 2275 3625 2329 de
3661 2291 3760 2344 po-

2120 2365 2278 2435 pulo,
2309 2371 2366 2421 et
2395 2365 2552 2420 venit
2579 2365 2635 2418 in
2671 2369 2986 2436 conspectu
3022 2363 3277 2430 Domini,
3308 2381 3424 2420 non
3475 2363 3582 2420 hoc
3620 2363 3763 2419 dicit

2119 2454 2397 2525 quoniam
2429 2454 2577 2509 vidit
2609 2458 2821 2521 Deum;
2857 2454 2966 2509 hoc
2998 2454 3151 2509 enim
3184 2452 3550 2524 impossibile
3583 2457 3762 2510 estut

2119 2542 2365 2613 quisque
2398 2559 2514 2597 non
2548 2543 2766 2599 mundo
2795 2544 2967 2599 corde
3007 2543 3198 2598 videat
3231 2542 3409 2597 Deum
3443 2558 3456 2596 τ
3492 2543 3594 2598 sed
3648 2542 3758 2597 hoc

2117 2632 2279 2699 dicit,
2314 2630 2452 2703 quia
2483 2637 2693 2687 cuncta
2723 2647 3088 2703 quaecunque
3119 2631 3365 2686 faciebat
3397 2631 3671 2702 populus,
3696 2630 3754 2685 in

2118 2726 2429 2791 conspectu
2463 2725 2629 2775 erant
2654 2720 2777 2787 Dei,
2807 2727 2863 2775 et
2893 2721 3206 2775 manifesta
3236 2719 3321 2774 illi
3361 2720 3754 2788 constabant;

2117 2809 2224 2865 hoc
2254 2815 2342 2864 est
2373 2809 2654 2880 quoniam
2688 2809 2836 2864 nihil
2867 2810 3276 2866 absconditum
3306 2815 3396 2864 est
3425 2825 3460 2864 a
3488 2808 3756 2864 Domino.

2117 2897 2180 2953 In
2213 2897 2522 2970 Evangelio
2554 2914 2688 2954 vero
2719 2900 3043 2955 secundum
3077 2899 3335 2954 Marcum
3363 2899 3755 2970 interrogatus

2113 2987 2403 3042 Dominus
2431 3003 2462 3042 a
2495 2987 2756 3058 principe
2787 2987 3157 3042 sacerdotum
3189 2989 3238 3041 si
3267 2987 3386 3054 ipse
3430 2993 3566 3042 esset
3595 2987 3758 3043 Chri-

2115 3084 2229 3130 stus
2272 3077 2450 3131 Filius
2500 3077 2594 3131 Dei
2643 3074 2946 3136 benedicti;
2995 3075 3324 3146 respondens
3386 3073 3530 3130 dixit
3580 3092 3598 3128 :
3650 3077 3756 3145 Ego

2112 3181 2254 3231 sum,
2288 3169 2341 3220 et
2361 3163 2611 3220 videbitis
2640 3166 2846 3219 Filium
2877 3163 3120 3219 hominis
3148 3181 3181 3217 a
3224 3164 3438 3218 dextris
3485 3163 3758 3218 sedentem

355 3260 589 3323 num,et
620 3254 934 3309 fecundum
971 3255 1027 3307 in
1055 3270 1117 3308 se
1149 3270 1263 3308 non
1305 3253 1624 3324 possident.
1661 3253 1735 3308 0b
1767 3254 1883 3318 hoc,
1917 3253 2004 3307 in-
2034 3240 2075 3306 C
2113 3254 2329 3309 virtutis
2359 3255 2710 3323 (a).Virtutes
2739 3258 2932 3307 autem
2958 3253 3292 3322 signiﬁcant
3321 3255 3554 3306 sanctos
3585 3267 3757 3322 ange-

354 3346 487 3416 quit
516 3344 730 3417 (ibid.),
771 3352 822 3399 et
869 3361 905 3398 a
933 3344 1133 3410 ventis,
1165 3347 1216 3398 et
1247 3341 1533 3413 spiritibus
1583 3341 1866 3409 violentis,
1900 3343 2002 3396 hu-

343 3435 590 3505 jusmodi
629 3434 1100 3501 circumferuntur
1145 3430 1413 3486 homines.
1476 3430 1726 3497 Arbores,
1783 3430 1999 3502 inquit,

349 3523 567 3595 (ibid.),
599 3521 947 3576 autumnales
977 3520 1357 3590 infructuosae,
1391 3523 1450 3574 et
1497 3518 1765 3573 infideles
1795 3518 2000 3572 videli-

351 3617 463 3677 cet,
498 3612 596 3682 qui
631 3611 862 3665 nullum
895 3610 1149 3664 fructum
1185 3606 1485 3663 ﬁdelitatis
1518 3610 1850 3678 apportant.
1890 3608 2000 3676 Bis,

351 3701 546 3770 inquit
575 3699 1061 3771 (ibid.),mortuee;
1094 3696 1270 3752 semel
1297 3696 1518 3751 scilicet
1550 3696 1785 3766 quando
1818 3697 2001 3751 delin-

355 3790 590 3862 quendo
618 3791 972 3859 peccarunt;
1007 3787 1262 3841 secundo
1277 3785 1674 3856 vero,quando
1697 3785 2004 3858 suppliciis

353 3878 774 3936 contradentur
795 3877 1121 3932 secundum
1157 3873 1570 3946 praedestinata
1608 3875 1701 3928 Dei
1729 3875 1954 3944 judicia
1986 3892 1999 3930 :

356 3985 515 4025 mors
543 3966 760 4039 quippe
795 3965 1125 4037 reputanda
1155 3966 1450 4029 est,etiam
1484 3964 1720 4035 quando
1751 3965 2002 4035 quisque

351 4057 755 4113 hereditatem
787 4071 902 4109 non
935 4053 1216 4109 continuo
1269 4057 1722 4125 promereretur.
1754 4054 2001 4125 Fluctus,

351 4146 546 4219 inquit
577 4145 652 4218 (ν.
687 4144 796 4216 13),
827 4145 1030 4215 ferocis
1057 4141 1252 4198 maris.
1290 4143 1387 4197 llis
1428 4141 1622 4198 verbis
1654 4142 1830 4198 vitam
1860 4159 2001 4215 gen-

351 4236 515 4293 tilem
546 4233 864 4307 signiﬁcat,
899 4249 1151 4305 quorum
1204 4231 1547 4287 ambitionis
1589 4231 2002 4288 abominabilis

349 4329 441 4382 est
470 4324 623 4380 linis.
657 4323 856 4379 Sidera
891 4321 1169 4388 errantia,
1202 4319 1311 4376 hoc
1345 4323 1435 4375 est
1481 4325 1745 4376 errantes
1775 4325 1831 4376 et
1859 4338 2001 4393 apo-

351 4419 537 4470 statas
567 4412 879 4484 significat,
913 4428 981 4467 ex
1012 4409 1352 4481 hujusmodi
1387 4408 1576 4464 stellis
1608 4408 1875 4482 sunt,qui
1898 4426 1999 4464 an-

2113 3341 2216 3398 los.
2252 3342 2502 3397 Proinde
2531 3341 2705 3395 etiam
2737 3356 2868 3395 cum
2901 3341 3046 3394 dicit
3073 3357 3106 3393 a
3134 3341 3343 3394 dextris
3363 3339 3481 3403 Dei,
3515 3340 3752 3394 eosdem

2109 3430 2269 3500 ipsos
2303 3431 2445 3484 dicit
2477 3435 2710 3500 propter
2749 3429 3142 3500 aequalitatem
3193 3436 3250 3482 et
3299 3427 3750 3483 similitudinem

2112 3518 2510 3588 angelicarum
2541 3525 2998 3587 sanctarumque
3015 3517 3298 3571 virtutum
3321 3514 3419 3586 qui
3443 3517 3754 3571 nominan-

2112 3610 2209 3661 tur
2243 3606 2477 3660 nomine
2506 3605 2632 3660 Dei.
2665 3608 2810 3660 Eum
2843 3621 2980 3677 ergo
3024 3605 3211 3660 sedere
3255 3604 3315 3659 in
3350 3607 3546 3660 dextra
3591 3604 3754 3673 dicit,

2112 3693 2222 3749 hoc
2252 3698 2342 3749 est
2371 3694 2430 3748 in
2476 3694 2754 3749 eminenti
2805 3693 3025 3749 honore
3075 3693 3463 3766 requiescere.
3514 3694 3578 3749 ln
3623 3693 3758 3750 aliis

2114 3789 2308 3839 autem
2344 3781 2674 3854 Evangeliis
2703 3782 2922 3838 dicitur
2961 3782 3216 3853 principi
3263 3783 3635 3839 sacerdotum
3669 3785 3760 3839 in-

2113 3872 2435 3944 terroganti
2468 3872 2516 3927 si
2549 3871 2674 3943 ipse
2704 3878 2861 3928 esset
2893 3872 3073 3926 Filius
3119 3874 3247 3937 Dei,
3308 3887 3421 3927 non
3471 3888 3502 3927 e
3549 3877 3755 3928 contra

2112 3961 2506 4033 respondisse.
2535 3963 2642 4015 Sed
2671 3961 2811 4032 quid
2845 3959 3032 4015 dixit?
3071 3965 3171 4016 Vos
3212 3959 3402 4015 dicitis
3448 3960 3547 4032 (b).
3599 3951 3763 4017 Satis

2111 4051 2258 4106 bene
2290 4050 2672 4122 respondens.
2707 4050 2765 4104 Si
2797 4048 2954 4104 enim
2986 4048 3223 4116 diceret,
3268 4047 3418 4104 sicut
3446 4065 3548 4105 vos
3577 4048 3752 4105 intel-

2111 4139 2320 4211 ligitis,
2352 4139 2702 4194 mentiretur
2736 4139 2934 4210 utique
2967 4153 3080 4193 non
3114 4154 3176 4193 se
3220 4137 3503 4194 confitens
3538 4137 3748 4194 Filium

2109 4227 2233 4298 Dei,
2268 4227 2350 4283 illi
2387 4244 2502 4283 non
2534 4227 2618 4282 ita
2647 4227 2719 4284 de
2748 4225 2848 4283 illo
2879 4227 3245 4295 sentiebant;
3279 4226 3479 4283 dicens
3528 4232 3750 4299 autem,

2109 4333 2203 4373 vos
2230 4316 2438 4386 dicitis,
2482 4333 2614 4372 vere
2655 4316 2888 4373 locutus
2920 4321 3032 4373 est.
3084 4315 3245 4381 Quod
3285 4315 3443 4372 enim
3493 4332 3609 4372 non
3656 4333 3748 4373 sa-

2110 4407 2368 4479 piebant,
2400 4406 2590 4461 verbis
2621 4405 2914 4477 dicebant,
2943 4405 3049 4460 hoc
3081 4404 3180 4460 ille
3211 4420 3415 4461 verum
3451 4420 3580 4462 esse
3611 4421 3752 4462 oon-

349 4502 614 4575 gelorum
648 4501 907 4556 cecidere
938 4501 1006 4554 de
1037 4498 1299 4564 sedibus,
1333 4497 1550 4570 quibus,
1595 4503 1831 4570 propter
1860 4515 1998 4570 apo-
2030 4501 2077 4566 Ι)
2109 4496 2302 4553 fessus
2331 4499 2442 4552 est.

350 4591 618 4659 stasiam,
649 4590 831 4659 caligo
855 4589 1213 4644 tenebrarum
1256 4591 1570 4643 reservatur
1613 4587 1674 4642 in
1721 4589 2001 4659 sempiter-

2001 4891 2102 4947 III.

1024 5007 1347 5063 EJUSDEM
1408 5007 2011 5064 ADUMBRATIONES
2070 5007 2144 5063 IN
2206 5008 2608 5065 EPISTOLAM
2667 5011 2689 5064 Ι
2747 5008 3071 5065 JOANNIS.

420 5157 576 5213 870
603 5153 667 5218 -ι‹
695 5152 838 5224 Cap.
871 5169 910 5220 ῐ,
946 5169 1002 5206 ν.
1037 5153 1057 5205 1
1090 5179 1159 5194 -
1193 5152 1350 5219 Quor!
1379 5155 1498 5206 erat
1521 5152 1588 5206 ab
1638 5150 1826 5217 initio,
1855 5151 1999 5222 quod

343 5245 583 5303 vidimus
614 5242 786 5300 oculis
816 5240 1038 5310 nostris,
1070 5241 1219 5313 quod
1251 5239 1592 5295 audivimus.
1616 5239 1996 5310 Consequens

340 5333 722 5406 Evangelium
738 5332 1060 5387 secundum
1076 5334 1358 5386 Joannem
1371 5327 1808 5395 ,etconveniens
1822 5331 1993 5385 etiam

339 5427 462 5480 haec
476 5419 738 5494 Epistola
753 5418 1104 5490 principium
1121 5416 1383 5489 spiritale
1397 5417 1841 5479 continet.Quod
1858 5435 1994 5490 ergo

339 5513 486 5570 dicit
514 5511 581 5567 ab
614 5507 928 5575 initio,hoc
948 5508 1121 5561 modo
1155 5509 1454 5578 presbyter
1483 5508 1990 5578 exponebat,quod

2107 5153 2458 5224 principium
2475 5152 2873 5223 generationis
2885 5159 3220 5222 separatum
3236 5155 3310 5209 ab
3341 5151 3566 5226 opiﬁcis
3591 5152 3748 5223 prin-

2108 5241 2258 5311 cipio
2295 5257 2406 5295 non
2438 5247 2546 5294 est.
2578 5243 2719 5294 Cum
2755 5242 2907 5295 enim
2942 5243 3083 5298 dicit
3113 5243 3253 5314 quod
3277 5247 3399 5298 erat
3445 5242 3511 5298 ab
3559 5241 3745 5311 initio,

2107 5329 2536 5399 generationem
2571 5330 2760 5401 tangit
2785 5329 2911 5386 sine
2944 5332 3226 5403 principio
3259 5333 3389 5388 Filii
3417 5347 3548 5388 cum
3582 5331 3747 5388 Patre

2105 5417 2282 5472 simul
2316 5419 2600 5473 exstantia
2635 5434 2647 5472 :
2681 5425 2800 5472 erat
2831 5433 2967 5490 ergo
3001 5419 3254 5475 Verbum
3288 5419 3630 5475 aeternitatis
3660 5419 3746 5476 si-

2103 5505 2500 5579 gniﬁcativum
2530 5523 2644 5560 non
2677 5505 2947 5563 habentis
2974 5509 3392 5580 initium,sicut
3417 5509 3591 5566 etiam
3617 5508 3744 5566 Ver-

417 5689 494 5764 (a)
528 5686 705 5746 Marc.
742 5701 859 5756 xiv,
888 5683 1070 5742 61-62.
1153 5683 1228 5758 (ὁ)
1256 5682 1463 5741 Matth.
1494 5699 1646 5755 xxvx,
1679 5682 1770 5740 64.
1846 5682 1909 5748 ἰι
1937 5685 1998 5739 Ρ.

2113 5683 2133 5739 ὶ
2161 5681 2276 5745 ED.
2305 5681 2605 5742 POTTER.
