4078 6146
367 381 480 463 735

1605 411 1940 468 CLEMENS
1976 407 2538 462 ALEXANDRINUS

3729 399 3840 457 736

378 529 521 586 bum
551 530 886 603 iqsum,hoc
913 535 1002 586 est
1030 532 1212 589 Filius
1240 534 1334 589 Dei
1369 536 1693 590 secundum
1727 533 2023 604 aequalita-
2050 533 2105 597 Α
2137 529 2418 585 stantiam
2452 534 2508 584 et
2538 546 2672 584 cum
2705 529 2987 598 subjectis
3017 528 3243 600 angelis
3294 535 3362 586 et
3411 528 3830 601 archangelis,

382 624 501 675 tem
520 637 584 675 su
595 621 861 675 bstantiaa
875 637 1058 676 unum
1083 639 1213 678 cum
1231 623 1396 678 Patre
1415 622 2020 693 consistit,sempiter-

381 725 524 763 num
555 713 644 763 est
672 714 728 763 et
757 709 1038 765 infectum
1077 728 1089 766 :
1125 713 1279 782 quod
1313 729 1546 782 semper
1583 717 1710 768 erat
1740 711 2018 777 Verbum,

381 796 746 867 signiﬁcatur
774 797 1044 864 dicendo,
1072 801 1135 855 in
1161 802 1439 871 principio
1489 810 1608 857 erat
1658 801 1884 856 Verbum
1913 800 2019 870 (a).

380 887 542 952 Quod
575 902 708 941 vero
741 885 904 953 dixit,
955 888 1095 958 quod
1139 891 1387 946 vidimus
1439 891 1614 946 oculis
1650 891 1876 957 nostris,
1910 893 2021 944 Do-

382 975 526 1031 mini
559 975 857 1046 signiﬁcat
889 977 946 1030 in
979 993 1152 1033 carne
1185 980 1580 1049 presentiam,
1611 986 1663 1035 et
1691 993 1909 1048 manus,
1934 979 2022 1032 in-

376 1065 508 1135 quit
539 1064 750 1134 (ibid.),
782 1070 991 1123 nostra?
1017 1071 1506 1124 contractaverunt
1556 1069 1622 1123 de
1665 1070 1826 1124 verbo
1868 1070 2018 1125 vitae.

377 1153 503 1208 Non
535 1153 725 1209 solum
750 1171 986 1210 carnem
1012 1157 1061 1227 ej
1073 1158 1272 1222 us,sed
1296 1158 1473 1213 etiam
1494 1158 1738 1213 virtutes
1759 1158 2020 1227 ejusdem

379 1243 506 1298 Filii
538 1243 852 1314 signiﬁcat,
887 1244 1042 1299 sicut
1072 1245 1275 1301 radius
1301 1245 1442 1302 solis
1475 1263 1664 1318 usque
1693 1247 1761 1301 ad
1795 1246 1916 1302 haec
1943 1248 2023 1301 in-

377 1332 518 1386 ﬁma
548 1331 674 1387 loca
704 1333 1231 1404 pertransiens,qui
1264 1336 1464 1390 radius
1495 1336 1553 1390 in
1584 1352 1759 1391 carne
1786 1334 2025 1390 veniens

376 1419 694 1491 palpabilis
726 1421 913 1476 factus
943 1427 1035 1476 est
1063 1422 1395 1494 discipulis.
1414 1424 1620 1479 Fertur
1647 1440 1784 1495 ergo
1814 1425 1872 1479 in
1909 1435 2020 1479 tra-

377 1507 730 1568 ditionibus.
757 1511 1036 1578 quoniam
1068 1511 1326 1567 Joannes
1357 1513 1552 1583 ipsum
1603 1529 1817 1584 corpus
1864 1513 2015 1583 quod

375 1603 500 1653 erat
520 1599 884 1654 extrinsecus
907 1606 1422 1671 tangens,mauum
1448 1620 1616 1658 suam
1642 1603 1699 1658 in
1733 1604 2023 1674 profunda

377 1687 632 1754 misisse,
665 1693 722 1742 et
750 1689 800 1742 ei
832 1690 1112 1745 duritiam
1148 1691 1338 1746 carnis
1364 1692 1526 1747 nullo
1561 1693 1727 1748 modo
1761 1693 2020 1748 relucta-

373 1778 496 1831 tam
529 1791 678 1841 esse,
713 1777 814 1830 sed
865 1777 1057 1833 locum
1107 1780 1308 1834 manui
1352 1781 1674 1851 praebuisse
1723 1781 2018 1852 discipuli.

2129 635 2265 675 cum
2295 618 2512 689 quibus
2543 625 2830 673 vocantur
2858 617 3169 687 aquivoce,
3201 620 3494 674 diversas
3528 619 3825 690 operatio-

2130 724 2232 764 nes
2262 709 2546 765 efﬁciunt.
2580 708 2675 764 Sic
2725 708 2900 763 etiam
2951 713 3009 762 et
3050 710 3277 778 Moyses
3313 707 3589 765 Michael
3625 711 3820 780 angeli

2127 797 2400 852 virtutem
2436 812 2536 867 per
2565 797 2821 852 vicinum
2843 797 2958 852 sibi
2992 800 3049 852 et
3077 796 3362 853 inﬁmum
3398 798 3702 870 angelum
3727 815 3822 854 vo-

2129 886 2529 943 cat.Similiter
2546 904 2699 958 quoq
2710 905 2780 942 ue
2793 886 2849 940 in
2869 887 3168 958 prophetis
3183 888 3424 944 sanctis
3440 889 3817 960 invenimus,

2133 978 2231 1032 sed
2267 977 2448 1048 Moysi
2479 977 2720 1048 quidem
2758 977 3126 1047 propinquus
3155 993 3224 1031 ac
3275 976 3530 1032 vicinus
3565 977 3818 1049 angelus

2129 1065 2423 1136 apparuit.
2458 1066 2766 1121 Exaudivit
2791 1082 2953 1130 eum,
2975 1071 3032 1120 et
3057 1065 3292 1120 locutus
3323 1066 3382 1122 ei
3416 1071 3814 1139 Moyses,ma-

2132 1157 2340 1211 nifeste
2375 1155 2518 1210 facie
2548 1156 2620 1210 ad
2652 1157 2883 1211 faciem.
2931 1153 3078 1209 Aliis
3122 1158 3323 1209 autem
3363 1157 3694 1227 prophetis
3723 1173 3812 1212 se-

2131 1245 2390 1299 cundum
2443 1244 2842 1316 operationem
2895 1243 3239 1314 angelorum
3293 1250 3508 1299 motus
3560 1244 3809 1316 quidam

2131 1334 2328 1398 ﬁebat,
2361 1332 2537 1388 veluti
2571 1333 2931 1388 audientium
2965 1349 3031 1386 ac
3061 1332 3426 1388 videntium.
3483 1333 3723 1389 Idcirco
3753 1339 3810 1390 et

2130 1422 2236 1476 soli
2271 1422 2608 1489 audiebant,
2657 1421 2887 1492 solique
2933 1421 3270 1487 cernebant,
3305 1422 3474 1477 sicut
3503 1428 3566 1478 et
3593 1422 3774 1478 inSa-

2132 1511 2324 1566 muele
2359 1511 2768 1566 manifestatur
2787 1515 2857 1577 (e)
2885 1529 2899 1576 ;
2935 1510 3183 1565 Elisaeus
3204 1511 3387 1566 etiam
3413 1510 3583 1566 solus
3605 1512 3806 1567 audie-

2131 1599 2233 1653 bat
2263 1614 2480 1661 voccm,
2515 1596 2898 1669 quaivocatus
2929 1612 3020 1652 est
3048 1597 3210 1667 (Γ).δὶ
3244 1604 3449 1654 autem
3485 1603 3651 1653 esset
3673 1616 3797 1655 ma-

2131 1687 2344 1740 nifesta
2375 1692 2433 1741 et
2462 1687 2793 1741 communis
2824 1688 3039 1752 vox,ab
3070 1686 3350 1741 omnibus
3382 1689 3794 1758 praesentibus

2129 1777 2472 1838 audiretur;
2507 1791 2663 1830 nunc
2695 1780 2889 1829 autem
2923 1790 2954 1828 a
2997 1773 3121 1829 solo
3168 1776 3230 1828 in
3276 1791 3393 1846 quo
3424 1775 3791 1847 operabatur

377 1863 619 1933 Propter
651 1865 803 1935 quod
837 1871 894 1920 et
925 1867 1101 1922 infert
1136 1885 1149 1924 :
1182 1869 1245 1922 Et
1275 1886 1476 1925 manus
1496 1881 1699 1927 nostra
1725 1876 2020 1926 contrecta-
2052 1896 2100 1961 B
2132 1872 2326 1921 motus
2357 1867 2457 1937 qui
2488 1866 2560 1921 ab
2593 1865 2799 1936 angelo
2832 1865 3027 1931 ﬁebat,
3060 1865 3263 1920 audita
3290 1873 3395 1922 est.
3451 1867 3570 1921 Νόη
3598 1866 3782 1920 solum

377 1962 575 2008 verunt
603 1953 668 2008 de
697 1955 857 2010 verbo
886 1958 1015 2011 vita
1048 1973 1060 2011 :
1096 1959 1532 2022 contrectabilis
1581 1961 1782 2030 utique
1832 1960 2020 2016 factus

2139 1965 2339 2020 autem,
2372 1957 2565 2026 inquit
2595 1956 2668 2025 (ν.
2702 1958 2776 2020 2),
2817 1971 2919 2020 pro
2947 1957 3151 2009 nostris
3193 1957 3427 2024 peccatis
3473 1953 3769 2009 Dominus

379 2048 466 2098 est
494 2044 590 2112 qui
625 2045 782 2099 venit
811 2046 868 2099 in
902 2062 1100 2112 carne,
1133 2047 1289 2102 sicut
1316 2057 1368 2103 et
1395 2053 1510 2103 vita
1539 2063 1666 2120 quae
1693 2049 2021 2119 manifesta-

380 2141 434 2187 ta
461 2138 544 2188 est
577 2137 649 2199 (ν.
684 2137 758 2199 ‘2).
787 2134 926 2190 Nam
951 2140 1008 2190 et
1039 2135 1097 2190 in
1134 2135 1444 2208 Evangelia
1475 2139 1559 2193 sic
1590 2137 1730 2193 dicit
1757 2155 1771 2194 :
1805 2140 1870 2193 Et.
1885 2138 2025 2209 quod

378 2223 588 2290 factum
618 2231 716 2290 est,
742 2222 802 2277 in
833 2222 954 2292 ipso
985 2226 1098 2278 vita
1137 2229 1274 2288 erat,
1324 2235 1376 2281 et
1418 2225 1531 2282 vita
1559 2235 1680 2281 erat
1709 2228 1813 2282 ιυω
1841 2229 2023 2283 homi-

375 2327 512 2365 num
535 2312 632 2380 (ὁ).
684 2316 749 2367 Et
790 2314 1136 2378 nuntiamus,
1191 2314 1386 2384 inquit
1431 2316 1645 2384 (ibid.),
1675 2316 1824 2371 vobis
1852 2318 2027 2372 vitam

379 2409 641 2455 aeternam
673 2417 793 2471 qum
821 2405 939 2456 erat
961 2400 1107 2471 apud
1138 2406 1447 2471 Patrem,et
1462 2405 1652 2474 palam
1679 2409 1828 2472 facta
1851 2406 2019 2460 vobis.

381 2487 568 2543 Patris
617 2487 1002 2559 appellatione
1034 2489 1350 2560 signiﬁcat,
1400 2492 1678 2562 quoniam
1732 2500 1790 2548 et
1843 2494 2024 2550 Filius

386 2592 618 2646 semper
646 2581 771 2632 erat
801 2576 929 2632 sine
958 2577 1148 2633 initio.
1183 2579 1322 2646 Quia
1358 2583 1521 2649 Deus,
1574 2581 1771 2652 inquit
1817 2583 1889 2642 (v.
1945 2585 2023 2654 5),

386 2666 569 2719 lumen
599 2668 722 2726 est;
753 2681 868 2720 non
917 2666 1238 2722 essentiam
1289 2667 1548 2724 divinam
1595 2670 1889 2740 exprimit,
1922 2673 2022 2727 sed

385 2753 683 2809 declarare
714 2754 913 2810 volens
955 2757 1324 2824 majestatem
1353 2757 1473 2823 Dei,
1507 2760 1660 2828 quod
1697 2759 1908 2815 melius
1939 2767 2028 2816 est

386 2847 444 2898 et
489 2842 869 2898 excellentius
920 2845 1070 2914 apud
1127 2843 1396 2900 homines
1460 2848 1690 2918 proprie
1737 2849 2026 2905 divinitati

385 2932 797 3002 coaptavit.Sic
809 2937 867 2987 et
879 2932 1015 2987 Paul
1027 2950 1091 2988 us
1105 2934 1288 2988 lumen
1304 2951 1514 2992 vocans
1535 2935 1920 2994 inaccessibile
1937 2940 2026 3010 (ο).

381 3020 492 3075 Sed
525 3025 584 3074 et
610 3019 736 3087 ipse
764 3020 1022 3076 Joannes
1054 3021 1110 3076 in
1142 3023 1347 3077 eadem
1397 3023 1526 3093 ipsa
1571 3025 1851 3096 Epistola,
1885 3027 2028 3084 Cha-

387 3110 545 3175 ritas,
581 3108 791 3179 inquit,
824 3110 963 3164 Deus
992 3119 1070 3165 est
1099 3110 1215 3182 id);
1250 3113 1492 3167 virtutes
1532 3113 1875 3184 signiﬁcans
1905 3115 2026 3184 Dei,

387 3197 667 3268 quoniam
700 3199 959 3253 clemens
990 3205 1080 3254 est
1105 3203 1164 3254 et
1194 3199 1549 3268 misericors,
1580 3207 1639 3256 et
1665 3203 1763 3273 qui
1797 3203 2021 3270 lumen,

386 3285 496 3340 hoc
525 3290 616 3341 est
637 3287 836 3355 justos
866 3289 1193 3343 secundum
1221 3289 1543 3358 profectum
1559 3292 1738 3346 animi
1766 3309 1869 3364 per
1888 3295 2023 3350 eba-

387 3373 616 3430 ritatem
649 3374 975 3430 constituit.
1032 3377 1253 3432 Lumen
1284 3393 1421 3448 ergo
1468 3384 1623 3435 Deus
1654 3381 1751 3451 qui
1802 3387 1892 3437 est
1934 3383 2022 3437 in-

386 3463 735 3520 enarrabilis
766 3465 1091 3519 secundum
1119 3464 1401 3521 rationem
1432 3469 1778 3525 substantiis
1805 3487 1818 3525 :
1852 3474 1926 3526 Et
1955 3482 2028 3528 te-

384 3552 596 3618 nebrae,
629 3551 824 3622 inquit
853 3553 1135 3624 (ibid.),in
1162 3569 1221 3610 eo
1251 3559 1382 3610 sunt
1410 3555 1725 3621 nullae,boc
1754 3571 1844 3615 est
1866 3561 2029 3616 nulla

385 3640 712 3705 iracundia,
767 3641 929 3696 nulla
981 3642 1199 3712 passio,
1253 3644 1416 3699 nulla
1462 3647 1615 3701 circa
1663 3665 2026 3720 quemquam

393 3729 536 3785 mali
567 3731 814 3785 retentio
871 3730 1100 3786 nullum
1153 3733 1428 3803 perdens,
1486 3735 1585 3790 sed
1645 3739 1876 3793 cunctis
1932 3755 2029 3794 sa-

392 3817 576 3873 lutem
651 3818 934 3874 tribuens.
1005 3827 1224 3875 Lumen
1292 3828 1484 3877 autem
1554 3824 1871 3893 signiﬁcat,
1943 3826 2031 3882 vel

395 3911 680 3976 praecepta
726 3906 892 3976 legis,
941 3907 1028 3963 vel
1076 3909 1276 3978 ﬁdem,
1330 3910 1417 3965 vel
1472 3915 1816 3968 doctrinam.
1851 3914 2033 3970 Tene-

395 3994 510 4050 bris
527 4010 661 4050 vero
691 3996 902 4052 horum
928 3998 1242 4064 contraria,
1263 4015 1379 4054 non
1402 3999 1578 4055 veluti
1611 4002 1794 4058 altera
1824 4003 1915 4058 via
1936 4004 2032 4060 sit.

397 4083 523 4140 Una
579 4084 796 4157 quippe
835 4085 928 4141 via
975 4091 1064 4142 est
1108 4089 1432 4143 secundum
1484 4097 1773 4162 praecepta
1817 4092 2033 4149 divina.

396 4172 601 4229 Monas
632 4190 888 4244 namque
918 4174 1021 4229 D‘ei
1052 4191 1202 4246 opus
1230 4182 1342 4244 est,
1372 4177 1514 4248 dyas
1546 4185 1738 4236 autem
1770 4187 1826 4236 et
1861 4183 2037 4253 quid-

399 4262 541 4334 quid
575 4267 784 4334 praeter
813 4264 1124 4320 monadem
1157 4270 1482 4334 constat,ex
1503 4267 1628 4322 vitae
1663 4271 2041 4339 perversitate

397 4351 708 4422 contingit.
743 4355 809 4406 Et
833 4351 1062 4420 sanguis
1091 4351 1227 4408 Filii
1253 4353 1591 4426 ejus,inquit
1619 4357 1694 4427 (ν.
1715 4359 1791 4429 7),
1813 4359 2044 4415 mundat

402 4454 522 4495 nos.
557 4440 705 4494 371
741 4439 1014 4496 Doctrina
1040 4441 1256 4512 quippe
1289 4441 1517 4498 Domini
1541 4461 1667 4515 quae
1691 4446 1853 4503 valde
1877 4447 2043 4505 fortis

404 4533 515 4596 est,
550 4530 795 4600 sanguis
825 4530 953 4598 ejus
984 4529 1270 4601 appellata
1300 4537 1410 4588 est.
1461 4534 1616 4602 Quod
1645 4538 1696 4590 si
1737 4537 2045 4593 dixerimus

2133 2045 2480 2116 prepitiator
2508 2048 2616 2108 est,
2652 2043 2760 2099 hoc
2790 2049 2880 2099 est
2909 2044 3189 2109 ﬁdelium,
3217 2045 3315 2098 sed
3338 2043 3502 2098 etiam
3529 2058 3631 2111 pro
3653 2048 3764 2097 toto

2129 2135 2344 2190 mundo
2363 2151 2384 2195 ;
2417 2133 2658 2205 proinde
2688 2133 2990 2189 universos
3021 2134 3254 2204 quidem
3274 2132 3574 2201 salvat,sed
3606 2132 3757 2186 alios

2133 2240 2232 2295 per
2263 2222 2552 2292 supplicia
2595 2228 2959 2289 convertens,
3011 2222 3159 2278 alios
3199 2229 3389 2277 autem
3435 2227 3752 2292 spontanee

2134 2321 2512 2384 assequenles
2541 2310 2929 2378 voluntate,et
2950 2327 3081 2366 cum
3109 2310 3349 2366 honoris
3377 2309 3668 2380 dignitate,
3696 2311 3758 2363 ut

2131 2417 2292 2458 omne
2315 2416 2460 2471 genu
2492 2402 2745 2461 ﬂectatur
2773 2403 2845 2465 ei,
2874 2400 3192 2466 antestium,
3226 2400 3571 2455 terrestrium
3598 2401 3649 2451 et
3675 2397 3760 2450 in-

2131 2497 2424 2558 fernarum
2445 2495 2518 2556 (g)
2545 2508 2558 2554 ς
2584 2487 2691 2542 hoc
2712 2495 2799 2543 est
2829 2487 3326 2558 angeli,homines
3348 2492 3403 2542 et
3420 2485 3627 2542 animae
3643 2498 3766 2553 qua

2134 2583 2267 2634 ante
2296 2579 2606 2633 adventum
2639 2577 2769 2645 ejus
2801 2576 2871 2631 de
2901 2575 3011 2631 hac
3047 2576 3167 2631 vita
3199 2575 3520 2648 migravere
3550 2579 3770 2644 tempe.

2137 2667 2266 2722 rali.
2299 2667 2364 2721 Et
2392 2666 2455 2720 in
2483 2665 2580 2721 hoc
2619 2667 2994 2736 cognoscimus
3022 2666 3281 2737 quoniam
3335 2665 3587 2721 novimus
3627 2677 3770 2727 eum,

2135 2758 2185 2811 si
2211 2755 2475 2810 mandata
2503 2756 2618 2824 ejus
2647 2754 3018 2809 custodiamus
3049 2765 3121 2822 (ν.
3155 2755 3252 2825 3);
3282 2755 3386 2826 qui
3416 2754 3574 2810 enim
3606 2747 3768 2806 intel-

2110 2848 2304 2901 tector
2333 2846 2652 2915 est,utique
2683 2849 2740 2898 et
2769 2859 2944 2913 opera
2972 2843 3196 2914 perﬁcit
3224 2860 3355 2914 quas
3391 2842 3684 2914 pertinent
3704 2837 3773 2892 ad

2135 2935 2366 2990 virtutis
2380 2932 2636 2989 ofﬁcium
2648 2933 2779 2997 .Oui
2805 2949 2936 2988 vero
2949 2949 3126 3002 opera
3139 2931 3453 3004 perﬁcitd‘
3467 2947 3584 2987 non
3606 2925 3779 2985 conti-

2138 3040 2254 3080 nuo
2275 3022 2449 3079 etiam
2469 3021 2781 3077 intellector
2801 3021 2915 3091 ('87)
2939 3022 3250 3076 est.Potest
3268 3021 3428 3076 enim
3452 3034 3587 3076 esse
3609 3025 3778 3073 recta-

2136 3131 2266 3168 rum
2298 3112 2853 3184 operationum,non
2875 3115 3072 3165 tamen
3105 3109 3569 3181 intelligibilium
3593 3122 3780 3164 sacra-

2139 3207 2472 3258 mentorum
2497 3200 2796 3271 cognitor;
2833 3200 3071 3254 demum
3096 3199 3289 3255 sciens
3311 3200 3582 3269 quaedam
3609 3209 3778 3267 opera

2138 3291 2334 3364 perﬁci
2365 3290 2576 3345 timore
2608 3287 2906 3359 supplicii,
2961 3288 3227 3358 quedam
3258 3303 3391 3343 vero
3423 3291 3664 3359 propter
3694 3297 3774 3337 re-

2136 3379 2582 3452 promissionem
2617 3377 3129 3444 remunerationis,
3158 3376 3345 3441 docet,
3365 3374 3776 3448 perfectionem

2135 3467 2554 3525 intellectualis
2586 3465 2846 3520 hominis
2877 3482 2978 3536 per
3007 3464 3356 3519 charitatem
3408 3482 3590 3536 opera
3621 3475 3773 3516 com-

2135 3556 2349 3630 pientis
2383 3574 2394 3610 :
2433 3554 2673 3626 proinde
2701 3553 3092 3625 subjungitac
3121 3553 3262 3608 dicit
3284 3557 3358 3621 (ν.
3390 3553 3450 3623 5)
3483 3571 3497 3608 :
3533 3553 3638 3621 Qui
3654 3562 3776 3605 vero

2137 3646 2368 3701 custodit
2400 3645 2623 3698 verbum
2651 3643 2769 3710 eius
2798 3658 2959 3709 vere;
2992 3643 3053 3696 in
3094 3641 3195 3696 hoc
3239 3643 3486 3697 Charitas
3535 3639 3636 3696 Dei
3659 3651 3781 3706 per-

2138 3737 2284 3805 fecta
2312 3738 2411 3789 est.
2447 3735 2508 3788 In
2539 3731 2636 3786 hoc
2664 3733 2810 3786 enim
2837 3730 3230 3802 cognoscimus,
3261 3733 3538 3801 quoniam
3576 3729 3639 3784 in
3670 3729 3782 3796 ipso

2140 3839 2332 3878 sumus
2365 3823 2689 3877 secundum
2725 3821 2898 3875 ﬁdem
2933 3825 2990 3875 et
3037 3820 3365 3875 secundum
3414 3820 3786 3876 charitatem.

2142 3913 2261 3968 Non
2289 3912 2608 3966 mandatum
2657 3926 2859 3966 novum
2904 3909 3082 3966 scribo
3124 3911 3294 3978 vobis,
3323 3911 3421 3965 sed
3465 3907 3792 3964 mandatum

2143 4008 2296 4056 vetus
2327 4000 2469 4071 quod
2514 3998 2790 4054 habuistis
2818 4017 2853 4053 a
2895 3999 3177 4069 principio
3206 3998 3282 4069 (ν.
3313 3998 3395 4068 7),
3449 4013 3559 4069 per
3607 3995 3790 4066 legem

2147 4089 2368 4146 scilicet
2396 4095 2453 4144 et
2484 4088 2818 4159 prephetas.
2854 4086 2960 4142 Ubi
2995 4088 3208 4143 dicitur
3236 4103 3379 4142 unus
3407 4091 3485 4143 est
3513 4095 3601 4142 est
3633 4085 3788 4140 Deus.

2150 4179 2368 4235 Idcirco
2400 4182 2453 4232 et
2486 4178 2664 4233 infert
2693 4177 2885 4245 (ibid.)
2920 4194 2933 4232 :
2971 4178 3239 4246 Quoniam
3285 4177 3618 4232 mandatum
3645 4173 3791 4230 vetus

2148 4274 2226 4324 est
2255 4269 2480 4323 verbum
2507 4268 2654 4338 quod
2683 4267 2937 4322 audistis.
2972 4267 3188 4320 Iterum
3217 4270 3412 4320 autem
3446 4265 3594 4320 dicit
3621 4259 3788 4335 (v.8):

2153 4357 2487 4414 Mandatum
2518 4363 2700 4411 autem
2729 4354 2827 4410 hoc
2861 4359 2936 4410 est
2988 4356 3132 4426 quod
3153 4354 3390 4412 tenebrae
3428 4354 3793 4409 transierunt.

2153 4445 2542 4517 perversionis
2575 4444 2819 4508 scilicet,
2852 4452 2904 4500 et
2935 4443 3119 4498 lumen
3159 4459 3348 4499 verum
3390 4459 3513 4500 ecce
3531 4445 3659 4514 jam
3684 4437 3794 4495 cla-

2154 4535 2308 4597 ruit;
2354 4534 2678 4590 secundum
2735 4533 2909 4588 ﬁdem
2961 4531 3208 4601 scilicet,
3265 4532 3590 4587 secundum
3634 4523 3794 4583 intel-

403 4617 543 4688 quod
572 4633 682 4673 non
710 4621 1402 4689 peccavimus,mendacem
1428 4623 1667 4692 facimus
1694 4641 1842 4692 eum,
1874 4631 2047 4684 elver-
2077 4622 2123 4687 D
2156 4623 2732 4689 lectum,secundum
2767 4620 3542 4686 testamentum,secundum
3580 4631 3792 4691 praepa-

408 4707 535 4762 bum
565 4709 682 4775 eius
711 4723 818 4763 non
849 4716 928 4763 est
957 4710 1014 4763 in
1045 4709 1201 4764 nobis
1231 4712 1304 4782 (ν.
1337 4710 1410 4780 9).
1453 4712 1726 4769 Doctrina
1777 4717 1926 4785 ejus,
1959 4715 2043 4770 vi-

402 4795 616 4852 delicet
645 4796 763 4853 sive
793 4797 1060 4865 verbum,
1092 4801 1304 4854 veritas
1331 4805 1438 4856 est.
1490 4803 1554 4856 Et
1602 4805 1654 4858 si
1680 4804 1828 4875 quis,
1861 4804 2048 4875 inquit

406 4887 555 4956 (cap.
586 4903 648 4952 ιι,
684 4903 736 4943 v.
776 4887 849 4956 1),
879 4888 1206 4956 peccaverit,
1237 4891 1632 4946 consolatorem
1681 4893 1946 4949 habemus
1975 4896 2048 4949 ad

408 4975 636 5030 Patrem
665 4978 851 5031 Jesum
885 4975 1177 5031 Christum.
1211 4976 1376 5033 Sicut
1429 4980 1584 5037 enim
1629 4983 1781 5053 apud
1817 4982 2045 5038 Patrem

403 5063 738 5121 consolator
770 5069 858 5120 est
889 5081 992 5136 pro
1025 5065 1196 5121 nobis
1223 5065 1509 5124 Dominus
1539 5089 1552 5138 ;
1587 5069 1672 5125 sic
1701 5075 1875 5125 etiam
1909 5086 2045 5125 con-

404 5153 628 5210 solatur
657 5159 746 5208 est
775 5170 949 5226 quem
984 5160 1116 5225 post
1145 5157 1612 5228 assumptioncm
1646 5176 1814 5214 suam
1847 5159 2049 5231 digna—

404 5248 500 5300 tus
533 5247 624 5299 est
658 5243 908 5299 mittere.
939 5246 1035 5298 Hae
1067 5261 1324 5317 namque
1359 5246 1664 5318 primitivae
1701 5249 1948 5304 virtutes
1981 5265 2048 5304 ac

400 5334 593 5403 primo
626 5332 1193 5398 creatae,immobiles
1210 5334 1554 5393 exsistentes
1570 5338 1891 5394 secundum
1914 5339 2050 5394 sub-

2159 4719 2285 4769 rata
2305 4711 2531 4782 judicia
2564 4712 2622 4765 in
2658 4710 3002 4766 hominibus
3032 4724 3296 4781 operans.
3326 4707 3430 4776 Qui
3449 4707 3587 4764 dicit
3603 4724 3684 4774 se,
3706 4705 3788 4758 in-

2157 4803 2287 4877 quit
2315 4815 2389 4875 (v.
2424 4802 2498 4866 9),
2531 4799 2591 4855 in
2624 4797 2836 4854 lumine
2859 4815 2991 4868 esse,
3036 4798 3093 4852 in
3127 4797 3352 4853 lumine
3382 4797 3525 4852 dicit
3555 4797 3614 4852 in
3646 4791 3792 4850 veri-

2155 4898 2298 4948 tate.
2333 4894 2398 4946 Et
2424 4892 2660 4960 fratrem
2691 4904 2873 4955 suum,
2903 4887 3097 4958 inquit
3129 4887 3337 4952 (ibid.),
3373 4885 3510 4942 odit.
3543 4889 3794 4942 Fratrem

2157 4983 2420 5040 videlicet
2451 4980 2593 5036 dicit
2617 4995 2732 5035 non
2766 4978 2958 5034 solum
2991 4978 3346 5049 proximum,
3393 4977 3492 5032 sed
3524 4981 3582 5032 et
3610 4969 3796 5033 Domi-

2159 5071 2595 5130 num.0derunt
2613 5069 2771 5124 enim
2797 5084 2932 5123 cum
2957 5064 3307 5131 inﬁdeles,et
3328 5083 3442 5121 non
3473 5063 3795 5122 custodien-

2158 5169 2246 5219 tes
2274 5163 2550 5218 mandata
2571 5159 2971 5238 ejus.Propter
2993 5157 3146 5227 quod
3181 5156 3355 5210 etiam
3389 5156 3567 5212 infert
3587 5152 3790 5226 (v.40):

2161 5253 2269 5321 Qui
2315 5250 2504 5320 diligit
2547 5254 2777 5322 fratrem
2824 5261 3008 5315 suum,
3061 5245 3120 5299 in
3167 5244 3376 5299 lumine
3416 5251 3718 5316 permanet,
3745 5243 3794 5292 et

2161 5338 2487 5395 scandalum
2521 5340 2582 5394 in
2611 5353 2671 5394 eo
2701 5353 2817 5391 non
2859 5342 2959 5390 est.
3012 5331 3225 5388 Deinde
3272 5333 3566 5404 profectus
3597 5336 3652 5389 et
3681 5341 3796 5402 pro-

473 5524 1211 5609 ΡέωΟΟἱΕρζῙῖΟΤΤΕΗ·
1291 5531 1369 5609 ἔα)
1395 5533 1567 5609 ξῖρέΨ·
1601 5551 1638 5603 ι,
1674 5536 1734 5609 1-
1779 5537 1855 5607 (ὖ)
1890 5537 2032 5591 ibid.
2065 5535 2121 5608 3,
2153 5537 2209 5591 4.
2286 5536 2358 5609 (c)
2387 5536 2407 5593 Ι
2435 5537 2580 5593 Tim.
2611 5552 2690 5602 v1,
2723 5535 2808 5590 16.
2885 5532 2964 5604 (d)
2994 5534 3017 5588 Ι
3049 5532 3218 5588 Joan.
3252 5547 3327 5598 IV,
3363 5530 3448 5586 16.
3525 5531 3640 5602 (e)I
3669 5526 3797 5594 Reg.

397 5596 432 5650 3
461 5608 638 5662 seqq.
713 5594 785 5663 (Γ)
814 5596 891 5654 ΙΙΙ
924 5600 1062 5673 Reg.
1095 5617 1210 5657 xix.
1283 5594 1362 5673 (ο)
1392 5602 1540 5659 Phil.
1583 5594 1646 5674 n,
1676 5605 1764 5661 40.

467 5707 603 5783 (87)
633 5705 962 5788 Gnosticus,
995 5735 1062 5778 ex
1091 5716 1404 5777 Clementis
1433 5716 1698 5778 dialecto.
