4078 6146
342 252 461 309 737

1830 243 2298 302 FRAGMENTA.

3658 249 3765 309 738

349 375 652 433 vectiones
676 370 974 448 signiﬁcat
997 369 1332 428 animarum
1353 367 1548 424 adhuc
1572 366 1633 422 in
1661 382 1837 424 carne
1859 365 2013 438 posi-
2045 367 2098 435 Α
2125 367 2360 440 virtute,
2392 373 2453 425 ut
2481 371 2663 441 ipsum
2687 333 2920 425 vultum
2947 370 3073 441 ejus
3120 369 3402 427 videamus
3446 371 3613 430 sicuti
3657 383 3762 446 est,

357 471 579 532 tarum,
627 469 687 520 et
732 461 939 534 ﬁliolas
987 459 1225 532 quidem
1258 472 1463 512 vocare
1495 472 1595 511 eos
1627 455 1844 526 quibus
1875 459 2015 510 sunt

358 555 611 611 remissa
641 555 885 626 peccata
912 554 1153 623 propter
1173 561 1385 602 nomen
1425 543 1657 599 Domini
1682 560 1818 599 nam
1844 543 2014 599 multi

365 642 492 701 solo
537 642 792 700 credunt
821 639 1080 695 nomine.
1114 637 1302 692 Patres
1343 636 1530 690 autem
1581 634 1864 703 perfectos
1915 648 2016 702 ap-

365 732 573 805 pellat,
595 747 697 787 eos
729 728 832 802 qui
864 727 1264 783 intellexerunt
1291 723 1430 797 quod
1457 725 1586 778 erat
1609 723 1676 777 ab
1725 721 1915 788 initio,
1962 727 2019 775 et

364 819 815 890 intelligibiliter
837 822 1194 888 perceperunt
1229 813 1307 884 (ν,
1343 812 1450 882 l3).
1486 811 1700 866 Filium
1747 810 2022 864 videlicet

379 913 455 966 de
487 926 607 983 quo
638 924 813 980 supra
842 906 1009 969 dixit,
1041 902 1181 975 quod
1205 904 1332 957 erat
1359 902 1427 956 ab
1460 900 1642 955 initio.
1680 899 1889 963 Scribo,
1925 899 2022 951 in-

371 999 506 1069 quit
529 998 736 1067 (ibid.),
764 996 912 1050 vobis
931 995 1182 1065 juvenes,
1241 993 1379 1063 quia
1433 991 1642 1044 vicistis
1683 990 2019 1056 malignum.

377 1088 585 1142 Fortes
605 1087 850 1156 juvenes
871 1085 1312 1137 contemnentes
1335 1081 1689 1149 voluptates;
1711 1079 2024 1145 malignum

381 1175 599 1231 diaboli
627 1171 1025 1228 extollentiam
1050 1169 1364 1241 signiﬁcat.
1403 1167 1528 1223 Filii
1562 1173 1758 1222 autem
1811 1182 2024 1235 cogno-

379 1269 556 1319 scunt
586 1263 835 1326 Patrem,
869 1265 1070 1330 utpote
1103 1257 1202 1328 qui
1235 1257 1308 1311 ab
1342 1255 1515 1311 idolis
1533 1257 1944 1326 confugerunt,
1971 1258 2029 1308 et

373 1353 446 1408 ad
483 1367 664 1406 unum
703 1353 878 1405 Deum
914 1346 1212 1402 convocati
1246 1349 1404 1401 sunt.
1459 1345 1729 1411 Quoniam
1757 1344 2027 1411 mundus,

369 1441 573 1512 inquit
601 1441 676 1512 (ν.
712 1438 820 1508 15),
853 1439 919 1493 in
944 1437 1198 1505 maligno
1255 1443 1354 1490 est.
1413 1433 1616 1489 Nonne
1672 1433 1932 1487 mundus
1975 1437 2031 1487 et

374 1529 581 1587 omnia
608 1545 738 1600 qua
772 1529 831 1581 in
865 1525 1088 1582 mundo
1118 1528 1260 1579 sunt
1290 1527 1562 1579 creatura
1595 1521 1696 1577 Dei
1728 1521 2030 1590 dicuntur,

381 1623 446 1674 et
475 1619 599 1674 haec
639 1616 808 1672 valde
865 1613 1060 1671 bona?
1119 1613 1222 1668 Sed
1277 1610 1722 1682 concupiscentia
1773 1612 1962 1690 carnis
1983 1615 2033 1665 et

2119 457 2752 529 comprehensibiliter.
2785 458 2873 526 (V.
2904 459 2958 529 8)
2992 477 3004 514 :
3040 459 3147 528 Qui
3173 476 3300 516 vero
3345 462 3484 529 facit
3529 463 3764 534 injusti-

2122 545 2280 613 tiam,
2336 565 2408 602 ea:
2463 547 2681 603 diabolo
2737 551 2840 615 est,
2871 547 2979 603 hoc
3034 553 3125 603 est
3180 565 3249 604 ex
3301 559 3457 620 patre
3503 551 3719 608 diabolo
3753 569 3765 583 ·

2122 637 2510 707 eamdemque
2541 640 2883 692 consectans
2911 641 2969 691 et
2996 636 3534 710 eligens.Abinitio,
3565 640 3763 713 inquit

2125 723 2336 795 (ibid.),
2370 725 2620 780 diabolus
2647 727 2852 796 peccat.
2886 725 2971 781 Ab
2993 725 3159 782 initio
3182 727 3407 783 scilicet
3427 747 3460 784 a
3482 746 3600 801 quo
3634 745 3774 802 pec-

2123 829 2255 867 care
2286 815 2459 884 cmpit
2499 813 3024 870 inconvertibiliter
3065 815 3125 870 in
3178 818 3470 886 peccando
3503 835 3772 890 perseve—

2124 917 2285 956 rans.
2319 903 2527 970 Omnis,
2560 902 2754 974 inquit
2785 904 2857 974 (v.
2889 904 2966 970 9),
2997 905 3102 974 qui
3157 913 3330 960 natus
3381 923 3450 962 ea:
3507 909 3612 964 Deo
3669 919 3773 978 est,

2125 1008 2233 1046 non
2265 999 2468 1062 peccat,
2504 994 2603 1065 qui
2654 1009 2834 1049 semen
2866 996 2984 1067 ejus
3039 997 3098 1049 in
3152 1011 3212 1051 eo
3267 1007 3469 1054 manet.
3511 998 3771 1056 Verbum

2128 1082 2256 1151 ejus
2333 1081 2605 1137 videlicet
2663 1083 2720 1136 in
2781 1099 2847 1138 eo
2907 1085 3230 1138 secundum
3293 1087 3463 1140 fidem
3533 1093 3773 1144 renatus

2130 1175 2239 1226 est.
2273 1170 2357 1239 (V.
2412 1171 2498 1241 10)
2535 1188 2547 1224 :
2581 1171 2675 1227 Sic
2729 1172 2879 1242 ﬁlios
2941 1175 3039 1228 Dei
3093 1173 3463 1245 intelligimus
3517 1178 3662 1232 sicut
3718 1184 3774 1233 et

2132 1259 2277 1328 ﬁlios
2305 1259 2538 1328 diaboli,
2571 1261 2791 1315 similia
2834 1261 3065 1316 diabolo
3096 1262 3415 1334 eligentes;
3467 1266 3549 1320 sic
3597 1267 3776 1323 etiam

2097 1365 2202 1403 .ex
2257 1348 2516 1421 maligno
2575 1365 2704 1404 esse
2779 1349 3013 1405 dicitur.
3074 1350 3163 1421 (V.
3229 1353 3314 1422 15)
3365 1367 3379 1408 :
3432 1353 3619 1410 Omnis
3675 1355 3773 1427 qui

2136 1437 2248 1492 odit
2302 1441 2535 1507 fratrem
2590 1455 2778 1497 suum.
2838 1437 3113 1494 homicida
3165 1446 3264 1496 est.
3328 1441 3388 1496 In
3453 1442 3562 1498 hoc
3617 1446 3774 1500 enim

2137 1528 2462 1582 secundum
2522 1527 2933 1582 infidelitatem
2979 1528 3252 1585 Christus
3300 1531 3590 1588 moritur:
3625 1539 3780 1589 recte

2139 1614 2336 1684 itaque
2393 1616 2702 1688 subiungit
2756 1616 2959 1671 dicens
3019 1617 3216 1687 (ibid.)
3261 1634 3274 1672 :
3319 1621 3384 1674 Et
3439 1620 3590 1676 scitis
3650 1623 3783 1693 quia

383 1709 691 1805 oculorum,
742 1715 795 1761 et
851 1704 1080 1804 ambitio
1128 1702 1320 1757 δεσυιὶ
1374 1703 1450 1772 (ν.
1490 1700 1603 1770 16),
1635 1715 1764 1771 quae
1807 1716 1875 1754 ex
1903 1701 2032 1805 vitae
2063 1741 2108 1805 Β
2143 1705 2325 1757 omnis
2354 1703 2627 1759 homicida
2659 1709 2707 1759 et
2739 1705 2991 1775 inﬁdelis
3020 1721 3130 1760 non
3160 1706 3321 1762 habet
3366 1708 3562 1764 vitiam
3611 1715 3778 1767 aeter-

389 1797 763 1868 perversione
843 1793 1210 1862 contingunt,
1282 1806 1395 1847 non
1449 1806 1520 1845 ex
1572 1795 1758 1852 Patre,
1815 1789 1917 1844 sed
1965 1805 2034 1844 ex

388 1886 592 1942 mundo
623 1889 719 1950 est,
777 1891 832 1938 et
886 1899 955 1936 ex
1014 1882 1203 1936 vobis.
1261 1881 1472 1935 Idcirco
1530 1887 1584 1934 et
1636 1877 1872 1932 mundus
1902 1894 2030 1947 per-

385 1977 617 2029 transiet
669 1979 726 2027 et
777 1967 1218 2041 concupiscentia
1277 1969 1393 2039 ejus
1451 1968 1524 2039 (ν.
1585 1967 1671 2036 17)
1709 1967 1850 2037 :qui
1911 1981 2034 2021 vero

381 2064 581 2134 fecerit
607 2063 950 2118 voluntatem
1006 2061 1104 2114 Dei
1153 2064 1210 2113 et
1268 2058 1545 2112 mandata
1603 2057 1751 2127 ejus,
1810 2071 2034 2126 perma-

382 2157 480 2206 net
510 2153 571 2206 in
599 2155 892 2208 aeternum.
930 2150 1012 2204 Ec
1038 2148 1221 2213 nobis,
1244 2147 1460 2218 inquit,
1492 2147 1567 2217 (ν.
1607 2146 1716 2216 19),
1747 2146 2033 2210 exierunt,

388 2241 486 2297 sed
513 2256 621 2297 non
649 2249 810 2295 erant
843 2254 917 2294 ea:
935 2237 1113 2303 nobis;
1147 2252 1336 2306 neque
1367 2233 1556 2306 angeli
1591 2237 1896 2305 apostataa,
1930 2248 2035 2287 ne-

387 2346 508 2402 que
538 2329 812 2385 homines
862 2327 1155 2392 cadentes,
1187 2325 1280 2380 sed
1325 2332 1386 2379 ut
1429 2323 1869 2391 manifestantur
1897 2336 2030 2391 quo-

377 2419 540 2476 niam
567 2436 682 2474 non
706 2426 837 2474 sunt
862 2433 937 2472 ea:
963 2416 1124 2471 nobis
1180 2415 1316 2486 (88).
1363 2414 1529 2469 Clare
1581 2412 1727 2467 satis
1755 2409 2038 2466 discernit

396 2525 587 2581 genus
613 2507 932 2563 electorum
965 2509 1024 2560 et
1051 2503 1437 2575 perditorum,
1485 2507 1543 2556 et
1593 2501 1738 2555 illud
1791 2499 2033 2572 quidem

387 2598 549 2669 quod
581 2597 641 2650 in
670 2595 783 2650 ﬁde
805 2593 1522 2667 permanens,unotionem
1552 2590 1726 2644 habet
1756 2606 1790 2644 a
1811 2592 2037 2650 sancto,

395 2703 527 2758 quas
560 2686 626 2740 ﬁt
645 2685 963 2740 secundum
992 2680 1315 2745 ﬁdem.Qui
1337 2696 1471 2735 vero
1499 2696 1614 2734 non
1641 2683 1946 2750 permanet
1977 2679 2038 2732 in

397 2777 534 2836 fide,
567 2773 813 2829 mendax
832 2776 941 2841 est,
964 2776 1023 2826 et
1047 2769 1454 2826 antichristus.
1491 2767 1596 2835 Qui
1637 2766 1802 2834 dicit,
1846 2768 2043 2838 inquit

403 2866 478 2933 (ν.
512 2865 622 2930 22),
654 2864 788 2934 quia
823 2863 980 2917 Iesus
1029 2875 1139 2914 non
1172 2862 1252 2913 est
1318 2857 1589 2912 Christus.
1649 2856 1825 2911 Jesus
1882 2856 2039 2911 enim

406 2952 674 3009 Salvator
698 2956 756 3006 et
775 2951 1056 3005 liberator
1075 2953 1132 3002 et
1155 2947 1426 3002 Christus
1457 2962 1554 3000 rex
1580 2961 1594 3000 :
1626 2947 1722 3016 qui
1740 2954 1911 3016 negat
1950 2945 2040 3000 Fi-

2143 1809 2274 1846 nam
2303 1794 2361 1846 in
2391 1795 2571 1862 seipso
2599 1799 2935 1848 manentem.
2968 1793 3027 1848 In
3065 1799 3255 1850 mente
3273 1797 3489 1868 quippe
3512 1799 3666 1854 fideli
3691 1800 3780 1854 vi-

2141 1897 2282 1936 vens
2313 1881 2525 1936 Christi
2578 1888 2894 1952 permanet,
2920 1882 3040 1952 ipse
3068 1887 3217 1938 enim
3245 1901 3342 1954 pro
3368 1888 3526 1943 nobis
3555 1889 3630 1959 (ν.
3665 1891 3780 1962 16),

2145 1968 2253 2024 hoc
2283 1976 2371 2024 est
2402 1987 2504 2040 pro
2534 1971 2927 2039 credentibus,
2957 1970 3202 2027 animam
3233 1991 3391 2029 suam
3418 1979 3636 2045 posuit;
3672 1977 3781 2034 hoc

2144 2063 2235 2112 est
2255 2075 2358 2128 pro
2372 2058 2740 2128 apostolis.Si
2765 2075 2902 2130 ergo
2917 2076 3018 2130 pro
3033 2061 3312 2131 apostolis
3335 2064 3592 2119 animam
3607 2082 3778 2122 suam

2147 2146 2362 2216 posuit,
2393 2146 2692 2218 apostolos
2743 2155 2936 2202 autem
2982 2152 3109 2220 ejus
3128 2149 3620 2223 dicitsemetipsos,
3645 2157 3783 2209 tan-

2145 2251 2321 2304 quam
2347 2234 2394 2288 si
2419 2234 3056 2306 diceret,nos,inquam,
3077 2236 3348 2306 apostoli,
3375 2244 3610 2309 propter
3631 2255 3781 2311 quos

2147 2322 2403 2378 animam
2424 2339 2592 2378 suam
2617 2323 2834 2394 posuit,
2864 2323 3116 2379 debemus
3139 2341 3237 2395 pro
3259 2325 3531 2394 fratribus
3556 2330 3786 2385 ani-mas

2143 2411 2504 2483 ponere(ib.),
2524 2412 2684 2467 salus
2705 2412 2921 2484 quippe
2948 2415 3366 2484 proximorum,
3386 2417 3784 2486 apostolorum

2145 2505 2270 2580 erat
2290 2500 2630 2571 gloria.quia
2659 2503 2833 2570 maior
2851 2501 3496 2572 est,inquit(v.20),Deus
3524 2507 3682 2562 corde
3698 2523 3795 2563 no-

2144 2591 2276 2655 stra,
2310 2590 2420 2645 hoc
2441 2594 2531 2646 est
2552 2590 2734 2645 virtus
2756 2590 2849 2645 Dei
2865 2591 3224 2647 conscientia
3245 2609 3369 2662 quae
3393 2611 3459 2649 su
3471 2595 3608 2667 bseq
3620 2601 3794 2654 uetur

2147 2678 2428 2744 animam,
2477 2683 2712 2750 propter
2759 2680 2912 2750 quod
2947 2681 3258 2752 subjungit
3286 2685 3342 2736 et
3373 2683 3516 2737 dicit
3547 2683 3742 2756 (ibid.)
3776 2698 3792 2738 :

2146 2766 2423 2836 Quoniam
2449 2767 2721 2838 cognoscit
2749 2767 2956 2823 omnia.
2983 2769 3068 2840 (V.
3090 2769 3183 2840 21)
3209 2785 3220 2824 :
3249 2770 3609 2840 Charissimi,
3639 2777 3688 2828 si
3707 2789 3800 2829 cor

2147 2865 2399 2911 nostrum
2461 2872 2567 2911 non
2598 2856 2902 2925 redarguat
2929 2872 3050 2923 nos,
3079 2858 3339 2927 ﬁduciam
3382 2861 3600 2916 habebit
3650 2861 3800 2932 apud

2151 2944 2504 3015 Deum.(Cap.
2529 2961 2605 3010 1v,
2631 2962 2684 2999 ν.
2707 2946 2764 3017 2)
2789 2963 2800 3000 :
2830 2947 2889 3001 In
2915 2946 3015 3002 hoc
3043 2947 3418 3018 cognoscimus
3455 2951 3588 3020 quia
3610 2958 3801 3005 manet

405 3042 545 3097 lium
589 3048 664 3110 (ν.
721 3039 838 3106 23),
899 3037 1224 3110 ignorando
1281 3051 1439 3098 eum,
1497 3049 1597 3090 nec
1655 3035 1882 3088 Patrem
1936 3035 2043 3088 ha-
2081 3101 2116 3110 _
2154 3032 2218 3087 in
2245 3032 2424 3102 nobis,
2455 3033 2520 3087 de
2549 3035 2759 3102 spiritu
2785 3051 2942 3105 quem
2970 3035 3116 3090 dedit
3141 3037 3296 3092 nobis
3321 3040 3643 3093 secundum
3671 3038 3795 3110 epi-

397 3132 506 3199 bet,
564 3101 757 3200 neque
802 3101 1113 3198 cognoscit
1170 3140 1328 3180 eum.
1387 3123 1496 3190 Qui
1549 3139 1682 3178 vero
1741 3122 2044 3195 cognoscit
2071 3101 2116 3170 (ἶ
2157 3127 2484 3194 scopatum,
2511 3101 2732 3192 scilicet
2776 3101 2833 3177 et
2873 3125 3296 3194 providentiam
3334 3128 3620 3182 futurum.
3656 3101 3796 3182 Per-

393 3220 604 3275 Filium
663 3222 721 3273 et
778 3221 1010 3272 Patrem
1087 3213 1412 3269 secundum
1485 3211 1789 3266 scientiam
1846 3211 2043 3278 novit;

397 3325 535 3366 cum
593 3306 1011 3363 manifestatus
1069 3303 1246 3358 tuerit
1305 3301 1606 3367 Dominus,
1663 3300 1724 3355 in
1782 3300 2042 3355 secundo

397 3399 674 3463 adventu,
709 3395 986 3450 fiduciam
1035 3390 1298 3452 habebit,
1345 3395 1404 3446 et
1462 3406 1577 3444 non
1626 3388 2042 3444 confundetur.

401 3488 537 3552 Qua
567 3484 836 3542 confusio
867 3489 959 3538 est
985 3482 1209 3553 grande
1265 3479 1645 3550 supplicium.
1706 3476 1922 3546 Omnis,
1955 3479 2045 3532 in-

395 3577 524 3648 quit
552 3577 630 3647 (v.
660 3573 776 3645 29),
809 3571 909 3644 qui
932 3571 1071 3642 facit
1089 3568 1401 3639 justitiam,
1451 3583 1522 3623 ea:
1574 3572 1684 3622 Deo
1732 3575 1896 3622 natus
1940 3575 2042 3635 est,

401 3667 726 3721 secundum
780 3661 954 3716 ﬁdem
990 3659 1217 3714 scilicet
1246 3662 1504 3711 renatus.
1534 3656 1696 3726 (Cap.
1728 3672 1813 3719 ιιι,
1845 3672 1904 3709 v.
1940 3655 1991 3726 1)
2028 3670 2042 3709 :

397 3756 702 3826 Propterea
733 3750 975 3806 mundus
1011 3764 1124 3803 non
1165 3747 1436 3817 cognoscit
1483 3761 1601 3811 nos,
1650 3746 1918 3816 quoniam
1947 3759 2047 3799 nec

399 3860 526 3900 eum
558 3841 826 3913 cognovit.
855 3838 1139 3893 Mundam
1167 3835 1309 3889 dicit
1337 3833 1698 3889 saeculariter
1729 3835 1786 3888 in
1820 3832 2046 3888 deliciis

400 3933 687 3988 viventes.
724 3926 1094 3995 Dilectissimi,
1127 3924 1321 3995 inquit
1360 3923 1436 3995 (ν.
1475 3923 1552 3994 2),
1601 3939 1754 3978 nunc
1795 3921 1903 3991 ﬁlii
1952 3923 2050 3976 Dei

398 4037 615 4088 sumus,
675 4035 788 4076 non
848 4014 1104 4073 naturali
1165 4013 1476 4069 dilectione
1527 4028 1542 4066 :
1594 4013 1692 4067 sed
1754 4012 1894 4081 quia
1952 4028 2047 4082 pa-

401 4117 553 4168 trem
586 4110 771 4165 Deum
831 4107 1137 4162 habemus.
1203 4103 1384 4173 Major
1438 4101 1655 4172 quippe
1707 4109 1796 4155 est
1854 4101 2043 4154 chari-

395 4208 511 4271 tas,
559 4203 624 4254 ut
677 4213 812 4252 cum
869 4194 1095 4250 nullam
1153 4191 1563 4264 cognationem
1621 4189 1911 4245 habemus
1973 4189 2046 4245 ad

395 4297 610 4358 Deum,
639 4286 827 4357 diligit
854 4301 961 4340 nos
982 4278 1432 4347 tamen,etﬁlios
1453 4295 1594 4333 suos
1614 4279 2005 4350 vocat.(lbid.)
2027 4299 2046 4334 :

400 4381 467 4435 Et
495 4377 725 4434 necdum
752 4375 958 4429 claruit
988 4370 1130 4442 quod
1184 4368 1393 4425 erimus
1424 4386 1443 4423 :
1478 4367 1586 4422 hoc
1644 4373 1731 4424 est
1791 4369 1860 4423 ad
1909 4385 2047 4439 qua-

2150 3214 2314 3280 fecta,
2332 3211 2527 3282 inquit
2555 3211 2633 3281 (v.
2664 3211 2776 3282 18),
2796 3211 3052 3266 σήανίιας
3067 3219 3131 3283 ᾖ(
3149 3215 3300 3282 foras
3318 3213 3488 3269 mittit
3511 3214 3787 3270 timorem.

2153 3300 2434 3354 Perl'ectio
2466 3313 2721 3369 namque
2752 3298 2942 3354 fidelis
2975 3301 3232 3357 hominis
3261 3301 3518 3357 charitas
3549 3308 3659 3358 est.
3691 3305 3796 3358 Iste

2153 3399 2253 3458 est,
2277 3387 2472 3458 inquit
2501 3389 2654 3458 (cap.
2685 3404 2740 3454 v,
2772 3403 2824 3441 ν.
2857 3388 2936 3459 6),
2982 3388 3079 3460 qui
3131 3392 3280 3446 venit
3324 3406 3426 3461 per
3483 3406 3687 3462 aquam
3744 3400 3797 3447 et

2154 3478 2495 3547 sanguinen;
2536 3475 2752 3530 iterum
2791 3477 2865 3546 (ν.
2897 3477 2975 3547 7),
3026 3479 3160 3549 quia
3190 3485 3298 3534 tres
3324 3483 3454 3534 sunt
3481 3480 3578 3551 qui
3608 3480 3805 3552 testiﬁ-
3828 3546 3846 3555 δ

2161 3569 2383 3629 cantur,
2413 3563 2665 3636 spiritus,
2699 3566 2855 3636 quod
2888 3570 2972 3621 est
3027 3566 3169 3631 vita,
3223 3577 3276 3622 et
3307 3585 3468 3640 aqua,
3504 3570 3660 3642 quod
3701 3575 3797 3627 est

2156 3651 2516 3725 regeneratio
2561 3669 2625 3708 ac
2685 3653 2853 3723 fides,
2875 3661 2925 3709 et
2944 3657 3192 3723 sanguis,
3212 3658 3366 3728 quod
3399 3663 3489 3713 est
3513 3661 3800 3731 cognitio,

2154 3752 2206 3798 et
2235 3743 2295 3798 hi
2322 3750 2429 3797 tres
2459 3758 2636 3797 unum
2663 3750 2810 3796 sunt.
2837 3743 2900 3797 In
2923 3742 3219 3799 Salvatore
3241 3747 3476 3818 quippe,
3501 3748 3625 3804 istae
3649 3756 3794 3807 sunt

2157 3832 2402 3886 virtutes
2435 3829 2770 3892 salutiferis,
2797 3837 2854 3886 et
2879 3832 2996 3886 vita
3050 3832 3175 3904 ipsa
3220 3834 3277 3888 in
3329 3835 3452 3905 ipso
3497 3836 3636 3892 Filio
3668 3840 3802 3908 ejus

2157 3919 2405 3976 exsistit.
2441 3918 2530 3990 (V.
2567 3919 2652 3990 14)
2681 3936 2693 3973 :
2718 3920 2782 3975 Et
2811 3919 2929 3977 haec
2957 3925 3035 3975 est
3063 3923 3392 3990 conﬁdentia
3423 3940 3589 3995 quam
3637 3927 3804 3983 habe-

2155 4025 2279 4063 mus
2325 4008 2396 4063 ad
2441 4024 2587 4077 eum,
2619 4009 2747 4079 quia
2773 4010 2824 4063 si
2852 4009 2982 4080 quid
3006 4010 3331 4080 petierimus
3361 4013 3660 4070 secundum
3710 4033 3806 4072 vo-

2162 4099 2438 4152 luntatem
2469 4097 2607 4168 ejus,
2642 4098 2838 4153 audiet
2863 4114 2982 4153 nos.
3015 4099 3140 4154 Non
3172 4099 3441 4156 absolute
3472 4102 3614 4157 dixit
3646 4105 3801 4174 quod

2166 4187 2638 4258 petierimus,sed
2667 4188 2818 4258 quod
2847 4189 3492 4260 oportetpetere.(V.19)
3519 4207 3532 4246 :
3557 4193 3623 4246 Et
3641 4209 3797 4247 mun-

2158 4275 2257 4331 dus
2288 4276 2464 4330 omnis
2489 4275 2551 4330 in
2579 4279 2828 4345 maligno
2880 4280 3204 4333 constitutus
3228 4286 3302 4334 est
3327 4297 3340 4347 ;
3373 4296 3486 4336 non
3516 4285 3804 4353 creatura,

2159 4366 2260 4419 sed
2289 4367 2598 4420 sacularcs
2629 4364 2921 4432 homines,
2947 4370 3002 4420 et
3027 4367 3350 4421 secundum
3373 4368 3798 4441 concupiscen-

402 4469 520 4524 lem
553 4463 886 4537 perventuri
919 4475 1128 4516 sumus
1153 4457 1400 4529 gloriam
1427 4475 1440 4512 :
1466 4456 1527 4510 Si
1547 4458 1696 4512 enim
1716 4460 2043 4528 manifesta-
2079 4468 2130 4532 D
2161 4455 2272 4510 tias
2294 4453 2767 4525 viventes.(V.20)
2790 4470 2804 4508 :
2829 4455 2894 4508 Et
2911 4455 3090 4510 Filius
3115 4457 3221 4511 Dei
3240 4455 3464 4524 venit,et
3484 4457 3632 4514 dedit
3646 4459 3802 4514 nobis

399 4565 488 4613 tus
516 4557 706 4625 fuerit,
731 4552 840 4607 hoc
862 4555 970 4615 est,
1004 4549 1051 4603 si
1101 4547 1336 4619 perfecti
1385 4545 1694 4612 fuerimus,
1738 4547 1950 4601 similes
1994 4546 2047 4602 ei

400 4645 630 4714 erimus,
661 4640 841 4698 veluti
872 4635 1338 4709 resquiescentes
1359 4638 1416 4689 et
1429 4634 1738 4704 iustiﬁcati
1763 4635 1968 4690 mundi
1992 4635 2050 4691 in

2061 4907 2140 4966 IV

2159 4543 2853 4610 intellectum,secundum
2879 4543 3052 4598 ﬁdem
3072 4543 3297 4600 scilicet
3316 4546 3718 4604 advenientem
3744 4547 3804 4604 in

2163 4650 2292 4703 nos,
2327 4633 2427 4704 qui
2457 4633 2633 4688 etiam
2661 4631 2913 4704 Spiritus
2934 4637 3176 4689 sanctus
3198 4633 3552 4707 appellatur.

1000 5011 1357 5075 EJUSDEM
1408 5007 2074 5070 ADUMBRATIONES
2117 5007 2197 5067 IN
2252 5003 2697 5068 EPISTOLAM
2740 5003 2795 5064 ll
2837 5003 3193 5066 JOANNIS.

475 5154 748 5214 Secunda
775 5148 1019 5210 Joannis
1038 5145 1324 5220 Epistola,
1347 5159 1474 5216 quas
1510 5142 1581 5196 ad
1604 5141 1859 5213 virgines
1900 5140 2050 5197 scri-

392 5253 502 5321 pta
518 5250 633 5314 est,
649 5239 1098 5314 simplicissima
1120 5233 1468 5304 est.Scripta
1483 5247 1619 5287 vero
1641 5234 1728 5286 est
1750 5231 1822 5286 ad
1847 5245 2052 5303 quam-

400 5319 541 5394 dam
569 5331 943 5406 Babyloniam
975 5329 1224 5383 Electum
1254 5321 1512 5389 nomine,
1538 5319 1834 5392 signiﬁcat
1854 5324 2049 5376 autem

467 5467 532 5533 >X<
562 5463 623 5518 P.
655 5459 785 5518 4001
822 5458 934 5514 ED.
971 5453 1271 5513 POTTER.

467 5577 576 5652 (88)
618 5574 795 5650 Lapsi
824 5579 884 5632 et
904 5573 1204 5645 apostataa.

2159 5139 2501 5197 electionem
2527 5135 2796 5192 Ecclesia:
2816 5141 3050 5193 sancta.
3081 5138 3306 5194 Astruit
3325 5140 3382 5194 in
3402 5139 3511 5196 hac
3535 5141 3805 5214 Epistola

2163 5228 2629 5303 persecutionem
2653 5226 2787 5282 ﬁdei
2820 5233 2980 5282 extra
3009 5226 3351 5284 charitatem
3387 5246 3502 5286 non
3553 5247 3704 5302 esse,
3749 5237 3808 5288 et

2163 5323 2225 5375 ut
2256 5334 2427 5374 nemo
2455 5316 2674 5371 dividat
2700 5315 2906 5371 Jesum
2939 5315 3234 5372 Christum
3265 5335 3281 5385 ;
3312 5319 3412 5374 sed
3448 5336 3633 5376 unum
3670 5337 3802 5378 cre-
