4078 6146
413 265 521 322 739

1655 265 1992 320 CLEMENS
2031 264 2600 322 ALEXANDRINUS

3754 273 3848 330 740

425 392 563 446 dere
591 391 795 447 Jesum
842 387 1134 443 Christum
1177 385 1406 442 venisse
1453 386 1510 442 in
1561 402 1754 442 carne.
1789 385 1931 442 Nam
1965 385 2065 458 qui
2102 389 2152 456 Α
2185 386 2529 457 hujusmodi
2597 405 2711 444 non
2743 393 2832 446 est
2861 389 3280 459 inhumanum,
3311 392 3423 447 sed
3459 407 3573 448 nec
3604 398 3842 468 conqui-

425 479 606 536 hahet
628 479 840 534 Filium
861 477 923 533 in
939 475 1238 532 intellectu
1265 476 1515 547 percepti
1526 475 1738 544 biliter,
1754 482 1810 531 et
1836 477 2060 531 Patrem

421 585 654 641 quoque
677 565 976 639 cognoscit
1029 569 1089 620 et
1142 564 1604 636 magnitudinem
1637 564 1873 620 virtutis
1933 566 2060 634 ejus

421 657 548 712 sine
607 657 775 711 initio
831 653 1115 719 temporis
1190 659 1532 724 operantem
1611 653 2064 723 intelligibiliter

420 749 615 800 mente
644 743 920 799 continet.
945 742 1008 800 Si
1035 745 1157 814 quis
1186 741 1332 798 venit
1361 742 1432 796 ad
1460 758 1572 808 vos,
1605 743 1800 813 inquit
1839 743 1917 814 (ν.
1954 743 2060 810 10),

416 837 468 890 et
497 833 640 890 hanc
661 833 968 890 doctrinam
995 847 1105 886 non
1133 834 1336 902 portat,
1360 846 1469 886 non
1499 833 1821 903 suscipiatis
1848 848 1973 886 eum
2002 833 2063 886 in

417 922 666 992 domum,
700 931 752 978 et
779 923 884 980 Ave
911 937 981 977 ne
1009 921 1265 976 dixeritis
1289 920 1341 975 ei
1365 938 1376 988 ;
1405 922 1502 993 qui
1530 922 1676 975 enim
1702 920 1910 976 dixerit
1935 921 2058 988 Ave,

413 1012 786 1069 communicat
813 1011 1067 1084 operibus
1108 1011 1223 1082 ejus
1253 1009 1540 1078 malignis.
1574 1008 1746 1065 Tales
1801 1009 2060 1065 salutare

411 1101 689 1178 prohibet
717 1105 775 1158 et
803 1101 862 1156 in
903 1099 1240 1173 hospistum
1289 1097 1607 1169 suscipere.
1642 1102 1756 1154 [loc
1805 1098 1959 1154 enim
1995 1099 2058 1157 in

2173 494 2298 533 rere
2334 479 2415 534 vel
2451 481 2870 553 condisputare
2889 498 3024 537 cum
3048 481 3269 540 talibus
3295 485 3587 543 admonet
3609 489 3713 558 qui
3738 506 3840 546 non

2171 565 2365 620 valent
2416 568 2874 640 intelligibiliter
2911 569 3109 624 divina
3158 575 3438 639 tractare,
3477 589 3552 628 ne
3605 592 3707 645 per
3749 593 3838 632 eos

2172 656 2558 712 traducantur
2589 675 2622 712 a
2650 659 2915 713 doctrina
2946 659 3239 726 veritatis,
3269 661 3713 720 verisimilibus
3752 665 3832 720 in-

2171 741 2344 798 ducti
2380 745 3000 802 rationibus.Arbitror
3034 749 3408 819 autem,quia
3433 755 3496 804 et
3517 766 3687 806 orare
3709 768 3829 806 cum

2172 830 2392 887 talibus
2424 851 2537 888 non
2572 834 3113 907 oportet,quoniam
3147 835 3207 890 in
3241 837 3518 894 oratione
3544 857 3674 911 quas
3702 841 3826 897 litin

2173 921 2686 994 domo,postquam
2715 923 2788 978 ob
2822 924 3042 979 orando
3076 925 3364 997 surgitur,
3380 926 3668 984 salutatio
3689 944 3822 1001 gau-

2171 1008 2251 1062 dii
2288 1014 2457 1080 estet
2490 1011 2650 1082 pacis
2674 1011 2985 1068 indicium.

2095 1378 2162 1434 V.

927 1494 1012 1548 KE
1051 1493 1354 1549 NIKHTOI‘
1382 1493 1493 1565 (89)
1523 1493 1920 1549 ΗΡΑΚΛΕΙΑΣ
1955 1493 2032 1548 Ml

2142 1493 2518 1550 ὈΠΟΛΙΤΟΥ
2544 1494 2654 1550 ΕΙΣ
2689 1497 2804 1551 ΙΩΒ
2834 1496 3285 1553 ΕΞΗΒΗΣΕΩΣ.

1531 1621 1630 1679 EX
1678 1620 1980 1680 NICE'UE
2024 1621 2334 1682 CATENA
2384 1623 2455 1680 IN
2499 1621 2664 1684 JUB.

1824 1759 1984 1827 (Cap.
2033 1755 2076 1823 Ι,
2110 1771 2238 1810 vers
2269 1756 2384 1827 2t.)
2451 1771 2461 1777 ’

474 2031 568 2086 87
581 2031 628 2086 2
649 2027 782 2085 Jobi
806 2032 999 2083 autem
1021 2026 1196 2083 verba
1216 2026 1296 2083 sic
1315 2027 1641 2100 elegantius
1655 2027 1902 2100 intelligi
1921 2045 2032 2100 post

2227 2025 2392 2083 Ἀλλ“
2472 2026 2486 2046 “
2610 2031 2636 2042 “’
2691 2029 2702 2051 ’
2746 2029 2761 2048 ‘
3027 2025 3046 2045 ”
3295 2031 3310 2050 ‘
3404 2030 3429 2052 "
3669 2029 3689 2050 "
3753 2055 3765 2067 -

2370 2049 2494 2082 ατα
2542 2048 2639 2082 του
2709 2023 2814 2083 Ιωϐ
2862 2032 3204 2106 κομψοτερον
3253 2051 3346 2102 μεν
3370 2053 3500 2086 ουτω
3529 2053 3744 2101 νοητεον

403 2123 545 2173 sunt
566 2135 578 2172 :
601 2118 785 2172 nudus
815 2134 848 2173 a
881 2116 1016 2172 vitio
1039 2122 1097 2171 et
1122 2118 1557 2188 peccato,quasi
1584 2133 1654 2172 ea:
1677 2121 1833 2173 utero
1854 2118 2048 2172 matris

399 2222 430 2263 θ
462 2213 615 2263 terra
644 2207 703 2261 in
730 2206 891 2262 initio
912 2207 1184 2267 formatus
1212 2223 1400 2272 suum,
1445 2206 1625 2261 nudus
1649 2209 1708 2261 in
1737 2208 1928 2262 eadem
1957 2222 2044 2262 re-

396 2306 617 2358 vertar;
702 2313 816 2350 non
870 2300 1068 2351 autem
1149 2294 1647 2367 possessionibus,
1707 2295 1816 2352 hoc
1889 2296 2042 2350 enim

397 2403 642 2458 parvum
699 2391 756 2441 et
816 2385 1052 2457 vulgare
1110 2389 1285 2452 esset,
1347 2385 1446 2439 sed
1496 2406 1528 2439 a
1577 2385 1716 2440 vitio
1748 2392 1805 2441 et
1837 2402 2039 2457 pecca-

395 2479 476 2541 to,
508 2481 566 2530 et
596 2492 626 2530 a
667 2473 1031 2529 tenebricoso
1075 2473 1254 2542 idolo,
1308 2474 1461 2545 quod
1515 2491 1615 2530 eos
1669 2475 1884 2545 excipit
1939 2474 2038 2545 qui

394 2562 614 2633 injuste
645 2563 929 2617 vixerunt.
978 2561 1155 2616 Juxta
1210 2578 1342 2616 vero
1405 2561 1567 2628 illud,
1633 2564 1788 2633 quod
1850 2562 2038 2617 omni-

395 2653 508 2710 bus
567 2655 627 2710 in
683 2657 956 2725 promptu
1011 2670 1077 2708 ac
1138 2651 1422 2706 familiare
1453 2659 1562 2721 est,
1593 2654 1787 2708 cuncti
1850 2653 2038 2708 nasci-

396 2759 530 2798 mur
571 2743 735 2808 nudi,
769 2742 1022 2813 itemque
1072 2741 1211 2796 nudi
1261 2740 1577 2809 efferimur,
1615 2741 1814 2796 fasciis
1872 2742 2036 2810 solis,

393 2847 520 2902 quas
549 2831 828 2887 humanis
859 2836 1226 2885 mortuorum
1275 2830 1617 2901 corporibus
1665 2830 2034 2902 adhibentur,

393 2920 670 2976 devincti.
696 2919 922 2975 Etenim
944 2918 1124 2973 vitam
1149 2917 1303 2973 Deus
1327 2918 1495 2973 nobis
1527 2918 1699 2974 aliam
1746 2937 2036 2990 purpura-

389 3010 494 3074 vit,
525 3020 578 3064 et
611 3014 954 3079 praesentem
988 3024 1090 3078 pro
1122 3006 1399 3062 curriculi
1433 3006 1523 3062 via
1553 3009 1622 3062 ad
1657 3025 1785 3062 eam
1821 3007 2034 3063 instru-

389 3099 634 3166 xit;eas
665 3097 903 3152 demum
932 3113 1035 3168 pro
1093 3095 1303 3151 viatico
1367 3096 1767 3166 possessiones
1815 3098 2033 3152 consti-

387 3195 586 3254 tuens,
620 3202 746 3257 quae
782 3184 1116 3240 necessitati
1145 3183 1534 3239 inservirent:
1561 3202 1693 3239 cum
1717 3185 1870 3241 hanc
1903 3203 2034 3242 vero

387 3275 542 3330 viam
574 3273 755 3330 semel
786 3273 1010 3329 emensi
1052 3273 1360 3338 fuerimus,
1405 3274 1749 3330 facultatum
1787 3280 1847 3330 et
1883 3275 2031 3330 divi-

2159 2117 2361 2190 γυμνὸς
2415 2117 2604 2178 κακίας
2661 2118 2748 2172 καὶ
2809 2118 3099 2193 ἁμαρτίας,
3161 2120 3231 2181 ὡς
3284 2119 3339 2174 ἐκ
3405 2119 3604 2182 κοιλίας
3660 2143 3760 2192 μη-

2153 2205 2305 2279 τρὸς,
2357 2204 2417 2260 ἐκ
2471 2213 2570 2276 τῆς
2631 2214 2736 2282 γῆς
2789 2208 2905 2261 κατ’
2959 2209 3135 2284 ἀρχὰς
3193 2206 3518 2281 διεπλάσθην,
3563 2210 3752 2282 γυμνὸς

2153 2293 2229 2356 εἷς
2283 2295 2381 2364 τήν
2443 2297 2544 2368 γῆν
2601 2295 2691 2350 καὶ
2749 2295 3142 2371 ἀπελεύσομαι·
3204 2299 3404 2373 γυμνὸς
3448 2298 3502 2353 οὗ
3560 2296 3755 2370 κτημά-

2148 2404 2279 2452 των,
2316 2388 2481 2438 τοῦτο
2529 2385 2628 2459 γὰρ
2681 2386 2874 2460 μικρόν
2924 2407 2982 2441 τε
3028 2387 3117 2441 καὶ
3165 2388 3371 2456 κοινὸν,
3413 2385 3545 2443 ἀλλὰ
3585 2387 3764 2448 κακίας

2149 2472 2237 2526 καὶ
2269 2473 2561 2548 πονηρίας,’
2595 2473 2684 2527 καὶ
2731 2477 2826 2529 τοῦ
2875 2474 3144 2548 ἑπομένου
3190 2480 3310 2539 τοῖς
3363 2474 3554 2537 ἀδίκως
3588 2475 3771 2551 βιώσα-

2150 2581 2230 2614 σιν
2258 2559 2475 2625 ἀειδοῦς
2522 2559 2776 2617 εἰδώλου·
2828 2564 2965 2618 κατά
3013 2561 3069 2618 δὲ
3124 2565 3186 2620 τὸ
3235 2565 3550 2642 πρόχειρον,
3594 2563 3770 2625 πάντες

2148 2648 2424 2724 ἄνθρωποι
2473 2650 2560 2705 καὶ
2607 2652 2804 2726 γυμνοὶ
2844 2653 3178 2727 γεννώμεθα,
3231 2654 3322 2709 καὶ
3376 2655 3569 2729 γυμνοὶ
3621 2650 3770 2708 πάλιν

2148 2737 2531 2815 ἐκφερόμεθα,
2615 2746 2733 2804 τοῖς
2826 2739 3098 2818 ἐνταφίοις
3200 2743 3391 2815 μόνοις
3473 2743 3773 2818 σπαργάνοις

2147 2823 2530 2899 δεσμούμενοι.
2581 2826 2785 2885 Ἀλλον
2838 2831 2938 2905 γὰρ
2987 2833 3123 2903 ἡμῖν
3159 2831 3186 2885 6
3219 2832 3349 2895 Θεὸς
3394 2833 3775 2908 προηυτρέπισε

2150 2916 2292 2992 βίον,
2349 2920 2438 2973 καὶ
2496 2925 2591 2974 τοῦ
2640 2921 2775 2994 πρὸς
2831 2921 3031 2976 ἐκεῖνον
3097 2920 3306 2995 δρόμου
3363 2925 3466 2992 τὴν
3523 2925 3774 2996 παροῦσαν

2148 3007 2290 3075 ζωὴν
2321 3005 2445 3062 ὁδὸν
2482 3009 2856 3081 κατεσκεύασε,
2887 3011 2988 3065 τασ
3016 3011 3161 3087 παρὰ
3195 3018 3296 3082 τῆς
3329 3015 3574 3083 κτήσεως
3605 3007 3775 3086 χρείας

2144 3097 2218 3158 εἷς
2247 3095 2435 3166 ἐφόδια
2459 3098 2621 3171 μόνον
2654 3108 2754 3169 τῆς
2787 3098 2915 3155 ὁδοῦ
2947 3101 3276 3171 κατατάξας·’
3305 3103 3508 3174 ταύτην
3561 3100 3615 3156 δί
3649 3103 3772 3171 ἡμῖν

2139 3187 2238 3255 τήν
2299 3183 2424 3241 ὁδὸν
2479 3186 2784 3257 ἐξελθοῦσιν
2841 3191 2868 3243 ὁ
2912 3193 3018 3243 τῶν
3077 3189 3383 3260 κτηθέντων
3441 3188 3776 3249 ἀσυνόδευτος

2140 3273 2404 3337 πλοῦτος.
2438 3274 2606 3334 Οὐδὲν
2638 3279 2740 3354 γὰρ
2775 3279 2848 3332 ὢν
2876 3278 3212 3353 ἐσχήκαμεν,
3245 3273 3448 3354 ἔχομεν
3482 3279 3638 3349 ἴδιον,
3668 3277 3773 3338 ἑνὸς

386 3365 602 3420 tiarum
654 3364 939 3431 *omnis
997 3364 1313 3418 comitatus
1362 3379 1470 3418 nos
1519 3364 1754 3418 deserit.
1818 3364 2028 3420 Eorum

391 3453 532 3475 __.2_
597 3469 718 3475 ---μ
750 3453 805 3475 Ξ-
842 3453 951 3475 κει.-
1003 3451 1320 3475 1..-ι--;....-,
1399 3451 1540 3475 ..ξι-21
1596 3457 1854 3475 _-_A_____
1919 3454 2024 3475 ,ΠΛ

2142 3365 2420 3437 κτήματος
2478 3367 2641 3439 μόνον
2702 3374 2802 3436 τῆς
2879 3363 3121 3430 εὐσεϐίας
3177 3368 3336 3442 ἐσμὲν
3397 3367 3778 3440 ἷδιοκτήτορες·

2142 3451 2256 3475 -ηνκ
2377 3456 2392 3475 ι
2455 3459 2483 3468 ~
2569 3454 2622 3475 -I
2841 3455 2856 3475 θ
2935 3454 3035 3475 \-\
3179 3458 3191 3475 ν
3314 3457 3333 3475 \
3370 3461 3382 3475 ι
3579 3463 3606 3473 -υ
3690 3452 3737 3475 ’γλ

384 3453 560 3518 enim,
593 3469 721 3524 quas
750 3453 809 3506 in
842 3453 958 3507 vita
1001 3451 1343 3518 habuimus,
1398 3451 1544 3506 nihil
1596 3457 1861 3508 nostrum
1913 3454 2028 3510 dici

384 3547 596 3614 potest,
630 3559 747 3596 una
778 3545 1016 3612 excepta
1047 3540 1280 3612 pietate,
1317 3541 1488 3610 cujus
1520 3546 1608 3597 est
1641 3548 1840 3598 nostra
1871 3559 2029 3600 certa

385 3631 716 3703 possessio;
751 3629 900 3684 hanc
944 3645 1103 3684 mors
1127 3629 1412 3701 ingruens
1443 3629 1612 3686 nobis
1643 3648 1758 3686 non
1795 3632 2026 3704 eripiet,

386 3720 564 3776 rebus
611 3725 807 3776 autem
856 3717 1132 3774 omnibus
1183 3718 1315 3773 aliis
1346 3719 1615 3790 quamvis
1643 3719 1874 3788 invitos,
1919 3737 2025 3776 nos

387 3818 576 3866 exuet.
609 3809 759 3880 Opes
790 3808 1024 3880 quidem
1084 3808 1154 3863 ad
1207 3807 1357 3862 hanc
1405 3807 1582 3862 vitam
1616 3808 2024 3866 sustinendam

384 3897 738 3970 accepimus,
773 3902 948 3970 atque
981 3897 1186 3952 barum
1220 3895 1342 3951 solo
1372 3896 1561 3951 fructu
1597 3898 1891 3970 decerpto,
1925 3900 2022 3954 de-

384 3986 599 4058 migrat
631 3985 1037 4058 unusquisque
1065 3983 1342 4054 exiguum
1394 3983 1522 4038 vitae
1573 3990 2021 4040 monumentum

381 4074 744 4149 relinquens,
767 4074 874 4130 hoc
897 4074 1136 4129 demum
1173 4071 1580 4143 esﬁfelicitatis
1613 4074 1806 4130 omnis
1836 4080 2022 4131 extre-

380 4180 566 4231 mum,
599 4164 692 4219 hic
721 4167 1069 4220 cunctorum
1115 4161 1402 4217 bonorum
1460 4178 1588 4234 quae
1638 4168 1778 4219 sunt
1814 4163 1873 4219 in
1905 4163 2022 4220 vita

374 4254 589 4310 exitus.
617 4253 788 4310 Recte
809 4251 1225 4324 igiturinfans,
1251 4256 1314 4306 ut
1339 4251 1542 4306 matris
1560 4257 1721 4307 utero
1740 4258 1914 4325 caput
1931 4269 2022 4309 ex-

380 4341 537 4411 tulit,
573 4359 689 4398 non
713 4359 745 4396 e
777 4342 922 4411 risu,
969 4340 1069 4396 sed
1109 4357 1141 4395 a
1169 4337 1447 4395 lamentis
1507 4340 1737 4396 statim‘
1771 4341 2017 4414 incipit;

379 4430 558 4487 ﬂebili
579 4431 734 4487 enim
760 4430 1047 4496 voce,vitaa
1074 4429 1494 4499 propemodum
1517 4429 2016 4502 indignatur,qua3

378 4519 623 4576 exitiosa
650 4536 715 4574 ac
746 4517 942 4574 letalia
974 4533 1242 4586 munera,
1272 4535 1302 4571 ιι
1337 4518 1526 4588 primo
1573 4519 1808 4574 exordio
1839 4521 2017 4590 degu-

381 4610 596 4665 standa
621 4609 671 4664 ei
704 4607 997 4680 proponit.
1029 4605 1395 4676 Simulatque
1426 4608 1582 4662 enim
1615 4608 1810 4663 editus
1835 4607 1895 4664 in
1926 4608 2018 4665 lu-

377 4715 504 4754 cem
536 4701 593 4754 et
621 4700 932 4768 susceptus
969 4699 1079 4762 est,
1114 4711 1327 4749 manus
1350 4695 1634 4766 redesquc
1659 4697 1786 4766 ejus
1819 4697 2014 4754 fasciis

2137 3451 2335 3523 ταύτην
2367 3456 2513 3526 ἡμᾶς
2565 3454 2788 3519 θάνατος
2838 3454 3081 3520 ἐπελθὼν
3137 3458 3198 3512 οὐ
3245 3457 3495 3530 συλήσει,
3543 3463 3646 3513 τῶν
3685 3452 3774 3509 ἄλ·

2138 3539 2248 3596 λων
2280 3539 2336 3595 δὲ
2368 3542 2612 3597 ἁπάντων
2664 3539 2885 3601 ἐκϐαλεῖ
2931 3546 3020 3600 καὶ
3074 3548 3150 3620 μὴ
3204 3545 3480 3612 θέλοντας·
3526 3548 3602 3610 είς
3649 3547 3772 3600 ὑπο-

2132 3631 2452 3684 κατάστασιν
2501 3633 2600 3706 γὰρ
2644 3634 2743 3702 τὴν
2823 3635 3084 3710 βιωτικὴν
3144 3638 3340 3699 πάντες
3400 3631 3770 3714 παρελάϐομεν

2134 3727 2344 3789 κτῆσιν,
2377 3721 2465 3775 καὶ
2503 3721 2665 3793 μόνον
2694 3722 2893 3794 ταύτης
2922 3725 3020 3794 τήν
3053 3733 3252 3800 χρῆσιν
3301 3727 3524 3790 έκαστος
3557 3743 3768 3798 καρπω-

2135 3807 2364 3881 σάμενος
2425 3811 2626 3881 ἄπεισι,
2677 3812 2857 3888 βραχὺ
2906 3815 3050 3888 παρά
3097 3820 3193 3870 τοῦ
3245 3815 3368 3889 βίου
3415 3815 3772 3889 κομιζόμενος

2137 3901 2346 3970 μνῆμα·
2379 3904 2541 3954 τοῦτο
2573 3900 2674 3976 γὰρ
2728 3903 2904 3973 πάσης
2952 3903 3246 3980 εὐημερίας
3289 3904 3352 3958 τὸ
3398 3902 3584 3974 τέλος,
3623 3903 3772 3957 τοῦτο

2131 3989 2234 4040 τῶν
2290 3987 2560 4062 βιωτικῶν
2611 3989 2822 4065 ἀγαθῶν
2880 3992 2942 4046 τὸ
3003 3992 3385 4066 συμπέρασμα.
3434 3991 3630 4054 Καλῶς
3683 3987 3776 4063 ἄρα

2129 4076 2190 4129 τὸ
2226 4077 2443 4155 βρέφος,
2475 4081 2572 4148 τῆς
2623 4080 2857 4155 γαστρὸς
2908 4083 3250 4158 παρακύψαν,
3301 4083 3514 4156 θρήνων
3566 4080 3774 4147 εὐθέως,

2130 4164 2194 4218 οὐ
2225 4163 2466 4240 γέλωτος
2499 4167 2745 4242 ἄρχεται·
2779 4169 2955 4224 κλαίει
3003 4170 3102 4246 γὰρ
3153 4170 3333 4244 ὥσπερ
3381 4176 3479 4226 τοῦ
3530 4170 3652 4247 βίου
3679 4186 3770 4222 κα·

2126 4247 2384 4326 ταϐοῶν,
2444 4258 2568 4331 παρ’
2629 4255 2690 4310 οὗ
2749 4257 3087 4331 θνησιμαίων
3168 4258 3225 4314 έκ
3277 4261 3593 4335 προοιμίων
3647 4258 3772 4311 ἀπο-

2127 4342 2342 4417 γεύεται
2392 4341 2605 4420 δώρων·
2654 4347 2843 4421 τεχθὲν
2899 4348 3004 4422 γὰρ
3053 4354 3246 4423 χεῖρας
3295 4348 3489 4410 εὐθέως
3539 4363 3771 4423 σπαργα-

2125 4435 2333 4501 νοῦται,
2357 4433 2448 4488 καὶ
2488 4431 2680 4504 πόδας,
2709 4434 2798 4489 καὶ
2837 4433 3059 4509 δεσμοῖς
3111 4436 3460 4510 ένειλημένον
3509 4433 3768 4493 ἀπολαύει

2124 4527 2224 4591 τῆς
2285 4522 2482 4593 θηλῆς.
2541 4528 2604 4577 Ὠ
2651 4524 2947 4598 προοιμίου
2993 4530 3158 4594 ζωῆς,
3209 4522 3530 4602 προδρόμου
3572 4522 3764 4597 νεκρώ·

2126 4613 2296 4675 σεωςῐ
2332 4616 2487 4686 ’Ἄρτι
2542 4612 2604 4668 τὸ
2661 4612 2856 4692 βρέφος
2917 4613 2990 4676 εἷς
3049 4615 3193 4684 ζωὴν
3248 4614 3624 4686 παρελήλυθε,
3681 4607 3763 4666 καὶ

2124 4707 2326 4777 νεκρῶν
2381 4701 2577 4767 εὐθέως
2624 4704 2769 4776 αὐτῷ
2809 4702 3108 4779 στολισμὸς
3151 4707 3525 4781 προσηνέχθη·
3583 4708 3768 4776 ὑπομι-

370 4786 854 4858 constringuntur
878 4791 936 4840 et
965 4783 1212 4840 vinculis
1243 4782 1564 4855 impeditus
1600 4785 1881 4842 uberibus
1909 4805 2012 4859 po-

2142 4792 2354 4860 ινήσκει
2402 4791 2499 4866 γὰρ
2544 4796 2642 4847 τοῦ
2687 4791 2880 4856 τέλους
2910 4794 3036 4856 τοὺς
3085 4795 3370 4871 τεχθέντας
3399 4797 3434 4864 ἡ
3468 4795 3647 4873 φύσις.
3675 4785 3766 4845 Διὸ

374 4882 540 4933 titur.
573 4875 616 4931 Ο
642 4875 764 4930 vita:
791 4873 1202 4946 primordium,
1225 4873 1430 4929 mortis
1463 4875 1866 4945 prodromum!
1894 4877 2013 4934 Nu-

2123 4877 2212 4933 καὶ
2241 4880 2304 4934 τὸ
2335 4877 2551 4934 παιδίον
2585 4883 2840 4956 γεννηθὲν
2891 4879 3239 4956 ἀποδύρεται,
3271 4882 3510 4958 καθάπερ
3562 4886 3630 4957 τῇ
3665 4899 3763 4953 μη-

375 4984 478 5039 per
508 4969 597 5021 est
625 4965 820 5021 infans
849 4965 921 5019 ad
953 4963 1130 5018 vitam
1162 4961 1486 5034 ingressus,
1533 4980 1636 5019 nec
1667 4963 2012 5038 interposita

2142 4967 2207 5043 :pi
2241 4965 2332 5023 διὰ
2359 4973 2455 5025 τοῦ
2485 4971 2688 5046 θρήνου
2742 4971 2908 5045 βοῶν·
2942 4970 3010 5028 Τί
3061 4993 3127 5044 με
3154 4973 3290 5047 πρὸς
3329 4971 3554 5043 ταύτην,
3587 4973 3631 5027 ὧ
3665 4971 3766 5043 μῆ’

439 5095 504 5158 ›ι‹
535 5089 594 5145 Ρ.
629 5089 767 5144 1002
790 5087 902 5142 ED.
933 5085 1238 5142 POTTEB.

446 5213 556 5283 (89)
589 5213 682 5269 Ἐκ
710 5213 979 5282 Num-:05.
1018 5209 1215 5283 Prima
1263 5210 1573 5283 fragmenti
1607 5210 1857 5282 hujusce
1885 5229 2016 5268 sen-

374 5281 1138 5356 tentia,occurritsuperius
1182 5283 1240 5336 in
1290 5281 1489 5356 sti-om.
1553 5299 1626 5356 iv,
1680 5281 1810 5356 pag.
1869 5286 2016 5356 636:

375 5352 590 5428 Ἰὼβ-δὲ
619 5357 648 5409 6
697 5352 1174 5428 δίκαιος,Ἀύτὸς,
1220 5352 1911 5428 φησὶπγυ-μνρςηέξῆλθον
1961 5353 2020 5409 ἐκ

375 5373 500 5411 ἰωο
532 5373 590 5408 οε
619 5373 648 5409 ο
697 5373 927 5420 οικαιος,
974 5373 1174 5420 Αυτος,
1261 5373 1373 5423 ησι,
1420 5374 1644 5428 γυμνος,
1688 5373 1911 5424 agnitum
1961 5373 2014 5409 εκ

373 5424 589 5500 κοιλίας
643 5427 850 5500 μητρός
903 5444 1030 5500 μου,
1076 5373 1281 5500 γυμνδς
1324 5425 1414 5500 καὶ
1472 5423 1840 5500 ἀπελεύσομαι
1885 5427 2014 5500 ἐκεῖς

377 5495 440 5548 οὐ
491 5495 784 5572 magnifici;
808 5495 1066 5572 _YD_P.V(‘)C,
1092 5495 1279 5570 ’(τοῦτο
1329 5495 1563 5572 μὲν-’γὰρ
1615 5495 1808 5572 μικρόν
1837 5519 1896 5554 τε
1927 5497 2016 5572 καί

377 5518 440 5548 ου
491 5518 784 5565 κτηματων
835 5518 904 5570 γυ
951 5518 1066 5562 νος,
1099 5518 1279 5570 (τουτο
1375 5518 1426 5550 εν
1463 5518 1563 5568 γαρ
1615 5518 1808 5572 μικρον
1837 5519 1896 5554 τε
1927 5518 2016 5552 και

374 5563 608 5634 κοινόν·)
636 5563 764 5619 ἀλλ’
793 5567 866 5629 ὡς
897 5519 1128 5637 δίκαιος,
1175 5518 1385 5642 γυμνδις
1417 5563 1596 5621 ἄπεισι
1626 5571 1818 5633 κακίας
1840 5590 1899 5625 τε
1926 5567 2016 5624 καὶ

2129 5216 2419 5291 ἁμαρτίας,
2468 5217 2555 5272 καὶ
2613 5223 2708 5273 τοῦ
2757 5215 3028 5292 ἑπομένου
3081 5223 3201 5280 τοῖς
3250 5216 3452 5281 ἀδίκως
3515 5219 3763 5295 βιώσασιν

2129 5287 2338 5345 ἀειδοῦς
2369 5286 2624 5345 εἰδώλου.
2681 5294 2815 5345 Ouaa
2873 5299 3220 5345 sequuntur.
3282 5309 3398 5345 non
3429 5300 3551 5345 tam
3583 5288 3761 5345 ineius

2128 5289 2338 5350 ἀειδοῦς
2369 5289 2624 5346 εἰδώλου.
2681 5294 2815 5358 Quae
2868 5289 3220 5359 sequuntur,
3282 5309 3398 5348 non
3429 5289 3551 5347 tam
3583 5289 3761 5364 ipsiuﬂ

2128 5361 2440 5444 Clementis
2469 5379 2599 5444 esse
2621 5365 2914 5430 videntur,
2949 5380 3124 5444 quam
3169 5363 3410 5444 alterius
3439 5363 3761 5444 ουᾱιιερξξξῐξ

2127 5434 2406 5505 auctoris,
2455 5436 2627 5505 cujus
2687 5429 2907 5490 nomen
2955 5429 2986 5490 ὀ
3034 5435 3245 5490 Nicetes
3293 5429 3529 5491 Catena"
3553 5429 3761 5492 excidit

2127 5505 2283 5573 quod
2315 5504 2373 5560 in
2407 5504 2746 5576 hujusmodi
2775 5507 3050 5578 cperibus
3083 5523 3234 5578 saepe
3265 5505 3410 5591 alias
3441 5507 3526 5562 ﬁt.
