4078 6146
305 319 412 376 741

310 535 567 610 προκοπὴ
599 535 738 608 πρὸς
767 534 858 589 τὸν
893 535 1160 603 Θάνατονς
1192 532 1256 590 Τί
1290 553 1356 606 με
1393 534 1529 608 πρὸς
1579 532 1970 608 πολυτάραχον

312 624 486 679 αἰῶνα
515 625 858 700 παρήγαγες,
891 622 944 677 ἐν
994 623 1040 694 ᾧ
1086 623 1330 698 τεχοὲντι
1386 643 1478 694 μοι
1512 623 1580 676 τὰ
1607 622 1879 696 προοίμια
1908 622 1978 677 τὰ

314 715 606 790 σπάργανα
636 732 652 784 ;
684 714 753 770 Τί
791 733 858 784 με
881 711 1116 784 τοιούτῳ
1144 708 1526 785 παραδέδωκας
1564 711 1692 787 βίῳ,
1722 710 1774 766 ἐν
1808 712 1855 782 ᾧ
1885 729 1977 780 καὶ

315 804 515 873 νεότης
578 800 793 871 ἐλεεινή
843 804 1154 877 τρυχομένη
1207 801 1311 875 πρὸ
1367 802 1596 877 γήρως,
1653 801 1741 856 καὶ
1801 808 1976 875 γῆρας

322 893 584 972 φευκτὸν,
615 892 692 956 ὡς
730 890 1066 955 ἔπιθανάτιον
1103 909 1116 959 ;
1159 889 1364 958 Δεινὸν,
1393 888 1436 943 ὦ
1489 898 1684 965 μῆτερ,
1714 895 1810 945 τοῦ
1855 891 1978 966 βίου

325 984 391 1038 τὸ
423 979 665 1051 στάδιον,
699 981 920 1045 θάνατον
966 973 1094 1054 ἔχον
1140 983 1250 1034 τῶν
1300 979 1609 1054 τρεχόντων
1657 987 1975 1054 καμπτῆρα.

331 1072 537 1148 Πικρᾶν
612 1071 711 1139 τήν
787 1069 1050 1144 βιωτικήν
1111 1065 1510 1144 ὁδοιποροῦμεν
1573 1066 1698 1124 ὁδὸν
1737 1113 1751 1137 ,
1809 1071 1975 1146 τάφον

330 1159 562 1237 ἔχουσαν
616 1163 723 1213 τῶν
782 1152 1078 1212 ὄδευὸιτων
1115 1155 1425 1230 κατάλυμα’
1476 1156 1723 1233 χαλεπὸν
1770 1159 1832 1212 τὸ
1880 1165 1978 1228 τῆς

333 1258 479 1322 ζωῆς
525 1248 855 1322 διαπλὲομεν
907 1246 1166 1325 πέλαγος,
1217 1243 1352 1319 ᾅδην
1402 1248 1505 1325 γὰρ
1555 1246 1674 1324 ἔχει
1719 1251 1979 1323 πειρατὴν

326 1341 622 1418 ἐφεστῶτα.
655 1339 834 1400 Μόνος
868 1335 919 1392 ἐν
954 1338 1119 1392 ἅπασι
1148 1339 1357 1412 γυμνὸς
1402 1343 1652 1412 γεννᾶται
1697 1339 1724 1392 ὁ
1774 1337 1980 1412 ἂνθρω-

321 1451 448 1500 πος,
500 1427 610 1503 οὐχ
656 1425 854 1493 ὅπλον,
912 1427 1012 1482 οὐκ
1062 1421 1262 1499 ἔνδεμα
1309 1428 1750 1502 συγγεννώμενον
1807 1426 1980 1501 σ’χώνο

324 1519 438 1594 οὐχ
467 1519 542 1580 ὡς
569 1521 677 1573 τῶν
710 1513 898 1572 ἄλλων
952 1517 1107 1585 ζώων
1157 1515 1420 1585 ἐλάττων,
1473 1514 1600 1570 ἀλλ’
1631 1515 1779 1578 ὅπως
1816 1519 1850 1586 ἡ
1887 1517 1980 1588 μὲν

325 1608 637 1683 γύμνωσις,
683 1604 774 1660 καὶ
821 1603 884 1659 τὸ
941 1602 1108 1677 μηδὲν
1159 1605 1570 1679 συνεπάγεσθαι,
1613 1604 1981 1680 κατασκευάζῃ

335 1717 424 1751 σοι
475 1696 761 1768 μὲριμναν·
812 1695 848 1762 ἡ
896 1691 1132 1768 μέριμνα
1179 1690 1237 1747 δὲ
1280 1693 1344 1748 τὸ
1397 1694 1560 1771 σοφὸν
1610 1692 1982 1767 ἐκπομπεόσῃ,

1777 321 2256 378 FRAGMENTA.
2297 335 2304 339 ·

307 465 426 523 τερ,
457 447 556 516 τήν
616 445 760 514 ζωὴν
810 443 1144 515 ἀπεκύησας,
1189 442 1240 498 ἐν
1266 443 1304 518 ᾖ
1349 448 1447 499 τοῦ
1479 448 1575 517 ζῇν
1608 447 1642 512 ἠ
1673 446 1964 516 προσθήκη

2105 463 2249 504 nora
2277 455 2643 506 mortuorum
2679 453 2890 522 pannis
2923 455 3196 511 amicitur

3613 334 3723 389 742

3240 475 3254 512 :
3306 465 3516 516 natura
3564 463 3724 519 enim

2081 537 2218 592 ﬁnis
2242 542 2581 594 memoriam
2609 547 2832 597 revocat
2854 544 2928 598 iis
2951 547 3051 614 qui
3081 555 3558 607 nascuntur.Huc
3592 568 3731 624 per-

2085 625 2227 680 tinet
2255 628 2396 682 editi
2427 627 2670 684 infantis
2702 629 3171 700 ejulatus,ﬂebili
3204 639 3374 706 quasi
3405 643 3727 712 voce,apud

2085 721 2331 770 matrem
2363 717 2741 774 lamentantis
2764 722 2909 776 :Cur
2933 738 3024 777 me
3047 724 3101 776 in
3126 725 3276 780 hanc
3298 728 3504 794 vitam,
3526 737 3728 798 mater,

2085 806 2257 858 enixa
2285 821 2368 874 es,
2402 805 2459 858 in
2494 824 2612 877 qua
2655 819 2780 862 vuaa
2831 813 3161 882 prorogatio
3215 815 3284 869 ad
3338 825 3586 872 mortem
3627 824 3732 874 est

2087 892 2459 962 progressio?
2485 899 2602 950 Cur
2633 913 2726 951 me
2756 901 2814 950 in
2849 899 3166 957 multarum
3196 904 3502 960 turbarum
3543 923 3730 964 saecu-

2088 983 2210 1035 lum
2268 983 2662 1050 introduxisti,
2698 987 2756 1042 in
2807 1005 2924 1057 quo
2980 991 3121 1044 mihi
3176 999 3310 1048 nato
3363 996 3552 1051 fasciae
3593 1003 3734 1054 sunt

2086 1071 2364 1126 exordia?
2395 1071 2510 1126 Cur
2544 1075 2882 1143 hujusmodi
2916 1092 3006 1132 me
3039 1079 3169 1133 vitae
3200 1082 3494 1149 addixisti,
3528 1084 3586 1140 in
3618 1101 3736 1156 qua

2087 1166 2144 1214 et
2165 1161 2447 1230 juventus
2479 1162 2834 1230 miseranda,
2867 1173 3002 1221 ante
3030 1168 3262 1224 senium
3313 1171 3482 1227 malis
3534 1175 3738 1230 attrita

2091 1254 2146 1302 et
2177 1251 2457 1316 confecta,
2490 1255 2545 1306 et
2577 1259 2871 1318 senectus,
2894 1261 2958 1309 ut
2986 1257 3251 1325 exitiosa,
3271 1259 3581 1331 fugienda?
3598 1267 3734 1318 For-

2092 1338 2390 1405 midabile,
2426 1356 2458 1394 o
2482 1345 2686 1409 mater,
2718 1347 2774 1396 et
2795 1358 2968 1413 grave
2987 1352 3076 1399 est
3097 1344 3273 1415 hujus
3296 1348 3428 1404 vitae
3451 1351 3731 1420 stadium,

2091 1428 2262 1495 cujus
2295 1435 2449 1482 meta
2476 1434 2566 1482 est
2595 1433 2957 1486 currentium
2990 1434 3282 1490 interitus.
3315 1437 3734 1495 Calamitosam

2093 1516 2218 1569 vitae
2254 1517 2405 1570 viam
2439 1517 2834 1588 ambulamus,
2868 1537 2998 1590 quae
3030 1524 3394 1590 sepulturam
3427 1525 3604 1584 habet
3637 1543 3737 1599 pro

2094 1605 2433 1672 diversorio;
2459 1607 2697 1662 difﬁcile
2717 1614 2892 1680 atque
2916 1612 3194 1667 infestum
3219 1615 3346 1668 vitae
3372 1613 3612 1687 pelagus
3635 1633 3739 1672 na-

2095 1693 2382 1763 vigamus,
2419 1695 2507 1748 cui
2543 1696 2805 1752 infernus
2850 1701 3131 1771 tanquam
3186 1701 3392 1772 pirata,
3448 1704 3740 1762 imminet.

336 1787 441 1856 τὴν
475 1784 665 1859 ἀργίαν
697 1777 919 1855 ἐκϐάλῃ,
965 1781 1225 1858 εἶσαγάγῃ
1273 1783 1369 1844 τὰς
1413 1783 1610 1857 τὲχνας
1646 1781 1714 1837 δι’
1758 1777 1983 1852 ἔνδειαν,

2105 1783 2260 1837 Solus
2282 1799 2350 1837 ex
2371 1784 2644 1839 omnibus
2667 1786 2841 1841 homo
2867 1788 3059 1842 nudus
3081 1789 3532 1861 gignitur,nullo
3547 1793 3630 1850 vel
3653 1811 3740 1850 ar-

339 1877 574 1951 γεννήσῃ
632 1876 892 1947 μηχανῶν
950 1871 1254 1934 ποικιλίας.
1313 1872 1374 1929 Ὁ
1428 1873 1529 1948 γὰρ
1571 1872 1776 1948 γυμνὸς
1808 1871 1985 1926 πολυ-

345 1967 617 2038 μήχανος,
667 1963 848 2036 ὥσπερ
896 1960 1106 2033 κέντρῳ
1139 1964 1208 2035 τῇ
1257 1961 1421 2036 χρείᾳ
1469 1962 1818 2034 νυσσόμενος,
1869 1964 1986 2022 πῶς

342 2052 529 2114 ὑετοὺς
561 2050 835 2128 ἀποφύγῃ,
869 2055 987 2112 πῶς
1032 2049 1320 2128 σοφίσηται
1372 2050 1559 2125 κρύος,
1608 2056 1725 2112 πῶς
1770 2049 1989 2125 πληγὰς

334 2141 748 2218 ἀντίφράξηταί»
803 2145 922 2202 πῶς
963 2141 1254 2215 γεωργήσῃ
1302 2141 1402 2210 τὴν
1447 2147 1572 2214 γῆν,
1621 2144 1739 2202 πῶς
1770 2135 1987 2216 φοϐήσῃ

336 2231 522 2306 θηρία,
577 2233 697 2292 πῶς
773 2225 990 2302 δαμάσῃ
1045 2228 1111 2282 τὰ
1168 2225 1508 2304 δυνατώτερα
1541 2272 1553 2285 .
1616 2229 1989 2302 Βρεχόμενος,

338 2321 546 2398 ὀροφὴν
607 2319 938 2394 ἐτεχνήσατο
971 2336 985 2350 °
1048 2316 1325 2393 ῥιγώσας,
1392 2313 1678 2388 ἐπενόησεν
1741 2313 1986 2389 ἔνδυμα·

335 2409 721 2481 πληττόμενος
799 2404 1189 2482 μεμηχάνηται
1250 2406 1468 2480 θώρακα
1516 2427 1527 2438 ·
1590 2406 1840 2469 ἀκάνθαις
1894 2405 1991 2467 τὰς

339 2505 537 2576 χεῖρας
593 2497 803 2570 γυμνάς
862 2494 914 2550 ἐν
968 2495 1251 2570 γεωργίαις
1312 2496 1616 2568 αἱμάσσων,
1667 2494 1993 2568 ἐμελέτησεν

342 2588 595 2662 ὁργάνων
629 2586 904 2660 βοήθειαν·
933 2585 1350 2660 γεγυμνωμένος
1400 2585 1615 2660 θηρίοις
1660 2584 1734 2646 εἷς
1772 2585 1990 2658 βρῶμα,

345 2676 499 2752 εὗρεν
533 2672 592 2729 ἐκ
623 2669 793 2751 φόϐου
812 2675 1034 2749 τέχνην,
1059 2674 1126 2728 τὰ
1146 2667 1419 2750 φοϐοῦντα
1449 2668 1741 2751 φοϐοὗσαν.
1774 2669 1990 2741 Ἀλλην

348 2763 402 2838 ἐξ
453 2762 630 2835 ἄλλης
689 2761 960 2838 ἐγέννησεν
1012 2763 1046 2828 ἡ
1104 2761 1380 2838 γύμνωσις
1441 2764 1672 2831 σύνεσιν,
1728 2763 1804 2825 ὡς
1859 2762 1992 2815 εἶναι

351 2852 443 2908 καὶ
473 2855 570 2922 τὴν
599 2851 870 2928 γύμνωσιν
922 2848 1097 2927 δῶρον
1142 2851 1231 2906 καὶ
1262 2851 1423 2926 χάριν
1464 2848 1808 2920 δεσποτικήν.
1846 2856 1994 2922 Γυμ-

349 2944 442 3007 νὸς
473 2941 561 2997 οὗν
613 2941 699 2996 καὶ
750 2941 778 2995 ὁ
811 2936 939 2996 ’1ὼὸ
989 2940 1252 3002 καταστὰς
1300 2940 1628 3014 χρημάτων,
1679 2940 1994 3012 κτημάτων,

345 3030 638 3103 εὐτεκνίας,
676 3027 1057 3094 πολυτεκνίας,
1087 3029 1176 3083 καὶ
1225 3029 1394 3083 πάντα
1442 3028 1492 3082 ἐν
1543 3029 1741 3104 βραχεῖ
1789 3022 1999 3083 ἀποϐα-

345 3121 487 3190 λὼν,
514 3122 613 3190 την
665 3119 989 3194 εὐχάριστον
1033 3117 1234 3188 ταύτην
1281 3119 1461 3196 φωνὴν
1513 3112 1815 3190 ἐξεϐόησεν·
1852 3123 1996 3188 Γυμ-

2097 1888 2328 1927 morum
2358 1873 2446 1927 vel
2479 1873 2962 1930 indumentorum
2994 1883 3244 1934 connato
3285 1895 3494 1950 genere
3545 1889 3740 1951 prote-

2095 1966 2247 2029 ctus;
2282 1978 2394 2015 non
2427 1961 2577 2026 idco,
2611 1962 2764 2030 quod
2797 1965 2873 2018 sit
2903 1966 3126 2019 caeteris
3159 1967 3561 2024 animantibus
3592 1971 3743 2026 infe-

2101 2050 2236 2117 rior,
2271 2052 2370 2103 sed
2402 2057 2464 2104 ut
2495 2052 2782 2105 nuditatis
2817 2057 3027 2107 nostra:
3059 2055 3472 2123 consideratio,
3500 2064 3557 2112 et
3585 2059 3742 2130 quod

2099 2137 2245 2192 nihil
2281 2139 2338 2192 in
2372 2141 2660 2192 mundum
2690 2139 3104 2210 invexerimus,
3152 2146 3413 2199 studium
3465 2146 3523 2199 in
3572 2147 3742 2204 nobis

2102 2233 2395 2298 procreet;
2423 2227 2685 2282 studium
2719 2244 2850 2283 vero
2881 2235 2939 2284 et
2987 2230 3320 2287 sollicitudo
3370 2235 3743 2304 prudentiam

2103 2317 2338 2386 pandat,
2372 2317 2697 2372 socordiam
2731 2317 2931 2388 procul
2964 2320 3210 2389 ableget,
3244 2329 3398 2378 artes
3429 2325 3500 2378 ad
3555 2325 3745 2380 vitan-

2101 2405 2234 2457 dam
2259 2410 2571 2474 egestatem
2597 2407 2929 2460 introducat
2949 2416 3009 2462 et
3028 2409 3411 2464 artiﬁciorum
3446 2415 3746 2468 diversita-

2101 2502 2186 2547 tes
2219 2493 2546 2564 progignat.
2581 2495 2687 2558 Qui
2717 2494 2874 2549 enim
2906 2499 3101 2551 nudus
3132 2506 3242 2564 est,
3263 2499 3583 2569 indigentia
3614 2507 3744 2557 tan-

2101 2597 2277 2650 quam
2311 2581 2554 2636 stimulo
2587 2582 2901 2653 impulsus,
2943 2588 3126 2640 multa
3151 2586 3372 2641 invenit
3402 2595 3458 2643 et
3498 2591 3743 2646 fabrica-

2102 2677 2217 2738 tur,
2252 2672 2546 2741 quomodo
2578 2671 2783 2742 pluvia:
2813 2673 3196 2742 declinandis,
3225 2679 3517 2747 quomodo
3559 2679 3746 2750 frigus

2104 2761 2421 2830 prudenter
2489 2762 2832 2827 arcendum,
2882 2767 3174 2833 quomodo
3240 2767 3309 2821 ad
3378 2769 3746 2839 repellendos

2104 2850 2254 2905 ictus
2288 2849 2506 2904 muniri
2535 2859 2780 2920 oportet,
2803 2856 3098 2922 quomodo
3129 2861 3283 2910 terra
3312 2857 3574 2924 colenda,
3599 2875 3750 2930 quo-

2107 2938 2280 2993 modo
2314 2938 2449 2992 feris
2482 2943 2670 2994 metus
2701 2943 3105 3005 incutiendus,
3137 2950 3194 2998 et
3224 2947 3521 3015 quomodo
3571 2951 3750 3004 robu-

2105 3027 2287 3082 stiora
2316 3027 2595 3082 animalia
2625 3028 2916 3084 domanda
2948 3033 3084 3086 sint.
3120 3037 3509 3098 Quomobrem
3555 3035 3752 3106 pluvia

2108 3120 2382 3188 perfusus
2427 3123 2580 3171 tecta
2629 3119 2962 3185 fabricavit;
3031 3121 3244 3192 frigore
3316 3123 3752 3182 vehementiore

343 3213 436 3273 νὸς
464 3187 696 3280 ἐξῆλθον
730 3187 1057 3278 ἷξε-νηδύος,
1090 3187 1302 3281 γυμνὸς,
1341 3206 1430 3261 καὶ
1461 3204 1834 3278 ἀπελεύσομαι
1867 3204 1994 3276 ἐκεῖ,

2112 3187 2385 3266 afﬂictus,
2421 3205 2767 3260 indumenta
2796 3209 3174 3276 excogitavit;
3207 3211 3358 3266 ictus
3387 3229 3453 3266 ac
3483 3212 3753 3268 vulnera-

345 3300 485 3374 πρὸς
516 3298 646 3355 Θεὸν
673 3294 892 3368 δηλαδὴ
922 3296 1012 3351 καὶ
1040 3298 1140 3366 τήν
1175 3295 1437 3370 μακαρίαν
1473 3293 1628 3365 λῆξιν
1671 3294 1879 3364 ἐκείνην
1912 3293 2000 3348 καὶ

348 3388 668 3444 ἀνάπαυσιν.

2113 3301 2232 3359 tus,
2253 3294 2544 3349 thoracem
2578 3293 2824 3362 invenit;
2843 3312 2974 3350 cum
3006 3313 3218 3353 manus
3247 3298 3306 3352 in
3339 3300 3756 3368 agricolatione

2115 3388 2408 3452 occupatae
2441 3382 2630 3451 spinis
2659 3387 3498 3448 cruentarentur,rusticorum
3531 3389 3755 3445 instru-

351 3486 687 3536 mentorum
721 3475 1150 3533 adminiculum
1182 3473 1561 3545 excogitavit;
1595 3474 1788 3528 nudus
1817 3481 1880 3545 ›ι‹
1914 3472 2173 3528 existens
2203 3476 2260 3525 et
2285 3485 2419 3524 esca
2449 3469 2683 3539 belluis,
2716 3475 2902 3525 artem
2935 3479 3301 3528 commentus
3333 3480 3444 3540 est,
3476 3492 3603 3546 quae
3636 3479 3755 3534 for-

354 3567 736 3626 midabilibus
767 3567 1140 3622 formidinem
1171 3565 1478 3620 incuteret.
1513 3563 1694 3618 Aliam
1728 3579 1797 3618 ex
1829 3561 1942 3618 alia
1973 3560 2271 3617 solertiam
2308 3558 2545 3614 nuditas
2574 3560 2798 3630 genuit,
2845 3564 2910 3615 ut
2949 3561 3074 3628 jam
3120 3564 3358 3618 nuditas
3406 3567 3623 3621 donum
3678 3566 3758 3623 sit

353 3658 614 3723 Domini,
645 3662 704 3712 et
732 3655 921 3728 gratia
950 3655 1021 3710 ab
1054 3653 1155 3709 illo
1181 3669 1475 3708 concessa.
1509 3652 1777 3707 Nudatus
1811 3652 1989 3720 igitur
2015 3649 2126 3705 Job
2155 3647 2367 3720 apibus
2397 3647 2543 3713 suis,
2581 3647 3075 3719 possessionibus,
3128 3651 3403 3721 praeclara
3450 3659 3508 3710 et
3552 3671 3754 3712 nume-

353 3765 486 3804 rosa
516 3746 738 3813 sobole,
771 3750 830 3800 et
859 3745 1020 3799 brevi
1052 3743 1240 3814 spatio
1273 3742 1364 3797 his
1394 3741 1670 3797 omnibus
1702 3741 2012 3811 spoliatus,
2044 3738 2153 3793 hac
2185 3735 2356 3808 plena
2385 3735 2537 3808 grati
2567 3735 2750 3792 animi
2782 3755 2917 3794 voce
2946 3738 3291 3794 exclamavit
3325 3759 3337 3797 :
3369 3742 3552 3799 Nudus
3579 3759 3760 3818 egres-

346 3853 442 3893 sus
468 3853 596 3892 sum
627 3851 696 3891 ea:
722 3843 897 3900 utero,
927 3833 1106 3888 nudus
1134 3832 1310 3888 etiam
1341 3836 1591 3886 revertar
1620 3830 1776 3899 illuc,
1811 3827 2089 3884 nimirum
2121 3827 2192 3883 ad
2226 3832 2406 3882 Deum
2438 3836 2491 3881 et
2523 3826 2829 3883 beatorum
2860 3833 3074 3884 sortem
3105 3835 3163 3884 et
3193 3831 3477 3902 requiem.

2011 4083 2110 4141 VI.

1403 4187 1505 4247 sx
1552 4185 1864 4246 NlGliT/E
1908 4184 2219 4244 CATENA
2267 4184 2342 4244 IN
2392 4185 2528 4247 JOB
2575 4185 2727 4265 (90).

1801 4290 1961 4363 (Cap.
1993 4307 2149 4360 xxxv,
2183 4307 2236 4346 ν.
2267 4291 2349 4362 7.)

439 4554 641 4623 Χρῆμα
680 4551 787 4602 τῶν
836 4545 1022 4602 ἄλλων
1069 4545 1319 4601 ἁπάντων
1363 4543 1448 4600 ὅτι
1483 4543 1722 4618 μάλιστα
1748 4540 1990 4618 τιμαλφὲ

2203 4544 2356 4599 878
2406 4542 2602 4598 Animi
2645 4545 3048 4617 tranquillitas
3086 4550 3568 4606 rerumomnium
3607 4551 3780 4624 longe

367 4657 560 4692 στατον
592 4639 628 4706 ἡ
660 4635 932 4709 ἀταραξίαο
963 4640 1212 4690 τοιοῦτον
1256 4636 1393 4707 ἡμῖν
1426 4636 1455 4688 ὁ
1499 4631 1668 4708 λόγος
1721 4629 2019 4706 ὑπογράφει

365 4727 462 4780 τὸν
527 4727 791 4798 μακάριον
850 4719 995 4780 Ἰώϐ.
1060 4723 1286 4799 Εἴρηται
1344 4721 1446 4797 γάρ
1495 4722 1621 4798 περὶ
1677 4720 1860 4776 αὐτοῦ·
1923 4719 2021 4782 Τίς

369 4815 512 4888 ἀνὴρ
570 4813 752 4889 ὥσπερ
808 4807 961 4880 Ἰὼϐ,
1015 4813 1183 4867 πίνων
1246 4813 1620 4887 μυκτηρισμὸν
1681 4812 1758 4866 ὡτ
1811 4807 1958 4885 ὕδωρ
2006 4828 2022 4880 ;

370 4901 776 4973 ’Δξὶοζήλωτος
825 4901 926 4978 γὰρ
976 4900 1222 4972 άληθῶς,
1273 4901 1364 4956 καὶ
1416 4903 1639 4970 παντὸς,
1684 4903 1862 4973 οἶμαι,
1896 4899 2023 4954 θαύ·

379 5010 550 5065 ματος
580 4991 750 5061 ἄξιος,
783 4989 828 5044 εί
858 4989 993 5063 πρὸς
1023 4991 1185 5044 τοῦτό
1214 5011 1295 5052 τις
1343 4989 1465 5059 ἥκει
1501 4988 1901 5065 μακροθυμίας,
1952 4989 2028 5051 ὡς

376 5077 621 5140 εὐκόλως
652 5077 906 5142 δύνασθαι
935 5075 1172 5134 διαθλεῗν
1202 5079 1302 5148 τήν
1353 5078 1413 5134 ἐκ
1457 5084 1554 5134 τοῦ
1587 5076 2027 5134 πλεονεκτεῖσθαι

377 5166 632 5245 δριμεῖαν
653 5166 902 5241 άληθῶς,
919 5167 1024 5224 ¹καὶ
1054 5166 1115 5223 οὐ
1143 5173 1260 5232 τοῖς
1280 5171 1540 5245 τυχοῦσιν
1564 5166 2026 5243 εὐκαταγώνιστον

377 5255 586 5328 λύπην.

447 5383 512 5449 ›ι‹
540 5389 599 5440 p.
637 5383 780 5441 4003
809 5365 923 5440 Eo.
959 5383 1250 5441 rorrsa.

450 5512 566 5584 (90)
593 5512 721 5585 Alia
750 5512 926 5585 hujus
957 5521 1014 5568 et
1037 5512 1444 5585 procedentis
1479 5512 1787 5585 fragmenti
1838 5513 2024 5585 versio

378 5583 574 5641 exatat
601 5585 660 5638 in
692 5584 854 5640 Pauli
885 5583 1153 5640 Comitoli
1187 5585 1406 5641 Catena
1435 5584 1492 5640 in
1522 5584 1761 5650 Jobum,
1805 5583 1904 5639 ubi
1953 5585 2026 5642 de

375 5654 693 5732 posteriori
721 5671 780 5729 p.
811 5657 911 5713 451
945 5655 1236 5727 observat,
1285 5656 1827 5729 interpretationem
1873 5655 2026 5716 hanc

2132 4632 2563 4705 pretiosissima
2594 4635 2885 4690 estztalem
2921 4638 3088 4692 nobis
3124 4639 3214 4693 hic
3243 4643 3533 4695 tractatus
3563 4642 3780 4699 Jobum

2134 4739 2235 4795 pro
2266 4723 2583 4794 exemplari
2613 4725 2924 4795 proponit;
2960 4726 3184 4782 dictum
3216 4727 3372 4783 enim
3401 4734 3490 4783 est
3519 4731 3591 4785 de
3639 4747 3704 4786 eo
3763 4747 3779 4790 :

2133 4813 2268 4886 Quis
2295 4813 2383 4870 vir
2401 4823 2462 4870 ut
2491 4815 2607 4882 Job,
2641 4815 2828 4871 bibens
2849 4818 3341 4875 subsannationem
3361 4820 3505 4875 sicut
3534 4838 3739 4893 aquam
3759 4827 3785 4878 .9

2133 4903 2279 4960 Vere
2299 4903 2476 4958 etiam
2499 4903 2870 4961 aemulatione
2892 4912 2949 4961 et
2971 4907 3132 4963 omni
3160 4908 3545 4965 admiratione
3571 4911 3788 4983 dignus

2136 4992 2465 5047 censendus
2495 4997 2604 5061 est,
2637 4992 2687 5048 si
2714 5010 2780 5048 eo
2812 4993 3133 5050 tolerantiae
3165 4997 3296 5068 quis
3329 4999 3672 5069 pervenerit,
3723 5003 3792 5056 ut

2137 5097 2272 5138 cum
2305 5097 2647 5152 maerore,“
2677 5082 2896 5153 injuria
2927 5082 3090 5139 illata
3119 5085 3311 5157 reipsa
3340 5088 3567 5157 acerbo,
3594 5091 3652 5143 et
3681 5088 3784 5161 qui

2139 5171 2325 5229 obviis
2357 5171 2692 5242 quibusque
2723 5171 2898 5228 rebus
2924 5174 3247 5246 expugnari
3269 5192 3383 5232 non
3407 5175 3796 5249 potest,facile

2141 5263 2362 5316 certare
2391 5259 2602 5318 valeat.

2134 5512 2452 5592 Clementis
2480 5511 2724 5592 totidem
2755 5514 2948 5592 verbis
2980 5520 3324 5592 usurpatam
3357 5534 3486 5576 esse
3512 5518 3788 5592 arCyrillo

2132 5585 2317 5651 Alex.,
2348 5585 2458 5640 sub
2488 5586 2659 5657 cujus
2686 5586 2924 5644 nomine
2952 5585 3142 5674 exstat
3166 5587 3227 5646 in
3259 5591 3477 5648 Catena
3507 5585 3748 5652 Nicete.
