4078 6146
440 338 551 394 743
1691 330 2031 387 οιΒιίΒΝε

2265 330 2638 386 ANDRINUB
3786 329 3875 386 744

2078 480 2206 538 VII.

1403 583 1502 644 sx
1550 582 1862 643 NlCET/E
1903 581 2220 641 CATENA
2262 578 2333 638 1N
2384 546 2883 644 MATTHIEUM.

1908 700 2072 774 (Cap.
2104 718 2161 767 v,
2193 715 2247 754 ν.
2286 702 2399 772 42.)

520 838 915 909 Eleemosynaa
947 836 1245 901 faciendae,
1273 839 1333 890 at
1361 850 1494 890 cum
1520 831 1768 902 judicio,
1798 840 1856 887 et
1883 828 1956 886 iis
1988 829 2090 901 qui
2120 882 2130 903 Δ

2282 825 2541 895 Ποιητέον
2595 825 2988 901 ἐλεημοσύνας,
3047 827 3196 885 ἀλλὰ
3255 833 3401 903 μετὰ
3458 831 3741 906 κρίσεως,
3788 832 3867 887 καὶ

450 929 611 1001 digni
645 931 878 994 sunt,ut
907 925 1350 981 retributionem
1382 922 1752 977 inveniamus
1782 919 2060 975 Altissimi

2255 919 2314 976 ,ἴς
2346 914 2651 986 ἀξίοις,⁹ίνα
2694 916 2935 993 εὕρωμεν
2970 917 3332 992 ἀνταπόδομα
3384 921 3540 989 παρᾶ
3581 925 3681 977 τοῦ
3728 921 3865 996 Ὑψί-

449 1017 544 1072 νω
576 1021 772 1073 autem
807 1014 1186 1080 habentibus,
1218 1019 1275 1068 et
1304 1011 1597 1084 hypocrisi
1643 1007 2059 1081 accipientibus

2255 1024 2352 1059 του.
2386 1004 2520 1061 Οὐαὶ
2573 1003 2632 1060 δὲ
2676 1013 2793 1071 τοῖς
2823 1006 3034 1082 ἔχουσι,
3067 1009 3157 1063 καὶ
3206 1009 3259 1064 ἐν
3319 1010 3616 1084 ὑποκρίσει
3663 1007 3865 1085 λαμϐά-

450 1112 552 1162 aut
580 1122 709 1162 sese
740 1106 902 1177 ipsos
922 1105 1134 1175 juvare
1160 1102 1511 1168 valentibus,
1542 1105 1599 1156 et
1630 1099 1701 1155 ab
1749 1098 1881 1154 aliis
1928 1097 2060 1152 auxi

2252 1115 2403 1164 ›υσιν,
2436 1095 2471 1164 ἢ
2500 1091 2823 1168 δυναμένοις
2876 1098 3093 1173 βοηθιῖν
3142 1099 3388 1173 ἑαυτοῖς,
3422 1100 3517 1155 καὶ
3580 1096 3862 1175 Ααμϐἀνειν

447 1194 595 1250 lium
622 1195 993 1249 emendicare
1035 1191 1383 1248 volentibus.
1437 1189 1545 1256 Qui
1592 1188 1750 1244 enim
1799 1185 2057 1242 habuerit

2252 1188 2327 1255 αρ’
2360 1180 2555 1258 ὲτέρων
2600 1183 2968 1261 βουλομένοις
2994 1189 3005 1242 !
3033 1188 3061 1241 6
3088 1187 3189 1264 γὰρ
3223 1185 3377 1264 ἔχων
3424 1189 3518 1245 καὶ
3553 1188 3627 1245 δι’
3655 1190 3862 1266 ὑπόκρι-

444 1300 514 1339 ac
545 1300 647 1355 per
671 1281 1026 1355 bypocrisim
1058 1286 1159 1336 aut
1182 1279 1466 1336 desidiam
1500 1275 2054 1349 acceperit,condem

1813 1275 2090 1332 condem-
2202 1292 2282 1327 σιν
2315 1271 2350 1340 ἢ
2382 1270 2568 1348 ἀργίαν
2604 1269 2901 1347 λαμϐάνων
2933 1278 3418 1349 κατακριθήσεται.

446 1372 705 1429 nabitur.

1593 1464 1657 1537 ᾖ
1683 1466 1768 1519 Ea:
1796 1461 1985 1518 eadem
2013 1463 2075 1516 in
2103 1477 2224 1533 cap.
2257 1479 2382 1528 xm,
2412 1480 2470 1532 v,
2501 1463 2591 1531 31,
2621 1465 2710 1519 32.

516 1568 976 1625 Annuntiativus
1000 1566 1163 1638 regni
1186 1564 1463 1621 cmlorum
1489 1579 1681 1619 sermo
1702 1578 1834 1617 acer
1855 1561 2095 1632 quidem

2276 1559 2337 1615 Ὀ
2366 1567 2466 1628 τῆς
2488 1564 2595 1614 τῶν
2629 1560 2872 1636 οὐρανῶν
2910 1560 3188 1636 βασιλείας
3216 1564 3649 1641 καταγγιλτικὸς
3699 1564 3850 1641 λόγος

447 1674 514 1713 ac
548 1656 810 1723 mordax,
844 1657 1335 1728 quemadmodum
1366 1654 1650 1722 sinapi,ac
1680 1651 1969 1707 choleram
2004 1650 2057 1704 di

2240 1649 2403 1720 ριμὺς
2438 1650 2535 1721 μὲν
2567 1646 2676 1704 ἔστι
2706 1650 2800 1705 καὶ
2834 1647 3109 1721 δηκτικὸς,
3142 1652 3385 1726 καθάπερ
3424 1655 3488 1711 τὸ
3537 1654 3740 1722 σίναπι,
3771 1654 3850 1711 καὶ

446 1762 677 1819 gerens,
711 1747 766 1800 id
796 1751 887 1801 est
912 1745 1295 1812 iracundiam;
1330 1749 1387 1799 et
1416 1744 1689 1814 phlegma
1719 1742 2005 1803 incidens,
2034 1740 2051 1793 i

2237 1744 2301 1805 ῆς
2349 1736 2531 1811 χολῆς
2590 1740 2869 1814 βιωτικὸς,
2917 1740 3164 1796 τουτέστι
3220 1746 3319 1796 τοῦ
3371 1745 3568 1817 θυμοῦ,
3617 1744 3705 1799 καὶ
3758 1748 3847 1800 τοῦ

446 1840 537 1891 est
567 1834 926 1906 superbiam,
977 1851 1044 1889 ex
1091 1850 1205 1901 quo
1248 1848 1514 1888 sermone
1563 1847 1696 1886 vera
1742 1830 1950 1884 anima:
2001 1845 2056 1883 se

2234 1824 2520 1900 »λὲγματος
2572 1825 2949 1896 διακοπτικὸς,
2997 1829 3243 1885 τουτέστι
3300 1837 3396 1887 τοῦ
3440 1832 3631 1909 τύφου,
3680 1833 3731 1906 ἐξ
3786 1833 3844 1887 οὗ

444 1927 619 1990 nitas,
651 1941 718 1980 ac
765 1928 1115 1995 perpetuum
1162 1925 1695 1994 temperamentum
1747 1920 1952 1974 oritur.
2004 1924 2045 1970 A

2230 1915 2374 1990 ,όγου
2404 1919 2438 1985 ὴ
2472 1914 2691 1986 ἀληθὴς
2740 1925 2843 1988 τῆς
2893 1921 3079 1994 ψυχῆς
3134 1921 3329 1996 ὑγίεια,
3358 1921 3444 1975 καί
3474 1925 3506 1990 ἠ
3553 1920 3726 1982 ἀΐδιος
3757 1921 3840 1976 εὖ·

439 2018 675 2069 tantum
708 2020 899 2069 autem
930 2012 1359 2067 incrementum
1392 2025 1628 2081 germen
1655 2008 1944 2063 sermonis
1968 2024 2049 2079 pel

2221 2005 2393 2079 ιρασία
2447 2006 2805 2081 περιγίνεται.
2866 2007 2962 2070 Εἷς
3019 2008 3285 2078 τοσαύτην
3338 2007 3391 2063 δὲ
3434 2006 3593 2079 αὔξην
3644 2011 3676 2077 ἡ
3726 2010 3831 2085 φυή

436 2103 616 2171 venit,
650 2107 717 2157 ut
746 2107 882 2157 nata
912 2117 981 2156 ex
1012 2117 1078 2156 eo
1122 2100 1295 2154 arbor
1341 2099 1417 2153 sit
1467 2115 1479 2152 :
1532 2113 1664 2168 quae
1714 2097 1917 2167 utique
1963 2113 2046 2151 ess

2212 2099 2296 2148 τοῦ
2343 2094 2515 2169 λόγου
2566 2095 2869 2170 προῆλθεν,
2915 2098 2989 2161 ὡς
3034 2098 3097 2152 τὸ
3140 2096 3188 2167 ἐξ
3235 2096 3390 2151 αὐτοῦ
3437 2099 3566 2173 φόον
3611 2092 3822 2170 δένδρον

440 2192 630 2263 possit
661 2191 876 2260 ubique
910 2199 1197 2245 terrarum
1248 2188 1508 2243 stabilita
1554 2185 1770 2242 Christi
1815 2185 2050 2241 Ecclesit

2204 2185 2385 2255 (τοῦτο
2422 2181 2467 2238 δ’
2499 2184 2559 2239 ἂν
2611 2182 2695 2257 εἴη
2728 2187 2763 2254 ἡ
2796 2190 3079 2260 πανταχοῦ
3119 2192 3223 2261 γῆς
3267 2182 3513 2260 ἱδρυμένη
3558 2187 3650 2240 τοῦ
3694 2186 3814 2258 Χρι-

443 2286 508 2336 ut
536 2280 735 2336 omnia
770 2279 1010 2352 impleat
1039 2277 1144 2347 sic,
1173 2283 1237 2332 ut
1262 2279 1319 2332 in
1355 2276 1536 2332 ramis
1584 2277 1713 2347 ejus
1762 2274 2053 2332 inhabiten

2203 2274 2331 2327 στοὺ
2364 2271 2689 2347 Ἐκκλησία)
2735 2276 2801 2328 τὰ
2845 2274 3019 2329 πάντα
3076 2274 3387 2351 πληρῶσαι,
3436 2273 3564 2329 ὥστε
3610 2272 3660 2329 ὲν
3704 2277 3813 2334 τοῖς

441 2368 711 2427 volucres
772 2368 921 2439 caeli,
972 2366 1163 2438 angeli
1216 2366 1485 2423 videlicet
1530 2365 1659 2436 Deii,
1680 2382 1746 2420 ac
1810 2363 2051 2420 sublime

2206 2360 2429 2424 κλάδοις
2464 2363 2634 2432 αὐτῆς
2663 2367 3080 2434 κατασκηνίἷηαι
3110 2364 3178 2417 τὰ
3214 2356 3538 2418 πετεινᾶτοῦ
3581 2362 3816 2436 οὐρανοῦ,

443 2460 682 2515 animae.

2201 2450 2475 2527 ἀγγέλους
2501 2449 2720 2522 δηλαδή
2762 2450 2938 2514 θείους
2967 2452 3059 2507 καὶ
3093 2453 3402 2529 μετεώρους
3432 2450 3601 2528 ψυχάς
3632 2452 3756 2525 (91).

1701 2577 1784 2629 Ea:
1807 2575 1996 2631 eadem
2029 2577 2088 2630 in
2120 2590 2239 2647 cap.
2272 2592 2375 2646 χιι,
2407 2593 2462 2631 v.
2494 2577 2583 2631 46.

512 2694 829 2766 Margarita
857 2699 947 2750 est
978 2694 1155 2749 etiam
1189 2693 1481 2765 pellucida
1510 2697 1567 2748 et
1590 2693 1983 2748 mundissima
2000 2692 2091 2748 Je-

2269 2695 2423 2747 ’Έστι
2479 2691 2823 2768 μαργαρίτης
2868 2692 2958 2747 καὶ
2991 2692 3018 2746 ὁ
3069 2689 3296 2767 διαυγὴς
3344 2693 3433 2748 καὶ
3470 2692 3828 2764 καθαρώτατος

441 2800 747 2855 sus.quem
779 2800 844 2839 ex
876 2783 1073 2838 divino
1107 2781 1330 2853 fulgore
1358 2781 1535 2853 Virgo
1568 2782 2051 2853 concepilzquem

2220 2780 2429 2849 Ιησοῦς,
2480 2782 2537 2834 ὃν
2590 2780 2642 2851 ἐξ
2686 2781 2964 2856 ἀστραπῆς
3016 2787 3115 2850 τῆς
3149 2782 3292 2845 θείας
3323 2783 3357 2852 ἡ
3392 2781 3655 2857 Παρθένος
3697 2776 3830 2855 ἐγέν-

445 2873 767 2928 admodum
798 2888 954 2926 emm
989 2870 1307 2943 margarita
1333 2871 1391 2925 in
1422 2886 1594 2925 carne
1625 2875 1681 2924 et
1728 2870 1968 2937 concha,
2019 2890 2052 2925 a

2227 2890 2375 2939 ησεν.
2452 2872 2657 2942 Ὥσπερ
2734 2869 2837 2945 γὰρ
2896 2870 2925 2922 ὁ
3006 2870 3374 2944 μαργαρίτης,
3432 2870 3485 2926 ἐν
3545 2869 3695 2945 σαρκὶ
3748 2883 3834 2936 καὶ

443 2959 671 3033 liquore
691 2960 981 3016 exsistens
1000 2976 1212 3031 corpus
1234 2958 1463 3014 videtur
1480 2975 1609 3014 esse
1630 2958 1891 3013 lucidum
1914 2975 1980 3013 ac
2011 2957 2051 3011 li

2222 2958 2422 3032 στρείῳ
2470 2958 2559 3012 καὶ
2610 2957 2662 3012 ἐν
2709 2958 2892 3033 ὑγροῖς
2933 2958 3244 3032 γενόμενος,
3297 2962 3457 3032 σῶμα
3500 2955 3667 3014 ἓοικεν
3713 2955 3832 3012 εἶναι

443 3050 713 3122 quidum,
733 3048 880 3105 lucis
903 3066 970 3104 ac
991 3047 1237 3121 spiritus
1259 3049 1520 3120 plenum,
1541 3047 1623 3103 ita
1643 3053 1699 3103 et
1715 3048 2053 3103 incarnatun

2224 3047 2355 3123 ηγρὸν
2405 3048 2495 3102 καὶ
2546 3043 2761 3118 διειδὲς,
2792 3046 2970 3122 φωτὸς
3013 3045 3103 3101 καὶ
3134 3046 3445 3119 πνεύματος
3484 3048 3673 3125 γὲμον,
3701 3044 3834 3100 οὕτω

437 3137 593 3195 Deus
621 3139 862 3195 verbum
894 3138 996 3194 lux
1024 3143 1113 3194 est
1142 3136 1467 3209 spiritualis
1500 3154 1601 3209 per
1631 3137 1892 3194 lucidum
1916 3153 1982 3193 ac
2014 3136 2047 3192 li

2224 3136 2283 3190 ,αὶ
2331 3137 2359 3190 6
2409 3135 2708 3211 σαρκωθεὶς
2760 3136 2888 3200 Θεὸς
2932 3133 3116 3209 λόγος,
3166 3139 3281 3212 φῶς
3332 3136 3445 3192 ἐστι
3504 3138 3707 3211 νοερὸν,
3755 3131 3834 3188 διὰ

433 3229 680 3300 quidum
715 3244 929 3299 corpus
960 3226 1215 3299 fulgens.

2193 3225 2373 3303 φωτὸς
2404 3225 2494 3281 καὶ
2528 3226 2695 3303 ὑγροῦ
2728 3223 3013 3299 ἐκλάμψας
3042 3225 3294 3297 σώματος

2030 3468 2176 3524 VIII.

1205 3568 1305 3628 EX
1355 3567 1669 3627 CATENA
1711 3567 1788 3628 IN
1835 3568 1899 3629 S.
1947 3567 2223 3630 LUCAM
2270 3571 2314 3627 A
2361 3568 2757 3630 COBDEBIO
2804 3571 3062 3632 EDITA.

513 3705 649 3760 CAP.
684 3719 771 3767 ιιι,
802 3720 853 3758 v.
902 3703 992 3758 22.
1042 3702 1192 3758 Num
1244 3702 1337 3758 hic
1387 3703 1669 3774 hominis,
1717 3703 1817 3759 sed
1864 3704 2076 3758 colum-
2109 3708 2154 3772 ο
2195 3718 2308 3774 que
2341 3709 2735 3760 consentanea
2765 3705 2857 3761 via
2887 3722 3010 3776 quae
3043 3722 3145 3777 per
3173 3707 3290 3763 iota
3317 3709 3435 3763 Iesu
3482 3707 3829 3766 insinuatur,

444 3791 528 3849 bas
546 3791 967 3847 similitudinem
995 3793 1143 3848 Deus
1166 3790 1656 3863 assumpsit;quia
1679 3791 1911 3846 volebat
1943 3808 2089 3846 nova
2196 3799 2289 3846 est
2318 3791 2448 3862 ipsa
2478 3792 2609 3862 ejus
2641 3793 2891 3862 bonitas,
2924 3811 3051 3865 quae
3084 3794 3284 3851 ﬁdeles
3323 3811 3391 3851 ex
3437 3796 3667 3859 auditu,
3712 3792 3831 3847 sine

435 3882 692 3952 quadam
717 3882 1084 3953 apparitione
1106 3880 1356 3952 Spiritus
1379 3897 1483 3951 per
1501 3879 1791 3935 columba:
1813 3880 2089 3935 similitu-
2196 3882 2579 3951 cespitatione
2612 3887 2950 3938 constanter
2979 3883 3197 3955 dirigit.
3231 3885 3351 3940 Non
3380 3884 3572 3956 itaque
3612 3885 3832 3955 praeter-

436 3971 659 4039 dinem,
682 3971 1117 4041 simplicitatem
1140 3986 1205 4025 ac
1228 3969 1743 4025 mansuetudinem
1766 3967 2084 4025 declarare.
2197 3970 2301 4024 ibit
2328 3986 2361 4022 a
2395 3970 2507 4040 lege
2540 3972 2651 4026 iota
2679 3987 2852 4026 unum
2882 3977 2978 4027 aut
3006 3989 3153 4029 unus
3179 3990 3341 4045 apex,
3373 3974 3483 4029 hoc
3513 3978 3627 4039 est,
3659 3981 3834 4040 neque

508 4059 638 4115 CAP.
672 4076 785 4117 xw.
817 4076 873 4126 ν,
902 4060 987 4114 17.
1020 4059 1188 4114 Forte
1218 4064 1409 4113 autem
1444 4074 1544 4127 per
1571 4056 1686 4113 iota
1714 4063 1770 4112 et
1812 4074 1915 4128 per
1961 4060 2086 4128 api-
2196 4074 2228 4112 a
2260 4058 2436 4113 rectis
2469 4065 2526 4114 et
2556 4060 2757 4128 probis
2788 4068 3004 4116 mutuae
3036 4064 3743 4133 repromissioneszneque
3771 4055 3833 4111 ab

441 4164 559 4204 cem
582 4149 819 4219 justitia
848 4150 977 4217 ejus
1009 4147 1244 4214 clamat,
1281 4149 1329 4201 si
1360 4146 1500 4202 recti
1526 4146 1596 4202 ad
1619 4164 1711 4202 me
1740 4148 2090 4211 veneritis,“
2196 4145 2455 4217 obliquis
2486 4154 2541 4202 et
2572 4148 2970 4221 injustis,qute
3001 4149 3119 4206 illis
3149 4151 3529 4207 interminata
3543 4158 3636 4208 est
3658 4160 3832 4221 perna.

440 4254 543 4305 ego
572 4241 721 4293 recta
752 4237 822 4291 ad
850 4253 940 4292 vos
969 4239 1194 4292 veniam
1220 4254 1240 4298 ;
1262 4238 1349 4291 sin
1377 4235 1607 4306 obliqui,
1638 4245 1690 4292 et
1716 4252 1817 4304 ego
1847 4236 2083 4306 oblique.
2198 4235 2481 4304 Bene/dcit
2511 4239 2657 4290 enim
2693 4239 2958 4293 Dominus
2989 4239 3162 4302 bonis,
3193 4240 3529 4295 declinante:
3559 4243 3746 4296 autem
3780 4235 3835 4289 in

441 4326 575 4381 dicit
607 4327 868 4382 Dominus
898 4328 1167 4380 virtutum
1198 4324 1294 4395 (a);
1328 4324 1639 4379 insinuans
1669 4322 1995 4394 implicatas
2029 4332 2087 4378 et
2194 4324 2562 4393 obligationes
2590 4325 2824 4381 adducit
2849 4328 3116 4383 Dominus
3157 4344 3280 4383 cum
3329 4331 3686 4400 operantibus
3732 4320 3833 4380 ini-

442 4413 713 4485 obliquas
744 4419 1115 4486 peccatorum
1147 4428 1278 4468 esse
1309 4411 1450 4469 vias.
1482 4411 1628 4468 Nam
1661 4418 1816 4468 recte
1846 4419 2087 4469 naturae-
2192 4413 2465 4485 quitatem
2494 4415 2594 4485 (ὁ).

2088 4652 2184 4710 ΙΧ.

1877 4754 2393 4815 FRAGMENTA.

1185 4878 1278 4935 EX
1316 4878 1724 4935 CLEMENTIS
1761 4877 2260 4935 ALEXANDRINI
2301 4846 2538 4936 LIBRIS
2576 4880 2795 4937 ΥΠΟἸὙ

1482 4878 1724 4935 tIENTIS
1761 4877 2260 4935 ALEXANDRINI
2301 4846 2538 4936 LIBms
2576 4880 3092 4937 rnorrnazenN.

1402 5104 1487 5160 Ex
1518 5104 1614 5159 lib.
1648 5103 1746 5159 IIl.
1780 5133 1847 5145 -
1874 5104 1974 5175 Ap.
2009 5103 2229 5161 (Eoum.
2262 5104 2323 5161 in
2352 5106 2374 5160 l
2402 5104 2472 5160 ad
2504 5104 2648 5173 Cor.,
2682 5121 2761 5171 ιι,
2793 5105 2881 5163 40.

506 5227 737 5295 Propter
756 5223 1003 5291 angelos.
1038 5220 1293 5292 Angelos
1320 5219 1464 5275 dicit
1484 5219 1680 5288 justos
1730 5234 1796 5273 ac
1851 5220 2066 5290 probos
2103 5223 2116 5286 1

2248 5220 2346 5274 Διά
2386 5219 2516 5282 τοὺς
2562 5216 2852 5296 ἀγγέλους.
2895 5217 3197 5295 Ἀγγέλους
3250 5220 3381 5299 φησὶ
3423 5221 3553 5285 τοὺς
3604 5218 3826 5278 δικαίους

438 5313 613 5368 viros.
646 5313 956 5385 Operiatur
985 5327 1145 5383 ergo,
1178 5325 1249 5365 ne
1274 5310 1345 5365 ad
1376 5315 1646 5380 stuprum
1699 5309 1785 5364 eis
1828 5309 2042 5363 offendi

2219 5307 2273 5361 αὶ
2306 5308 2610 5384 ἐναρέτους.
2654 5307 3156 5366 Κατακαλυπτὲσθω
3186 5310 3301 5382 οὖν,
3340 5307 3432 5365 ἵνα
3482 5311 3560 5384 μὴ
3601 5309 3675 5374 εἷς
3705 5323 3829 5381 πορ-

513 5437 578 5499 >X<
606 5439 664 5493 P.
699 5439 835 5493 1004
865 5440 976 5494 ED.
1006 5436 1307 5492 POTTER.
1386 5436 1456 5507 (α)
1490 5433 1644 5490 Psal.
1677 5451 1816 5503 xvn,
1848 5435 1938 5490 27.
2017 5434 2093 5506 (ὁ)
2126 5434 2279 5491 Psal.
2312 5452 2499 5503 cxxw,
2528 5439 2582 5493 5.

516 5558 630 5635 (9t)
658 5559 759 5613 His
791 5558 1225 5635 quodammodo
1256 5556 1631 5635 respondent,
1664 5574 1792 5629 quae
1824 5556 1904 5635 _in
1950 5556 2082 5613 Cle-
2266 5557 2380 5633 (92)
2413 5557 2616 5635 Simile
2646 5556 2791 5635 quid
2818 5558 2880 5616 in
2907 5560 3114 5618 eodem
3144 5560 3468 5621 Clementis
3490 5556 3827 5635 deagJib.

443 5627 665 5683 mentis
695 5627 881 5686 nostri
910 5628 1130 5701 Pedag.
1161 5627 1264 5684 lib.
1298 5627 1499 5700 1,‘cap.
1534 5627 1624 5701 11,
1652 5627 1931 5701 reperias.
2198 5643 2241 5699 ι,
2273 5627 2400 5702 cap.
2435 5631 2521 5701 11,
2542 5627 2837 5704 leguntur.
