4078 6146
385 293 495 348 745

1870 299 2336 352 FRAGMENTA.

3699 323 3806 378 746

381 419 531 474 νείαν
593 419 791 484 αὐτοὺς
879 419 1216 497 σκανδαλίσῃ
1249 442 1264 456 ο
1321 424 1372 477 οἱ
1429 423 1530 497 γὰρ
1607 419 1778 484 ὅντως
1841 421 1932 476 καὶ
1987 421 2031 475 ε.

2123 483 2126 490 ,
2156 422 2289 520 culo
2373 441 2505 482 nam
2538 396 2726 520 δι’(ιυὶ
2758 446 2888 488 vere
2919 433 2974 488 in
3007 434 3169 492 caelis
3199 443 3340 494 sunt
3371 441 3588 516 angeli,
3613 445 3803 520 ipsam

379 509 631 584 οὐρανοῖς
657 507 882 586 άγγελοι
940 511 1032 564 καὶ
1081 511 1637 584 κατακεκαλυμμένην
1687 512 1855 581 αὐτὴν
1910 508 2039 585 βλέ-

375 618 592 653 πουσιν.

2152 511 2290 568 licot
2319 517 2530 570 tectam
2564 517 2887 575 intuentur.

1345 705 1424 756 Ex
1457 701 1556 756 lib.
1595 701 1686 756 ιν.
1719 731 1790 742 -
1821 700 1916 770 Ap.
1951 699 2201 756 eumdem
2232 701 2292 757 in
2325 703 2374 758 II
2397 704 2466 758 ad
2497 703 2615 760 Cor.
2649 724 2706 774 v,
2744 710 2826 766 16.

447 795 514 852 Εἰ
576 794 634 850 δὲ
691 797 783 851 καὶ
835 795 1144 871 ἐγνώκαμεν
1194 797 1325 851 κατὰ
1350 796 1519 866 σάρκα
1550 797 1801 871 Χριστόν.
1835 799 2038 870 Ὥσπερ

375 887 542 956 ἡμῶν
566 886 630 939 τὸ
656 885 793 939 κατᾶ
823 885 994 959 σάρκα
1023 885 1132 938 ἐστὶ
1163 885 1222 939 τὸ
1255 884 1305 940 ἐν
1353 887 1661 960 ἁμαρτίαις,
1695 885 1782 940 καὶ
1828 887 1890 940 τὸ
1937 884 2036 956 ἔξω

2222 802 2393 857 Porro
2451 805 2618 859 client
2667 808 2721 861 si
2762 809 3116 877 cognovimus
3167 811 3446 872 Christum
3493 821 3796 880 secundum

2148 892 2655 954 carnemouemad
2669 897 2904 953 modum
2927 901 3080 970 apud
3097 917 3202 957 nos
3216 907 3538 962 secundum
3554 925 3794 968 carnem

379 974 595 1028 τούτων
629 973 690 1028 ού
722 976 853 1028 κατὰ
887 975 1054 1049 σάρκα
1080 994 1092 1007 ·
1127 973 1266 1028 οὕτω
1298 975 1506 1028 καὶτοῦ
1539 979 1772 1049 Χριστοῦ
1801 975 1863 1029 τὸ
1900 975 2031 1028 κατᾶ

2147 993 2293 1047 esse,
2329 980 2545 1036 dicitur
2574 998 2703 1038 esse
2732 985 2789 1040 in
2821 989 3110 1059 peccatis;
3145 995 3200 1045 et
3233 992 3358 1049 sine
3389 994 3482 1050 his
3510 1013 3656 1065 esse,
3703 1001 3816 1056 di-'

380 1062 640 1138 σάρκατὸ
672 1061 830 1117 εῗκειν
862 1069 980 1124 τοῖς
1013 1069 1262 1140 φυσικοῖς
1292 1062 1506 1135 πάθεσι,
1537 1065 1600 1118 τὸ
1637 1064 1710 1136 μή
1764 1063 1924 1118 εἶ’κειν
1977 1060 2031 1117 δὲ

2145 1068 2297 1160 citur
2326 1084 2455 1124 esse
2486 1087 2600 1126 non
2631 1076 2955 1131 secundum
2987 1082 3343 1136 carnemzita
3369 1099 3604 1157 quoque
3634 1060 3789 1160 apud

377 1150 438 1204 οὐ
471 1152 602 1205 κατὰ
633 1150 799 1224 σάρκα
824 1170 835 1180 ·
864 1148 992 1205 ἀλλ’
1023 1149 1224 1227 ὥσπερ,
1261 1152 1450 1227 φησὶν,
1482 1151 1684 1213 ἐκεῖνος
1706 1152 2028 1225 ἀπηλλάγη,

372 1239 514 1294 οὕτω
545 1240 632 1294 καὶ
705 1245 842 1312 μεῖς.

2142 1155 2440 1212 Christum
2475 1162 2802 1217 secundum
2833 1181 3067 1222 carnem
3093 1183 3222 1224 esse
3252 1155 3790 1239 dicitur,naturali-

2144 1245 2251 1299 hus
2277 1247 2490 1317 subjici
2514 1249 2952 1309 affectionibus:
2971 1271 3084 1310 non
3108 1258 3320 1329 subjici
3341 1277 3499 1332 vero,
3521 1279 3652 1320 esse
3669 1282 3788 1323 non

2138 1337 2465 1426 secundum
2497 1341 2876 1397 carnem.Sed
2911 1348 3411 1415 quemadmodum
3445 1350 3785 1426 ille,inquit,

2134 1421 2419 1481 liberatus
2450 1433 2559 1495 est,
2593 1428 2678 1484 sic
2707 1434 2765 1485 et
2793 1447 2919 1488 nos.

1329 1537 1412 1590 Ea:
1441 1536 1537 1590 lib.
1575 1536 1662 1590 ιν.
1699 1566 1766 1576 -
1796 1537 1894 1607 Αρ.
1927 1537 2175 1593 eumdem
2206 1541 2266 1594 in
2296 1541 2341 1595 Il
2368 1544 2446 1596 ad
2474 1545 2594 1601 Cor.
2631 1561 2706 1612 v1,
2741 1548 2826 1601 11.

432 1650 499 1705 Ἡ
533 1645 731 1723 καρδία
780 1650 939 1719 ἡμῶν
971 1645 1362 1706 πεπλάτυνται.
1395 1648 1489 1711 Ei”;
1517 1649 1581 1704 τὸ
1610 1650 1782 1704 πάντα
1813 1646 2020 1720 διδάξαι

2203 1639 2311 1695 Cor
2337 1649 2594 1697 nostrum
2620 1644 2932 1700 dilatatam
2958 1647 3148 1704 εει.οι
3177 1667 3280 1706 vos
3310 1655 3510 1712 omnia
3540 1659 3782 1715 docere-

369 1739 532 1810 ὑμᾶς.
564 1739 746 1810 Ὑμεῖς
805 1734 860 1792 δέ
919 1744 1346 1813 στενοχωρεῖσθε
1396 1737 1447 1793 έν
1502 1744 1619 1801 τοῖς
1679 1737 2020 1814 σπλάγχνοις

368 1827 543 1899 ὑμῶν,
575 1827 866 1895 τουτέστιν,
903 1825 952 1881 ἐν
1003 1831 1073 1901 τῇ
1127 1827 1261 1901 πρὸς
1301 1828 1431 1882 Θεὸν
1481 1827 1688 1902 ἀγάπῃ,
1809 1827 2014 1904 ἀγαπᾷν

365 1936 434 1988 με
465 1914 728 1990 ὀφείλετε.

2132 1745 2301 1796 mus;
2336 1732 2436 1786 sed
2474 1749 2574 1786 vos
2600 1735 2838 1804 angusti
2870 1735 3014 1791 estis
3063 1738 3121 1792 in
3175 1740 3500 1799 visceribus
3543 1749 3777 1814 vestris,

2129 1819 2235 1874 hoc
2267 1826 2375 1889 est,
2407 1821 2466 1875 in
2500 1820 2812 1878 dilectione
2841 1839 2981 1896 erga
3016 1827 3220 1895 Deum,
3252 1845 3371 1900 qua
3402 1849 3493 1888 me
3533 1835 3777 1908 diligere

2125 1915 2369 1971 debeﬁs.

1211 2062 1274 2125 ›ι‹
1304 2056 1384 2110 Ea:
1414 2054 1512 2111 lib.
1543 2058 1616 2112 V.
1656 2086 1689 2094 —
1709 2087 1724 2095 -
1753 2056 1849 2126 Ap.
1885 2055 2132 2111 eumdem
2165 2056 2225 2110 in
2255 2057 2352 2124 Bp.
2386 2050 2457 2107 ad
2485 2051 2706 2120 Galam,
2739 2067 2791 2104 v.
2824 2050 2912 2105 24.

423 2169 490 2227 Οἱ
525 2167 580 2223 δὲ
611 2172 706 2224 τοῦ
738 2171 978 2245 Χριστοῦ
1008 2169 1104 2236 τὴν
1139 2169 1306 2244 σάρκα
1353 2172 1451 2224 Καὶ
1479 2170 1532 2224 τί
1564 2169 2006 2248 λέγω,φησῖν,”ὲν

349 2261 466 2321 καθ’
498 2257 552 2312 ἓν
585 2258 782 2332 ἀρετῆς
817 2255 958 2319 εἶδος
991 2256 1133 2326 ;εῗσὶ
1162 2259 1262 2332 γάρ
1291 2279 1435 2321 τινες
1467 2258 1521 2313 οἳ
1549 2259 1638 2312 καὶ
1670 2257 2011 2332 ἐσταύρωσαν

2188 2173 2257 2226 Hi
2283 2174 2470 2225 autem
2502 2167 2714 2224 Christi
2734 2183 2978 2224 carnem.
3013 2170 3080 2224 Et
3107 2171 3249 2240 quid
3281 2170 3648 2244 singulatim,
3681 2177 3774 2233 in-

2125 2261 2558 2329 quit,virtutum
2591 2257 2818 2328 species
2847 2259 3313 2315 recenseo‘ISunt
3339 2263 3496 2318 enim
3529 2265 3772 2336 quidam

349 2347 600 2419 ἑαυτοὺς,
633 2346 759 2401 ὅσον
792 2347 931 2423 πρὸς
959 2347 1027 2402 τὰ
1055 2347 1224 2416 πάθη,
1257 2348 1346 2402 καὶ
1385 2349 1454 2402 τὰ
1499 2347 1645 2418 πάθη
1697 2346 1820 2402 ὅσον
1878 2347 2014 2422 πρὸς

2124 2351 2222 2421 qui
2253 2347 2479 2419 seipsos
2509 2347 2928 2402 crucifixerunt
2955 2349 3148 2418 quoad
3174 2349 3504 2419 all'ectus,et
3531 2353 3775 2412 affectus

351 2437 602 2498 ἑαυτούς.
629 2436 779 2494 Κατᾶ
807 2437 1007 2507 ταύτην
1037 2438 1137 2505 τήν
1168 2437 1460 2509 ἑρμηνείαν
1496 2438 1556 2492 ού
1587 2436 1915 2510 παρέλκεται
1949 2437 2012 2490 τὸ

351 2522 431 2582 δέ.
467 2525 536 2580 Οἱ
565 2522 623 2579 δὶ
651 2530 748 2580 τοῦ
778 2526 1034 2592 Χριστοῦ,
1065 2525 1332 2592 τουτέστι,
1361 2525 1650 2596 τείνοντες,
1672 2527 1772 2594 τήν
1806 2526 2008 2581 ἑαυτῶν

357 2614 460 2689 σάρ
481 2613 917 2688 καέσταύρωσαν.

2124 2437 2312 2509 quoad
2339 2434 2770 2506 seipsos.Juxta
2790 2435 2940 2489 hanc
2963 2435 3503 2508 interpretationem
3551 2437 3608 2494 δὲ
3656 2459 3770 2500 non

2121 2533 2210 2582 est
2241 2524 2535 2598 parelcon,
2569 2527 2664 2579 sed
2701 2540 2914 2580 scnsus
2943 2529 3032 2580 est
3064 2541 3080 2582 :
3111 2524 3163 2578 οἱ
3196 2522 3254 2579 St
3289 2523 3388 2580 τοῦ
3434 2533 3668 2602 Χριστοῦ
3716 2533 3776 2589 id

2119 2621 2208 2672 est
2237 2615 2338 2687 qui
2371 2631 2502 2670 vero
2535 2613 2784 2670 tendunt
2817 2614 2888 2670 ad
2940 2614 3266 2684 Christum,
3315 2635 3484 2675 suam
3536 2637 3775 2679 carnem

2118 2704 2555 2761 cruciﬁxerunt.

1172 2842 1255 2895 Ea:
1285 2840 1428 2896 libro
1459 2839 1527 2894 V.
1558 2870 1626 2880 —
1658 2841 1755 2911 Ap.
1796 2839 2075 2896 Moschum
2107 2838 2256 2894 Prati
2291 2835 2617 2909 spiritualis
2646 2853 2766 2906 cap.
2802 2837 2929 2895 176.

425 2955 530 3009 Ναὶ
588 2952 812 3024 ἀληθῶς
869 2949 1268 3022 ἐϐαπτίσθησαν
1330 2955 1404 3026 (οἱ
1451 2951 1796 3027 ἀπόστολοι),
1828 2953 2005 3015 καθὼς

2189 2954 2340 3010 Sane
2371 2951 2453 3007 illi
2484 2952 2776 3026 (apostoli)
2807 2952 3086 3024 baptizati
3128 2958 3288 3022 sunt,
3336 2953 3489 3012 sicut
3536 2959 3594 3012 et
3638 2957 3767 3015 Cle-

357 3041 600 3116 Κλήμης
649 3045 678 3098 ὁ
737 3041 1099 3119 Στρωματεὺς
1159 3041 1211 3096 ἐν
1268 3042 1346 3108 τῷ
1401 3045 1635 3114 πέμπτῳ
1685 3043 1841 3114 τόμῳ
1895 3046 2002 3097 τῶν

349 3134 777 3187 Ὑποτυπώσεων
826 3131 1117 3204 μέμνηται.
1165 3130 1309 3201 Φησὶ
1358 3130 1484 3205 γὰρ,
1525 3131 1589 3185 τὸ
1641 3129 2002 3185 ἀποστολικὸν

350 3221 516 3296 ῥητὸν
549 3219 922 3296 ἐξηγούμενος
948 3220 1012 3274 τὸ
1066 3217 1247 3294 λέγον,
1278 3219 1621 3294 ΕὐχαριστῶΙ
1654 3217 1738 3273 ὅτι
1799 3216 2005 3292 μηδένα

351 3311 505 3383 ὑμῶν
534 3305 799 3364 ἐϐάπτισα
831 3329 844 3342 ο
881 3332 910 3362 (ι
941 3309 1173 3384 Χριστὸς
1204 3305 1414 3382 λέγεται
1461 3307 1659 3383 Πέτρον
1709 3309 1869 3381 μόνον
1913 3309 2002 3382 βε-

346 3394 688 3467 ϐαπτικέναι,
741 3400 944 3474 Πέτρος
1005 3395 1062 3452 δὲ
1099 3395 1374 3473 Ἀνδρέαν,
1424 3394 1678 3472 Ἀνδρέας
1742 3392 1998 3453 Ἰάκωϐον

343 3485 436 3540 καὶ
469 3484 748 3556 Ἰωάννην,
782 3483 978 3540 ἐκεῖνοι
1011 3481 1067 3539 δὲ
1097 3483 1226 3546 τοὺς
1257 3481 1510 3546 λοιπούς.
1545 3508 1570 3534 »

2117 3060 2283 3099 mens
2313 3045 2679 3097 Stroxnateus
2714 3041 2981 3096 meminit
3011 3041 3065 3097 in
3093 3043 3300 3114 quinto
3325 3049 3762 3118 Hypotyposeon.

2114 3131 2513 3204 Apostolicum
2547 3129 2700 3183 enim
2735 3128 2878 3184 illud
2912 3130 3134 3186 dictum
3162 3147 3458 3203 exponens
3490 3151 3601 3205 quo
3626 3136 3767 3191 dici-

2115 3224 2211 3276 tur
2245 3238 2257 3276 :
2292 3219 2510 3275 Gratias
2537 3234 2639 3289 ago
2668 3219 2794 3287 Deo,
2816 3221 2951 3291 quia
2978 3221 3254 3276 neminem
3303 3231 3546 3278 vestrum
3594 3223 3764 3296 bapti-

2112 3311 2258 3374 zari,
2299 3331 2318 3357 ι
2353 3308 2645 3374 Christus,
2674 3307 2888 3378 inquit,
2923 3308 3140 3364 dicitur
3167 3312 3402 3365 Petrum
3434 3309 3628 3367 olum
3659 3313 3764 3369 ba-

2112 3399 2385 3469 ptizasse,
2431 3397 2639 3451 Petrus
2685 3395 3000 3463 Andream,
3052 3397 3314 3453 Andreas
3371 3399 3653 3456 Jacobum
3707 3405 3768 3457 et

2109 3486 2419 3551 Joannem,
2449 3483 2534 3538 illi
2558 3488 2754 3540 autem
2788 3483 3063 3556 reliquos.
3101 3508 3130 3534 ››

1378 3611 1463 3665 Ex
1493 3609 1590 3666 lib.
1624 3609 1718 3665 VI.
1754 3641 1817 3650 —
1848 3615 1948 3681 Ap.
1984 3610 2176 3666 Euseb.
2210 3608 2348 3664 Hist.
2378 3607 2532 3674 eccl.,
2566 3623 2630 3674 ιι,
2665 3611 2713 3662 1.

417 3724 662 3798 Κλήμης
695 3723 752 3780 δὲ
795 3724 847 3780 ἐν
879 3723 1020 3799 ἕκτῳ
1048 3729 1156 3780 τῶν
1187 3724 1614 3780 Ὑποτυπώσεων
1645 3725 1864 3802 γράφων
1898 3723 2004 3780 ῶδέ

340 3815 877 3889 παρίστησι.Πέτρον
901 3815 1006 3891 γάρ
1037 3835 1170 3892 φησι
1200 3815 1290 3870 καὶ
1322 3809 1582 3870 Ἰάκωϐον
1615 3815 1703 3869 καὶ
1737 3816 1996 3885 Ἰωάννην

346 3904 484 3976 μετὰ
511 3905 612 3973 τήν
644 3904 918 3977 ἀνάληψιν
949 3908 1046 3958 τοῦ
1078 3910 1361 3978 Σωτῆρος,
1389 3904 1464 3965 ὡς
1505 3903 1564 3957 ἃν
1613 3903 1704 3957 καὶ
1752 3903 1856 3958 ὑπὸ
1900 3908 1997 3958 τοῦ

342 3991 548 4066 Κυρίου
606 3993 1138 4067 προτετιμημένους,
1199 3992 1276 4063 μὴ
1337 3989 1740 4060 ἐπιδικάζεσθαι
1810 3989 1994 4062 δόξης,

339 4078 470 4136 ἀλλ’
517 4077 778 4137 Ἰάκωϐον
817 4081 910 4136 τὸν
984 4077 1190 4136 δίκαιον
1241 4080 1541 4135 ἐπίσκοπον
1598 4078 1994 4154 Ἱεροσολύμων

341 4168 582 4226 ὶλέσθαι.

2183 3725 2447 3781 Clemens
2469 3728 2623 3780 certe
2647 3724 2703 3779 in
2727 3728 2887 3780 sexto
2907 3725 3332 3784 (mutationum
3355 3727 3504 3786 libro
3533 3728 3616 3786 ita
3642 3734 3760 3787 tra-

2106 3816 2212 3870 dit.
2245 3813 2340 3870 Ait
2364 3813 2544 3878 enim,
2580 3824 2710 3885 post
2734 3815 3057 3870 Servatoris
3106 3832 3442 3886 ascensum,
3495 3823 3759 3890 Petrum,

2104 3903 2390 3960 Jacobum
2420 3907 2476 3958 et
2523 3902 2831 3968 Joannem,
2881 3905 3151 3974 quamvis
3200 3905 3486 3963 Dominus
3533 3908 3760 3966 casteria

2106 3993 2268 4064 ipsos
2300 3991 2679 4064 pratulisset,
2722 4007 2841 4046 non
2891 3991 3108 4048 idcirco
3157 3993 3226 4049 de
3276 3995 3466 4066 primo
3521 3996 3758 4055 honoris

2104 4081 2292 4153 gradu
2315 4081 2819 4147 contendisse,sed
2837 4079 3124 4138 Jacobum
3148 4084 3496 4156 cognomine
3515 4085 3546 4142 J
3555 4090 3756 4144 ustum

2106 4170 2603 4242 Jerosolymorum
2635 4169 2978 4242 episcopum
3013 4171 3282 4244 elegisse.

1234 4296 1388 4351 ³74
1423 4297 1506 4350 Ea:
1534 4295 1719 4351 eodem
1751 4295 1896 4350 libro
1925 4296 2016 4350 VI.
2051 4325 2117 4336 —-
2147 4295 2244 4366 Ap.
2279 4294 2493 4362 Euscb.,
2526 4293 2663 4349 ibid.
2695 4310 2743 4349 c.
2780 4295 2869 4351 15.

418 4407 578 4465 Οὕτω
628 4407 696 4478 δὴ
745 4408 835 4464 οὖν
888 4406 1336 4482 ἐπιδημήσαντος
1368 4408 1552 4471 αὐτοῖς
1581 4412 1677 4463 τοῦ
1709 4408 1856 4472 θείου
1901 4405 1996 4463 λό-

2183 4410 2362 4480 lgitur
2393 4425 2526 4465 cum
2551 4408 2654 4464 Dei
2690 4409 2956 4464 doctrina
3006 4413 3296 4468 Romanos
3345 4414 3595 4470 adventu
3649 4433 3757 4473 suo

343 4518 468 4573 γου,
502 4500 540 4567 ἡ
576 4499 670 4571 μὲν
701 4501 798 4553 τοῦ
832 4499 1081 4571 Σίμωνος
1120 4492 1329 4568 ἀπέσϐη
1379 4497 1468 4552 καὶ
1518 4503 1863 4571 παραχρῆμα
1907 4495 1997 4550 καὶ

341 4591 424 4658 τῷ
467 4583 620 4660 ἀνδρὶ
660 4585 996 4642 καταλέλυτο
1047 4583 1276 4658 δύναμις
1307 4605 1319 4617 ·
1353 4589 1582 4640 τοσοῦτο
1633 4582 1680 4640 δ’
1716 4585 2000 4659 ἐπέλαμψε

341 4681 462 4740 ταῖς
512 4680 618 4730 τῶν
672 4677 950 4753 ἀκροατῶν
1001 4679 1100 4730 τοῦ
1153 4676 1359 4751 Πέτρου
1399 4672 1667 4737 διανοίαις
1726 4669 1997 4736 εὐσεϐείας

343 4765 568 4842 φέγγος,
625 4765 698 4827 ὡς
759 4766 838 4838 μὴ
895 4768 964 4837 τῇ
1008 4764 1227 4834 εἰσάπαξ
1276 4765 1471 4826 ἱκανῶς
1519 4759 1664 4840 ἔχειν
1719 4763 1999 4839 ἀρκεῖσθαι

343 4853 509 4928 ἀκοῇ,
545 4851 690 4926 μηδὶ
717 4858 785 4928 τῇ
832 4851 1066 4932 ἀγράφῳ
1103 4858 1202 4909 τοῦ
1249 4853 1396 4908 Θείου
1441 4852 1797 4929 κηρύγματος
1843 4850 1997 4908 διδα-

345 4941 548 5014 σκαλίᾳ
579 4963 592 4978 ο
644 4940 1028 5016 παρακλήσεσι
1080 4940 1138 4997 δὲ
1189 4942 1474 5006 παντοίαις
1529 4941 1768 5017 Μάρκον,
1819 4941 1881 4996 οὗ
1935 4941 1997 4997 τὸ

342 5029 685 5106 Εὐαγγέλιον
716 5032 956 5109 φέρεται,
989 5029 1293 5094 ἀκόλουθον
1326 5028 1454 5085 ὄντα
1495 5031 1722 5104 Πέτροΰ,
1754 5029 1998 5105 λιπαρῆ-

341 5140 452 5188 σαι,
487 5121 560 5182 ὡς
603 5118 663 5174 ἂν
693 5119 784 5174 καὶ
818 5116 909 5174 διὰ
947 5126 1163 5196 γραφῆς
1207 5118 1510 5192 ὑπόμνημα
1550 5125 1648 5188 τῆς
1694 5116 1782 5173 διὰ
1827 5117 1998 5192 λόγου

337 5205 740 5285 παραδοθείσης
800 5209 984 5271 αὐτοῖς
1050 5210 1375 5282 καταλεῖψαι
1447 5203 1797 5268 διδασκαλίας
1828 5227 1840 5240 ·
1918 5209 1996 5280 μὴ

337 5300 605 5374 πρότερόν
656 5319 715 5353 τε
758 5297 964 5352 ἀνιέναι
999 5299 1034 5368 ἢ
1083 5296 1512 5374 κατεργάσασθαι
1564 5296 1656 5350 τὸν
1687 5292 1876 5370 ἄνδρα,
1905 5296 1995 5350 καὶ

337 5386 514 5461 ταύτῃ
546 5387 754 5449 αἰτίους
783 5385 1026 5464 γενέσθαι
1071 5393 1170 5457 τῆς
1193 5389 1290 5440 τοῦ
1319 5383 1624 5460 λεγομένου
1651 5385 1789 5439 κατά
1845 5387 1998 5460 Μάρ-

338 5496 436 5532 κον
470 5473 817 5552 Εύαγγελίου
845 5481 1083 5552 γραφῆς.
1117 5475 1315 5530 Γνόντα
1362 5470 1420 5528 δὶ
1465 5474 1526 5528 τὸ
1574 5473 1837 5548 πραχθὲν,
1872 5472 1998 5552 φασὶ

405 5623 470 5687 »Β
495 5621 558 5678 Ρ.
593 5621 735 5676 1005
757 5620 872 5677 ΕΙ).
909 5619 1208 5676 POTTER.

674 5737 934 5798 Ρλτιοι..
983 5735 1094 5796 Ge.
1137 5734 1243 5797 IX.

2111 4497 2488 4564 illustrasset,
2517 4497 2771 4553 Simonis
2802 4498 3037 4568 quidem
3068 4500 3154 4554 vis
3195 4517 3261 4556 ac
3310 4505 3570 4573 potentia
3619 4521 3756 4562 cum

2112 4586 2217 4657 ipsi
2246 4585 2424 4641 simul
2448 4591 2684 4641 auctore
2711 4586 2870 4642 brevi
2903 4587 3192 4644 exstincta
3223 4594 3396 4659 atque
3425 4591 3618 4650 deleta
3645 4607 3755 4652 est.

2108 4675 2333 4730 Tantus
2365 4680 2562 4729 autem
2595 4675 2858 4730 veritatis
2886 4675 3083 4747 fulgor
3110 4679 3348 4733 emicuit
3371 4680 3428 4734 in
3457 4683 3759 4740 mentibus

2107 4779 2333 4832 eorum,
2367 4763 2467 4834 qui
2501 4766 2734 4818 Petrum
2768 4763 3096 4831 audierant,
3129 4772 3190 4820 ut
3221 4783 3428 4838 parum
3473 4769 3759 4830 haberent

2109 4852 2289 4908 semel
2317 4853 2573 4918 audisse,
2609 4869 2712 4907 nec
2743 4854 2998 4908 contenti
3051 4861 3248 4910 essent
3295 4857 3547 4915 caelestis
3595 4861 3755 4916 verbi

2108 4941 2435 4998 doctrinam
2469 4941 2594 4996 viva
2625 4957 2781 5009 voce,
2818 4940 2995 4998 nullis
3026 4944 3301 5000 traditam
3331 4947 3567 5018 scriptis
3597 4965 3756 5006 acce-

2109 5031 2267 5103 pisse
2299 5047 2312 5085 :
2345 5029 2446 5085 sed
2480 5029 2736 5084 Marcum
2772 5029 2925 5085 Petri
2966 5036 3311 5089 sectatorem
3362 5037 3534 5106 cujus
3581 5037 3756 5096 hodie

2107 5125 2296 5175 exstat
2311 5117 2712 5190 Evangelium,
2746 5119 2911 5174 enixe
2931 5125 3167 5176 orarent
3189 5127 3252 5177 ut
3268 5123 3546 5180 doctrinm
3569 5125 3756 5200 illius,

2109 5225 2283 5282 quam
2319 5208 2524 5264 auditu
2561 5211 2925 5278 acceperant,
2958 5209 3247 5282 scriptum
3277 5211 3515 5285 aliquod
3549 5232 3757 5274 monu-

2109 5301 2374 5354 mentum
2397 5295 2553 5366 apud
2577 5311 2640 5351 se
2662 5295 3036 5366 relinqueret.
3061 5298 3176 5356 Nec
3199 5299 3362 5371 prius
3382 5303 3756 5378 destiterunt,

2109 5401 2284 5457 quam
2319 5385 2622 5439 hominem
2670 5392 3130 5456 expugnassent,
3179 5397 3563 5463 auctoresque
3609 5395 3757 5452 scri-

2110 5473 2284 5530 bendi
2307 5472 2468 5528 illius
2491 5473 2646 5543 quod
2675 5473 3001 5530 secundum
3025 5475 3288 5536 Marcum
3310 5480 3547 5556 dicitur,
3565 5484 3755 5542 Evan-

3350 5743 3428 5802 24
