4078 6146
335 331 442 385 747
1547 371 1564 384 .,
1577 328 1984 382 CLEMENTIS
2021 329 2521 382 ALEXANDRINI
3655 333 3764 390 748

337 443 473 526 gelii
505 453 885 508 exstitissent.
921 449 1079 513 Quod
1115 466 1250 505 cum
1285 454 1492 506 Petrus
1535 466 1639 522 per
1686 448 1947 504 revelatic

2148 447 2193 501 ὃν
2227 446 2586 518 Ἀπόστολον,
2619 445 3071 521 ἆποκαλύψαντος
3113 449 3259 522 αὐτῷ
3288 455 3388 506 τοῦ
3419 453 3758 529 Πνεῦματος,

340 560 474 598 nem
499 542 684 598 sancti
716 539 969 611 Spiritus
998 539 1390 612 cognovisset,
1415 537 1740 594 delectatus
1765 537 1950 593 arden'

2147 540 2334 602 σθῆναι
2383 537 2450 608 τῇ
2497 537 2604 588 τῶν
2658 531 2863 608 ἀνδρῶν
2902 537 3202 610 προθυμίᾳ,
3255 541 3500 614 κυρῶσαί
3542 563 3603 598 τε
3657 546 3757 614 τὴν

339 632 646 688 hominum
673 627 1112 697 studio,librum
1141 626 1311 684 illum
1338 627 1687 684 auctoritate
1711 643 1818 682 sua
1839 642 1949 682 con

2149 625 2310 702 >αφὴν
2340 624 2418 686 εἷς
2452 623 2679 696 ἔντευξιν
2710 631 2828 688 ταῖς
2859 624 3203 703 Ἐκκλγσίαις
3253 630 3490 705 Κλήμης
3515 633 3569 690 ἐν
3617 632 3759 710 ἕκτῳ

338 721 621 794 probasse
651 717 886 787 dicitur,
918 721 985 773 ut
1035 716 1310 790 deinceps
1359 718 1418 773 in
1463 716 1730 773 ecclesiis
1779 716 1948 788 legerl

1894 732 1994 771 :re-
2101 717 2206 768 τῶν
2240 715 2666 770 Ὑποτυπώσεων
2696 715 3074 790 παρατίθειται
3107 719 3207 788 τήν
3239 720 3504 798 ἱστορίαν.

337 815 455 866 tur.
488 808 752 865 Refertur
779 807 838 862 id
873 824 906 862 a
929 806 1228 864 Clemente
1257 805 1314 861 in
1368 809 1530 864 sexto
1577 805 1994 862 lnstitutionum

337 898 511 956 libro.

1490 995 1574 1048 Ea:
1599 992 1784 1050 eodem
1820 990 1985 1048 libro.
2017 1019 2086 1036 -
2110 993 2208 1064 Ap.
2243 993 2432 1048 Euseb.
2462 992 2599 1047 ibid.

408 1121 475 1185 ιι(
502 1111 664 1167 Tunc
694 1110 894 1179 etiam,
929 1113 994 1165 ut
1024 1109 1224 1166 divina
1252 1109 1432 1165 tradit
1461 1108 1784 1180 Scriptura,
1807 1113 1993 1164 Hero-

2173 1107 2544 1176 Τοτηνικαῦτα
2604 1102 2681 1174 δὲ,
2726 1104 2801 1167 ὥς
2876 1127 3038 1191 φησιν
3096 1110 3130 1178 ἠ
3189 1109 3304 1174 θεία
3363 1116 3577 1191 Γραφή,
3627 1115 3754 1175 ΐδὼν

344 1201 449 1258 des
478 1216 612 1256 cum
641 1198 844 1256 Jacobi
877 1199 1091 1254 cadem
1142 1198 1545 1270 gratissimam
1599 1214 1729 1253 esse
1773 1196 1954 1252 Judaei

2145 1191 2355 1270 Ιρώδης
2384 1192 2470 1248 ἐπὶ
2509 1197 2578 1268 τῇ
2611 1199 2707 1249 τοῦ
2733 1190 2998 1251 Ἰακώϐου
3046 1196 3314 1272 ἀναιρέσει
3367 1200 3452 1256 ὅτι
3490 1190 3562 1274 ⁷δή
3621 1209 3755 1282 πρὸς

341 1291 584 1356 videret,
618 1289 850 1344 Petrum
884 1303 1118 1360 quoque
1149 1287 1391 1343 adortus
1422 1291 1525 1343 est.
1563 1287 1746 1350 Quem
1779 1286 1838 1340 in
1868 1285 1951 1340 vi:

2146 1281 2307 1352 δονῆς
2339 1281 2422 1353 εἷή
2453 1283 2514 1337 τὸ
2545 1284 2789 1359 πραχθὲν
2840 1290 2955 1347 τοῖς
2988 1284 3302 1360 Ἰουδαίοις,
3333 1287 3628 1356 ἐπιτίθεται
3668 1295 3756 1351 καὶ

345 1379 476 1434 cula
501 1379 834 1449 conjectum
867 1375 1103 1447 capitali
1147 1374 1439 1448 supplicio
1478 1375 1606 1445 jam
1648 1374 1955 1430 addicturu

2146 1371 2313 1447 ἐτρῳ,
2361 1377 2589 1446 Δεσμοῖς
2635 1393 2692 1427 τε
2739 1371 2900 1428 αὐτὸν
2951 1373 3252 1449 παραδοὺς,
3284 1376 3411 1434 ὅσον
3466 1379 3620 1438 οὔπω
3669 1386 3756 1439 καὶ

343 1472 490 1537 erat,
523 1467 639 1522 nisi
672 1471 876 1522 Petrus
907 1464 1107 1520 divina
1134 1464 1366 1532 virtute,
1397 1463 1589 1536 angeli
1621 1463 1845 1518 scilicet
1891 1479 1953 1518 nc

2150 1468 2192 1514 ὃν
2243 1461 2360 1514 κατ’
2389 1460 2554 1515 αὐτοῦ
2592 1459 2750 1538 φόνον
2801 1461 3098 1538 ἐνήργησεν
3130 1464 3213 1537 ἂν,
3248 1467 3292 1520 εί
3348 1469 3424 1540 μὴ
3471 1466 3562 1525 διὰ
3618 1473 3760 1535 θείας

347 1561 444 1613 otu
477 1555 820 1628 apparentis
852 1553 1088 1625 auxilio,
1121 1557 1330 1625 preter
1357 1552 1620 1609 omnium
1653 1567 1816 1625 spem
1867 1551 1957 1607 vin

2150 1549 2415 1624 τιφανείας
2463 1549 2779 1614 ἐπιστάντος
2829 1549 2976 1623 αὐτῷ
3022 1551 3238 1628 νύκτωρ
3290 1555 3552 1632 ἀγγέλου,
3583 1581 3760 1638 παρα-

347 1645 498 1702 culis
529 1645 832 1714 liberatus,
865 1643 937 1699 ad
978 1642 1412 1716 praedicationis
1459 1641 1852 1699 ministerium
1904 1641 1957 1697 di

2151 1638 2273 1710 ίξως
2323 1642 2431 1726 τῶν
2481 1638 2724 1726 εἱργμῶν
2769 1637 3134 1716 ἀπαλλαγεὶς,
3167 1640 3256 1698 ἐπὶ
3284 1645 3385 1714 τὴν
3433 1651 3529 1701 τοῦ
3585 1635 3761 1726 κηρύ-

351 1733 573 1792 missus
599 1733 827 1789 fuisset.

2103 1747 2310 1803 γματος
2338 1725 2554 1804 ἀφεῖται
2588 1725 2877 1785 διακονίαν.

1295 1866 1379 1921 Ere
1407 1865 1600 1921 eodem
1631 1865 1794 1921 libro.
1825 1892 1900 1910 —
1921 1866 2022 1936 Ap.
2053 1863 2249 1919 Euseb.
2278 1861 2422 1920 Hist.
2453 1863 2582 1919 eccl.
2613 1881 2694 1931 v1,
2731 1865 2814 1918 14.

420 1985 581 2042 Idem
649 1983 964 2054 (Clemens)
1022 1982 1082 2036 in
1139 1979 1310 2037 libris
1365 1979 1815 2049 Ὑποτυπώσεων,
1875 1984 2030 2036 om?

2177 1980 2266 2034 ’Ev
2310 1974 2367 2032 δὲ
2399 1982 2518 2040 ταῖς
2566 1979 2992 2048 Ὑποτυπώσεσι,
3024 1980 3311 2050 ξυνελόντα
3339 1985 3526 2057 εἷπεῖν,
3573 1987 3754 2058 πάσης

345 2073 534 2141 nium,
563 2077 629 2128 ut
658 2089 775 2128 uno
805 2072 981 2128 verbo
1015 2070 1230 2138 dicam,
1281 2070 1591 2143 utriusque
1639 2071 1951 2126 Testamen

2137 2071 2208 2134 ἧς
2265 2063 2586 2136 ἐνδιαθήκου
2643 2069 2860 2145 Γραφῆς
2944 2067 3374 2143 ἐπιτετμημένας
3455 2073 3747 2142 πεποίηται

346 2163 782 2235 Scripturarum
841 2159 1320 2233 compendiosum
1371 2160 1630 2215 instituit
1675 2159 1956 2215 enarratio

2129 2157 2409 2228 ἰιηγτςσεις,
2449 2152 2589 2227 μηδὲ
2646 2157 2742 2218 τὰς
2797 2155 3212 2232 ἆντιλεγομὲνας
3264 2157 3547 2234 παρελθών
3579 2179 3593 2192 ⁶
3641 2161 3739 2229 τήν

346 2268 504 2316 nem,
541 2267 612 2307 ne
639 2251 760 2306 illis
790 2251 1029 2323 quidem
1077 2249 1488 2322 praetermissis
1536 2248 1874 2320 Scripturis,
1925 2247 1956 2302 d

2128 2242 2288 2301 ἰούδα
2346 2242 2489 2318 λέγω
2536 2243 2627 2299 καὶ
2675 2244 2772 2308 τὰς
2827 2245 3026 2309 λοιπὰς
3055 2246 3338 2310 καθολικὰς
3372 2246 3692 2312 Ἐπιστολάς
3725 2269 3737 2282 ·

349 2342 564 2412 quibus
593 2341 746 2397 inter
776 2339 996 2396 multos
1026 2339 1370 2411 ambigitur.
1392 2339 1557 2394 Judaa
1589 2337 1911 2409 Epistolam
1943 2353 1959 2392 ε

2141 2336 2206 2404 ήν
2237 2355 2296 2388 τε
2327 2328 2575 2410 Βαρνάϐα
2603 2333 2692 2388 καὶ
2721 2335 2821 2403 τὴν
2865 2334 3072 2412 Πέτρου
3125 2336 3421 2412 λεγομένην
3470 2336 3748 2394 ἀποκάλυ-

349 2430 715 2498 BarnabaI,ac
749 2428 1004 2501 reliquas
1037 2427 1355 2484 catholicas
1387 2427 1679 2498 Epistolas
1711 2425 1959 2498 intelligc

2146 2445 2225 2479 ιιν.
2260 2423 2356 2478 Καὶ
2405 2425 2506 2492 τὴν
2566 2424 2703 2499 πρὸς
2733 2419 3023 2500 Ἑϐραίους
3074 2422 3132 2480 δὲ
3164 2425 3491 2496 Ἐπιστολὴν
3535 2424 3756 2482 Παύλου

348 2524 404 2574 et
426 2518 862 2574 Revelationem
886 2534 1008 2588 quas
1034 2517 1252 2572 dicitur
1273 2515 1777 2587 Petri,Epistolam
1801 2520 1958 2571 aute:

2152 2515 2212 2568 ,ἒν
2299 2511 2432 2567 εἶναί
2485 2533 2640 2587 φησι,
2697 2514 2992 2591 γεγράφθαι
3052 2513 3111 2569 δὲ
3165 2510 3445 2592 Ἑϐραίοις
3498 2512 3762 2590 Ἑϐραῖκῇ

350 2608 419 2662 ad
456 2607 721 2663 Hebraeos
753 2606 921 2663 Pauli
953 2605 1192 2677 quidem
1242 2621 1372 2661 esse
1422 2604 1700 2669 afﬁrmat,
1748 2605 1850 2660 sed
1889 2608 1960 2660 Ηε

2157 2605 2270 2676 ωνῇ
2307 2624 2319 2636 ·
2352 2608 2561 2656 Λουκᾶν
2609 2599 2685 2670 δὲ,
2721 2601 3028 2680 φιλοτίμως
3079 2603 3247 2673 αὐτὴν
3298 2606 3767 2681 μεθερμηνεύσαν-

350 2696 545 2751 braico
577 2711 872 2764 sermone,
907 2699 1110 2766 utpote
1141 2695 1214 2750 ad
1245 2694 1541 2762 Hebraeos,
1576 2694 1836 2764 primum
1868 2710 1960 2749 scr

2158 2713 2198 2760 ι,
2250 2688 2499 2746 ἐκδοῦναι
2549 2697 2664 2753 τοῖς
2708 2690 3002 2762 Ἕλλησιν.
3039 2695 3197 2757 ⁸Ὀθεν
3230 2695 3323 2749 τὸν
3374 2695 3535 2750 αὐτὸν
3579 2699 3768 2770 χρῶτα

351 2788 515 2856 ptam
548 2785 767 2852 fuisse;
801 2785 1020 2839 Lucam
1047 2799 1181 2838 vero
1212 2784 1478 2840 eamdem
1509 2782 1706 2838 Graeco
1738 2799 1961 2838 sermon

2155 2781 2474 2856 Βρίσκεσθαι,
2505 2781 2642 2836 κατὰ
2668 2783 2766 2850 τὴν
2801 2781 3113 2856 ἑρμηνείαν,
3142 2782 3348 2854 ταύτης
3379 2805 3438 2839 τε
3482 2791 3585 2855 τῆς
3617 2787 3765 2840 Ἐπι-

355 2873 618 2929 studiose
651 2871 1343 2944 interpretatum,Grsacis
1364 2871 1706 2928 hominibus
1728 2871 1965 2928 edidisse

2153 2867 2319 2939 τολῆς
2360 2869 2451 2924 καὶ
2499 2873 2606 2923 τῶν
2657 2869 2905 2944 Πράξεων
2944 2889 2956 2903 ο
2995 2871 3070 2944 μή
3119 2872 3533 2951 προγεγράφθαι
3579 2870 3637 2929 δὶ
3683 2874 3763 2942 τὸ,

356 2964 546 3030 Quare
574 2962 634 3018 in
685 2978 752 3017 ea
801 2961 1050 3032 epistola
1096 2966 1154 3018 et
1199 2961 1260 3016 in
1309 2961 1554 3016 Actibus
1605 2960 1966 3034 apostolorui

1364 2961 1554 3016 ctibus
1605 2960 2004 3034 apostolorum
2112 2957 2329 3022 Παῦλος
2357 2957 2694 3028 ἀπόστολος,
2727 2958 2974 3022 εἰκότως.

357 3052 630 3108 eumdem
663 3050 938 3106 dictionis
971 3051 1220 3107 colorem
1251 3049 1513 3122 reperiri.
1548 3049 1707 3106 Hanc
1735 3067 1868 3107 vero
1900 3049 2341 3123 inscriptionem
2373 3051 2582 3106 Paulus
2609 3051 2908 3123 apostolus,
2940 3055 3096 3108 recte
3125 3052 3325 3126 itaque
3353 3054 3559 3112 ordine
3585 3054 3760 3112 omis-

354 3156 481 3196 sam
513 3139 695 3196 fuisse
724 3140 1014 3196 observat.

1314 3238 1398 3292 Ea:
1427 3236 1524 3293 lib.
1555 3236 1685 3292 VlI.
1715 3267 1784 3279 —
1812 3237 1913 3309 Ap.
1941 3236 2209 3306 eumdem,
2243 3239 2302 3292 in
2332 3239 2356 3292 I
2385 3237 2455 3292 ad
2481 3239 2614 3293 Tim.
2648 3253 2711 3304 ιι,
2741 3239 2794 3292 6.

425 3354 773 3428 Temporibus
804 3355 943 3410 suis.
971 3352 1090 3410 Hoc
1120 3353 1352 3424 quando
1401 3357 1556 3410 recte
1607 3368 1670 3410 se
1716 3352 2010 3410 habebant

2192 3356 2413 3425 Καιροῖς
2475 3348 2656 3413 ἰδίοις.
2708 3347 3021 3424 Τουτέστιν,
3070 3352 3161 3409 ὅτε
3226 3351 3551 3427 ἐπιτηδείως
3618 3356 3760 3433 εἶχον

354 3443 627 3501 homines
658 3443 732 3501 ab
762 3441 962 3500 ﬁdem.

2120 3441 2257 3516 πρὸς
2286 3441 2387 3509 τὴν
2419 3439 2599 3496 πίστιν
2632 3440 2685 3496 οἳ
2717 3441 3017 3517 ἄνθρωποι.

1833 3559 1961 3630 Cap.
1994 3574 2080 3627 ιιι,
2110 3574 2162 3613 υ.
2198 3559 2285 3612 16.

436 3665 588 3720 Visus
617 3675 694 3720 est
740 3665 808 3720 ab
857 3665 1088 3736 angelis.
1140 3664 1206 3734 (Ο
1259 3664 1637 3737 mysterium!
1685 3665 2006 3721 Nobiscum

2191 3664 2366 3740 ’Ώφθη
2421 3663 2691 3738 ἀγγέλοις.
2725 3668 2810 3735 (Ὢ
2865 3667 3165 3738 μυστήριον
3195 3667 3206 3721 l
3242 3667 3377 3723 Μεθ’
3426 3669 3588 3740 ἡμῶν
3636 3665 3772 3724 εἶδον

361 3754 634 3810 viderunt
654 3753 1324 3826 angeliChristum,cum
1350 3753 1515 3826 prius
1540 3771 1656 3810 non
1675 3754 1971 3811 vidissent.

2167 3755 2174 3804 ἱ
2206 3749 2435 3826 ἄγγελοι
2463 3751 2555 3806 τὸν
2585 3752 2844 3827 Χριστὸν,
2877 3753 3145 3831 πρότερον
3194 3755 3300 3831 οὐχ
3351 3756 3629 3833 ὁρῶντες.)
3659 3758 3777 3834 Οὐχ

359 3843 487 3899 Non
518 3843 672 3899 sicut
701 3843 774 3899 ab
805 3841 1168 3898 hominibus.
1900 3893 1910 3901 .

1096 3859 1168 3898 is.
1900 3893 1910 3901 ,
2118 3840 2192 3901 ὡς
2220 3844 2336 3903 τοῖς
2365 3839 2706 3915 ἀνθρώποις.

1873 3957 2003 4029 Cap.
2033 3975 2090 4025 γ,
2122 3975 2172 4014 υ.
2204 3957 2262 4013 8.

429 4067 494 4121 Et
534 4063 780 4121 maxime
810 4064 1141 4122 domesticis.
1172 4064 1307 4121 Suis
1351 4067 1410 4120 et
1439 4047 1778 4121 domesticis
1818 4066 2008 4137 provi-

2191 4063 2289 4118 Καὶ
2351 4064 2587 4138 μάλιστα
2628 4068 2737 4122 τῶν
2777 4065 3016 4126 οἰκείων.
3047 4072 3164 4122 Τῶν
3225 4065 3377 4124 ἰδίων
3436 4069 3527 4125 καὶ
3556 4076 3665 4127 τῶν
3693 4070 3769 4128 ol-

359 4154 477 4224 det,
503 4153 600 4224 qui
631 4170 748 4210 non
780 4153 972 4209 solum
1009 4169 1211 4209 curam
1241 4153 1418 4208 habet
1459 4169 1684 4224 eorum,
1735 4170 1861 4225 quae
1902 4153 1969 4209 ali

2161 4152 2281 4208 είων
2326 4160 2573 4230 προνοεῖ,
2606 4156 2635 4210 ὁ
2695 4157 2771 4227 μὴ
2828 4155 2997 4229 μόνον
3043 4161 3155 4212 τῶν
3205 4158 3599 4235 προσηκόντων
3641 4181 3771 4234 προ-

363 4259 479 4315 quo
513 4242 685 4298 modo
717 4242 1090 4314 contingunt,
1125 4242 1226 4298 sed
1258 4245 1314 4298 et
1341 4241 1434 4297 sui
1483 4241 1695 4315 ipsius,
1742 4243 1973 4315 proprio

2168 4247 2278 4315 ιῶν,
2309 4241 2454 4298 ἀλλᾶ
2503 4245 2594 4299 καὶ
2651 4244 2817 4308 αὐτὸς
2857 4245 3071 4319 ἑαυτοῦ,
3105 4244 3195 4302 διὰ
3235 4251 3333 4303 τοῦ
3382 4246 3664 4306 ἐκκόπτειν
3713 4251 3778 4306 τὰ

362 4333 728 4405 amputando
761 4332 1028 4388 affectus.

684 4337 728 4388 lo
761 4332 1028 4388 affectus.
2123 4333 2294 4402 πάθη.

1845 4448 1980 4519 Cap.
2013 4463 2065 4514 v,
2105 4465 2152 4503 v.
2189 4449 2274 4503 10.

441 4554 503 4610 Si
529 4562 846 4611 sanctorum
870 4553 1033 4626 pedes
1066 4553 1229 4610 lavit.
1271 4553 1390 4609 Hoc
1419 4555 1510 4609 est
1539 4555 1589 4610 si
1615 4557 1872 4610 extrema
1908 4555 2020 4610 mi-

2201 4555 2271 4611 Εἴ
2326 4554 2490 4631 ἁγίων
2546 4553 2717 4620 πόδας
2772 4551 2941 4632 ἔνιψε.
2976 4559 3276 4616 Τουτὲστιν
3333 4560 3379 4616 εί
3421 4562 3518 4624 τὰς
3550 4561 3779 4640 ἐσχάτας

369 4642 616 4701 nisteria
640 4642 863 4700 sanctis
891 4643 1117 4714 absque
1136 4642 1349 4698 rubore
1379 4641 1664 4699 exhibuit.
1687 4643 1691 4646 ’

2133 4642 2428 4720 ὑπηρεσίας
2453 4649 2568 4708 τοῖς
2599 4643 2773 4723 ἁγίοις
2808 4647 3251 4724 ἀνεπαισχύντως
3281 4648 3599 4722 ἐξετέλεσεν.

1857 4760 1992 4832 Cap.
2024 4776 2080 4827 v,
2112 4776 2161 4816 υ.
2192 4761 2284 4816 21.

438 4857 574 4914 Sine
599 4856 1053 4929 praeeipitatione
1073 4854 1298 4927 judieii.
1332 4855 1452 4912 Hoc
1484 4859 1574 4912 est
1603 4872 1814 4913 cavens
1847 4873 1918 4913 ne
1947 4859 2018 4914 ad

2198 4856 2381 4933 Χωρὶς
2435 4857 2835 4936 προκρίματος.
2894 4859 3182 4917 Τουτᾶστιν
3258 4861 3383 4920 ἄνευ
3437 4869 3536 4921 τοῦ
3593 4865 3670 4929 εἵς
3722 4887 3774 4922 τι

368 4945 595 5020 aliquid
626 4945 1027 5019 impingendo,
1083 4944 1419 5016 subjiciaris
1458 4944 1685 5016 judicio
1713 4950 1770 5002 et
1808 4945 1978 5003 ultio:

2166 4947 2424 5003 ταίσαντα
2472 4948 2760 5004 ὑποπεσεῖν
2809 4953 2879 5024 τῇ
2925 4950 3099 5026 κρίσει
3127 4952 3217 5007 καὶ
3247 4956 3315 5027 τῇ
3345 4959 3447 5024 τῆς
3493 4959 3776 5030 παρακοῆς

368 5035 800 5093 ἰοοὺθάίθιιῐὶιε.
2127 5033 2368 5091 κολάσει.

1841 5171 1974 5241 Cap.
2005 5185 2082 5238 v1,
2113 5188 2166 5229 υ.
2201 5172 2288 5229 13.

445 5290 552 5358 Qui
581 5289 808 5343 testatus
837 5292 919 5341 est
964 5287 1064 5340 sub
1109 5285 1302 5341 Pontio
1350 5284 1558 5340 Pilato.
1611 5284 1886 5340 Testatus
1933 5289 2024 5340 est

2201 5289 2309 5343 Τοῖ’)
2342 5289 2786 5374 μαρτυρήσαντος
2819 5288 2906 5344 ἐπὶ
2947 5289 3179 5346 Ποντίου
3225 5291 3488 5352 Πιλάτου.
3514 5297 3779 5374 Ἐμαρτῦ-

374 5393 479 5447 per
506 5394 575 5434 ea
603 5393 734 5448 quin
764 5375 917 5444 fecit,
952 5375 1106 5447 quod
1147 5374 1273 5446 ipse
1321 5378 1477 5430 esset
1523 5373 1791 5431 Christus
1839 5373 1984 5431 Filiu

2168 5395 2264 5445 ησε
2290 5375 2391 5451 γὰρ
2417 5373 2488 5431 δι’
2515 5376 2588 5434 ὧν
2620 5373 2901 5451 ἔπραττεν,
2935 5377 3018 5434 ὅτι
3049 5375 3212 5444 αὐτός
3255 5379 3396 5437 ἐστιν
3432 5384 3461 5439 ὁ
3490 5385 3722 5459 Χριστὸς
3749 5388 3778 5444 ὁ

375 5465 500 5522 Dei.

2128 5463 2252 5525 Υἱὸς
2281 5468 2378 5519 τοῦ
2406 5469 2560 5524 Θεοῦ.

445 5637 510 5700 ,ις
537 5628 601 5684 Ρ.
637 5629 773 5684 mos
799 5629 914 5687 mo.
946 5629 1250 5688 POTTER.
