4078 6146
275 389 392 443 ⁸749

1760 387 2231 442 FRAGMENTA.

3593 394 3702 449 750

1625 554 1773 611 Idem
1802 556 1863 610 in
1896 555 1947 612 II
1975 555 2045 611 ad
2080 557 2196 613 Tim
2224 573 2286 628 ιι,
2315 558 2370 612 2.

355 653 455 710 Διὰ
481 651 721 709 πολλῶν
756 650 1072 728 μαρτύρων.
1102 649 1348 707 Τουτέστι
1375 651 1549 724 νόμου
1586 651 1676 706 καὶ
1724 671 1942 726 προφη-
1975 656 1998 722 Α

2129 656 2238 710 Per
2269 653 2470 711 multo:
2501 658 2683 713 testes.
2714 660 2834 712 Hoc
2864 660 2955 712 est
3010 657 3198 730 legem
3239 675 3306 716 ac
3363 660 3702 734 prapbetas.

281 747 416 800 τῶν.
448 741 696 803 Τουτούς
726 741 833 818 γὰρ
864 738 1205 802 Ἀπόστολος
1236 740 1469 795 έποιειτο
1516 740 1793 816 μάρτυρας
1849 744 1944 796 τοῦ

2089 741 2202 798 lam
2234 742 2343 799 hos
2371 743 2432 799 in
2464 748 2646 801 testes
2678 745 3004 816 proferebat
3033 747 3342 819 Apostolus
3384 766 3504 807 sua
3557 766 3706 823 pra-

288 831 438 888 ίδίσυ
464 830 847 908 κηρύγματος.
892 909 896 912 _

2057 831 2394 890 dicationis.

1085 951 1167 1005 Ea:
1193 949 1378 1005 eodem
1410 949 1554 1004 libro
1586 948 1706 1004 VII.
1747 978 1808 990 —-
1837 949 1935 1021 Ap.
1970 949 2262 1005 Eusebium
2300 952 2438 1006 Hist.
2472 952 2603 1009 sccl.
2639 953 2677 1007 ι.
2711 969 2773 1023 ιι,
2799 968 2846 1009 c.
2879 953 2931 1009 Ι.

373 1043 623 1121 Ἰακώϐῳ
652 1048 730 1120 τῷ
788 1048 996 1120 Δικαίῳ
1042 1047 1130 1101 καὶ
1180 1047 1405 1120 Ἰωάννῃ
1456 1045 1546 1101 καὶ
1578 1047 1768 1121 Πέτρῳ
1818 1045 1954 1101 κατὰ

299 1139 401 1207 τὴν
435 1136 716 1192 ἀνάστασιν
747 1134 1033 1208 παρέδωκε
1061 1137 1160 1205 τὴν
1207 1140 1402 1210 γνῶσιν
1437 1136 1465 1189 ὁ
1519 1135 1736 1210 Κύριος,
1790 1135 1954 1193 Οὗτοι

301 1233 418 1289 τοῖς
451 1226 666 1288 λοιποῖς
695 1225 1028 1288 ἀποστόλοις
1052 1223 1398 1301 παρέδωκαν·
1434 1227 1486 1280 οἱ
1518 1223 1575 1280 δὲ
1606 1224 1792 1280 λοιποὶ
1828 1226 1958 1280 ἀπό-

301 1314 485 1370 στολοι
515 1320 633 1378 τοῖς
666 1309 1073 1388 ἑϐδομήκοντα,
1107 1316 1181 1370 ὧν
1211 1316 1285 1378 εἷς
1315 1316 1380 1385 ἦν
1415 1315 1501 1370 καὶ
1538 1309 1837 1389 Βαρνάϐας.

2134 1049 2348 1105 lacobo
2379 1049 2571 1116 Justo,
2602 1055 2658 1106 et
2685 1051 2920 1121 Joanni,
2952 1055 3012 1107 et
3058 1057 3228 1110 Petro
3261 1052 3547 1112 Dominus
3578 1057 3714 1127 post

2065 1140 2551 1195 resurrectionem
2582 1139 2840 1197 scientia;
2871 1141 3090 1197 donum
3109 1141 3412 1214 impertiit.
3444 1143 3606 1210 Quod
3628 1141 3714 1198 illi

2066 1229 2290 1284 caeteris
2321 1230 2626 1301 apostolis,
2667 1230 2728 1284 hi
2785 1247 2921 1286 vero
2950 1232 3324 1304 septuaginta
3380 1232 3712 1309 discipulis,

2067 1333 2320 1388 quorum
2353 1335 2509 1374 unus
2531 1318 2642 1374 fuit
2669 1319 2992 1392 Barnabas,
3023 1321 3414 1378 tradiderunt.

1343 1435 1428 1488 Ex
1457 1432 1641 1489 eodem
1669 1432 1836 1488 libro.
1871 1462 1938 1472 —
1967 1432 2068 1504 Ap.
2101 1433 2347 1489 eumdem
2380 1434 2542 1502 ibid.,
2574 1451 2622 1492 ε.
2653 1435 2689 1488 2

365 1534 502 1609 Περὶ
533 1537 732 1588 τοῦτου
758 1529 816 1586 δὲ
859 1533 887 1588 ὁ
920 1531 1163 1603 Κλήμης
1209 1535 1309 1586 τοῦ
1362 1525 1623 1588 Ἰακώϐου
1673 1529 1763 1584 καί
1811 1529 1960 1584 icto-

303 1625 421 1702 ρίαν
462 1625 689 1696 μνήμης
717 1620 865 1694 ἀξίαν
905 1620 955 1675 έν
999 1624 1070 1694 τῇ
1118 1626 1226 1676 τῶν
1275 1620 1702 1675 Ὑποτυπώσεῶν
1751 1612 1960 1692 ἑϐδόμῃ

303 1713 686 1788 παρατιθεται,
717 1711 792 1774 ὡς
821 1709 880 1766 ἐκ
927 1707 1281 1786 παραδόσεως
1329 1712 1436 1763 τῶν
1488 1709 1595 1782 πρὸ
1642 1707 1805 1762 αὐτοῦ
1854 1708 1961 1782 φά-

314 1824 483 1870 σκων,
544 1800 631 1856 ὅτι
673 1798 738 1870 δὴ
798 1801 827 1854 ὁ
875 1799 1178 1874 εἰσαγαγὼν
1235 1797 1396 1853 αὐτὸν
1447 1796 1523 1860 είς
1584 1795 1958 1872 δικαστήριον,

314 1892 730 1966 μαρτυρήσαντα
779 1888 939 1944 αὐτὸν
974 1885 1128 1956 ἰδὼν,
1154 1887 1398 1956 κινηθεὶς
1429 1885 1791 1960 ὡμολόγησεν
1823 1887 1958 1940 εἶναι

308 1981 400 2035 καὶ
431 1979 590 2041 αὐτὸς
623 1978 808 2033 ἑαυτὸν
840 1977 1188 2053 Χριστιανόν.
1233 1977 1673 2050 Συναπήχθησαν
1725 1975 1815 2030 οὖν
1849 1971 1959 2046 ἄμ-

2142 1531 2220 1587 De
2250 1531 2360 1588 hoc
2387 1533 2613 1590 Jucobo
2645 1550 2768 1590 rem
2801 1551 3014 1608 prosus
3042 1536 3325 1594 memoria
3356 1537 3594 1611 dignam
3627 1552 3717 1594 re-

2071 1621 2180 1677 fert
2206 1621 2476 1679 Clemens
2507 1623 2565 1678 in
2597 1624 2850 1696 septimo
2881 1625 3304 1682 Institutionum
3330 1625 3506 1692 libro,
3543 1631 3722 1699 prout

2070 1727 2198 1766 eam
2231 1727 2264 1766 a
2297 1711 2620 1783 majoribus
2651 1719 2974 1786 acceperat.
3005 1717 3101 1770 Ait
3129 1716 3287 1772 enim
3319 1731 3478 1782 eum,
3499 1715 3599 1788 qui
3623 1715 3720 1772 Ja-

2070 1801 2281 1855 cobum
2307 1802 2529 1871 judicio
2561 1802 2873 1875 obtulerat,
2905 1819 3041 1861 cum
3070 1804 3240 1860 illum
3270 1805 3515 1862 vidisset
3547 1805 3717 1862 Chri-

2071 1889 2146 1944 sti
2178 1888 2242 1952 ᾧ
2272 1889 2447 1946 tidem
2497 1891 2678 1947 libere
2734 1893 3131 1962 confitentem,
3185 1898 3542 1950 commotum
3599 1892 3716 1949 viri

2069 1979 2400 2034 constantia
2429 1995 2491 2036 se
2522 1996 2756 2052 quoque
2787 1980 3186 2038 Christianum
3218 1998 3348 2038 esse
3366 1983 3712 2039 afﬁrmasse.

309 2091 418 2146 (ρω,
453 2068 606 2146 φησί,
633 2068 722 2123 καὶ
777 2067 917 2122 κατὰ
963 2067 1064 2135 τὴν
1115 2063 1238 2121 ὁδὸν
1269 2066 1498 2138 ἠξίωσεν
1526 2065 1787 2142 ἀφεθῆναι
1820 2064 1967 2135 αὑτῷ
1997 2143 1998 2146 η

2089 2068 2255 2122 Ambo
2288 2067 2487 2140 igitur,
2539 2067 2753 2140 inquit,
2799 2069 2980 2125 simul
3031 2071 3102 2126 ad
3163 2070 3520 2142 supplicium
3560 2069 3723 2128 ducti

309 2159 413 2213 ὑπὸ
442 2163 542 2213 τοῦ
570 2151 861 2216 Ἰακώϐου.
896 2157 953 2209 '0
995 2153 1074 2228 δὲ,
1107 2153 1294 2230 ὀλίγον
1343 2155 1698 2228 σκεψάμενος,
1751 2152 1960 2228 Εἰρήνη

2089 2161 2232 2212 sunt.
2266 2155 2529 2228 Cumque
2557 2155 2714 2213 inter
2743 2160 3002 2214 eundum
3034 2166 3300 2232 rogasset
3319 2159 3606 2216 Jacobum
3629 2174 3725 2215 co-

306 2268 418 2318 σοι,
451 2247 588 2315 εἶπε,
620 2246 714 2302 καὶ
743 2243 1109 2323 κατεφίλησεν
1158 2244 1345 2302 αὐτὸν.
1381 2245 1477 2298 Κιοὶ
1530 2241 1701 2304 οὕτως
1729 2241 1968 2319 ἀμφότε-

306 2355 393 2412 ροι
425 2337 568 2409 ὁμου
595 2334 1110 2412 έκαρατομήθησαν.

2074 2261 2220 2314 mes,
2256 2253 2320 2301 ut
2350 2245 2464 2301 sibi
2494 2247 2720 2304 veniam
2750 2248 2914 2303 daret
2941 2265 2954 2303 :
2980 2249 3280 2321 paulisper
3323 2253 3590 2305 moratus
3617 2247 3723 2304 Ja-

2072 2334 2277 2405 cobus,
2309 2339 2425 2390 Pax
2455 2334 2584 2405 tibi,
2615 2335 2828 2408 inquit,
2860 2337 3180 2409 statimque
3219 2337 3387 2393 illum
3419 2335 3724 2395 osculatus

2072 2428 2177 2479 est.
2217 2425 2302 2479 Ita
2331 2423 2510 2480 simul
2541 2426 2713 2482 ambo
2745 2426 2933 2499 capite
2964 2426 3218 2485 truncati
3251 2427 3542 2484 interiere.

1163 2545 1259 2598 Ea:
1286 2543 1470 2599 eodem
1499 2542 1658 2596 libro.
1691 2571 1760 2582 —-
1789 2540 1952 2612 Apud
1975 2540 2224 2596 eumdem
2253 2542 2387 2597 Hist.
2421 2543 2565 2600 Eccl.
2597 2560 2676 2610 v1,
2706 2561 2754 2599 ε.
2787 2545 2875 2600 14.

386 2640 532 2714 ’Ήδη
569 2639 649 2712 δὲ,
681 2642 755 2701 ὡς
789 2643 815 2696 ὁ
868 2639 1131 2714 μακάριος
1164 2633 1318 2714 ἔλεγε
1361 2633 1743 2714 πρεσϐύτερος,
1777 2637 1894 2692 ἐπεὶ
1939 2637 1967 2692 ὁ

317 2733 527 2808 Κύριος
560 2729 861 2792 ἀπόστολος
901 2726 972 2783 ὢν
1018 2733 1116 2784 τοῦ
1164 2729 1633 2804 Παντοκράτορος,
1688 2724 1966 2797 ἀπεστάλη

321 2825 462 2895 πρὸς
493 2817 795 2898 Ἑϐραίους,
847 2818 938 2875 διὰ
970 2819 1297 2894 μετριότητα
1345 2820 1374 2874 ὁ
1406 2816 1644 2892 Παῦλος,
1677 2819 1750 2880 ὡς
1782 2816 1841 2872 ἂν
1892 2816 1968 2880 εἷς

321 2913 390 2968 τὰ
421 2911 544 2981 ἔθνη
572 2911 1002 2984 ἀπεσταλμένος,
1052 2910 1153 2964 οὐκ
1182 2907 1440 2987 ἐγγράφει
1470 2907 1656 2964 ἑαυτὸν
1701 2901 1966 2984 Ἑϐραίων

321 2999 654 3068 ἀπόστολον,
687 2997 779 3055 διά
804 3020 864 3054 τε
890 2999 991 3068 τήν
1020 2999 1158 3074 πρὸς
1187 2999 1278 3053 τὸν
1324 2997 1522 3074 Κύριον
1554 2998 1743 3070 τιμὴν,
1799 2993 1886 3051 διά
1913 3016 1971 3051 τε

317 3093 383 3148 τὸ
412 3092 471 3147 ἐκ
499 3089 816 3165 περιουσίας
841 3088 932 3144 καὶ
961 3092 1080 3150 τοῖς
1101 3081 1378 3163 Ἑϐραίοις
1407 3084 1770 3153 ἐπιστέλλειν,
1801 3083 1968 3140 ἐθνῶν

319 3183 535 3258 κήρυκα
566 3174 696 3234 ὄντα
731 3178 824 3234 καὶ
856 3175 1188 3234 ἀπόστολον.

2149 2639 2280 2696 Jam
2311 2658 2467 2710 vero,
2501 2641 2654 2698 sicut
2684 2643 2891 2700 beatus
2921 2643 3152 2700 dicebat
3182 2644 3503 2717 presbyter,
3535 2659 3730 2715 quan-

2081 2729 2397 2799 doquidem
2427 2729 2712 2788 Dominus
2742 2731 3164 2804 omnipotentis
3194 2732 3293 2788 Dei
3324 2731 3626 2805 apostolus
3656 2732 3725 2788 ad

2081 2818 2353 2874 Hebraeos
2384 2819 2605 2875 missus
2638 2821 2846 2888 fuerat,
2881 2838 2996 2893 prae
3019 2820 3309 2878 modestia
3339 2820 3583 2891 Paulus,
3633 2825 3730 2876 ut-

2081 2912 2212 2980 pote
2245 2907 2345 2980 qui
2377 2909 2445 2964 ad
2479 2920 2679 2982 gentes
2701 2917 2824 2966 erat
2852 2910 3134 2979 directus,
3166 2911 3544 2966 Hebraeorum
3586 2925 3730 2982 apo-

2081 2997 2299 3053 stolum
2329 3014 2393 3052 se
2416 2998 2658 3055 minime
2690 2999 2958 3055 inscribit
2985 3017 2996 3054 :
3029 3004 3158 3056 tum
3180 3001 3252 3056 ob
3271 3016 3438 3057 suam
3456 3016 3594 3074 erga
3618 3005 3730 3057 Do-

2083 3085 2312 3141 minum
2345 3087 2752 3156 reverentiam,
2787 3093 2914 3144 tum
2956 3089 3112 3160 quod
3164 3105 3235 3144 ex
3263 3088 3591 3145 abundanti
3646 3089 3720 3145 ad

2079 3174 2348 3232 Hebraeos
2377 3174 2503 3248 ipse
2531 3175 2798 3248 gentium
2835 3193 3020 3249 praeco
3051 3180 3110 3233 et
3136 3177 3441 3249 apostolus
3494 3176 3726 3233 scribe-

2082 3267 2189 3318 ret.

1439 3384 1524 3438 Ea:
1552 3381 1736 3439 eodem
1767 3382 1931 3438 libro.
1964 3410 2032 3421 ——
2060 3378 2265 3435 Ibidem
2293 3379 2462 3451 paulo
2488 3383 2630 3452 post.

399 3487 516 3542 Τοῦ
544 3483 756 3558 Πέτρου
786 3479 1029 3555 δημοσίᾳ
1058 3480 1112 3536 ἰν
1138 3480 1328 3555 Ῥώμῃ
1359 3480 1692 3556 κηρύξαντος
1741 3481 1835 3534 τὸν
1885 3477 1975 3534 λόε-

2157 3477 2300 3533 Cum
2333 3481 2538 3534 Petrus
2567 3477 2628 3534 in
2663 3479 2805 3535 urbe
2836 3479 3014 3534 Roma
3059 3477 3304 3536 verbum
3347 3478 3452 3536 Dei
3498 3475 3733 3551 publice

320 3595 447 3650 γον,
490 3573 580 3628 καὶ
630 3571 904 3644 Πνιύματι
949 3572 1013 3625 τὸ
1061 3567 1393 3646 Εὗαγγέλιον
1451 3568 1753 3642 ἐξειπόντος
1781 3612 1795 3638 ,
1848 3566 1977 3629 τοὺς

324 3662 600 3738 παρόντας
657 3659 906 3722 πολλοὺς
937 3655 1093 3721 ὄντας
1151 3656 1524 3735 παρακαλέσαι
1581 3657 1672 3713 τὸν
1731 3658 1976 3731 Μάρκον,

329 3754 410 3815 ὡς
469 3751 529 3807 ἂν
576 3749 1026 3820 ἀκολουθήσαντα
1055 3749 1204 3818 αὐτῷ
1261 3747 1540 3826 πόρῥωθεν
1571 3747 1659 3802 καὶ
1693 3747 1978 3820 μεμνημέ-

332 3863 434 3898 νον
483 3845 592 3896 τῶν
643 3837 974 3914 λεχθέντων,
1020 3837 1326 3912 ἀναγράψαι
1377 3837 1446 3892 τὰ
1487 3836 1764 3909 εἰρημένα·
1822 3836 1982 3905 ποιή-

333 3951 506 3986 σαντα
536 3927 595 3984 δὲ
635 3930 696 3984 τὸ
750 3926 1100 4004 Εὐαγγέλιυν,
1154 3923 1474 3998 μεταδοῦναι
1530 3931 1646 3988 τοῖς
1705 3922 1986 3997 δεομένοις

334 4021 536 4076 αὐτοῦ.
585 4020 756 4092 Ὅπερ
807 4014 1097 4092 ἐπιγνόντα
1139 4016 1232 4070 τὸν
1293 4013 1518 4090 Πέτρον,
1575 4017 1986 4090 προτρεπτικῶς

341 4112 486 4184 μήτε
513 4107 758 4163 κωλῦσαι
796 4108 935 4179 μήτε
972 4104 1397 4180 προτρέψασθαι·
1425 4104 1518 4159 τὸν
1571 4104 1754 4176 μέντοι
1800 4102 1986 4160 Ἰωάν-

337 4221 439 4270 νην
490 4193 762 4272 ἔσχατον,
817 4190 1100 4248 συνιδόντα
1159 4192 1243 4247 ὅτι
1300 4191 1366 4248 τὰ
1422 4192 1708 4265 σωματικὰ
1761 4191 1813 4247 ἐν
1869 4196 1988 4254 τοῖς

339 4285 694 4364 Εὐαγγελίοις
755 4280 1086 4354 δεδήλωται,
1145 4282 1520 4358 προτραπέντα
1570 4283 1672 4336 ὑπὸ
1701 4285 1809 4336 τῶν
1846 4302 1990 4355 γνω-

341 4377 546 4455 ρίμων,
581 4374 860 4447 Πνεύματι
910 4369 1328 4449 θεοφορηθέντα,
1376 4371 1738 4444 πνευματικὸν
1767 4373 1992 4437 ποιῆσαι

343 4464 711 4543 Εὗαγγέλιον.

2087 3565 2482 3638 praedicasset,
2515 3572 2572 3624 et
2601 3568 2822 3640 Spiritu
2857 3571 3059 3624 sancto
3089 3568 3323 3625 afﬂatus
3353 3566 3732 3641 Evangelium

2086 3655 2537 3727 promulgasset,
2572 3655 2742 3711 multi
2775 3656 2876 3728 qui
2907 3657 3152 3713 aderant
3167 3660 3424 3714 Marcum
3449 3657 3732 3714 cohortati

2089 3741 2248 3814 ennt,
2281 3750 2482 3816 utpote
2513 3746 2614 3818 qui
2645 3746 3253 3818 Petrumjamdudum
3286 3752 3542 3805 sectatus
3581 3748 3734 3804 fuis-

2091 3837 2198 3902 set,
2232 3839 2288 3888 et
2317 3834 2472 3889 dicta
2502 3835 2630 3906 ejus
2663 3835 2948 3892 memoria
2976 3840 3220 3904 teneret,
3249 3841 3313 3892 ut
3343 3853 3471 3908 quae
3501 3837 3573 3893 ab
3600 3853 3735 3910 apo-

2093 3923 2242 3982 stolo
2276 3926 2587 3998 praedicata
2615 3933 2782 3982 erant
2829 3914 3242 3984 conscriberet.
3295 3927 3528 3984 Marcus
3558 3927 3738 4000 igitur

2096 4014 2474 4087 Evangelium
2506 4016 2838 4088 composuit
2865 4017 3060 4089 iisque
3091 4017 3192 4088 qui
3221 4016 3364 4072 illud
3398 4017 3470 4072 ab
3503 4018 3629 4088 ipso
3650 4032 3740 4072 ro-

2097 4104 2316 4176 gabant
2335 4104 2640 4176 impertiit.
2657 4105 2819 4172 Quod
2833 4121 2966 4160 cum
2983 4109 3189 4162 Petrus
3211 4105 3612 4178 comperisset,
3635 4121 3741 4162 nec

2099 4192 2401 4266 prohibuit
2427 4194 2667 4250 omnino
2699 4210 2818 4250 rem
2851 4194 3000 4266 ﬁeri,
3031 4211 3136 4251 nec
3162 4200 3226 4251 ut
3249 4197 3432 4263 ﬁeret,
3455 4194 3740 4250 incitavit.

2101 4285 2174 4338 At
2225 4283 2482 4339 Joannes
2513 4284 2778 4340 omnium
2839 4289 3195 4357 postremus,
3236 4301 3370 4341 cum
3431 4284 3655 4341 videret
3681 4282 3744 4338 in

2102 4371 2402 4443 (aliorum)
2430 4372 2758 4446 Evangeliis
2788 4389 2875 4442 ea,
2899 4390 3025 4446 quae
3053 4373 3124 4428 ad
3146 4390 3358 4445 corpus
3378 4372 3596 4431 Christi
3619 4387 3749 4446 per-

2103 4461 2316 4531 tinent,
2335 4461 2553 4518 tradita
2584 4477 2736 4531 esse,
2766 4462 2890 4535 ipse
2919 4462 3113 4520 divino
3132 4462 3354 4536 Spiritu
3375 4463 3608 4520 afﬂatus
3628 4461 3751 4536 spi-

2106 4549 2225 4606 tale
2254 4549 2632 4622 Evangelium
2663 4551 3041 4609 familiarium
3085 4568 3329 4610 suorum
3375 4556 3583 4626 rogatu
3613 4568 3752 4611 con-

2111 4639 2370 4712 scripsit.

2035 4913 2091 4966 X

1743 5030 1893 5087 375
1938 5029 2381 5087 FRAGMENTA

1258 5146 1346 5205 Ex
1374 5143 1709 5207 Clementis
1737 5145 2143 5209 Alexandrini
2173 5147 2336 5208 libro
2367 5145 2456 5208 De
2485 5144 2881 5206 Providentia

1504 5268 1603 5339 Ap.
1637 5267 1692 5323 S.
1724 5269 2043 5341 Maximum,
2079 5270 2213 5342 Opp.
2245 5279 2287 5327 ι.
2321 5269 2392 5338 ΙΙ,
2420 5285 2476 5341 p.
2508 5269 2630 5324 144.

428 5387 599 5444 Οὗσία
628 5384 770 5440 ἐστὶν
804 5381 891 5438 ἐπὶ
926 5386 1082 5440 Θεοῦ.
1117 5382 1246 5453 Θεὸς
1286 5381 1442 5438 οὐσία
1472 5382 1589 5438 θεία
1619 5382 1786 5458 ἐστὶν,
1840 5381 1998 5439 atate

2089 5405 2093 5443 ι
2197 5384 2544 5442 Substantia
2575 5383 2632 5437 in
2670 5383 2782 5438 Deo
2799 5386 2906 5438 est.
2935 5383 3085 5437 Deus
3099 5381 3298 5440 divina
3318 5382 3774 5454 substantiaest,

353 5502 409 5536 τι
441 5477 537 5534 καὶ
584 5472 854 5551 ἄναρχον,
907 5470 1198 5544 ἀσώματόν
1243 5492 1304 5528 τι
1350 5472 1440 5527 καὶ
1485 5473 1881 5548 ἀπερίγραφον,
1929 5494 1998 5528 κα

2130 5473 2555 5546 sempiternum
2603 5470 2828 5543 aliquid
2877 5470 3190 5542 omnisque
3236 5472 3507 5547 principii
3547 5487 3774 5543 expers,

356 5572 468 5625 τῶν
499 5563 674 5622 ὄντων
723 5560 920 5620 αἷίτιον.
981 5559 1149 5616 οὐσία
1172 5561 1284 5616 ἐστὶ
1335 5562 1398 5617 τὸ
1449 5558 1518 5616 δι’
1559 5560 1694 5618 ὅλου
1753 5562 1994 5640 ὑφεστὼς

2128 5563 2661 5634 incorporeumque
2703 5563 2762 5615 et
2809 5558 3405 5635 incircumscriptum,
3455 5578 3522 5620 ac
3577 5577 3776 5620 rerum

528 5731 592 5785 P.
626 5725 766 5781 1007
796 5733 852 5782 et
882 5740 1006 5798 seq.
1038 5722 1156 5781 RD.
1190 5722 1497 5796 POTTER,
1522 5725 1753 5799 passim.
