4078 6146
365 328 465 381 751
1599 323 2007 377 CLEMENTI-‘3
2047 320 2546 373 ALEXANDRINI
3742 315 3867 370 752

370 456 590 506 auctor.
614 447 952 505 Substantia
986 451 1092 513 est,
1125 447 1280 517 quod
1312 446 1564 516 undi1ue
1583 461 1710 501 vere
1726 443 1977 500 cxsisten

2255 462 2299 493 tv
2334 439 2474 494 ἐστῗν
2525 442 2559 508 ἡ
2591 444 2696 493 τῶν
2747 439 3084 512 πραγμάτων
3117 437 3368 507 ἀλήθεια,
3403 440 3438 509 ἢ
3479 439 3740 493 τούτων
3788 441 3859 494 τὸ

371 541 449 612 (id
483 545 569 594 est
601 535 952 607 subsistens)
985 544 1047 607 »ἒ
1093 538 1200 590 est.
1235 539 1439 589 Natura
1476 551 1668 590 rerum
1705 535 1916 590 veritas
1939 549 1981 588 Bt

2240 531 2394 601 ἱσιον,
2442 531 2580 585 κατὰ
2619 527 2676 584 δὲ
2719 528 2845 591 τοὺς
2904 526 3194 597 ἂλλους,ἡ
3247 533 3358 584 τῶν
3413 528 3488 592 εἷς
3547 532 3625 585 τὸ
3686 531 3850 585 εἶναι

375 627 462 684 vel
497 642 688 683 rerum
719 625 1074 693 substantia,
1109 625 1248 695 sive,
1283 627 1351 679 ut
1379 623 1474 679 alii
1511 623 1796 695 sentiunt,
1820 640 1985 679 eorur

2235 619 2584 694 αγενομένων
2633 618 2856 691 γένεσις·
2907 619 3026 672 καθ’
3075 618 3292 693 ἑτέρους
3325 615 3405 686 δὲ,
3437 621 3473 687 ἡ
3505 617 3611 674 τοῦ
3683 623 3845 674 Θεοῦ

376 732 504 790 qua
525 716 583 771 in
611 731 806 772 rerum
840 718 1113 770 naturam
1150 714 1576 785 producuntur,
1610 713 1906 787 generatio
1939 717 1986 766 at

2228 710 2362 763 ἱνοια
2415 707 2719 782 ἐμποιοῦσα
2761 712 2879 769 τοῖς
2936 706 3252 782 γινομένοις
3307 709 3371 763 τὸ
3415 707 3576 781 εἶναι,
3618 709 3733 764 καὶ
3769 710 3838 764 τὸ

377 822 492 878 que
525 805 728 877 origo;
763 809 827 858 ut
850 807 1045 859 autem
1081 803 1200 868 alii,
1247 803 1348 858 Dei
1407 803 1789 876 providentia,
1850 803 2026 857 robus
2141 803 2251 860 πῶς
2285 799 2440 856 εἶναι.

377 913 506 968 quae
534 893 686 949 ﬁunt
717 893 825 950 hoc
856 892 1089 961 indens,
1120 893 1273 963 quod
1304 896 1393 948 est
1419 908 1568 962 esse,
1601 897 1660 948 et
1704 891 1805 948 tali
1853 892 2025 947 modo

377 1001 526 1043 0386.

1672 1103 1777 1169 Jp.
1811 1095 2078 1167 eumdem,
2122 1097 2260 1152 ibid.
2294 1113 2348 1168 p.
2385 1095 2507 1148 15‘2.

449 1232 736 1288 Voluntas
766 1237 856 1286 est
886 1229 1172 1285 naturalis
1205 1230 1454 1286 facultas
1484 1230 1612 1300 ejus
1645 1229 1799 1300 quod
1834 1236 1922 1284 est
1959 1245 2028 1283 ex

2207 1225 2434 1297 Θέλησίς
2483 1226 2592 1280 ἐστι
2643 1226 2842 1302 φυσική
2893 1221 3121 1296 δύναμις
3173 1229 3272 1278 τοῦ
3319 1225 3456 1280 κατὰ
3498 1228 3662 1304 φύσιν
3717 1223 3817 1281 3v-

379 1328 588 1376 natura
617 1319 930 1391 appetendi
966 1319 1078 1373 vim
1103 1319 1346 1374 habens.
1372 1318 1655 1374 Voluntas
1674 1327 1763 1372 est
1784 1323 1989 1372 natura

2207 1339 2228 1378 ς
2261 1317 2536 1391 ὀρεκτική.
2571 1313 2803 1383 Θὲλῃσὶς
2835 1313 2945 1368 ἐστι
2989 1313 3189 1382 φυσικὴ
3223 1309 3422 1386 ὄρεξις,
3448 1319 3516 1389 τῇ
3568 1322 3670 1371 τοῦ
3711 1317 3817 1372 λο-

377 1411 450 1466 lis
471 1410 786 1480 appetitus,
813 1415 1034 1462 naturae
1062 1409 1248 1462 utenti
1271 1409 1496 1463 ratione
1519 1411 1890 1462 conveniens.
1917 1407 1987 1460 Vc

2201 1411 2288 1460 κοῦ
2321 1405 2472 1482 φύσει
2503 1403 2876 1472 κατάλληλος.
2908 1401 3138 1470 Θὲλησὶς
3163 1403 3271 1457 ἐστι
3295 1407 3494 1480 φυσινιί⁸
3525 1405 3811 1480 αὐτογρά-

379 1497 580 1552 luntas
613 1496 904 1551 naturalis
935 1503 1025 1551 est
1057 1497 1271 1551 mentis
1302 1495 1391 1551 sui
1436 1497 1667 1550 arbitrae
1711 1502 1908 1550 motus
1952 1494 1989 1548 li

2202 1515 2297 1568 ρος
2330 1499 2425 1548 νοῦ
2460 1495 2712 1566 [κίνησις]
2750 1492 3110 1562 αὐτεξούσιος,
3207 1497 3333 1555 νοῦς
3366 1494 3491 1568 περί
3520 1517 3572 1549 τι
3604 1498 3808 1560 αὐθαι-

385 1587 526 1655 ber;
558 1585 680 1640 sive
710 1601 877 1640 mens
909 1601 1037 1655 quae
1069 1585 1224 1640 circa
1243 1584 1466 1656 aliquid
1491 1585 1669 1640 libere
1687 1592 1990 1639 moveatur

2197 1605 2304 1644 τως
2332 1583 2676 1654 κινούμενος.
2703 1582 3133 1651 Αὐτεξουσιὸτης
3166 1581 3273 1636 ἐστὶ
3330 1588 3455 1639 νοῦς
3508 1586 3645 1640 κατὰ
3697 1583 3807 1659 φῦ-

383 1679 486 1730 aut
513 1673 898 1746 intelligentia
927 1674 1107 1730 animi
1134 1680 1328 1730 motus
1351 1673 1443 1730 sui
1465 1673 1682 1730 arbiter
1702 1691 1768 1730 ac
1796 1679 1993 1745 potens

2193 1696 2218 1726 ν
2269 1673 2612 1744 κινούμενος,
2670 1670 2705 1738 ἢ
2763 1671 2927 1746 νοερά
2972 1677 3072 1740 τῆς
3121 1674 3310 1746 ψυχῆς
3357 1673 3572 1743 κίνησις
3630 1675 3803 1730 αὐτο-

2134 1764 2357 1836 κρατής.

2035 2023 2136 2078 ΧΙ.

1854 2155 2316 2213 FRAGMENTA.

1357 2274 1448 2334 Ex
1477 2271 1812 2334 Clementis
1832 2273 2240 2334 Alexandrini
2271 2272 2429 2334 libro
2465 2271 2550 2333 De
2579 2277 2806 2333 anima.

955 2418 1076 2488 (Ap.
1111 2415 1432 2483 Maximum,
1461 2431 1627 2472 scrm.
1657 2416 1750 2483 53,
1792 2416 1872 2472 De
1918 2415 2135 2487 anima,
2165 2434 2221 2488 ρ.
2255 2416 2376 2482 156,
2407 2420 2458 2472 et
2485 2415 2784 2472 Antonium
2815 2415 3094 2472 Metiscum
3126 2433 3138 2470 :
3177 2415 3193 2486 )

453 2553 742 2607 Omnibus
768 2551 972 2607 soluta;
1005 2567 1072 2606 ac
1103 2551 1460 2622 respirantes
1489 2548 1695 2605 animae
1729 2554 1907 2606 vitam
1930 2551 2028 2606 ha-

2212 2549 2424 2606 ΙΙάντων
2455 2548 2805 2602 ἀναπνὲουσαι
2867 2549 2920 2602 αἱ
2968 2547 3141 2623 ψυχαὶ
3172 2548 3235 2601 τὸ
3269 2550 3362 2620 ζῇν
3414 2543 3626 2620 ἔχουσι,
3684 2543 3777 2601 κᾶν

384 2642 545 2707 bent,
580 2645 637 2695 et
660 2639 797 2694 licet
827 2657 860 2695 a
889 2655 1130 2710 corpore
1177 2647 1454 2710 separatae
1501 2639 1802 2708 exsistant,
1852 2641 1992 2711 inqu

2170 2641 2456 2713 χωρισθῶσι
2509 2638 2604 2692 τοῦ
2641 2639 2895 2710 σώματος
2944 2637 3032 2692 καὶ
3075 2638 3166 2691 τὸν
3218 2636 3294 2698 εἷς
3338 2636 3469 2690 αὐτὸ
3528 2635 3780 2710 εὐρεθῶσι

389 2729 532 2784 illud
568 2724 862 2784 desiderio
891 2727 1175 2792 ferantur,
1207 2727 1268 2782 in
1299 2727 1400 2782 Dei
1429 2733 1622 2782 tamen
1658 2730 1853 2784 sinum
1898 2744 1999 2783 evo

2171 2727 2304 2782 πόθον
2336 2725 2584 2802 ἔχουσαι,
2616 2725 2693 2788 εἷς
2722 2727 2813 2781 τὸν
2845 2731 2941 2781 τοῦ
2972 2730 3106 2782 Θεοῦ
3130 2726 3342 2780 κόΛπον
3375 2727 3622 2802 φέρονται
3654 2724 3781 2778 ἀθά-

380 2817 507 2872 lant
533 2816 900 2872 immortales
924 2835 938 2883 ;
963 2817 1116 2871 haud
1141 2833 1310 2873 secus
1332 2833 1398 2871 ac
1420 2817 1666 2872 hiberna
1684 2824 1990 2889 tempestai

2174 2836 2310 2872 ιτοι·
2345 2817 2420 2879 ὡς
2468 2815 2522 2870 ἐν
2581 2821 2858 2890 χειμῶνος
2892 2815 3007 2891 ὥρᾳ
3062 2815 3114 2869 οἱ
3171 2814 3337 2888 ἀτμοὶ
3366 2821 3464 2883 τῆς
3496 2821 3624 2888 γῆς,
3687 2814 3782 2868 ὑπὸ

388 2906 600 2960 terreni
633 2919 875 2976 vapores
908 2905 1088 2959 radiis
1119 2905 1262 2960 solis
1289 2906 1541 2972 attracti,
1581 2922 1786 2960 versus
1833 2905 1998 2976 ipsun

2171 2909 2244 2957 ὧν
2291 2908 2388 2958 τοῦ
2425 2901 2594 2972 ἡλίου
2644 2904 2871 2958 ἀκτίνων
2917 2902 3302 2977 ἐφελκόμενοι,
3355 2902 3604 2981 φέρονται
3649 2903 3780 2978 πρὸς

393 2994 680 3050 feruntur.

2140 2992 2323 3050 αὐτόν.

672 3131 798 3186 Haec
826 3132 1103 3185 scntmitia
1131 3146 1345 3203 quoque
1369 3132 1568 3201 legitur
1596 3131 1714 3188 cod.
1748 3131 1874 3200 443,
1908 3135 2158 3198 Barocc.,
2189 3147 2282 3202 cap

1908 3135 2158 3198 Barocc.,
2189 3147 2308 3202 cap.
2343 3129 2473 3203 Περὶ
2503 3127 2792 3201 ἐπιμελίας
2823 3132 3032 3203 ψυχῆς,
3062 3129 3168 3201 fol.
3205 3132 3330 3196 181,
3359 3148 3415 3203 ρ.
3454 3131 3505 3200 1,

455 3245 826 3300 [mmortales
846 3249 990 3300 sunt
1011 3263 1216 3301 omnes
1239 3245 1465 3313 animae,
1490 3245 1662 3302 etiam
1684 3247 2023 3317 impiorum,
2057 3260 2065 3309 4

2207 3245 2494 3299 ’Λοάνατοι
2547 3249 2709 3299 πᾶσαι
2773 3246 2826 3298 αἱ
2873 3244 3069 3319 ψυχαὶ,
3123 3244 3212 3298 καὶ
3263 3249 3369 3298 τῶν
3415 3239 3648 3312 ἀσεϐῶν,
3705 3246 3784 3306 αἷς

384 3334 599 3404 quibus
632 3339 952 3406 prmstaret,
987 3335 1141 3389 haud
1175 3351 1303 3390 esse
1335 3335 1827 3407 incorruptibiles.
1883 3337 1994 3391 Dur

2172 3333 2362 3406 ὶμεινον
2416 3335 2483 3404 ἦν
2536 3335 2609 3405 μὴ
2671 3333 2975 3411 ἀφθάρτους
3034 3333 3187 3387 εἶναι.
3250 3333 3632 3405 Κολαζόμεναι
3688 3333 3782 3408 γὰρ

388 3423 543 3478 enim
599 3422 755 3495 ignis
815 3422 1314 3495 inexstinguibilis
1355 3428 1635 3495 perpetuo
1685 3429 1998 3496 torquentu

2165 3424 2250 3478 in?)
2279 3428 2374 3478 τοῦ
2433 3418 2694 3478 ἀσϐέστου
2743 3424 2913 3496 πυρὸς
2957 3421 3241 3499 ἀπεράντῳ
3269 3423 3510 3498 τιμωρίᾳ
3558 3424 3648 3477 καὶ
3707 3425 3775 3496 μὴ

390 3511 702 3584 supplicio,
736 3527 840 3567 nec
872 3528 1134 3583 unquam
1193 3513 1547 3582 moriuntur,
1596 3513 1825 3569 nullum
1877 3514 1994 3570 mal

2169 3515 2495 3582 ινήσκουσαι,
2543 3511 2630 3566 ἐπὶ
2682 3516 2834 3584 κακῷ
2879 3515 2958 3585 τῷ
2987 3513 3190 3567 ἑαυτῶν
3241 3510 3400 3575 τέλος
3453 3507 3636 3568 λαϐεῖν
3687 3512 3779 3567 οὐκ

391 3617 497 3657 suo
529 3601 706 3657 finem
740 3601 1000 3658 nancisci
1035 3607 1305 3673 possunt.

771 3601 1000 3658 .ancisci
1035 3607 1305 3673 possunt.
2141 3600 2381 3676 ἔχουσιν.

2022 3889 2148 3944 XII.

1009 4008 1456 4084 Fragmentum
1487 4023 1562 4066 ex
1594 4007 1927 4067 Clementis
1956 4006 2363 4068 Alexandrini
2395 4006 2554 4067 libro
2586 4009 2675 4067 De
2705 4009 3154 4069 obtrectatione.

592 4150 688 4221 Ap.
725 4152 925 4204 Aulon.
963 4146 1182 4216 Μελίη,
1219 4149 1315 4203 lib.
1351 4151 1418 4218 II,
1452 4163 1614 4205 serm.
1644 4149 1735 4217 69,
1759 4149 1838 4204 De
1869 4148 2357 4205 obtrectatoribus
2387 4153 2442 4204 ct
2472 4149 2848 4219 contumelia,
2881 4149 3054 4209 Gra’c.
3087 4167 3250 4208 scrm.
3281 4152 3373 4218 54,
3402 4169 3458 4225 p.
3483 4155 3573 4209 87.

448 4302 554 4356 Fac
586 4315 893 4371 nunquam
927 4299 1242 4355 reverearis
1273 4315 1430 4370 eum,
1464 4300 1567 4371 qui
1598 4301 1753 4372 apud
1779 4305 1831 4356 te
1853 4301 2022 4356 alteri
2053 4306 2058 4368 1

2204 4296 2485 4363 Μηδὲποτε
2561 4295 2817 4373 αἰδεσθῇς
2885 4300 2976 4355 τὸν
3040 4301 3177 4375 πρός
3234 4303 3291 4356 σὲ
3348 4300 3765 4372 καταλαλοῦντα,

371 4387 650 4455 detrahit,
686 4388 784 4443 sed
821 4388 1016 4460 potius
1049 4387 1218 4443 illum
1250 4389 1334 4443 sic
1369 4389 1850 4453 moneas,dicens
1877 4391 1981 4448 :De

2155 4386 2350 4442 ιᾶλλον
2416 4385 2472 4441 δὲ
2523 4384 2667 4463 λέγε⁸
2731 4393 2958 4461 Παῦσαι,
3009 4387 3226 4468 ἀδελφέ·
3289 4391 3398 4466 ἐγὼ
3429 4391 3765 4467 καθ’ἡμέραν

372 4480 520 4546 sine,
555 4478 771 4545 frater;
806 4493 912 4548 ego
944 4477 1208 4549 quotidie
1239 4478 1476 4548 gravius
1528 4477 1695 4533 labor
1723 4483 1778 4532 et
1829 4496 1982 4549 peccc

2157 4475 2502 4552 ίαλεπώτερα
2529 4477 2728 4550 marito,
2782 4480 2873 4532 καὶ
2921 4480 3038 4542 πῶς
3071 4479 3272 4534 ἐκεῖνον
3321 4485 3637 4553 κατακρῖναι
3687 4479 3767 4536 δύ-

375 4572 432 4623 et
463 4565 564 4638 qui
597 4583 839 4638 possum
871 4565 1038 4621 illum
1070 4567 1461 4623 condemnare
1491 4565 1514 4622 Ρ
1545 4567 1702 4624 Duos
1730 4567 1885 4624 enim
1933 4569 1985 4623 lu

2154 4587 2339 4638 ιαμαι;
2400 4565 2502 4620 Δύο
2549 4566 2650 4642 γὰρ
2701 4565 2997 4641 κερδανεῖς,
3051 4567 3101 4623 ἐν
3164 4573 3263 4642 μιᾷ
3311 4567 3645 4643 ἐμπλάστρῳ
3689 4569 3764 4626 καὶ

372 4655 653 4723 craberis,
688 4671 802 4711 uno
834 4655 1153 4728 emplastro
1178 4661 1235 4711 ct
1266 4660 1320 4712 te
1350 4656 1571 4728 ipsum,
1605 4661 1662 4713 et
1690 4657 1982 4729 proximur

1605 4661 1662 4713 et
1690 4657 2023 4729 proximum
2134 4655 2353 4709 σεαυτὸν
2383 4655 2472 4710 καὶ
2502 4657 2592 4711 τὸν
2626 4655 2860 4726 πλησίον
2896 4655 3205 4730 ἰασάμενος.

377 4759 620 4800 sanans.

443 4956 574 5010 Haec
605 4953 665 5008 in
699 4952 770 5029 iis
799 4950 1327 5029 Clementislibris,
1362 4969 1509 5029 quos
1542 4954 1891 5029 superstites
1923 4953 2233 5029 habemus,
2269 4957 2844 5029 nusquam‘reperire
2875 4961 2984 5020 est,
3017 4975 3082 5014 ac
3118 4958 3359 5029 proinde
3391 4975 3636 5029 pronum
3663 4961 3765 5018 col-

370 5023 572 5100 ligere,
608 5025 777 5100 quod
798 5024 1237 5100 sententiaista
1257 5023 1335 5100 sit
1354 5023 1756 5100 fragmentum
1788 5025 2071 5097 deperditi
2105 5027 2239 5082 libri
2276 5023 2786 5100 Περὶ-καταλαλιᾶς,
2819 5029 2889 5084 De
2918 5023 3355 5100 obtrectatione.
3391 5023 3572 5100 quem
3605 5034 3765 5088 Euse-

366 5096 502 5174 bius
525 5094 688 5174 inter
720 5095 1038 5174 Clementis
1063 5094 1434 5174 Alexandrini
1455 5094 1643 5174 opera
1672 5094 1958 5167 recenset,

2158 5099 2274 5154 iam
2319 5094 2390 5154 ab
2419 5100 2695 5174 _An_toni0
2727 5094 2785 5154 in
2818 5115 2996 5156 serm.
3024 5101 3178 5174 iﬂspi
3206 5094 3658 5157 καταλαλούντων
3687 5104 3761 5158 καὶ

367 5165 492 5240 περὶ
523 5164 731 5247 ῧῇρεῳς
763 5167 1066 5247 allegatur.
1101 5169 1378 5247 Caeterum
1414 5164 1887 5247 qui-“praescripta
1919 5164 1952 5223 a
1984 5164 2278 5247 Clemente
2317 5171 2492 5226 verba
2521 5171 2586 5247 in_
2613 5173 2770 5228 dicto
2801 5188 2940 5247 casu
2968 5164 3227 5247 adhibet,
3273 5179 3331 5230 et
3376 5175 3637 5247 seipsum
3683 5194 3762 5234 sa-

366 5255 509 5294 nare
539 5241 774 5306 dicitur,
806 5240 950 5295 dum
983 5243 1220 5310 peccata
1251 5255 1359 5294 sua
1387 5240 1722 5307 conﬁtetur,
1753 5247 1810 5296 et
1840 5242 2193 5312 proximum,
2227 5242 2370 5297 dum
2404 5258 2538 5298 eum
2575 5243 2720 5300 bene
2751 5244 3172 5315 reprehendit:

368 5439 633 5496 ostendit
662 5445 815 5514 quod
846 5461 978 5502 vere
1009 5445 1232 5502 malum
1263 5451 1370 5502 est.
1398 5445 1679 5510 Quocirca
1722 5447 1978 5519 sapiente

2151 5443 2364 5499 Ξεικνύει
2412 5447 2474 5498 τὸ
2519 5441 2686 5508 ὅντως
2729 5449 2917 5504 κακόν.
2965 5449 3124 5512 Ὅθεν
3174 5447 3263 5504 διὰ
3316 5454 3425 5504 τῶν
3480 5451 3761 5508 ὑποθέσεων

359 5520 667 5618 disposuit
696 5534 867 5601 Deus,
911 5540 978 5589 ut
1031 5534 1124 5590 his
1172 5534 1559 5609 argumentis,
1604 5551 1717 5607 quo
1765 5535 1969 5608 quisqt

2154 5533 2333 5589 ὀύτων
2361 5532 2744 5608 ἐμηχανήσατο
2791 5537 2820 5592 ὁ
2869 5537 2999 5601 Θεὸς
3042 5542 3348 5614 φανερῶσαι
3404 5540 3504 5609 τήν
3559 5539 3764 5600 inﬂatae

355 5613 574 5666 gnimo
606 5613 701 5682 sit,
736 5623 1118 5677 monstretur.

770 5623 1118 5677 monstretur.
2129 5619 2380 5686 διάθεσιν.
