  <div class='ocr_page' id='page_1' title='image "/cluster/home/n/w/nwhite01/storage/ocr_20150623/9/mdp.39015008686282/384.png"; bbox 0 0 4078 6146; ppageno 0'>
   <div class='ocr_carea' id='block_1_1' title="bbox 366 321 1976 389">
    <p class='ocr_par' dir='ltr' id='par_1_1' title="bbox 366 329 1976 384">
     <span class='ocr_line' id='line_1_1' title="bbox 366 329 1976 384; baseline -0.001 -2"><span class='ocrx_word' id='word_1_1' title='bbox 366 329 489 384; x_wconf 76' lang='grc'>’753</span> <span class='ocrx_word' id='word_1_2' title='bbox 1857 331 1976 382; x_wconf 71' lang='lat' dir='ltr'>FIU</span> 
     </span>
    </p>
   </div>
   <div class='ocr_carea' id='block_1_2' title="bbox 2184 321 3794 389">
    <p class='ocr_par' dir='ltr' id='par_1_2' title="bbox 2184 321 3794 389">
     <span class='ocr_line' id='line_1_2' title="bbox 2184 321 3794 389; baseline 0.002 -6"><span class='ocrx_word' id='word_1_3' title='bbox 2184 333 2326 384; x_wconf 65' lang='lat' dir='ltr'>\‘TA.</span> <span class='ocrx_word' id='word_1_4' title='bbox 3690 321 3794 389; x_wconf 70' lang='lat'>754</span> 
     </span>
    </p>
   </div>
   <div class='ocr_carea' id='block_1_3' title="bbox 442 465 2052 546">
    <p class='ocr_par' dir='ltr' id='par_1_3' title="bbox 442 465 2052 546">
     <span class='ocr_line' id='line_1_3' title="bbox 442 465 2052 546; baseline -0.002 -20"><span class='ocrx_word' id='word_1_5' title='bbox 442 470 524 526; x_wconf 69' lang='lat' dir='ltr'>Ex</span> <span class='ocrx_word' id='word_1_6' title='bbox 550 469 786 528; x_wconf 72' lang='lat' dir='ltr'>Maximi</span> <span class='ocrx_word' id='word_1_7' title='bbox 809 485 979 525; x_wconf 75' lang='lat' dir='ltr'>serm.</span> <span class='ocrx_word' id='word_1_8' title='bbox 1001 469 1094 537; x_wconf 84' lang='lat'>59,</span> <span class='ocrx_word' id='word_1_9' title='bbox 1125 465 1253 544; x_wconf 76' lang='grc' dir='ltr'>Περὶ</span> <span class='ocrx_word' id='word_1_10' title='bbox 1283 466 1502 542; x_wconf 77' lang='grc' dir='ltr'>λογικοῦ</span> <span class='ocrx_word' id='word_1_11' title='bbox 1530 466 1937 546; x_wconf 41' lang='grc' dir='ltr'>καὶῌλογι-σμοῦ</span> <span class='ocrx_word' id='word_1_12' title='bbox 1951 486 2052 546; x_wconf 63' lang='grc' dir='ltr'>ρης,</span> 
     </span>
    </p>
   </div>
   <div class='ocr_carea' id='block_1_4' title="bbox 2179 465 3789 546">
    <p class='ocr_par' dir='ltr' id='par_1_4' title="bbox 2181 471 3789 546">
     <span class='ocr_line' id='line_1_4' title="bbox 2181 471 3789 546; baseline 0.005 -22"><span class='ocrx_word' id='word_1_13' title='bbox 2181 471 2273 540; x_wconf 87' lang='lat'>69,</span> <span class='ocrx_word' id='word_1_14' title='bbox 2321 477 2374 527; x_wconf 81' lang='lat' dir='ltr'>et</span> <span class='ocrx_word' id='word_1_15' title='bbox 2426 474 2583 529; x_wconf 84' lang='lat' dir='ltr'>Joan.</span> <span class='ocrx_word' id='word_1_16' title='bbox 2643 475 2973 529; x_wconf 74' lang='lat' dir='ltr'>Damascem&#39;</span> <span class='ocrx_word' id='word_1_17' title='bbox 3026 475 3124 529; x_wconf 85' lang='lat' dir='ltr'>lib.</span> <span class='ocrx_word' id='word_1_18' title='bbox 3159 493 3200 530; x_wconf 93' lang='lat'>11</span> <span class='ocrx_word' id='word_1_19' title='bbox 3252 474 3568 542; x_wconf 88' lang='lat' dir='ltr'>Parallell.,</span> <span class='ocrx_word' id='word_1_20' title='bbox 3602 491 3650 531; x_wconf 80' lang='grc' dir='ltr'>θ.</span> <span class='ocrx_word' id='word_1_21' title='bbox 3697 477 3789 546; x_wconf 90' lang='grc'>78,</span> 
     </span>
    </p>
   </div>
   <div class='ocr_carea' id='block_1_5' title="bbox 617 541 3016 611">
    <p class='ocr_par' dir='ltr' id='par_1_5' title="bbox 617 541 3016 611">
     <span class='ocr_line' id='line_1_5' title="bbox 617 541 3016 611; baseline 0.003 -18"><span class='ocrx_word' id='word_1_22' title='bbox 617 562 626 571; x_wconf 92' lang='grc'><strong>·</strong></span> <span class='ocrx_word' id='word_1_23' title='bbox 1171 541 1272 598; x_wconf 65' lang='lat' dir='ltr'>nec</span> <span class='ocrx_word' id='word_1_24' title='bbox 1289 541 1397 597; x_wconf 80' lang='lat' dir='ltr'>non</span> <span class='ocrx_word' id='word_1_25' title='bbox 1426 541 1656 596; x_wconf 78' lang='lat' dir='ltr'>Antonii</span> <span class='ocrx_word' id='word_1_26' title='bbox 1685 541 1884 597; x_wconf 63' lang='lat' dir='ltr'>Melies.</span> <span class='ocrx_word' id='word_1_27' title='bbox 1919 541 2017 595; x_wconf 82' lang='lat' dir='ltr'>lib.</span> <span class='ocrx_word' id='word_1_28' title='bbox 2051 558 2091 610; x_wconf 97' lang='lat'>1,</span> <span class='ocrx_word' id='word_1_29' title='bbox 2123 558 2287 597; x_wconf 76' lang='lat' dir='ltr'>serm.</span> <span class='ocrx_word' id='word_1_30' title='bbox 2314 546 2407 610; x_wconf 84' lang='grc'>64,</span> <span class='ocrx_word' id='word_1_31' title='bbox 2441 553 2490 600; x_wconf 77' lang='grc' dir='ltr'>ει</span> <span class='ocrx_word' id='word_1_32' title='bbox 2512 546 2608 600; x_wconf 82' lang='lat' dir='ltr'>tib.</span> <span class='ocrx_word' id='word_1_33' title='bbox 2643 562 2706 611; x_wconf 86' lang='lat'>11,</span> <span class='ocrx_word' id='word_1_34' title='bbox 2727 562 2896 601; x_wconf 72' lang='lat' dir='ltr'>serm.</span> <span class='ocrx_word' id='word_1_35' title='bbox 2926 546 3016 600; x_wconf 89' lang='lat'>87.</span> 
     </span>
    </p>
   </div>
   <div class='ocr_carea' id='block_1_6' title="bbox 443 652 2053 734">
    <p class='ocr_par' dir='ltr' id='par_1_6' title="bbox 443 652 2031 732">
     <span class='ocr_line' id='line_1_6' title="bbox 443 652 2031 732; baseline -0.004 -17"><span class='ocrx_word' id='word_1_36' title='bbox 443 659 562 716; x_wconf 77' lang='grc' dir='ltr'>Οὐκ</span> <span class='ocrx_word' id='word_1_37' title='bbox 589 660 626 728; x_wconf 82' lang='grc' dir='ltr'>ἡ</span> <span class='ocrx_word' id='word_1_38' title='bbox 657 661 775 712; x_wconf 81' lang='grc' dir='ltr'>τῶν</span> <span class='ocrx_word' id='word_1_39' title='bbox 804 656 1050 732; x_wconf 83' lang='grc' dir='ltr'>πράξεων</span> <span class='ocrx_word' id='word_1_40' title='bbox 1085 656 1270 731; x_wconf 81' lang='grc' dir='ltr'>ἀποχὴ</span> <span class='ocrx_word' id='word_1_41' title='bbox 1311 653 1511 710; x_wconf 80' lang='grc' dir='ltr'>δικαιοῖ</span> <span class='ocrx_word' id='word_1_42' title='bbox 1533 656 1626 711; x_wconf 84' lang='grc' dir='ltr'>τὸν</span> <span class='ocrx_word' id='word_1_43' title='bbox 1655 657 1869 729; x_wconf 87' lang='grc' dir='ltr'>πιστὸν,</span> <span class='ocrx_word' id='word_1_44' title='bbox 1902 652 2031 711; x_wconf 85' lang='grc' dir='ltr'>ἀλλ’</span> 
     </span>
    </p>
   </div>
   <div class='ocr_carea' id='block_1_7' title="bbox 2176 652 3786 734">
    <p class='ocr_par' dir='ltr' id='par_1_7' title="bbox 2216 660 3786 734">
     <span class='ocr_line' id='line_1_7' title="bbox 2216 660 3786 734; baseline 0.003 -20"><span class='ocrx_word' id='word_1_45' title='bbox 2216 660 2343 716; x_wconf 85' lang='grc' dir='ltr'>Νοιι</span> <span class='ocrx_word' id='word_1_46' title='bbox 2376 661 2512 717; x_wconf 90' lang='lat' dir='ltr'>inde</span> <span class='ocrx_word' id='word_1_47' title='bbox 2542 661 2733 718; x_wconf 98' lang='lat' dir='ltr'>ﬁdelis</span> <span class='ocrx_word' id='word_1_48' title='bbox 2755 661 3142 732; x_wconf 83' lang='lat' dir='ltr'>justiﬁcatur,</span> <span class='ocrx_word' id='word_1_49' title='bbox 3167 664 3323 734; x_wconf 91' lang='lat' dir='ltr'>quod</span> <span class='ocrx_word' id='word_1_50' title='bbox 3356 680 3389 718; x_wconf 89' lang='lat' dir='ltr'>a</span> <span class='ocrx_word' id='word_1_51' title='bbox 3428 662 3786 721; x_wconf 80' lang='lat' dir='ltr'>facinoribus</span> 
     </span>
    </p>
   </div>
   <div class='ocr_carea' id='block_1_8' title="bbox 366 743 1976 826">
    <p class='ocr_par' dir='ltr' id='par_1_8' title="bbox 366 743 1512 822">
     <span class='ocr_line' id='line_1_8' title="bbox 366 743 1512 822; baseline -0.002 -20"><span class='ocrx_word' id='word_1_52' title='bbox 366 750 407 819; x_wconf 73' lang='grc' dir='ltr'>ἡ</span> <span class='ocrx_word' id='word_1_53' title='bbox 436 745 548 802; x_wconf 80' lang='grc' dir='ltr'>τῶν</span> <span class='ocrx_word' id='word_1_54' title='bbox 585 746 814 802; x_wconf 77' lang='grc' dir='ltr'>ἐννοιῶν</span> <span class='ocrx_word' id='word_1_55' title='bbox 846 745 1031 822; x_wconf 81' lang='grc' dir='ltr'>ἀγνεία</span> <span class='ocrx_word' id='word_1_56' title='bbox 1059 745 1146 800; x_wconf 81' lang='grc' dir='ltr'>καὶ</span> <span class='ocrx_word' id='word_1_57' title='bbox 1180 743 1250 800; x_wconf 77' lang='grc' dir='ltr'>εἲ)</span> <span class='ocrx_word' id='word_1_58' title='bbox 1271 744 1512 820; x_wconf 78' lang='grc' dir='ltr'>ικρίνεια.</span> 
     </span>
    </p>
   </div>
   <div class='ocr_carea' id='block_1_9' title="bbox 2173 743 3783 826">
    <p class='ocr_par' dir='ltr' id='par_1_9' title="bbox 2173 751 3783 826">
     <span class='ocr_line' id='line_1_9' title="bbox 2173 751 3783 826; baseline 0.002 -20"><span class='ocrx_word' id='word_1_59' title='bbox 2173 751 2447 822; x_wconf 88' lang='lat' dir='ltr'>bstineat,</span> <span class='ocrx_word' id='word_1_60' title='bbox 2472 753 2573 808; x_wconf 90' lang='lat' dir='ltr'>sed</span> <span class='ocrx_word' id='word_1_61' title='bbox 2604 770 2672 809; x_wconf 86' lang='lat' dir='ltr'>ex</span> <span class='ocrx_word' id='word_1_62' title='bbox 2685 753 3108 824; x_wconf 80' lang='lat' dir='ltr'>cogitationum</span> <span class='ocrx_word' id='word_1_63' title='bbox 3133 755 3398 810; x_wconf 80' lang='lat' dir='ltr'>castitate</span> <span class='ocrx_word' id='word_1_64' title='bbox 3419 758 3476 810; x_wconf 93' lang='lat' dir='ltr'>et</span> <span class='ocrx_word' id='word_1_65' title='bbox 3495 770 3642 826; x_wconf 89' lang='lat' dir='ltr'>pura</span> <span class='ocrx_word' id='word_1_66' title='bbox 3663 754 3783 810; x_wconf 90' lang='lat' dir='ltr'>sin-</span> 
     </span>
    </p>
   </div>
   <div class='ocr_carea' id='block_1_10' title="bbox 2135 840 2544 913">
    <p class='ocr_par' dir='ltr' id='par_1_10' title="bbox 2135 840 2544 913">
     <span class='ocr_line' id='line_1_10' title="bbox 2135 840 2544 913; baseline 0 -19"><span class='ocrx_word' id='word_1_67' title='bbox 2135 840 2377 896; x_wconf 88' lang='lat' dir='ltr'>ceritate</span> <span class='ocrx_word' id='word_1_68' title='bbox 2405 841 2544 913; x_wconf 89' lang='lat'>(93).</span> 
     </span>
    </p>
   </div>
   <div class='ocr_carea' id='block_1_11' title="bbox 2014 1088 2144 1144">
    <p class='ocr_par' dir='ltr' id='par_1_11' title="bbox 2014 1088 2144 1144">
     <span class='ocr_line' id='line_1_11' title="bbox 2014 1088 2144 1144; baseline 0 0"><span class='ocrx_word' id='word_1_69' title='bbox 2014 1088 2144 1144; x_wconf 88' lang='lat' dir='ltr'>XIII</span> 
     </span>
    </p>
   </div>
   <div class='ocr_carea' id='block_1_12' title="bbox 1229 1202 2910 1262">
    <p class='ocr_par' dir='ltr' id='par_1_12' title="bbox 1229 1202 2910 1262">
     <span class='ocr_line' id='line_1_12' title="bbox 1229 1202 2910 1262; baseline 0.002 -4"><span class='ocrx_word' id='word_1_70' title='bbox 1229 1202 1383 1258; x_wconf 69' lang='lat'>878</span> <span class='ocrx_word' id='word_1_71' title='bbox 1427 1202 1882 1260; x_wconf 80' lang='lat' dir='ltr'>FRAGMENTA</span> <span class='ocrx_word' id='word_1_72' title='bbox 1940 1204 2104 1260; x_wconf 83' lang='lat' dir='ltr'>ALIA</span> <span class='ocrx_word' id='word_1_73' title='bbox 2125 1202 2215 1259; x_wconf 86' lang='lat' dir='ltr'>EX</span> <span class='ocrx_word' id='word_1_74' title='bbox 2238 1204 2558 1262; x_wconf 81' lang='lat' dir='ltr'>ANTONIO</span> <span class='ocrx_word' id='word_1_75' title='bbox 2579 1205 2910 1262; x_wconf 82' lang='lat' dir='ltr'>MELISSA.</span> 
     </span>
    </p>
   </div>
   <div class='ocr_carea' id='block_1_13' title="bbox 959 1319 3176 1396">
    <p class='ocr_par' dir='ltr' id='par_1_13' title="bbox 959 1319 3176 1396">
     <span class='ocr_line' id='line_1_13' title="bbox 959 1319 3176 1396; baseline 0.002 -22"><span class='ocrx_word' id='word_1_76' title='bbox 959 1319 1075 1374; x_wconf 87' lang='lat' dir='ltr'>Lib.</span> <span class='ocrx_word' id='word_1_77' title='bbox 1110 1336 1128 1374; x_wconf 87' lang='lat'>1</span> <span class='ocrx_word' id='word_1_78' title='bbox 1158 1336 1302 1374; x_wconf 76' lang='lat' dir='ltr'>serm</span> <span class='ocrx_word' id='word_1_79' title='bbox 1335 1320 1420 1387; x_wconf 90' lang='grc'>17,</span> <span class='ocrx_word' id='word_1_80' title='bbox 1450 1321 1528 1376; x_wconf 77' lang='lat' dir='ltr'>De</span> <span class='ocrx_word' id='word_1_81' title='bbox 1553 1320 1894 1392; x_wconf 82' lang='lat' dir='ltr'>pamitentia</span> <span class='ocrx_word' id='word_1_82' title='bbox 1919 1331 1970 1377; x_wconf 81' lang='lat' dir='ltr'>et</span> <span class='ocrx_word' id='word_1_83' title='bbox 2001 1323 2365 1393; x_wconf 75' lang='lat' dir='ltr'>confessione,</span> <span class='ocrx_word' id='word_1_84' title='bbox 2402 1321 2578 1379; x_wconf 65' lang='lat' dir='ltr'>Graec.</span> <span class='ocrx_word' id='word_1_85' title='bbox 2611 1339 2775 1379; x_wconf 75' lang='lat' dir='ltr'>serm.</span> <span class='ocrx_word' id='word_1_86' title='bbox 2809 1323 2935 1390; x_wconf 67' lang='lat'>479,</span> <span class='ocrx_word' id='word_1_87' title='bbox 2963 1341 3019 1396; x_wconf 88' lang='lat' dir='ltr'>p.</span> <span class='ocrx_word' id='word_1_88' title='bbox 3053 1325 3176 1380; x_wconf 88' lang='lat'>300.</span> 
     </span>
    </p>
   </div>
   <div class='ocr_carea' id='block_1_14' title="bbox 435 1431 2045 1511">
    <p class='ocr_par' dir='ltr' id='par_1_14' title="bbox 435 1431 2017 1509">
     <span class='ocr_line' id='line_1_14' title="bbox 435 1431 2017 1509; baseline -0.001 -19"><span class='ocrx_word' id='word_1_89' title='bbox 435 1431 709 1490; x_wconf 83' lang='grc' dir='ltr'>Μετάνοια</span> <span class='ocrx_word' id='word_1_90' title='bbox 737 1432 865 1488; x_wconf 91' lang='grc' dir='ltr'>τότε</span> <span class='ocrx_word' id='word_1_91' title='bbox 917 1435 1319 1508; x_wconf 78' lang='grc' dir='ltr'>ἁμαρτήματος</span> <span class='ocrx_word' id='word_1_92' title='bbox 1369 1434 1569 1496; x_wconf 86' lang='grc' dir='ltr'>παντὸς</span> <span class='ocrx_word' id='word_1_93' title='bbox 1617 1435 1816 1509; x_wconf 78' lang='grc' dir='ltr'>γίνεται</span> <span class='ocrx_word' id='word_1_94' title='bbox 1875 1435 2017 1489; x_wconf 89' lang='grc' dir='ltr'>ἀπα-</span> 
     </span>
    </p>
   </div>
   <div class='ocr_carea' id='block_1_15' title="bbox 2159 1431 3769 1511">
    <p class='ocr_par' dir='ltr' id='par_1_15' title="bbox 2193 1439 3769 1511">
     <span class='ocr_line' id='line_1_15' title="bbox 2193 1439 3769 1511; baseline 0.003 -18"><span class='ocrx_word' id='word_1_95' title='bbox 2193 1439 2544 1494; x_wconf 83' lang='lat' dir='ltr'>Pocnitentia</span> <span class='ocrx_word' id='word_1_96' title='bbox 2572 1445 2714 1495; x_wconf 89' lang='lat' dir='ltr'>tunc</span> <span class='ocrx_word' id='word_1_97' title='bbox 2745 1456 2919 1496; x_wconf 89' lang='lat' dir='ltr'>omne</span> <span class='ocrx_word' id='word_1_98' title='bbox 2941 1446 3242 1511; x_wconf 87' lang='lat' dir='ltr'>peccatum</span> <span class='ocrx_word' id='word_1_99' title='bbox 3267 1439 3479 1506; x_wconf 81' lang='lat' dir='ltr'>abolet,</span> <span class='ocrx_word' id='word_1_100' title='bbox 3503 1456 3634 1495; x_wconf 90' lang='lat' dir='ltr'>cum</span> <span class='ocrx_word' id='word_1_101' title='bbox 3658 1441 3769 1497; x_wconf 88' lang='lat' dir='ltr'>ali-</span> 
     </span>
    </p>
   </div>
   <div class='ocr_carea' id='block_1_16' title="bbox 355 1519 1965 1601">
    <p class='ocr_par' dir='ltr' id='par_1_16' title="bbox 355 1519 1965 1601">
     <span class='ocr_line' id='line_1_16' title="bbox 355 1519 1965 1601; baseline 0.002 -25"><span class='ocrx_word' id='word_1_102' title='bbox 355 1519 618 1591; x_wconf 82' lang='grc' dir='ltr'>λειπτικὴ</span> <span class='ocrx_word' id='word_1_103' title='bbox 647 1566 661 1588; x_wconf 88' lang='grc'>,</span> <span class='ocrx_word' id='word_1_104' title='bbox 718 1520 845 1576; x_wconf 84' lang='grc' dir='ltr'>ὅταν</span> <span class='ocrx_word' id='word_1_105' title='bbox 887 1520 974 1576; x_wconf 81' lang='grc' dir='ltr'>ἐπὶ</span> <span class='ocrx_word' id='word_1_106' title='bbox 1025 1527 1106 1594; x_wconf 79' lang='grc' dir='ltr'>τῷ</span> <span class='ocrx_word' id='word_1_107' title='bbox 1162 1526 1438 1596; x_wconf 84' lang='grc' dir='ltr'>γινομένῳ</span> <span class='ocrx_word' id='word_1_108' title='bbox 1485 1527 1672 1599; x_wconf 83' lang='grc' dir='ltr'>ψυχῆς</span> <span class='ocrx_word' id='word_1_109' title='bbox 1733 1523 1965 1601; x_wconf 79' lang='grc' dir='ltr'>σφάλμα·</span> 
     </span>
    </p>
   </div>
   <div class='ocr_carea' id='block_1_17' title="bbox 2154 1519 3764 1601">
    <p class='ocr_par' dir='ltr' id='par_1_17' title="bbox 2154 1528 3764 1596">
     <span class='ocr_line' id='line_1_17' title="bbox 2154 1528 3764 1596; baseline 0.002 -14"><span class='ocrx_word' id='word_1_110' title='bbox 2154 1544 2242 1596; x_wconf 78' lang='lat' dir='ltr'>[uo</span> <span class='ocrx_word' id='word_1_111' title='bbox 2275 1528 2334 1582; x_wconf 93' lang='lat' dir='ltr'>in</span> <span class='ocrx_word' id='word_1_112' title='bbox 2367 1528 2566 1583; x_wconf 88' lang='lat' dir='ltr'>anima</span> <span class='ocrx_word' id='word_1_113' title='bbox 2595 1545 2790 1583; x_wconf 89' lang='lat' dir='ltr'>errore</span> <span class='ocrx_word' id='word_1_114' title='bbox 2821 1532 3047 1594; x_wconf 91' lang='lat' dir='ltr'>oborto,</span> <span class='ocrx_word' id='word_1_115' title='bbox 3080 1546 3304 1584; x_wconf 88' lang='lat' dir='ltr'>moram</span> <span class='ocrx_word' id='word_1_116' title='bbox 3341 1546 3458 1585; x_wconf 87' lang='lat' dir='ltr'>non</span> <span class='ocrx_word' id='word_1_117' title='bbox 3487 1530 3764 1591; x_wconf 80' lang='lat' dir='ltr'>admittit.</span> 
     </span>
    </p>
   </div>
   <div class='ocr_carea' id='block_1_18' title="bbox 357 1606 1967 1688">
    <p class='ocr_par' dir='ltr' id='par_1_18' title="bbox 357 1606 1967 1688">
     <span class='ocr_line' id='line_1_18' title="bbox 357 1606 1967 1688; baseline 0.002 -22"><span class='ocrx_word' id='word_1_118' title='bbox 357 1606 637 1680; x_wconf 76' lang='grc' dir='ltr'>ἀναϐολὴν</span> <span class='ocrx_word' id='word_1_119' title='bbox 693 1611 770 1683; x_wconf 78' lang='grc' dir='ltr'>μὴ</span> <span class='ocrx_word' id='word_1_120' title='bbox 803 1609 1038 1682; x_wconf 64' lang='grc' dir='ltr'>δέξηται,</span> <span class='ocrx_word' id='word_1_121' title='bbox 1101 1609 1244 1683; x_wconf 80' lang='grc' dir='ltr'>μηδὲ</span> <span class='ocrx_word' id='word_1_122' title='bbox 1271 1614 1610 1688; x_wconf 75' lang='grc' dir='ltr'>παραπὲμῴῃ</span> <span class='ocrx_word' id='word_1_123' title='bbox 1638 1614 1703 1669; x_wconf 89' lang='grc' dir='ltr'>τὸ</span> <span class='ocrx_word' id='word_1_124' title='bbox 1732 1613 1903 1679; x_wconf 82' lang='grc' dir='ltr'>πάθος</span> <span class='ocrx_word' id='word_1_125' title='bbox 1933 1615 1967 1669; x_wconf 76' lang='grc' dir='ltr'>εἶ</span> 
     </span>
    </p>
   </div>
   <div class='ocr_carea' id='block_1_19' title="bbox 2152 1606 3762 1688">
    <p class='ocr_par' dir='ltr' id='par_1_19' title="bbox 2152 1617 3762 1688">
     <span class='ocr_line' id='line_1_19' title="bbox 2152 1617 3762 1688; baseline 0.004 -20"><span class='ocrx_word' id='word_1_126' title='bbox 2152 1633 2312 1688; x_wconf 75' lang='grc' dir='ltr'>ιοῳιο</span> <span class='ocrx_word' id='word_1_127' title='bbox 2334 1618 2405 1671; x_wconf 90' lang='lat' dir='ltr'>ad</span> <span class='ocrx_word' id='word_1_128' title='bbox 2427 1617 2613 1672; x_wconf 91' lang='lat' dir='ltr'>ullum</span> <span class='ocrx_word' id='word_1_129' title='bbox 2631 1618 2913 1687; x_wconf 87' lang='lat' dir='ltr'>temporis</span> <span class='ocrx_word' id='word_1_130' title='bbox 2927 1619 3184 1688; x_wconf 87' lang='lat' dir='ltr'>spatium</span> <span class='ocrx_word' id='word_1_131' title='bbox 3201 1618 3564 1674; x_wconf 74' lang='lat' dir='ltr'>affectionem</span> <span class='ocrx_word' id='word_1_132' title='bbox 3577 1624 3762 1675; x_wconf 89' lang='lat' dir='ltr'>trans-</span> 
     </span>
    </p>
   </div>
   <div class='ocr_carea' id='block_1_20' title="bbox 361 1697 1971 1778">
    <p class='ocr_par' dir='ltr' id='par_1_20' title="bbox 361 1697 1971 1778">
     <span class='ocr_line' id='line_1_20' title="bbox 361 1697 1971 1778; baseline 0.002 -24"><span class='ocrx_word' id='word_1_133' title='bbox 361 1702 618 1775; x_wconf 79' lang='grc' dir='ltr'>χρονικὸν</span> <span class='ocrx_word' id='word_1_134' title='bbox 677 1697 970 1772; x_wconf 86' lang='grc' dir='ltr'>διάστημα.</span> <span class='ocrx_word' id='word_1_135' title='bbox 1021 1700 1182 1758; x_wconf 79' lang='grc' dir='ltr'>Οὕτω</span> <span class='ocrx_word' id='word_1_136' title='bbox 1231 1703 1335 1776; x_wconf 87' lang='grc' dir='ltr'>γάρ</span> <span class='ocrx_word' id='word_1_137' title='bbox 1379 1702 1490 1777; x_wconf 83' lang='grc' dir='ltr'>οὐχ</span> <span class='ocrx_word' id='word_1_138' title='bbox 1533 1701 1638 1773; x_wconf 58' lang='grc' dir='ltr'>ἕξει</span> <span class='ocrx_word' id='word_1_139' title='bbox 1684 1702 1971 1778; x_wconf 76' lang='grc' dir='ltr'>καταλεῖψι</span> 
     </span>
    </p>
   </div>
   <div class='ocr_carea' id='block_1_21' title="bbox 2155 1697 3765 1778">
    <p class='ocr_par' dir='ltr' id='par_1_21' title="bbox 2155 1705 3765 1777">
     <span class='ocr_line' id='line_1_21' title="bbox 2155 1705 3765 1777; baseline 0.002 -18"><span class='ocrx_word' id='word_1_140' title='bbox 2155 1705 2323 1760; x_wconf 78' lang='lat' dir='ltr'>nittit.</span> <span class='ocrx_word' id='word_1_141' title='bbox 2353 1705 2450 1760; x_wconf 87' lang='lat' dir='ltr'>Sic</span> <span class='ocrx_word' id='word_1_142' title='bbox 2479 1706 2638 1760; x_wconf 91' lang='lat' dir='ltr'>enim</span> <span class='ocrx_word' id='word_1_143' title='bbox 2670 1706 2900 1761; x_wconf 90' lang='lat' dir='ltr'>nullum</span> <span class='ocrx_word' id='word_1_144' title='bbox 2933 1707 3158 1762; x_wconf 88' lang='lat' dir='ltr'>malitia</span> <span class='ocrx_word' id='word_1_145' title='bbox 3188 1707 3569 1777; x_wconf 85' lang='lat' dir='ltr'>vestigiumiu</span> <span class='ocrx_word' id='word_1_146' title='bbox 3596 1708 3765 1763; x_wconf 89' lang='lat' dir='ltr'>nobis</span> 
     </span>
    </p>
   </div>
   <div class='ocr_carea' id='block_1_22' title="bbox 355 1787 1965 1866">
    <p class='ocr_par' dir='ltr' id='par_1_22' title="bbox 355 1787 1965 1864">
     <span class='ocr_line' id='line_1_22' title="bbox 355 1787 1965 1864; baseline 0.002 -20"><span class='ocrx_word' id='word_1_147' title='bbox 355 1788 520 1864; x_wconf 71' lang='grc' dir='ltr'>ἵχνος</span> <span class='ocrx_word' id='word_1_148' title='bbox 550 1787 602 1843; x_wconf 88' lang='grc' dir='ltr'>ἐν</span> <span class='ocrx_word' id='word_1_149' title='bbox 633 1791 767 1862; x_wconf 82' lang='grc' dir='ltr'>ἡμῖν</span> <span class='ocrx_word' id='word_1_150' title='bbox 816 1790 877 1843; x_wconf 88' lang='grc' dir='ltr'>τὸ</span> <span class='ocrx_word' id='word_1_151' title='bbox 919 1790 1105 1859; x_wconf 87' lang='grc' dir='ltr'>κακὸν,</span> <span class='ocrx_word' id='word_1_152' title='bbox 1151 1792 1243 1844; x_wconf 80' lang='grc' dir='ltr'>ἅτε</span> <span class='ocrx_word' id='word_1_153' title='bbox 1273 1791 1386 1863; x_wconf 78' lang='grc' dir='ltr'>ἅμα</span> <span class='ocrx_word' id='word_1_154' title='bbox 1430 1795 1510 1863; x_wconf 85' lang='grc' dir='ltr'>τῷ</span> <span class='ocrx_word' id='word_1_155' title='bbox 1556 1787 1809 1861; x_wconf 79' lang='grc' dir='ltr'>ἐπιϐῆναι</span> <span class='ocrx_word' id='word_1_156' title='bbox 1841 1793 1965 1848; x_wconf 86' lang='grc' dir='ltr'>ἀπο‹</span> 
     </span>
    </p>
   </div>
   <div class='ocr_carea' id='block_1_23' title="bbox 2155 1787 3765 1866">
    <p class='ocr_par' dir='ltr' id='par_1_23' title="bbox 2155 1794 3765 1866">
     <span class='ocr_line' id='line_1_23' title="bbox 2155 1794 3765 1866; baseline 0 -16"><span class='ocrx_word' id='word_1_157' title='bbox 2155 1794 2306 1864; x_wconf 89' lang='lat' dir='ltr'>elinq</span> <span class='ocrx_word' id='word_1_158' title='bbox 2319 1810 2454 1849; x_wconf 90' lang='lat' dir='ltr'>uere</span> <span class='ocrx_word' id='word_1_159' title='bbox 2485 1799 2699 1864; x_wconf 87' lang='lat' dir='ltr'>potest,</span> <span class='ocrx_word' id='word_1_160' title='bbox 2719 1811 2854 1851; x_wconf 90' lang='lat' dir='ltr'>cum</span> <span class='ocrx_word' id='word_1_161' title='bbox 2871 1796 2930 1849; x_wconf 91' lang='lat' dir='ltr'>in</span> <span class='ocrx_word' id='word_1_162' title='bbox 2947 1796 3134 1864; x_wconf 90' lang='lat' dir='ltr'>primo</span> <span class='ocrx_word' id='word_1_163' title='bbox 3160 1799 3428 1866; x_wconf 83' lang='lat' dir='ltr'>ingressu</span> <span class='ocrx_word' id='word_1_164' title='bbox 3452 1795 3765 1852; x_wconf 79' lang='lat' dir='ltr'>revellatur</span> 
     </span>
    </p>
   </div>
   <div class='ocr_carea' id='block_1_24' title="bbox 361 1875 1971 1956">
    <p class='ocr_par' dir='ltr' id='par_1_24' title="bbox 361 1875 1536 1956">
     <span class='ocr_line' id='line_1_24' title="bbox 361 1875 1536 1956; baseline 0.003 -24"><span class='ocrx_word' id='word_1_165' title='bbox 361 1879 560 1933; x_wconf 78' lang='grc' dir='ltr'>πασθὲν</span> <span class='ocrx_word' id='word_1_166' title='bbox 590 1875 742 1946; x_wconf 80' lang='grc' dir='ltr'>δίκην</span> <span class='ocrx_word' id='word_1_167' title='bbox 778 1881 952 1956; x_wconf 77' lang='grc' dir='ltr'>φητοῦ</span> <span class='ocrx_word' id='word_1_168' title='bbox 981 1881 1093 1948; x_wconf 86' lang='grc'>(94)</span> <span class='ocrx_word' id='word_1_169' title='bbox 1127 1879 1536 1953; x_wconf 87' lang='grc' dir='ltr'>ἀρτισυστάτου.</span> 
     </span>
    </p>
   </div>
   <div class='ocr_carea' id='block_1_25' title="bbox 1786 1875 3396 1956">
    <p class='ocr_par' dir='ltr' id='par_1_25' title="bbox 2120 1883 3396 1956">
     <span class='ocr_line' id='line_1_25' title="bbox 2120 1883 3396 1956; baseline 0.002 -19"><span class='ocrx_word' id='word_1_170' title='bbox 2120 1883 2305 1938; x_wconf 85' lang='lat' dir='ltr'>instar</span> <span class='ocrx_word' id='word_1_171' title='bbox 2337 1883 2569 1952; x_wconf 74' lang='lat' dir='ltr'>plantae,</span> <span class='ocrx_word' id='word_1_172' title='bbox 2604 1891 2918 1955; x_wconf 86' lang='lat' dir='ltr'>antequam</span> <span class='ocrx_word' id='word_1_173' title='bbox 2954 1885 3209 1939; x_wconf 78' lang='lat' dir='ltr'>radicem</span> <span class='ocrx_word' id='word_1_174' title='bbox 3242 1890 3396 1956; x_wconf 84' lang='lat' dir='ltr'>agat.</span> 
     </span>
    </p>
   </div>
   <div class='ocr_carea' id='block_1_26' title="bbox 425 1965 2035 2045">
    <p class='ocr_par' dir='ltr' id='par_1_26' title="bbox 425 1965 2008 2045">
     <span class='ocr_line' id='line_1_26' title="bbox 425 1965 2008 2045; baseline 0.001 -23"><span class='ocrx_word' id='word_1_175' title='bbox 425 1970 624 2042; x_wconf 84' lang='grc' dir='ltr'>’Ὠσπερ</span> <span class='ocrx_word' id='word_1_176' title='bbox 678 1967 733 2020; x_wconf 78' lang='grc' dir='ltr'>οἱ</span> <span class='ocrx_word' id='word_1_177' title='bbox 785 1965 1075 2041; x_wconf 58' lang='grc' dir='ltr'>λεγόμενοι</span> <span class='ocrx_word' id='word_1_178' title='bbox 1133 1973 1382 2044; x_wconf 88' lang='grc' dir='ltr'>καρκῖνοι</span> <span class='ocrx_word' id='word_1_179' title='bbox 1447 1969 1850 2045; x_wconf 77' lang='grc' dir='ltr'>εὐεπιχείρητοι</span> <span class='ocrx_word' id='word_1_180' title='bbox 1881 1993 2008 2045; x_wconf 85' lang='grc' dir='ltr'>τυγ-</span> 
     </span>
    </p>
   </div>
   <div class='ocr_carea' id='block_1_27' title="bbox 2151 1965 3761 2045">
    <p class='ocr_par' dir='ltr' id='par_1_27' title="bbox 2188 1973 3761 2045">
     <span class='ocr_line' id='line_1_27' title="bbox 2188 1973 3761 2045; baseline 0.001 -17"><span class='ocrx_word' id='word_1_181' title='bbox 2188 1973 2690 2037; x_wconf 85' lang='lat' dir='ltr'>Quemadmodum</span> <span class='ocrx_word' id='word_1_182' title='bbox 2722 1974 2918 2028; x_wconf 84' lang='lat' dir='ltr'>cancri</span> <span class='ocrx_word' id='word_1_183' title='bbox 2950 1973 3118 2028; x_wconf 87' lang='lat' dir='ltr'>facile</span> <span class='ocrx_word' id='word_1_184' title='bbox 3148 1973 3484 2045; x_wconf 87' lang='lat' dir='ltr'>capiuntur,</span> <span class='ocrx_word' id='word_1_185' title='bbox 3510 1974 3608 2030; x_wconf 82' lang='lat' dir='ltr'>ubi</span> <span class='ocrx_word' id='word_1_186' title='bbox 3639 1990 3761 2030; x_wconf 88' lang='lat' dir='ltr'>mo-</span> 
     </span>
    </p>
   </div>
   <div class='ocr_carea' id='block_1_28' title="bbox 343 2054 1953 2145">
    <p class='ocr_par' dir='ltr' id='par_1_28' title="bbox 343 2054 1953 2144">
     <span class='ocr_line' id='line_1_28' title="bbox 343 2054 1953 2144; baseline 0.003 -34"><span class='ocrx_word' id='word_1_187' title='bbox 343 2057 607 2130; x_wconf 79' lang='grc' dir='ltr'>χάνουσιν</span> <span class='ocrx_word' id='word_1_188' title='bbox 667 2054 757 2144; x_wconf 63' lang='grc' dir='ltr'>διὰ</span> <span class='ocrx_word' id='word_1_189' title='bbox 803 2057 865 2111; x_wconf 88' lang='grc' dir='ltr'>τὸ</span> <span class='ocrx_word' id='word_1_190' title='bbox 908 2058 1043 2112; x_wconf 71' lang='grc' dir='ltr'>ποτὲ</span> <span class='ocrx_word' id='word_1_191' title='bbox 1097 2058 1192 2130; x_wconf 73' lang='grc' dir='ltr'>μὲν</span> <span class='ocrx_word' id='word_1_192' title='bbox 1243 2057 1431 2133; x_wconf 82' lang='grc' dir='ltr'>πρόσω</span> <span class='ocrx_word' id='word_1_193' title='bbox 1480 2059 1712 2134; x_wconf 78' lang='grc' dir='ltr'>βαίνειν,</span> <span class='ocrx_word' id='word_1_194' title='bbox 1764 2061 1898 2115; x_wconf 73' lang='grc' dir='ltr'>ποτὶ</span> <span class='ocrx_word' id='word_1_195' title='bbox 1952 2095 1953 2102; x_wconf 61' lang='grc' dir='ltr'>ι</span> 
     </span>
    </p>
   </div>
   <div class='ocr_carea' id='block_1_29' title="bbox 2147 2054 3757 2145">
    <p class='ocr_par' dir='ltr' id='par_1_29' title="bbox 2147 2061 3757 2128">
     <span class='ocr_line' id='line_1_29' title="bbox 2147 2061 3757 2128; baseline 0.001 -12"><span class='ocrx_word' id='word_1_196' title='bbox 2147 2063 2191 2117; x_wconf 93' lang='lat' dir='ltr'>lo</span> <span class='ocrx_word' id='word_1_197' title='bbox 2222 2064 2581 2128; x_wconf 87' lang='lat' dir='ltr'>antrorsum,</span> <span class='ocrx_word' id='word_1_198' title='bbox 2616 2061 2784 2117; x_wconf 90' lang='lat' dir='ltr'>modo</span> <span class='ocrx_word' id='word_1_199' title='bbox 2807 2066 3127 2116; x_wconf 86' lang='lat' dir='ltr'>retrorsum</span> <span class='ocrx_word' id='word_1_200' title='bbox 3149 2061 3452 2117; x_wconf 89' lang='lat' dir='ltr'>incedunt:</span> <span class='ocrx_word' id='word_1_201' title='bbox 3473 2061 3557 2117; x_wconf 92' lang='lat' dir='ltr'>sic</span> <span class='ocrx_word' id='word_1_202' title='bbox 3581 2062 3757 2118; x_wconf 89' lang='lat' dir='ltr'>etiam</span> 
     </span>
    </p>
   </div>
   <div class='ocr_carea' id='block_1_30' title="bbox 337 2143 1947 2223">
    <p class='ocr_par' dir='ltr' id='par_1_30' title="bbox 337 2143 1919 2223">
     <span class='ocr_line' id='line_1_30' title="bbox 337 2143 1919 2223; baseline 0.002 -21"><span class='ocrx_word' id='word_1_203' title='bbox 337 2143 585 2210; x_wconf 77' lang='grc' dir='ltr'>ὄπισθεν’</span> <span class='ocrx_word' id='word_1_204' title='bbox 642 2143 817 2206; x_wconf 76' lang='grc' dir='ltr'>οὕτως</span> <span class='ocrx_word' id='word_1_205' title='bbox 868 2145 960 2200; x_wconf 75' lang='grc' dir='ltr'>καὶ</span> <span class='ocrx_word' id='word_1_206' title='bbox 1010 2148 1190 2222; x_wconf 78' lang='grc' dir='ltr'>ψυχὴ,</span> <span class='ocrx_word' id='word_1_207' title='bbox 1221 2147 1354 2202; x_wconf 74' lang='grc' dir='ltr'>ποτὲ</span> <span class='ocrx_word' id='word_1_208' title='bbox 1389 2147 1483 2220; x_wconf 75' lang='grc' dir='ltr'>μὲν</span> <span class='ocrx_word' id='word_1_209' title='bbox 1517 2146 1754 2223; x_wconf 75' lang='grc' dir='ltr'>γελῶσα,</span> <span class='ocrx_word' id='word_1_210' title='bbox 1787 2149 1919 2205; x_wconf 80' lang='grc' dir='ltr'>ποτὶ</span> 
     </span>
    </p>
   </div>
   <div class='ocr_carea' id='block_1_31' title="bbox 2143 2143 3753 2223">
    <p class='ocr_par' dir='ltr' id='par_1_31' title="bbox 2143 2149 3753 2220">
     <span class='ocr_line' id='line_1_31' title="bbox 2143 2149 3753 2220; baseline 0.001 -14"><span class='ocrx_word' id='word_1_211' title='bbox 2143 2150 2337 2219; x_wconf 79' lang='lat' dir='ltr'>mima,</span> <span class='ocrx_word' id='word_1_212' title='bbox 2367 2165 2523 2205; x_wconf 90' lang='lat' dir='ltr'>nunc</span> <span class='ocrx_word' id='word_1_213' title='bbox 2554 2149 2696 2204; x_wconf 89' lang='lat' dir='ltr'>risui</span> <span class='ocrx_word' id='word_1_214' title='bbox 2727 2154 2784 2205; x_wconf 92' lang='lat' dir='ltr'>et</span> <span class='ocrx_word' id='word_1_215' title='bbox 2813 2149 3062 2215; x_wconf 88' lang='lat' dir='ltr'>deliciis,</span> <span class='ocrx_word' id='word_1_216' title='bbox 3108 2166 3241 2205; x_wconf 85' lang='lat' dir='ltr'>mox</span> <span class='ocrx_word' id='word_1_217' title='bbox 3290 2149 3476 2206; x_wconf 87' lang='lat' dir='ltr'>luctui</span> <span class='ocrx_word' id='word_1_218' title='bbox 3538 2151 3753 2220; x_wconf 86' lang='lat' dir='ltr'>dedita,</span> 
     </span>
    </p>
   </div>
   <div class='ocr_carea' id='block_1_32' title="bbox 337 2233 1947 2316">
    <p class='ocr_par' dir='ltr' id='par_1_32' title="bbox 337 2233 1947 2316">
     <span class='ocr_line' id='line_1_32' title="bbox 337 2233 1947 2316; baseline 0.001 -25"><span class='ocrx_word' id='word_1_219' title='bbox 337 2237 614 2291; x_wconf 73' lang='grc' dir='ltr'>πενθοῦσα</span> <span class='ocrx_word' id='word_1_220' title='bbox 661 2236 798 2291; x_wconf 81' lang='grc' dir='ltr'>ποτὲ</span> <span class='ocrx_word' id='word_1_221' title='bbox 856 2233 914 2291; x_wconf 63' lang='grc' dir='ltr'>δὲ</span> <span class='ocrx_word' id='word_1_222' title='bbox 969 2241 1249 2314; x_wconf 78' lang='grc' dir='ltr'>τρυφῶσα,</span> <span class='ocrx_word' id='word_1_223' title='bbox 1305 2234 1462 2292; x_wconf 72' lang='grc' dir='ltr'>οὐδὲν</span> <span class='ocrx_word' id='word_1_224' title='bbox 1510 2234 1793 2316; x_wconf 75' lang='grc' dir='ltr'>ὠφελῆσαι</span> <span class='ocrx_word' id='word_1_225' title='bbox 1844 2237 1947 2294; x_wconf 73' lang='grc' dir='ltr'>δῦν‹</span> 
     </span>
    </p>
   </div>
   <div class='ocr_carea' id='block_1_33' title="bbox 1199 2233 2809 2316">
    <p class='ocr_par' dir='ltr' id='par_1_33' title="bbox 1199 2234 2809 2316">
     <span class='ocr_line' id='line_1_33' title="bbox 1199 2234 2809 2316; baseline 0.001 -25"><span class='ocrx_word' id='word_1_226' title='bbox 1199 2257 1249 2308; x_wconf 86' lang='grc' dir='ltr'>α,</span> <span class='ocrx_word' id='word_1_227' title='bbox 1305 2234 1462 2292; x_wconf 73' lang='grc' dir='ltr'>οὐδὲν</span> <span class='ocrx_word' id='word_1_228' title='bbox 1510 2234 1793 2316; x_wconf 73' lang='grc' dir='ltr'>ὠφελῆσαι</span> <span class='ocrx_word' id='word_1_229' title='bbox 1844 2237 2003 2294; x_wconf 73' lang='grc' dir='ltr'>δύνα-</span> <span class='ocrx_word' id='word_1_230' title='bbox 2115 2240 2258 2296; x_wconf 88' lang='lat' dir='ltr'>nihil</span> <span class='ocrx_word' id='word_1_231' title='bbox 2289 2239 2570 2312; x_wconf 89' lang='lat' dir='ltr'>proﬁcere</span> <span class='ocrx_word' id='word_1_232' title='bbox 2598 2243 2809 2310; x_wconf 86' lang='lat' dir='ltr'>potest.</span> 
     </span>
    </p>
   </div>
   <div class='ocr_carea' id='block_1_34' title="bbox 341 2347 456 2383">
    <p class='ocr_par' dir='ltr' id='par_1_34' title="bbox 341 2347 456 2383">
     <span class='ocr_line' id='line_1_34' title="bbox 341 2347 456 2383; baseline 0.009 -1"><span class='ocrx_word' id='word_1_233' title='bbox 341 2347 456 2383; x_wconf 89' lang='grc' dir='ltr'>ται.</span> 
     </span>
    </p>
   </div>
   <div class='ocr_carea' id='block_1_35' title="bbox 413 2412 2023 2495">
    <p class='ocr_par' dir='ltr' id='par_1_35' title="bbox 413 2412 2000 2495">
     <span class='ocr_line' id='line_1_35' title="bbox 413 2412 2000 2495; baseline -0.001 -21"><span class='ocrx_word' id='word_1_234' title='bbox 413 2418 476 2475; x_wconf 84' lang='grc' dir='ltr'>Ὀ</span> <span class='ocrx_word' id='word_1_235' title='bbox 506 2414 641 2471; x_wconf 78' lang='grc' dir='ltr'>ποτὶ</span> <span class='ocrx_word' id='word_1_236' title='bbox 674 2414 768 2488; x_wconf 79' lang='grc' dir='ltr'>μὶν</span> <span class='ocrx_word' id='word_1_237' title='bbox 801 2415 1035 2485; x_wconf 82' lang='grc' dir='ltr'>πενθῶν,</span> <span class='ocrx_word' id='word_1_238' title='bbox 1065 2415 1198 2470; x_wconf 79' lang='grc' dir='ltr'>ποτὲ</span> <span class='ocrx_word' id='word_1_239' title='bbox 1229 2412 1288 2470; x_wconf 80' lang='grc' dir='ltr'>δέ</span> <span class='ocrx_word' id='word_1_240' title='bbox 1315 2420 1530 2495; x_wconf 70' lang='grc' dir='ltr'>τρυφῶν</span> <span class='ocrx_word' id='word_1_241' title='bbox 1564 2418 1656 2472; x_wconf 83' lang='grc' dir='ltr'>καὶ</span> <span class='ocrx_word' id='word_1_242' title='bbox 1675 2416 2000 2492; x_wconf 78' lang='grc' dir='ltr'>γελοιάζων,</span> 
     </span>
    </p>
   </div>
   <div class='ocr_carea' id='block_1_36' title="bbox 2144 2412 3754 2495">
    <p class='ocr_par' dir='ltr' id='par_1_36' title="bbox 2185 2415 3754 2489">
     <span class='ocr_line' id='line_1_36' title="bbox 2185 2415 3754 2489; baseline 0.001 -16"><span class='ocrx_word' id='word_1_243' title='bbox 2185 2418 2292 2484; x_wconf 88' lang='lat' dir='ltr'>Qui</span> <span class='ocrx_word' id='word_1_244' title='bbox 2327 2433 2483 2473; x_wconf 90' lang='lat' dir='ltr'>nunc</span> <span class='ocrx_word' id='word_1_245' title='bbox 2513 2415 2696 2489; x_wconf 84' lang='lat' dir='ltr'>luget,</span> <span class='ocrx_word' id='word_1_246' title='bbox 2729 2433 2887 2472; x_wconf 91' lang='lat' dir='ltr'>nunc</span> <span class='ocrx_word' id='word_1_247' title='bbox 2911 2417 3222 2473; x_wconf 82' lang='lat' dir='ltr'>deiiciatur</span> <span class='ocrx_word' id='word_1_248' title='bbox 3251 2419 3308 2472; x_wconf 90' lang='lat' dir='ltr'>et</span> <span class='ocrx_word' id='word_1_249' title='bbox 3338 2417 3508 2488; x_wconf 87' lang='lat' dir='ltr'>ridet,</span> <span class='ocrx_word' id='word_1_250' title='bbox 3539 2416 3754 2474; x_wconf 81' lang='lat' dir='ltr'>similis</span> 
     </span>
    </p>
   </div>
   <div class='ocr_carea' id='block_1_37' title="bbox 339 2501 1949 2583">
    <p class='ocr_par' dir='ltr' id='par_1_37' title="bbox 339 2501 1949 2583">
     <span class='ocr_line' id='line_1_37' title="bbox 339 2501 1949 2583; baseline -0.001 -22"><span class='ocrx_word' id='word_1_251' title='bbox 339 2503 539 2579; x_wconf 71' lang='grc' dir='ltr'>ὅμοιός</span> <span class='ocrx_word' id='word_1_252' title='bbox 574 2503 791 2575; x_wconf 85' lang='grc' dir='ltr'>ἐστιτῷ</span> <span class='ocrx_word' id='word_1_253' title='bbox 824 2503 960 2576; x_wconf 85' lang='grc' dir='ltr'>μετά</span> <span class='ocrx_word' id='word_1_254' title='bbox 992 2501 1156 2578; x_wconf 75' lang='grc' dir='ltr'>ἄρτου</span> <span class='ocrx_word' id='word_1_255' title='bbox 1204 2505 1294 2558; x_wconf 84' lang='grc' dir='ltr'>τὸν</span> <span class='ocrx_word' id='word_1_256' title='bbox 1343 2505 1478 2560; x_wconf 74' lang='grc' dir='ltr'>κύνα</span> <span class='ocrx_word' id='word_1_257' title='bbox 1521 2512 1622 2576; x_wconf 85' lang='grc' dir='ltr'>τῆς</span> <span class='ocrx_word' id='word_1_258' title='bbox 1671 2504 1949 2583; x_wconf 79' lang='grc' dir='ltr'>φιληδονίι</span> 
     </span>
    </p>
   </div>
   <div class='ocr_carea' id='block_1_38' title="bbox 2141 2501 3751 2583">
    <p class='ocr_par' dir='ltr' id='par_1_38' title="bbox 2141 2505 3751 2578">
     <span class='ocr_line' id='line_1_38' title="bbox 2141 2505 3751 2578; baseline 0.003 -21"><span class='ocrx_word' id='word_1_259' title='bbox 2141 2513 2201 2563; x_wconf 62' lang='grc' dir='ltr'>ςεὶ</span> <span class='ocrx_word' id='word_1_260' title='bbox 2231 2506 2478 2573; x_wconf 87' lang='lat' dir='ltr'>homini,</span> <span class='ocrx_word' id='word_1_261' title='bbox 2513 2522 2720 2578; x_wconf 89' lang='lat' dir='ltr'>panem</span> <span class='ocrx_word' id='word_1_262' title='bbox 2755 2507 3040 2562; x_wconf 83' lang='lat' dir='ltr'>adversus</span> <span class='ocrx_word' id='word_1_263' title='bbox 3077 2522 3278 2562; x_wconf 86' lang='lat' dir='ltr'>canem</span> <span class='ocrx_word' id='word_1_264' title='bbox 3327 2505 3751 2578; x_wconf 88' lang='lat' dir='ltr'>sensualitatis,</span> 
     </span>
    </p>
   </div>
   <div class='ocr_carea' id='block_1_39' title="bbox 342 2593 1952 2670">
    <p class='ocr_par' dir='ltr' id='par_1_39' title="bbox 342 2593 1952 2668">
     <span class='ocr_line' id='line_1_39' title="bbox 342 2593 1952 2668; baseline -0.001 -19"><span class='ocrx_word' id='word_1_265' title='bbox 342 2593 653 2664; x_wconf 76' lang='grc' dir='ltr'>λιθάζοντι,</span> <span class='ocrx_word' id='word_1_266' title='bbox 702 2593 761 2654; x_wconf 72' lang='grc' dir='ltr'>’ὸς</span> <span class='ocrx_word' id='word_1_267' title='bbox 804 2598 884 2665; x_wconf 79' lang='grc' dir='ltr'>τῷ</span> <span class='ocrx_word' id='word_1_268' title='bbox 937 2593 1032 2665; x_wconf 74' lang='grc' dir='ltr'>μὲν</span> <span class='ocrx_word' id='word_1_269' title='bbox 1081 2595 1330 2668; x_wconf 77' lang='grc' dir='ltr'>σχήματι</span> <span class='ocrx_word' id='word_1_270' title='bbox 1369 2599 1560 2649; x_wconf 91' lang='grc' dir='ltr'>τοῦτον</span> <span class='ocrx_word' id='word_1_271' title='bbox 1597 2593 1804 2665; x_wconf 88' lang='grc' dir='ltr'>διώκει,</span> <span class='ocrx_word' id='word_1_272' title='bbox 1835 2594 1952 2668; x_wconf 68' lang='grc' dir='ltr'>τῷὲ</span> 
     </span>
    </p>
   </div>
   <div class='ocr_carea' id='block_1_40' title="bbox 2143 2593 3753 2670">
    <p class='ocr_par' dir='ltr' id='par_1_40' title="bbox 2143 2595 3753 2670">
     <span class='ocr_line' id='line_1_40' title="bbox 2143 2595 3753 2670; baseline -0.001 -18"><span class='ocrx_word' id='word_1_273' title='bbox 2143 2596 2326 2668; x_wconf 78' lang='lat' dir='ltr'>apidis</span> <span class='ocrx_word' id='word_1_274' title='bbox 2356 2596 2564 2667; x_wconf 89' lang='lat' dir='ltr'>instar,</span> <span class='ocrx_word' id='word_1_275' title='bbox 2597 2595 2953 2668; x_wconf 82' lang='lat' dir='ltr'>projicienti,</span> <span class='ocrx_word' id='word_1_276' title='bbox 2985 2596 3084 2666; x_wconf 93' lang='lat' dir='ltr'>qui</span> <span class='ocrx_word' id='word_1_277' title='bbox 3115 2601 3282 2669; x_wconf 91' lang='lat' dir='ltr'>gestu</span> <span class='ocrx_word' id='word_1_278' title='bbox 3316 2595 3552 2669; x_wconf 88' lang='lat' dir='ltr'>quidem</span> <span class='ocrx_word' id='word_1_279' title='bbox 3590 2597 3753 2670; x_wconf 79' lang='lat' dir='ltr'>fugat</span> 
     </span>
    </p>
   </div>
   <div class='ocr_carea' id='block_1_41' title="bbox 352 2680 1962 2760">
    <p class='ocr_par' dir='ltr' id='par_1_41' title="bbox 352 2680 1571 2760">
     <span class='ocr_line' id='line_1_41' title="bbox 352 2680 1571 2760; baseline 0.002 -22"><span class='ocrx_word' id='word_1_280' title='bbox 352 2681 636 2760; x_wconf 76' lang='grc' dir='ltr'>πράγματι</span> <span class='ocrx_word' id='word_1_281' title='bbox 666 2680 1005 2757; x_wconf 79' lang='grc' dir='ltr'>παρεδρεύειν</span> <span class='ocrx_word' id='word_1_282' title='bbox 1035 2686 1226 2738; x_wconf 88' lang='grc' dir='ltr'>τοῦτον</span> <span class='ocrx_word' id='word_1_283' title='bbox 1258 2683 1571 2759; x_wconf 72' lang='grc' dir='ltr'>προτρέπει.</span> 
     </span>
    </p>
   </div>
   <div class='ocr_carea' id='block_1_42' title="bbox 1791 2680 3401 2760">
    <p class='ocr_par' dir='ltr' id='par_1_42' title="bbox 2112 2685 3401 2755">
     <span class='ocr_line' id='line_1_42' title="bbox 2112 2685 3401 2755; baseline -0.002 -14"><span class='ocrx_word' id='word_1_284' title='bbox 2112 2703 2337 2755; x_wconf 86' lang='lat' dir='ltr'>canem,</span> <span class='ocrx_word' id='word_1_285' title='bbox 2372 2687 2522 2742; x_wconf 84' lang='lat' dir='ltr'>facto</span> <span class='ocrx_word' id='word_1_286' title='bbox 2553 2689 2748 2742; x_wconf 87' lang='lat' dir='ltr'>autem</span> <span class='ocrx_word' id='word_1_287' title='bbox 2781 2701 3085 2742; x_wconf 79' lang='lat' dir='ltr'>remanere</span> <span class='ocrx_word' id='word_1_288' title='bbox 3114 2685 3401 2742; x_wconf 83' lang='lat' dir='ltr'>hortatur.</span> 
     </span>
    </p>
   </div>
   <div class='ocr_carea' id='block_1_43' title="bbox 1207 2821 2898 2892">
    <p class='ocr_par' dir='ltr' id='par_1_43' title="bbox 1207 2821 2898 2892">
     <span class='ocr_line' id='line_1_43' title="bbox 1207 2821 2898 2892; baseline -0.001 -16"><span class='ocrx_word' id='word_1_289' title='bbox 1207 2823 1291 2877; x_wconf 77' lang='lat' dir='ltr'>Ex</span> <span class='ocrx_word' id='word_1_290' title='bbox 1320 2821 1418 2877; x_wconf 80' lang='lat' dir='ltr'>lib.</span> <span class='ocrx_word' id='word_1_291' title='bbox 1452 2839 1493 2890; x_wconf 89' lang='lat'>1,</span> <span class='ocrx_word' id='word_1_292' title='bbox 1521 2839 1688 2878; x_wconf 71' lang='grc' dir='ltr'>εει-γη.</span> <span class='ocrx_word' id='word_1_293' title='bbox 1720 2824 1810 2892; x_wconf 87' lang='grc'>51,</span> <span class='ocrx_word' id='word_1_294' title='bbox 1848 2827 1922 2877; x_wconf 91' lang='lat' dir='ltr'>De</span> <span class='ocrx_word' id='word_1_295' title='bbox 1953 2822 2145 2892; x_wconf 84' lang='lat' dir='ltr'>laude,</span> <span class='ocrx_word' id='word_1_296' title='bbox 2169 2822 2343 2879; x_wconf 63' lang='lat' dir='ltr'>Graec.</span> <span class='ocrx_word' id='word_1_297' title='bbox 2367 2837 2529 2877; x_wconf 78' lang='lat' dir='ltr'>serm.</span> <span class='ocrx_word' id='word_1_298' title='bbox 2555 2823 2776 2892; x_wconf 81' lang='lat' dir='ltr'>5l,pag.</span> <span class='ocrx_word' id='word_1_299' title='bbox 2807 2823 2898 2874; x_wconf 87' lang='lat'>77.</span> 
     </span>
    </p>
   </div>
   <div class='ocr_carea' id='block_1_44' title="bbox 430 2934 2040 3015">
    <p class='ocr_par' dir='ltr' id='par_1_44' title="bbox 430 2934 1994 3015">
     <span class='ocr_line' id='line_1_44' title="bbox 430 2934 1994 3015; baseline 0.001 -25"><span class='ocrx_word' id='word_1_300' title='bbox 430 2938 593 3012; x_wconf 63' lang='grc' dir='ltr'>Σοφῷ</span> <span class='ocrx_word' id='word_1_301' title='bbox 620 2957 720 2990; x_wconf 93' lang='grc' dir='ltr'>τινι</span> <span class='ocrx_word' id='word_1_302' title='bbox 750 2941 858 2991; x_wconf 79' lang='grc' dir='ltr'>τῶν</span> <span class='ocrx_word' id='word_1_303' title='bbox 891 2934 1144 2992; x_wconf 80' lang='grc' dir='ltr'>κολάκων</span> <span class='ocrx_word' id='word_1_304' title='bbox 1165 2935 1308 2999; x_wconf 71' lang='grc' dir='ltr'>τινὲς</span> <span class='ocrx_word' id='word_1_305' title='bbox 1339 2936 1687 3014; x_wconf 82' lang='grc' dir='ltr'>ἐμακάριζον·</span> <span class='ocrx_word' id='word_1_306' title='bbox 1717 2939 1744 2993; x_wconf 82' lang='grc' dir='ltr'>ὁ</span> <span class='ocrx_word' id='word_1_307' title='bbox 1778 2935 1834 2992; x_wconf 80' lang='grc' dir='ltr'>δέ</span> <span class='ocrx_word' id='word_1_308' title='bbox 1865 2959 1994 3015; x_wconf 77' lang='grc' dir='ltr'>φησι</span> 
     </span>
    </p>
   </div>
   <div class='ocr_carea' id='block_1_45' title="bbox 2137 2934 3747 3015">
    <p class='ocr_par' dir='ltr' id='par_1_45' title="bbox 2178 2937 3747 3010">
     <span class='ocr_line' id='line_1_45' title="bbox 2178 2937 3747 3010; baseline -0.001 -15"><span class='ocrx_word' id='word_1_309' title='bbox 2178 2941 2585 2995; x_wconf 81' lang='lat' dir='ltr'>Assentatores</span> <span class='ocrx_word' id='word_1_310' title='bbox 2602 2938 2839 3008; x_wconf 89' lang='lat' dir='ltr'>quidam</span> <span class='ocrx_word' id='word_1_311' title='bbox 2853 2938 3089 2993; x_wconf 83' lang='lat' dir='ltr'>beatum</span> <span class='ocrx_word' id='word_1_312' title='bbox 3107 2937 3504 3010; x_wconf 69' lang='lat' dir='ltr'>praedicabant</span> <span class='ocrx_word' id='word_1_313' title='bbox 3517 2939 3747 3009; x_wconf 82' lang='lat' dir='ltr'>sapien-</span> 
     </span>
    </p>
   </div>
   <div class='ocr_carea' id='block_1_46' title="bbox 348 3023 1958 3100">
    <p class='ocr_par' dir='ltr' id='par_1_46' title="bbox 348 3023 1958 3100">
     <span class='ocr_line' id='line_1_46' title="bbox 348 3023 1958 3100; baseline 0.002 -22"><span class='ocrx_word' id='word_1_314' title='bbox 348 3024 491 3098; x_wconf 81' lang='grc' dir='ltr'>πρὸς</span> <span class='ocrx_word' id='word_1_315' title='bbox 549 3024 768 3086; x_wconf 67' lang='grc' dir='ltr'>αὐτούς·</span> <span class='ocrx_word' id='word_1_316' title='bbox 819 3025 881 3080; x_wconf 79' lang='lat' dir='ltr'>El</span> <span class='ocrx_word' id='word_1_317' title='bbox 933 3025 1028 3095; x_wconf 76' lang='grc' dir='ltr'>μὲν</span> <span class='ocrx_word' id='word_1_318' title='bbox 1079 3029 1176 3080; x_wconf 83' lang='grc' dir='ltr'>τοῦ</span> <span class='ocrx_word' id='word_1_319' title='bbox 1224 3023 1460 3080; x_wconf 79' lang='grc' dir='ltr'>ἐπαινεῖν</span> <span class='ocrx_word' id='word_1_320' title='bbox 1496 3049 1561 3100; x_wconf 83' lang='grc' dir='ltr'>με</span> <span class='ocrx_word' id='word_1_321' title='bbox 1592 3026 1889 3097; x_wconf 62' lang='grc' dir='ltr'>παύσησθε,</span> <span class='ocrx_word' id='word_1_322' title='bbox 1939 3026 1958 3082; x_wconf 78' lang='grc' dir='ltr'>ἐ</span> 
     </span>
    </p>
   </div>
   <div class='ocr_carea' id='block_1_47' title="bbox 2142 3023 3752 3100">
    <p class='ocr_par' dir='ltr' id='par_1_47' title="bbox 2142 3027 3752 3100">
     <span class='ocr_line' id='line_1_47' title="bbox 2142 3027 3752 3100; baseline 0 -16"><span class='ocrx_word' id='word_1_323' title='bbox 2142 3044 2224 3084; x_wconf 74' lang='lat' dir='ltr'>em</span> <span class='ocrx_word' id='word_1_324' title='bbox 2258 3028 2611 3100; x_wconf 86' lang='lat' dir='ltr'>quemdam;</span> <span class='ocrx_word' id='word_1_325' title='bbox 2645 3027 2742 3082; x_wconf 93' lang='lat' dir='ltr'>ille</span> <span class='ocrx_word' id='word_1_326' title='bbox 2785 3043 2920 3082; x_wconf 86' lang='lat' dir='ltr'>vero</span> <span class='ocrx_word' id='word_1_327' title='bbox 2969 3027 3195 3082; x_wconf 78' lang='lat' dir='ltr'>dicebat</span> <span class='ocrx_word' id='word_1_328' title='bbox 3239 3028 3309 3082; x_wconf 90' lang='lat' dir='ltr'>ad</span> <span class='ocrx_word' id='word_1_329' title='bbox 3361 3044 3458 3083; x_wconf 90' lang='lat' dir='ltr'>eos</span> <span class='ocrx_word' id='word_1_330' title='bbox 3495 3044 3508 3082; x_wconf 91' lang='lat'>:</span> <span class='ocrx_word' id='word_1_331' title='bbox 3554 3027 3612 3082; x_wconf 89' lang='lat' dir='ltr'>Si</span> <span class='ocrx_word' id='word_1_332' title='bbox 3657 3043 3752 3084; x_wconf 88' lang='lat' dir='ltr'>me</span> 
     </span>
    </p>
   </div>
   <div class='ocr_carea' id='block_1_48' title="bbox 342 3109 1952 3190">
    <p class='ocr_par' dir='ltr' id='par_1_48' title="bbox 342 3109 1952 3190">
     <span class='ocr_line' id='line_1_48' title="bbox 342 3109 1952 3190; baseline 0.002 -24"><span class='ocrx_word' id='word_1_333' title='bbox 342 3118 448 3182; x_wconf 82' lang='grc' dir='ltr'>τῆς</span> <span class='ocrx_word' id='word_1_334' title='bbox 479 3113 630 3186; x_wconf 81' lang='grc' dir='ltr'>ὑμῶν</span> <span class='ocrx_word' id='word_1_335' title='bbox 666 3109 1080 3189; x_wconf 77' lang='grc' dir='ltr'>ὗποχωρήσεως</span> <span class='ocrx_word' id='word_1_336' title='bbox 1111 3113 1246 3190; x_wconf 83' lang='grc' dir='ltr'>μέγα</span> <span class='ocrx_word' id='word_1_337' title='bbox 1289 3115 1423 3170; x_wconf 81' lang='grc' dir='ltr'>εἶναι</span> <span class='ocrx_word' id='word_1_338' title='bbox 1471 3114 1702 3188; x_wconf 85' lang='grc' dir='ltr'>ἐμαυτὸν</span> <span class='ocrx_word' id='word_1_339' title='bbox 1746 3116 1952 3186; x_wconf 80' lang='grc' dir='ltr'>νενόηκι</span> 
     </span>
    </p>
   </div>
   <div class='ocr_carea' id='block_1_49' title="bbox 2136 3109 3746 3190">
    <p class='ocr_par' dir='ltr' id='par_1_49' title="bbox 2136 3116 3746 3188">
     <span class='ocr_line' id='line_1_49' title="bbox 2136 3116 3746 3188; baseline -0.001 -16"><span class='ocrx_word' id='word_1_340' title='bbox 2136 3119 2347 3172; x_wconf 80' lang='lat' dir='ltr'>sudare</span> <span class='ocrx_word' id='word_1_341' title='bbox 2389 3116 2750 3182; x_wconf 82' lang='lat' dir='ltr'>destiteritis,</span> <span class='ocrx_word' id='word_1_342' title='bbox 2798 3133 2864 3171; x_wconf 82' lang='lat' dir='ltr'>ex</span> <span class='ocrx_word' id='word_1_343' title='bbox 2915 3117 3173 3171; x_wconf 77' lang='lat' dir='ltr'>discessu</span> <span class='ocrx_word' id='word_1_344' title='bbox 3223 3121 3417 3170; x_wconf 84' lang='lat' dir='ltr'>vestro</span> <span class='ocrx_word' id='word_1_345' title='bbox 3469 3132 3746 3188; x_wconf 84' lang='lat' dir='ltr'>magnum</span> 
     </span>
    </p>
   </div>
   <div class='ocr_carea' id='block_1_50' title="bbox 343 3199 1953 3278">
    <p class='ocr_par' dir='ltr' id='par_1_50' title="bbox 343 3199 1953 3278">
     <span class='ocr_line' id='line_1_50' title="bbox 343 3199 1953 3278; baseline 0.001 -20"><span class='ocrx_word' id='word_1_346' title='bbox 343 3202 390 3258; x_wconf 76' lang='grc' dir='ltr'>εἰ</span> <span class='ocrx_word' id='word_1_347' title='bbox 425 3199 483 3258; x_wconf 77' lang='grc' dir='ltr'>δέ</span> <span class='ocrx_word' id='word_1_348' title='bbox 512 3201 849 3265; x_wconf 84' lang='grc' dir='ltr'>ἐπαινοῦντες</span> <span class='ocrx_word' id='word_1_349' title='bbox 879 3203 946 3258; x_wconf 76' lang='grc' dir='ltr'>οὐ</span> <span class='ocrx_word' id='word_1_350' title='bbox 976 3203 1224 3276; x_wconf 79' lang='grc' dir='ltr'>παύεσθε,</span> <span class='ocrx_word' id='word_1_351' title='bbox 1260 3203 1320 3260; x_wconf 84' lang='grc' dir='ltr'>ἐκ</span> <span class='ocrx_word' id='word_1_352' title='bbox 1345 3209 1442 3260; x_wconf 90' lang='grc' dir='ltr'>τοῦ</span> <span class='ocrx_word' id='word_1_353' title='bbox 1472 3207 1621 3278; x_wconf 80' lang='grc' dir='ltr'>ὑμῶν</span> <span class='ocrx_word' id='word_1_354' title='bbox 1651 3205 1875 3260; x_wconf 73' lang='grc' dir='ltr'>ἐπαίνου</span> <span class='ocrx_word' id='word_1_355' title='bbox 1893 3205 1953 3272; x_wconf 61' lang='grc' dir='ltr'>τῆ</span> 
     </span>
    </p>
   </div>
   <div class='ocr_carea' id='block_1_51' title="bbox 2138 3199 3748 3278">
    <p class='ocr_par' dir='ltr' id='par_1_51' title="bbox 2138 3204 3748 3278">
     <span class='ocr_line' id='line_1_51' title="bbox 2138 3204 3748 3278; baseline 0.001 -17"><span class='ocrx_word' id='word_1_356' title='bbox 2138 3207 2363 3278; x_wconf 82' lang='lat' dir='ltr'>liquem</span> <span class='ocrx_word' id='word_1_357' title='bbox 2399 3205 2692 3276; x_wconf 89' lang='lat' dir='ltr'>meipsum</span> <span class='ocrx_word' id='word_1_358' title='bbox 2736 3205 3022 3277; x_wconf 85' lang='lat' dir='ltr'>cogitabo;</span> <span class='ocrx_word' id='word_1_359' title='bbox 3065 3205 3115 3260; x_wconf 91' lang='lat' dir='ltr'>si</span> <span class='ocrx_word' id='word_1_360' title='bbox 3163 3220 3298 3260; x_wconf 89' lang='lat' dir='ltr'>vero</span> <span class='ocrx_word' id='word_1_361' title='bbox 3345 3204 3585 3260; x_wconf 82' lang='lat' dir='ltr'>laudare</span> <span class='ocrx_word' id='word_1_362' title='bbox 3632 3222 3748 3262; x_wconf 91' lang='lat' dir='ltr'>non</span> 
     </span>
    </p>
   </div>
   <div class='ocr_carea' id='block_1_52' title="bbox 343 3271 1953 3370">
    <p class='ocr_par' dir='ltr' id='par_1_52' title="bbox 343 3291 1336 3370">
     <span class='ocr_line' id='line_1_52' title="bbox 343 3291 1336 3370; baseline 0.002 -23"><span class='ocrx_word' id='word_1_363' title='bbox 343 3291 584 3364; x_wconf 81' lang='grc' dir='ltr'>ἐμαυτοῦ</span> <span class='ocrx_word' id='word_1_364' title='bbox 615 3292 938 3368; x_wconf 81' lang='grc' dir='ltr'>ἀκαθαρσίαν</span> <span class='ocrx_word' id='word_1_365' title='bbox 973 3293 1336 3370; x_wconf 83' lang='grc' dir='ltr'>στοχάζομαι.</span> 
     </span>
    </p>
   </div>
   <div class='ocr_carea' id='block_1_53' title="bbox 2138 3271 3748 3370">
    <p class='ocr_par' dir='ltr' id='par_1_53' title="bbox 2138 3294 3748 3365">
     <span class='ocr_line' id='line_1_53' title="bbox 2138 3294 3748 3365; baseline 0.001 -14"><span class='ocrx_word' id='word_1_366' title='bbox 2138 3295 2401 3365; x_wconf 81' lang='lat' dir='ltr'>lesinitis,</span> <span class='ocrx_word' id='word_1_367' title='bbox 2425 3312 2495 3350; x_wconf 83' lang='lat' dir='ltr'>ex</span> <span class='ocrx_word' id='word_1_368' title='bbox 2521 3294 2694 3350; x_wconf 90' lang='lat' dir='ltr'>laude</span> <span class='ocrx_word' id='word_1_369' title='bbox 2725 3300 2920 3350; x_wconf 89' lang='lat' dir='ltr'>vestra</span> <span class='ocrx_word' id='word_1_370' title='bbox 2951 3310 3139 3350; x_wconf 88' lang='lat' dir='ltr'>meam</span> <span class='ocrx_word' id='word_1_371' title='bbox 3173 3294 3576 3365; x_wconf 88' lang='lat' dir='ltr'>impuritatem</span> <span class='ocrx_word' id='word_1_372' title='bbox 3609 3312 3748 3354; x_wconf 91' lang='lat' dir='ltr'>con-</span> 
     </span>
    </p>
   </div>
   <div class='ocr_carea' id='block_1_54' title="bbox 2093 3385 2258 3457">
    <p class='ocr_par' dir='ltr' id='par_1_54' title="bbox 2093 3385 2258 3457">
     <span class='ocr_line' id='line_1_54' title="bbox 2093 3385 2258 3457; baseline -0.012 -16"><span class='ocrx_word' id='word_1_373' title='bbox 2093 3385 2258 3457; x_wconf 88' lang='lat' dir='ltr'>jicio.</span> 
     </span>
    </p>
   </div>
   <div class='ocr_carea' id='block_1_55' title="bbox 415 3470 2025 3550">
    <p class='ocr_par' dir='ltr' id='par_1_55' title="bbox 415 3470 1879 3550">
     <span class='ocr_line' id='line_1_55' title="bbox 415 3470 1879 3550; baseline -0.001 -20"><span class='ocrx_word' id='word_1_374' title='bbox 415 3471 782 3535; x_wconf 79' lang='grc' dir='ltr'>Ἐπίπλαστος</span> <span class='ocrx_word' id='word_1_375' title='bbox 811 3470 1028 3535; x_wconf 67' lang='grc' dir='ltr'>ἔπαινος</span> <span class='ocrx_word' id='word_1_376' title='bbox 1060 3471 1302 3543; x_wconf 80' lang='grc' dir='ltr'>ἀληθοῦς</span> <span class='ocrx_word' id='word_1_377' title='bbox 1331 3471 1653 3550; x_wconf 70' lang='grc' dir='ltr'>ἀτιμότερος</span> <span class='ocrx_word' id='word_1_378' title='bbox 1684 3475 1879 3548; x_wconf 82' lang='grc' dir='ltr'>ψόγου.</span> 
     </span>
    </p>
   </div>
   <div class='ocr_carea' id='block_1_56' title="bbox 1851 3470 3461 3550">
    <p class='ocr_par' dir='ltr' id='par_1_56' title="bbox 1851 3471 3461 3545">
     <span class='ocr_line' id='line_1_56' title="bbox 1851 3471 3461 3545; baseline -0.002 -15"><span class='ocrx_word' id='word_1_379' title='bbox 1851 3498 1879 3530; x_wconf 75' lang='grc' dir='ltr'>ι.</span> <span class='ocrx_word' id='word_1_380' title='bbox 2172 3475 2324 3531; x_wconf 87' lang='lat' dir='ltr'>Laus</span> <span class='ocrx_word' id='word_1_381' title='bbox 2357 3474 2492 3530; x_wconf 86' lang='lat' dir='ltr'>ﬁcta</span> <span class='ocrx_word' id='word_1_382' title='bbox 2523 3474 2684 3545; x_wconf 84' lang='lat' dir='ltr'>pejor</span> <span class='ocrx_word' id='word_1_383' title='bbox 2713 3475 2800 3528; x_wconf 87' lang='lat' dir='ltr'>est</span> <span class='ocrx_word' id='word_1_384' title='bbox 2832 3471 3281 3542; x_wconf 84' lang='lat' dir='ltr'>reprehensione</span> <span class='ocrx_word' id='word_1_385' title='bbox 3311 3488 3461 3528; x_wconf 90' lang='lat' dir='ltr'>vera.</span> 
     </span>
    </p>
   </div>
   <div class='ocr_carea' id='block_1_57' title="bbox 767 3607 2377 3680">
    <p class='ocr_par' dir='ltr' id='par_1_57' title="bbox 767 3607 2374 3680">
     <span class='ocr_line' id='line_1_57' title="bbox 767 3607 2374 3680; baseline 0 -18"><span class='ocrx_word' id='word_1_386' title='bbox 767 3609 849 3663; x_wconf 75' lang='lat' dir='ltr'>Ea.</span> <span class='ocrx_word' id='word_1_387' title='bbox 880 3607 978 3662; x_wconf 88' lang='lat' dir='ltr'>lib.</span> <span class='ocrx_word' id='word_1_388' title='bbox 1012 3625 1074 3675; x_wconf 88' lang='lat'>11,</span> <span class='ocrx_word' id='word_1_389' title='bbox 1107 3607 1286 3664; x_wconf 71' lang='lat' dir='ltr'>Serm.</span> <span class='ocrx_word' id='word_1_390' title='bbox 1321 3609 1412 3674; x_wconf 82' lang='grc'>46,</span> <span class='ocrx_word' id='word_1_391' title='bbox 1446 3613 1524 3664; x_wconf 90' lang='lat' dir='ltr'>De</span> <span class='ocrx_word' id='word_1_392' title='bbox 1554 3609 1824 3665; x_wconf 86' lang='lat' dir='ltr'>osoribus</span> <span class='ocrx_word' id='word_1_393' title='bbox 1871 3609 2137 3666; x_wconf 88' lang='lat' dir='ltr'>laborum</span> <span class='ocrx_word' id='word_1_394' title='bbox 2170 3613 2228 3664; x_wconf 90' lang='lat' dir='ltr'>et</span> <span class='ocrx_word' id='word_1_395' title='bbox 2274 3610 2374 3680; x_wconf 81' lang='lat' dir='ltr'>pig</span> 
     </span>
    </p>
   </div>
   <div class='ocr_carea' id='block_1_58' title="bbox 1710 3607 3320 3680">
    <p class='ocr_par' dir='ltr' id='par_1_58' title="bbox 1713 3607 3320 3680">
     <span class='ocr_line' id='line_1_58' title="bbox 1713 3607 3320 3680; baseline -0.001 -16"><span class='ocrx_word' id='word_1_396' title='bbox 1713 3609 1824 3665; x_wconf 91' lang='lat' dir='ltr'>bus</span> <span class='ocrx_word' id='word_1_397' title='bbox 1871 3609 2137 3666; x_wconf 88' lang='lat' dir='ltr'>laborum</span> <span class='ocrx_word' id='word_1_398' title='bbox 2170 3613 2228 3664; x_wconf 90' lang='lat' dir='ltr'>et</span> <span class='ocrx_word' id='word_1_399' title='bbox 2274 3609 2477 3680; x_wconf 77' lang='lat' dir='ltr'>pigris,</span> <span class='ocrx_word' id='word_1_400' title='bbox 2511 3607 2680 3664; x_wconf 75' lang='lat' dir='ltr'>Graec.</span> <span class='ocrx_word' id='word_1_401' title='bbox 2715 3622 2881 3662; x_wconf 66' lang='lat' dir='ltr'>scrin.</span> <span class='ocrx_word' id='word_1_402' title='bbox 2914 3608 3004 3673; x_wconf 89' lang='grc'>98,</span> <span class='ocrx_word' id='word_1_403' title='bbox 3035 3623 3163 3676; x_wconf 81' lang='lat' dir='ltr'>pag.</span> <span class='ocrx_word' id='word_1_404' title='bbox 3199 3607 3320 3663; x_wconf 89' lang='grc'><strong>151.</strong></span> 
     </span>
    </p>
   </div>
   <div class='ocr_carea' id='block_1_59' title="bbox 409 3723 2019 3801">
    <p class='ocr_par' dir='ltr' id='par_1_59' title="bbox 409 3723 1988 3801">
     <span class='ocr_line' id='line_1_59' title="bbox 409 3723 1988 3801; baseline 0 -21"><span class='ocrx_word' id='word_1_405' title='bbox 409 3725 539 3785; x_wconf 86' lang='grc' dir='ltr'>Τοῖς</span> <span class='ocrx_word' id='word_1_406' title='bbox 572 3723 784 3785; x_wconf 82' lang='grc' dir='ltr'>ἀτόνοις</span> <span class='ocrx_word' id='word_1_407' title='bbox 813 3724 899 3778; x_wconf 75' lang='grc' dir='ltr'>καὶ</span> <span class='ocrx_word' id='word_1_408' title='bbox 931 3723 1235 3787; x_wconf 84' lang='grc' dir='ltr'>ἀοθενικοῖς</span> <span class='ocrx_word' id='word_1_409' title='bbox 1268 3725 1330 3779; x_wconf 84' lang='grc' dir='ltr'>τὸ</span> <span class='ocrx_word' id='word_1_410' title='bbox 1363 3724 1557 3801; x_wconf 68' lang='grc' dir='ltr'>μέτρον</span> <span class='ocrx_word' id='word_1_411' title='bbox 1591 3727 1703 3800; x_wconf 89' lang='grc'>(95)</span> <span class='ocrx_word' id='word_1_412' title='bbox 1738 3725 1870 3801; x_wconf 72' lang='grc' dir='ltr'>ὑπὲρ</span> <span class='ocrx_word' id='word_1_413' title='bbox 1900 3725 1988 3781; x_wconf 85' lang='grc' dir='ltr'>τό·</span> 
     </span>
    </p>
   </div>
   <div class='ocr_carea' id='block_1_60' title="bbox 2135 3723 3745 3801">
    <p class='ocr_par' dir='ltr' id='par_1_60' title="bbox 2174 3725 3745 3800">
     <span class='ocr_line' id='line_1_60' title="bbox 2174 3725 3745 3800; baseline 0.001 -17"><span class='ocrx_word' id='word_1_414' title='bbox 2174 3726 2588 3794; x_wconf 87' lang='lat' dir='ltr'>Quiinﬁrmiet</span> <span class='ocrx_word' id='word_1_415' title='bbox 2613 3725 2938 3781; x_wconf 88' lang='lat' dir='ltr'>imbecilles</span> <span class='ocrx_word' id='word_1_416' title='bbox 2953 3725 3193 3794; x_wconf 89' lang='lat' dir='ltr'>sunt,iis</span> <span class='ocrx_word' id='word_1_417' title='bbox 3225 3725 3314 3782; x_wconf 87' lang='lat' dir='ltr'>vel</span> <span class='ocrx_word' id='word_1_418' title='bbox 3341 3728 3496 3800; x_wconf 85' lang='lat' dir='ltr'>quod</span> <span class='ocrx_word' id='word_1_419' title='bbox 3522 3728 3745 3784; x_wconf 87' lang='lat' dir='ltr'>medio-</span> 
     </span>
    </p>
   </div>
   <div class='ocr_carea' id='block_1_61' title="bbox 339 3810 1949 3888">
    <p class='ocr_par' dir='ltr' id='par_1_61' title="bbox 339 3810 640 3872">
     <span class='ocr_line' id='line_1_61' title="bbox 339 3810 640 3872; baseline 0.01 -4"><span class='ocrx_word' id='word_1_420' title='bbox 339 3834 432 3868; x_wconf 90' lang='grc' dir='ltr'>νον</span> <span class='ocrx_word' id='word_1_421' title='bbox 467 3810 640 3872; x_wconf 82' lang='grc' dir='ltr'>δοκεῖ.</span> 
     </span>
    </p>
   </div>
   <div class='ocr_carea' id='block_1_62' title="bbox 1696 3810 3306 3888">
    <p class='ocr_par' dir='ltr' id='par_1_62' title="bbox 2103 3815 3306 3888">
     <span class='ocr_line' id='line_1_62' title="bbox 2103 3815 3306 3888; baseline -0.002 -15"><span class='ocrx_word' id='word_1_422' title='bbox 2103 3833 2199 3873; x_wconf 90' lang='lat' dir='ltr'>cre</span> <span class='ocrx_word' id='word_1_423' title='bbox 2228 3820 2340 3885; x_wconf 90' lang='lat' dir='ltr'>est,</span> <span class='ocrx_word' id='word_1_424' title='bbox 2375 3833 2554 3888; x_wconf 88' lang='lat' dir='ltr'>supra</span> <span class='ocrx_word' id='word_1_425' title='bbox 2581 3815 2733 3872; x_wconf 83' lang='lat' dir='ltr'>vires</span> <span class='ocrx_word' id='word_1_426' title='bbox 2764 3816 3031 3887; x_wconf 88' lang='lat' dir='ltr'>ipsorum</span> <span class='ocrx_word' id='word_1_427' title='bbox 3058 3815 3306 3871; x_wconf 86' lang='lat' dir='ltr'>videtur.</span> 
     </span>
    </p>
   </div>
   <div class='ocr_carea' id='block_1_63' title="bbox 341 3947 3751 4020">
    <p class='ocr_par' dir='ltr' id='par_1_63' title="bbox 341 3947 3751 4020">
     <span class='ocr_line' id='line_1_63' title="bbox 341 3947 3751 4020; baseline 0.001 -16"><span class='ocrx_word' id='word_1_428' title='bbox 341 3950 427 4004; x_wconf 75' lang='lat' dir='ltr'>Ea:</span> <span class='ocrx_word' id='word_1_429' title='bbox 461 3947 563 4003; x_wconf 84' lang='lat' dir='ltr'>lib.</span> <span class='ocrx_word' id='word_1_430' title='bbox 597 3964 662 4017; x_wconf 88' lang='grc' dir='ltr'>ιι,</span> <span class='ocrx_word' id='word_1_431' title='bbox 691 3949 867 4006; x_wconf 81' lang='lat' dir='ltr'>Serm.</span> <span class='ocrx_word' id='word_1_432' title='bbox 898 3949 991 4010; x_wconf 83' lang='lat'>55.</span> <span class='ocrx_word' id='word_1_433' title='bbox 1022 3949 1103 4005; x_wconf 89' lang='lat' dir='ltr'>De</span> <span class='ocrx_word' id='word_1_434' title='bbox 1134 3948 1419 4018; x_wconf 84' lang='lat' dir='ltr'>proximo,</span> <span class='ocrx_word' id='word_1_435' title='bbox 1451 3951 1608 4020; x_wconf 89' lang='lat' dir='ltr'>quod</span> <span class='ocrx_word' id='word_1_436' title='bbox 1642 3953 1771 4018; x_wconf 83' lang='lat' dir='ltr'>ejus</span> <span class='ocrx_word' id='word_1_437' title='bbox 1803 3967 1980 4006; x_wconf 87' lang='lat' dir='ltr'>onera</span> <span class='ocrx_word' id='word_1_438' title='bbox 2003 3950 2242 4007; x_wconf 89' lang='lat' dir='ltr'>ferenda</span> <span class='ocrx_word' id='word_1_439' title='bbox 2274 3951 2414 4018; x_wconf 89' lang='lat' dir='ltr'>sint,</span> <span class='ocrx_word' id='word_1_440' title='bbox 2447 3951 2614 4019; x_wconf 87' lang='lat' dir='ltr'>eique</span> <span class='ocrx_word' id='word_1_441' title='bbox 2644 3951 3133 4014; x_wconf 84' lang='lat' dir='ltr'>succurrendum,</span> <span class='ocrx_word' id='word_1_442' title='bbox 3175 3953 3232 4004; x_wconf 92' lang='lat' dir='ltr'>et</span> <span class='ocrx_word' id='word_1_443' title='bbox 3261 3951 3415 4020; x_wconf 89' lang='lat' dir='ltr'>quod</span> <span class='ocrx_word' id='word_1_444' title='bbox 3441 3950 3627 4006; x_wconf 89' lang='lat' dir='ltr'>amice</span> <span class='ocrx_word' id='word_1_445' title='bbox 3658 3967 3751 4008; x_wconf 85' lang='lat' dir='ltr'>re-</span> 
     </span>
    </p>
   </div>
   <div class='ocr_carea' id='block_1_64' title="bbox 805 4020 3284 4095">
    <p class='ocr_par' dir='ltr' id='par_1_64' title="bbox 805 4020 3284 4095">
     <span class='ocr_line' id='line_1_64' title="bbox 805 4020 3284 4095; baseline 0 -20"><span class='ocrx_word' id='word_1_446' title='bbox 805 4020 1170 4093; x_wconf 86' lang='lat' dir='ltr'>prehendere</span> <span class='ocrx_word' id='word_1_447' title='bbox 1200 4023 1422 4090; x_wconf 86' lang='lat' dir='ltr'>deceat,</span> <span class='ocrx_word' id='word_1_448' title='bbox 1455 4024 1501 4078; x_wconf 93' lang='lat' dir='ltr'>si</span> <span class='ocrx_word' id='word_1_449' title='bbox 1539 4023 1682 4094; x_wconf 91' lang='lat' dir='ltr'>quid</span> <span class='ocrx_word' id='word_1_450' title='bbox 1718 4023 2058 4079; x_wconf 86' lang='lat' dir='ltr'>indecenter</span> <span class='ocrx_word' id='word_1_451' title='bbox 2085 4023 2288 4095; x_wconf 89' lang='lat' dir='ltr'>egerit,</span> <span class='ocrx_word' id='word_1_452' title='bbox 2321 4027 2433 4078; x_wconf 92' lang='lat' dir='ltr'>etc.</span> <span class='ocrx_word' id='word_1_453' title='bbox 2467 4021 2641 4080; x_wconf 65' lang='lat' dir='ltr'>Graec.</span> <span class='ocrx_word' id='word_1_454' title='bbox 2674 4039 2845 4077; x_wconf 85' lang='lat' dir='ltr'>serm.</span> <span class='ocrx_word' id='word_1_455' title='bbox 2878 4023 2969 4077; x_wconf 74' lang='grc'>74.</span> <span class='ocrx_word' id='word_1_456' title='bbox 2999 4039 3127 4093; x_wconf 82' lang='lat' dir='ltr'>pag.</span> <span class='ocrx_word' id='word_1_457' title='bbox 3161 4021 3284 4076; x_wconf 85' lang='lat'>128.</span> 
     </span>
    </p>
   </div>
   <div class='ocr_carea' id='block_1_65' title="bbox 406 4133 2016 4212">
    <p class='ocr_par' dir='ltr' id='par_1_65' title="bbox 406 4133 1982 4212">
     <span class='ocr_line' id='line_1_65' title="bbox 406 4133 1982 4212; baseline 0.001 -22"><span class='ocrx_word' id='word_1_458' title='bbox 406 4135 603 4200; x_wconf 83' lang='grc' dir='ltr'>Πιστὸς</span> <span class='ocrx_word' id='word_1_459' title='bbox 632 4133 689 4190; x_wconf 76' lang='grc' dir='ltr'>εὖ</span> <span class='ocrx_word' id='word_1_460' title='bbox 725 4133 873 4207; x_wconf 88' lang='grc' dir='ltr'>μάλα</span> <span class='ocrx_word' id='word_1_461' title='bbox 903 4137 930 4190; x_wconf 91' lang='grc' dir='ltr'>ὁ</span> <span class='ocrx_word' id='word_1_462' title='bbox 967 4137 1082 4208; x_wconf 88' lang='grc' dir='ltr'>μετ’</span> <span class='ocrx_word' id='word_1_463' title='bbox 1111 4134 1422 4208; x_wconf 80' lang='grc' dir='ltr'>ἐπιστήμης</span> <span class='ocrx_word' id='word_1_464' title='bbox 1462 4133 1696 4212; x_wconf 64' lang='grc' dir='ltr'>ἔλεγχος</span> <span class='ocrx_word' id='word_1_465' title='bbox 1727 4141 1856 4210; x_wconf 84' lang='grc'>(96)·</span> <span class='ocrx_word' id='word_1_466' title='bbox 1892 4137 1982 4192; x_wconf 79' lang='grc' dir='ltr'>ὅτε</span> 
     </span>
    </p>
   </div>
   <div class='ocr_carea' id='block_1_66' title="bbox 2135 4133 3745 4212">
    <p class='ocr_par' dir='ltr' id='par_1_66' title="bbox 2171 4136 3745 4210">
     <span class='ocr_line' id='line_1_66' title="bbox 2171 4136 3745 4210; baseline -0.001 -16"><span class='ocrx_word' id='word_1_467' title='bbox 2171 4139 2388 4195; x_wconf 82' lang='lat' dir='ltr'>Fidelis</span> <span class='ocrx_word' id='word_1_468' title='bbox 2419 4145 2508 4195; x_wconf 89' lang='lat' dir='ltr'>est</span> <span class='ocrx_word' id='word_1_469' title='bbox 2528 4157 2597 4195; x_wconf 89' lang='lat' dir='ltr'>ea</span> <span class='ocrx_word' id='word_1_470' title='bbox 2625 4140 2897 4201; x_wconf 82' lang='lat' dir='ltr'>maxime.</span> <span class='ocrx_word' id='word_1_471' title='bbox 2937 4155 3064 4210; x_wconf 65' lang='lat' dir='ltr'>quae</span> <span class='ocrx_word' id='word_1_472' title='bbox 3096 4153 3228 4194; x_wconf 91' lang='lat' dir='ltr'>cum</span> <span class='ocrx_word' id='word_1_473' title='bbox 3261 4136 3512 4193; x_wconf 88' lang='lat' dir='ltr'>scientia</span> <span class='ocrx_word' id='word_1_474' title='bbox 3533 4137 3620 4206; x_wconf 90' lang='lat' dir='ltr'>ﬁt,</span> <span class='ocrx_word' id='word_1_475' title='bbox 3655 4153 3745 4193; x_wconf 88' lang='lat' dir='ltr'>re-</span> 
     </span>
    </p>
   </div>
   <div class='ocr_carea' id='block_1_67' title="bbox 327 4221 1937 4301">
    <p class='ocr_par' dir='ltr' id='par_1_67' title="bbox 327 4221 1937 4300">
     <span class='ocr_line' id='line_1_67' title="bbox 327 4221 1937 4300; baseline 0.002 -22"><span class='ocrx_word' id='word_1_476' title='bbox 327 4223 422 4278; x_wconf 82' lang='grc' dir='ltr'>καὶ</span> <span class='ocrx_word' id='word_1_477' title='bbox 451 4222 770 4294; x_wconf 85' lang='grc' dir='ltr'>τελειοτάτη</span> <span class='ocrx_word' id='word_1_478' title='bbox 821 4221 1094 4295; x_wconf 81' lang='grc' dir='ltr'>ἀπόδειξις</span> <span class='ocrx_word' id='word_1_479' title='bbox 1134 4224 1437 4299; x_wconf 80' lang='grc' dir='ltr'>εὑρίσκεται</span> <span class='ocrx_word' id='word_1_480' title='bbox 1465 4228 1500 4295; x_wconf 79' lang='grc' dir='ltr'>ἡ</span> <span class='ocrx_word' id='word_1_481' title='bbox 1531 4230 1731 4300; x_wconf 83' lang='grc' dir='ltr'>γνῶσις</span> <span class='ocrx_word' id='word_1_482' title='bbox 1761 4231 1868 4281; x_wconf 80' lang='grc' dir='ltr'>τῶν</span> <span class='ocrx_word' id='word_1_483' title='bbox 1892 4248 1937 4282; x_wconf 78' lang='grc' dir='ltr'>κι</span> 
     </span>
    </p>
   </div>
   <div class='ocr_carea' id='block_1_68' title="bbox 2132 4221 3742 4301">
    <p class='ocr_par' dir='ltr' id='par_1_68' title="bbox 2139 4227 3742 4301">
     <span class='ocr_line' id='line_1_68' title="bbox 2139 4227 3742 4301; baseline -0.002 -18"><span class='ocrx_word' id='word_1_484' title='bbox 2139 4229 2430 4284; x_wconf 87' lang='lat' dir='ltr'>rehensio:</span> <span class='ocrx_word' id='word_1_485' title='bbox 2450 4229 2928 4301; x_wconf 89' lang='lat' dir='ltr'>quandoquidem</span> <span class='ocrx_word' id='word_1_486' title='bbox 2945 4227 3377 4300; x_wconf 85' lang='lat' dir='ltr'>perfectissima</span> <span class='ocrx_word' id='word_1_487' title='bbox 3395 4230 3486 4282; x_wconf 90' lang='lat' dir='ltr'>est</span> <span class='ocrx_word' id='word_1_488' title='bbox 3507 4227 3742 4294; x_wconf 90' lang='lat' dir='ltr'>demon,</span> 
     </span>
    </p>
   </div>
   <div class='ocr_carea' id='block_1_69' title="bbox 324 4316 1934 4390">
    <p class='ocr_par' dir='ltr' id='par_1_69' title="bbox 324 4316 886 4388">
     <span class='ocr_line' id='line_1_69' title="bbox 324 4316 886 4388; baseline 0.009 -21"><span class='ocrx_word' id='word_1_489' title='bbox 324 4316 718 4386; x_wconf 79' lang='grc' dir='ltr'>τιγνωσμένων</span> <span class='ocrx_word' id='word_1_490' title='bbox 748 4317 886 4388; x_wconf 84' lang='grc'>(97).</span> 
     </span>
    </p>
   </div>
   <div class='ocr_carea' id='block_1_70' title="bbox 1847 4316 3457 4390">
    <p class='ocr_par' dir='ltr' id='par_1_70' title="bbox 2099 4316 3457 4390">
     <span class='ocr_line' id='line_1_70' title="bbox 2099 4316 3457 4390; baseline -0.004 -15"><span class='ocrx_word' id='word_1_491' title='bbox 2099 4319 2326 4384; x_wconf 88' lang='lat' dir='ltr'>stratio,</span> <span class='ocrx_word' id='word_1_492' title='bbox 2359 4320 2880 4375; x_wconf 84' lang='lat' dir='ltr'>condemnatorum</span> <span class='ocrx_word' id='word_1_493' title='bbox 2917 4334 3147 4374; x_wconf 91' lang='lat' dir='ltr'>reorum</span> <span class='ocrx_word' id='word_1_494' title='bbox 3178 4316 3457 4390; x_wconf 86' lang='lat' dir='ltr'>cognitio.</span> 
     </span>
    </p>
   </div>
   <div class='ocr_carea' id='block_1_71' title="bbox 687 4451 3383 4527">
    <p class='ocr_par' dir='ltr' id='par_1_71' title="bbox 687 4451 3383 4527">
     <span class='ocr_line' id='line_1_71' title="bbox 687 4451 3383 4527; baseline -0 -21"><span class='ocrx_word' id='word_1_495' title='bbox 687 4452 770 4506; x_wconf 75' lang='lat' dir='ltr'>Ex</span> <span class='ocrx_word' id='word_1_496' title='bbox 801 4451 874 4507; x_wconf 83' lang='lat' dir='ltr'>lb.</span> <span class='ocrx_word' id='word_1_497' title='bbox 907 4468 969 4521; x_wconf 88' lang='lat'>11,</span> <span class='ocrx_word' id='word_1_498' title='bbox 1001 4468 1149 4507; x_wconf 79' lang='lat' dir='ltr'>serm</span> <span class='ocrx_word' id='word_1_499' title='bbox 1176 4452 1268 4522; x_wconf 79' lang='grc'>74,</span> <span class='ocrx_word' id='word_1_500' title='bbox 1301 4452 1381 4508; x_wconf 91' lang='lat' dir='ltr'>De</span> <span class='ocrx_word' id='word_1_501' title='bbox 1412 4452 1685 4524; x_wconf 88' lang='lat' dir='ltr'>superbis</span> <span class='ocrx_word' id='word_1_502' title='bbox 1729 4458 1786 4509; x_wconf 91' lang='lat' dir='ltr'>et</span> <span class='ocrx_word' id='word_1_503' title='bbox 1813 4452 2009 4510; x_wconf 88' lang='lat' dir='ltr'>inanis</span> <span class='ocrx_word' id='word_1_504' title='bbox 2061 4453 2258 4526; x_wconf 69' lang='lat' dir='ltr'>gloriae</span> <span class='ocrx_word' id='word_1_505' title='bbox 2319 4453 2573 4527; x_wconf 86' lang='lat' dir='ltr'>cupidis,</span> <span class='ocrx_word' id='word_1_506' title='bbox 2613 4454 2785 4512; x_wconf 67' lang='lat' dir='ltr'>Graec.</span> <span class='ocrx_word' id='word_1_507' title='bbox 2809 4470 2973 4510; x_wconf 76' lang='lat' dir='ltr'>serm.</span> <span class='ocrx_word' id='word_1_508' title='bbox 3006 4453 3095 4521; x_wconf 89' lang='lat'>33,</span> <span class='ocrx_word' id='word_1_509' title='bbox 3125 4469 3260 4524; x_wconf 82' lang='lat' dir='ltr'>pag.</span> <span class='ocrx_word' id='word_1_510' title='bbox 3293 4452 3383 4506; x_wconf 83' lang='lat'>52.</span> 
     </span>
    </p>
   </div>
   <div class='ocr_carea' id='block_1_72' title="bbox 403 4564 2013 4642">
    <p class='ocr_par' dir='ltr' id='par_1_72' title="bbox 403 4564 1982 4642">
     <span class='ocr_line' id='line_1_72' title="bbox 403 4564 1982 4642; baseline -0.001 -20"><span class='ocrx_word' id='word_1_511' title='bbox 403 4566 496 4636; x_wconf 80' lang='grc' dir='ltr'>Τῷ</span> <span class='ocrx_word' id='word_1_512' title='bbox 544 4564 834 4638; x_wconf 81' lang='grc' dir='ltr'>ὑψουμένῳ</span> <span class='ocrx_word' id='word_1_513' title='bbox 881 4566 971 4620; x_wconf 80' lang='grc' dir='ltr'>καὶ</span> <span class='ocrx_word' id='word_1_514' title='bbox 1019 4566 1442 4641; x_wconf 71' lang='grc' dir='ltr'>μεγαλυνομένῳ</span> <span class='ocrx_word' id='word_1_515' title='bbox 1471 4566 1859 4642; x_wconf 78' lang='grc' dir='ltr'>παραπὲπηγεν</span> <span class='ocrx_word' id='word_1_516' title='bbox 1891 4567 1982 4642; x_wconf 85' lang='grc' dir='ltr'>ἀγ-</span> 
     </span>
    </p>
   </div>
   <div class='ocr_carea' id='block_1_73' title="bbox 2127 4564 3737 4642">
    <p class='ocr_par' dir='ltr' id='par_1_73' title="bbox 2166 4568 3737 4642">
     <span class='ocr_line' id='line_1_73' title="bbox 2166 4568 3737 4642; baseline 0.002 -18"><span class='ocrx_word' id='word_1_517' title='bbox 2166 4569 2452 4625; x_wconf 82' lang='lat' dir='ltr'>Exaltanti</span> <span class='ocrx_word' id='word_1_518' title='bbox 2475 4587 2536 4626; x_wconf 91' lang='lat' dir='ltr'>se</span> <span class='ocrx_word' id='word_1_519' title='bbox 2565 4575 2623 4626; x_wconf 91' lang='lat' dir='ltr'>et</span> <span class='ocrx_word' id='word_1_520' title='bbox 2645 4568 3047 4642; x_wconf 79' lang='lat' dir='ltr'>magniﬁcanti</span> <span class='ocrx_word' id='word_1_521' title='bbox 3067 4569 3240 4624; x_wconf 82' lang='lat' dir='ltr'>afﬁxa</span> <span class='ocrx_word' id='word_1_522' title='bbox 3261 4574 3350 4624; x_wconf 82' lang='lat' dir='ltr'>est</span> <span class='ocrx_word' id='word_1_523' title='bbox 3369 4569 3645 4626; x_wconf 86' lang='lat' dir='ltr'>volubilis</span> <span class='ocrx_word' id='word_1_524' title='bbox 3667 4572 3737 4627; x_wconf 90' lang='lat' dir='ltr'>ad</span> 
     </span>
    </p>
   </div>
   <div class='ocr_carea' id='block_1_74' title="bbox 325 4650 1935 4729">
    <p class='ocr_par' dir='ltr' id='par_1_74' title="bbox 325 4650 1927 4729">
     <span class='ocr_line' id='line_1_74' title="bbox 325 4650 1927 4729; baseline 0.002 -21"><span class='ocrx_word' id='word_1_525' title='bbox 325 4654 629 4729; x_wconf 79' lang='grc' dir='ltr'>χίστροφος</span> <span class='ocrx_word' id='word_1_526' title='bbox 662 4657 696 4723; x_wconf 82' lang='grc' dir='ltr'>ἡ</span> <span class='ocrx_word' id='word_1_527' title='bbox 727 4654 866 4728; x_wconf 87' lang='grc' dir='ltr'>πρὸς</span> <span class='ocrx_word' id='word_1_528' title='bbox 893 4656 1236 4710; x_wconf 89' lang='grc' dir='ltr'>τὸ-ταπεινὸν</span> <span class='ocrx_word' id='word_1_529' title='bbox 1281 4650 1566 4728; x_wconf 74' lang='grc' dir='ltr'>μεταϐολή</span> <span class='ocrx_word' id='word_1_530' title='bbox 1615 4657 1702 4711; x_wconf 77' lang='grc' dir='ltr'>καὶ</span> <span class='ocrx_word' id='word_1_531' title='bbox 1753 4661 1927 4711; x_wconf 82' lang='grc' dir='ltr'>πτῶσι</span> 
     </span>
    </p>
   </div>
   <div class='ocr_carea' id='block_1_75' title="bbox 2125 4650 3735 4729">
    <p class='ocr_par' dir='ltr' id='par_1_75' title="bbox 2125 4657 3735 4727">
     <span class='ocr_line' id='line_1_75' title="bbox 2125 4657 3735 4727; baseline 0.002 -14"><span class='ocrx_word' id='word_1_532' title='bbox 2125 4659 2490 4715; x_wconf 73' lang='grc' dir='ltr'>ιιιιιιὶιίιιιιοιιι</span> <span class='ocrx_word' id='word_1_533' title='bbox 2526 4661 2776 4715; x_wconf 89' lang='lat' dir='ltr'>mutatio</span> <span class='ocrx_word' id='word_1_534' title='bbox 2794 4666 2850 4714; x_wconf 89' lang='lat' dir='ltr'>et</span> <span class='ocrx_word' id='word_1_535' title='bbox 2881 4674 3078 4727; x_wconf 82' lang='lat' dir='ltr'>casus,</span> <span class='ocrx_word' id='word_1_536' title='bbox 3103 4657 3451 4715; x_wconf 86' lang='lat' dir='ltr'>utdivinum</span> <span class='ocrx_word' id='word_1_537' title='bbox 3493 4660 3735 4716; x_wconf 88' lang='lat' dir='ltr'>verbum</span> 
     </span>
    </p>
   </div>
   <div class='ocr_carea' id='block_1_76' title="bbox 323 4739 1933 4819">
    <p class='ocr_par' dir='ltr' id='par_1_76' title="bbox 323 4739 1149 4819">
     <span class='ocr_line' id='line_1_76' title="bbox 323 4739 1149 4819; baseline 0.005 -23"><span class='ocrx_word' id='word_1_538' title='bbox 323 4743 400 4804; x_wconf 79' lang='grc' dir='ltr'>ὡς</span> <span class='ocrx_word' id='word_1_539' title='bbox 431 4743 460 4798; x_wconf 84' lang='grc' dir='ltr'>ὁ</span> <span class='ocrx_word' id='word_1_540' title='bbox 492 4748 662 4806; x_wconf 81' lang='grc' dir='ltr'>θιῖοις</span> <span class='ocrx_word' id='word_1_541' title='bbox 691 4739 930 4799; x_wconf 86' lang='grc' dir='ltr'>διδάσκει</span> <span class='ocrx_word' id='word_1_542' title='bbox 965 4743 1149 4819; x_wconf 87' lang='grc' dir='ltr'>λόγος.</span> 
     </span>
    </p>
   </div>
   <div class='ocr_carea' id='block_1_77' title="bbox 667 4739 2277 4819">
    <p class='ocr_par' dir='ltr' id='par_1_77' title="bbox 691 4739 2277 4819">
     <span class='ocr_line' id='line_1_77' title="bbox 691 4739 2277 4819; baseline 0.003 -22"><span class='ocrx_word' id='word_1_543' title='bbox 691 4739 930 4799; x_wconf 86' lang='grc' dir='ltr'>διδάσκει</span> <span class='ocrx_word' id='word_1_544' title='bbox 965 4743 1149 4819; x_wconf 87' lang='grc' dir='ltr'>λόγος.</span> <span class='ocrx_word' id='word_1_545' title='bbox 2095 4750 2277 4804; x_wconf 84' lang='lat' dir='ltr'>docet.</span> 
     </span>
    </p>
   </div>
   <div class='ocr_carea' id='block_1_78' title="bbox 1308 4881 2752 4954">
    <p class='ocr_par' dir='ltr' id='par_1_78' title="bbox 1308 4881 2752 4954">
     <span class='ocr_line' id='line_1_78' title="bbox 1308 4881 2752 4954; baseline 0.002 -20"><span class='ocrx_word' id='word_1_546' title='bbox 1308 4881 1390 4937; x_wconf 78' lang='lat' dir='ltr'>Ea;</span> <span class='ocrx_word' id='word_1_547' title='bbox 1422 4881 1512 4936; x_wconf 85' lang='lat' dir='ltr'>lib.</span> <span class='ocrx_word' id='word_1_548' title='bbox 1552 4897 1611 4950; x_wconf 86' lang='lat'>11,</span> <span class='ocrx_word' id='word_1_549' title='bbox 1641 4895 1810 4938; x_wconf 78' lang='lat' dir='ltr'>serm.</span> <span class='ocrx_word' id='word_1_550' title='bbox 1844 4882 1932 4950; x_wconf 86' lang='lat'>87,</span> <span class='ocrx_word' id='word_1_551' title='bbox 1968 4881 2140 4940; x_wconf 70' lang='lat' dir='ltr'>Graec.</span> <span class='ocrx_word' id='word_1_552' title='bbox 2173 4897 2335 4937; x_wconf 78' lang='lat' dir='ltr'>serm.</span> <span class='ocrx_word' id='word_1_553' title='bbox 2359 4881 2449 4954; x_wconf 85' lang='lat'>82,</span> <span class='ocrx_word' id='word_1_554' title='bbox 2481 4898 2605 4954; x_wconf 86' lang='lat' dir='ltr'>pag.</span> <span class='ocrx_word' id='word_1_555' title='bbox 2632 4882 2752 4937; x_wconf 82' lang='grc'><strong>141.</strong></span> 
     </span>
    </p>
   </div>
   <div class='ocr_carea' id='block_1_79' title="bbox 393 4987 2003 5074">
    <p class='ocr_par' dir='ltr' id='par_1_79' title="bbox 393 4987 1971 5074">
     <span class='ocr_line' id='line_1_79' title="bbox 393 4987 1971 5074; baseline 0.003 -27"><span class='ocrx_word' id='word_1_556' title='bbox 393 4991 493 5047; x_wconf 78' lang='grc' dir='ltr'>Καὶ</span> <span class='ocrx_word' id='word_1_557' title='bbox 527 4987 693 5068; x_wconf 80' lang='grc' dir='ltr'>λόγος</span> <span class='ocrx_word' id='word_1_558' title='bbox 722 4994 958 5069; x_wconf 85' lang='grc' dir='ltr'>καθαρὸς</span> <span class='ocrx_word' id='word_1_559' title='bbox 1007 4993 1096 5050; x_wconf 85' lang='grc' dir='ltr'>καὶ</span> <span class='ocrx_word' id='word_1_560' title='bbox 1132 4995 1252 5071; x_wconf 78' lang='grc' dir='ltr'>βίος</span> <span class='ocrx_word' id='word_1_561' title='bbox 1282 4993 1626 5067; x_wconf 81' lang='grc' dir='ltr'>ἀκηλίδωτος</span> <span class='ocrx_word' id='word_1_562' title='bbox 1661 4997 1853 5074; x_wconf 84' lang='grc' dir='ltr'>θρόνος</span> <span class='ocrx_word' id='word_1_563' title='bbox 1883 4997 1971 5052; x_wconf 86' lang='grc' dir='ltr'>καὶ</span> 
     </span>
    </p>
   </div>
   <div class='ocr_carea' id='block_1_80' title="bbox 2124 4987 3734 5074">
    <p class='ocr_par' dir='ltr' id='par_1_80' title="bbox 2156 4999 3734 5072">
     <span class='ocr_line' id='line_1_80' title="bbox 2156 4999 3734 5072; baseline 0.001 -16"><span class='ocrx_word' id='word_1_564' title='bbox 2156 5000 2360 5056; x_wconf 90' lang='lat' dir='ltr'>Sermo</span> <span class='ocrx_word' id='word_1_565' title='bbox 2392 5016 2576 5072; x_wconf 91' lang='lat' dir='ltr'>purus</span> <span class='ocrx_word' id='word_1_566' title='bbox 2605 5003 2662 5056; x_wconf 91' lang='lat' dir='ltr'>et</span> <span class='ocrx_word' id='word_1_567' title='bbox 2690 5000 2808 5056; x_wconf 84' lang='lat' dir='ltr'>vita</span> <span class='ocrx_word' id='word_1_568' title='bbox 2840 4999 3222 5058; x_wconf 87' lang='lat' dir='ltr'>immaculata</span> <span class='ocrx_word' id='word_1_569' title='bbox 3251 5004 3393 5056; x_wconf 88' lang='lat' dir='ltr'>sunt</span> <span class='ocrx_word' id='word_1_570' title='bbox 3408 4999 3658 5057; x_wconf 85' lang='lat' dir='ltr'>thronus</span> <span class='ocrx_word' id='word_1_571' title='bbox 3681 5007 3734 5057; x_wconf 88' lang='lat' dir='ltr'>et</span> 
     </span>
    </p>
   </div>
   <div class='ocr_carea' id='block_1_81' title="bbox 317 5080 1927 5164">
    <p class='ocr_par' dir='ltr' id='par_1_81' title="bbox 317 5080 1222 5153">
     <span class='ocr_line' id='line_1_81' title="bbox 317 5080 1222 5153; baseline 0.006 -17"><span class='ocrx_word' id='word_1_572' title='bbox 317 5081 447 5147; x_wconf 84' lang='grc' dir='ltr'>ναός</span> <span class='ocrx_word' id='word_1_573' title='bbox 477 5080 619 5137; x_wconf 82' lang='grc' dir='ltr'>ἐστιν</span> <span class='ocrx_word' id='word_1_574' title='bbox 649 5081 912 5153; x_wconf 83' lang='grc' dir='ltr'>ἀληθινὸς</span> <span class='ocrx_word' id='word_1_575' title='bbox 941 5088 1038 5138; x_wconf 89' lang='grc' dir='ltr'>τοῦ</span> <span class='ocrx_word' id='word_1_576' title='bbox 1069 5089 1222 5141; x_wconf 87' lang='grc' dir='ltr'>Θεοῦ.</span> 
     </span>
    </p>
   </div>
   <div class='ocr_carea' id='block_1_82' title="bbox 1142 5080 2752 5164">
    <p class='ocr_par' dir='ltr' id='par_1_82' title="bbox 1142 5089 2752 5164">
     <span class='ocr_line' id='line_1_82' title="bbox 1142 5089 2752 5164; baseline 0.004 -24"><span class='ocrx_word' id='word_1_577' title='bbox 1142 5089 1222 5141; x_wconf 90' lang='grc' dir='ltr'>οῦ.</span> <span class='ocrx_word' id='word_1_578' title='bbox 2082 5091 2369 5164; x_wconf 90' lang='lat' dir='ltr'>templum</span> <span class='ocrx_word' id='word_1_579' title='bbox 2400 5090 2501 5146; x_wconf 90' lang='lat' dir='ltr'>Dei</span> <span class='ocrx_word' id='word_1_580' title='bbox 2533 5106 2752 5146; x_wconf 86' lang='lat' dir='ltr'>verum.</span> 
     </span>
    </p>
   </div>
   <div class='ocr_carea' id='block_1_83' title="bbox 386 5260 2474 5340">
    <p class='ocr_par' dir='ltr' id='par_1_83' title="bbox 386 5260 2474 5340">
     <span class='ocr_line' id='line_1_83' title="bbox 386 5260 2474 5340; baseline 0.004 -26"><span class='ocrx_word' id='word_1_581' title='bbox 386 5260 505 5333; x_wconf 81' lang='lat'>(92)</span> <span class='ocrx_word' id='word_1_582' title='bbox 538 5264 726 5334; x_wconf 81' lang='lat' dir='ltr'>Atque</span> <span class='ocrx_word' id='word_1_583' title='bbox 755 5261 886 5340; x_wconf 11' lang='lat' dir='ltr'>hac,</span> <span class='ocrx_word' id='word_1_584' title='bbox 907 5265 1143 5340; x_wconf 81' lang='lat' dir='ltr'>quidem</span> <span class='ocrx_word' id='word_1_585' title='bbox 1179 5266 1238 5320; x_wconf 94' lang='lat' dir='ltr'>in</span> <span class='ocrx_word' id='word_1_586' title='bbox 1286 5265 1460 5322; x_wconf 88' lang='lat' dir='ltr'>editis</span> <span class='ocrx_word' id='word_1_587' title='bbox 1488 5265 1809 5340; x_wconf 75' lang='lat' dir='ltr'>Clementis</span> <span class='ocrx_word' id='word_1_588' title='bbox 1839 5281 1973 5340; x_wconf 45' lang='lat' dir='ltr'>ope:</span> <span class='ocrx_word' id='word_1_589' title='bbox 2084 5284 2254 5340; x_wconf 81' lang='lat' dir='ltr'>opera</span> <span class='ocrx_word' id='word_1_590' title='bbox 2280 5268 2474 5340; x_wconf 79' lang='lat' dir='ltr'>faciat.</span> 
     </span>
    </p>
   </div>
   <div class='ocr_carea' id='block_1_84' title="bbox 316 5330 2668 5416">
    <p class='ocr_par' dir='ltr' id='par_1_84' title="bbox 316 5330 2668 5416">
     <span class='ocr_line' id='line_1_84' title="bbox 316 5330 2668 5416; baseline 0.004 -30"><span class='ocrx_word' id='word_1_591' title='bbox 316 5330 494 5416; x_wconf 66' lang='lat' dir='ltr'>ribus</span> <span class='ocrx_word' id='word_1_592' title='bbox 515 5330 898 5416; x_wconf 49' lang='lat' dir='ltr'>non&#39;exstant</span> <span class='ocrx_word' id='word_1_593' title='bbox 923 5330 942 5389; x_wconf 76' lang='grc' dir='ltr'><em>ἶ</em></span> <span class='ocrx_word' id='word_1_594' title='bbox 971 5336 1446 5416; x_wconf 69' lang='lat' dir='ltr'>habetur_autem</span> <span class='ocrx_word' id='word_1_595' title='bbox 1500 5337 1702 5416; x_wconf 69' lang='lat' dir='ltr'>simile</span> <span class='ocrx_word' id='word_1_596' title='bbox 1739 5330 1972 5416; x_wconf 66' lang='lat' dir='ltr'>aliquod</span> <span class='ocrx_word' id='word_1_597' title='bbox 2122 5330 2450 5416; x_wconf 58' lang='lat' dir='ltr'>&#39;(9§)&#39;I_.ege</span> <span class='ocrx_word' id='word_1_598' title='bbox 2479 5340 2668 5416; x_wconf 76' lang='grc' dir='ltr'>φυτοῦ.</span> 
     </span>
    </p>
   </div>
   <div class='ocr_carea' id='block_1_85' title="bbox 315 5402 1925 5486">
    <p class='ocr_par' dir='ltr' id='par_1_85' title="bbox 315 5402 1925 5486">
     <span class='ocr_line' id='line_1_85' title="bbox 315 5402 1925 5486; baseline 0.004 -30"><span class='ocrx_word' id='word_1_599' title='bbox 315 5402 542 5486; x_wconf 65' lang='lat' dir='ltr'>dictum</span> <span class='ocrx_word' id='word_1_600' title='bbox 574 5405 676 5486; x_wconf 27' lang='lat' dir='ltr'>libi.</span> <span class='ocrx_word' id='word_1_601' title='bbox 709 5422 767 5462; x_wconf 82' lang='lat' dir='ltr'>v1</span> <span class='ocrx_word' id='word_1_602' title='bbox 800 5408 1030 5486; x_wconf 43' lang='lat' dir='ltr'>stram”</span> <span class='ocrx_word' id='word_1_603' title='bbox 1064 5425 1117 5486; x_wconf 91' lang='lat' dir='ltr'>p.</span> <span class='ocrx_word' id='word_1_604' title='bbox 1150 5409 1292 5486; x_wconf 56' lang='lat'>665,</span> <span class='ocrx_word' id='word_1_605' title='bbox 1332 5410 1431 5464; x_wconf 90' lang='lat' dir='ltr'>ubi</span> <span class='ocrx_word' id='word_1_606' title='bbox 1465 5411 1596 5486; x_wconf 86' lang='lat' dir='ltr'>_a_it:</span> <span class='ocrx_word' id='word_1_607' title='bbox 1630 5408 1758 5486; x_wconf 82' lang='grc' dir='ltr'>Οὐχ</span> <span class='ocrx_word' id='word_1_608' title='bbox 1779 5409 1816 5486; x_wconf 31' lang='grc' dir='ltr'>,ὁ</span> <span class='ocrx_word' id='word_1_609' title='bbox 1835 5402 1925 5464; x_wconf 64' lang='grc' dir='ltr'>ἲιπ</span> 
     </span>
    </p>
   </div>
   <div class='ocr_carea' id='block_1_86' title="bbox 1121 5402 2731 5486">
    <p class='ocr_par' dir='ltr' id='par_1_86' title="bbox 1150 5402 2731 5486">
     <span class='ocr_line' id='line_1_86' title="bbox 1150 5402 2731 5486; baseline 0.002 -23"><span class='ocrx_word' id='word_1_610' title='bbox 1150 5409 1292 5486; x_wconf 54' lang='lat'>665,</span> <span class='ocrx_word' id='word_1_611' title='bbox 1332 5410 1431 5464; x_wconf 87' lang='lat' dir='ltr'>ubi</span> <span class='ocrx_word' id='word_1_612' title='bbox 1465 5411 1596 5486; x_wconf 84' lang='lat' dir='ltr'>_a_it:</span> <span class='ocrx_word' id='word_1_613' title='bbox 1630 5408 1758 5486; x_wconf 82' lang='grc' dir='ltr'>Οὐχ</span> <span class='ocrx_word' id='word_1_614' title='bbox 1779 5409 1816 5486; x_wconf 33' lang='grc' dir='ltr'>,ὁ</span> <span class='ocrx_word' id='word_1_615' title='bbox 1835 5402 1974 5486; x_wconf 50' lang='lat' dir='ltr'>lime-</span> <span class='ocrx_word' id='word_1_616' title='bbox 2299 5402 2467 5486; x_wconf 58' lang='lat' dir='ltr'>Eorte</span> <span class='ocrx_word' id='word_1_617' title='bbox 2491 5402 2731 5486; x_wconf 73' lang='grc' dir='ltr'>μέτριον.</span> 
     </span>
    </p>
   </div>
   <div class='ocr_carea' id='block_1_87' title="bbox 316 5417 1926 5555">
    <p class='ocr_par' dir='ltr' id='par_1_87' title="bbox 316 5417 1926 5555">
     <span class='ocr_line' id='line_1_87' title="bbox 316 5417 1926 5479; baseline 0.001 -22"><span class='ocrx_word' id='word_1_618' title='bbox 316 5417 542 5458; x_wconf 78' lang='lat' dir='ltr'>dictum</span> <span class='ocrx_word' id='word_1_619' title='bbox 574 5417 676 5459; x_wconf 82' lang='lat' dir='ltr'>Im.</span> <span class='ocrx_word' id='word_1_620' title='bbox 709 5422 767 5462; x_wconf 82' lang='lat' dir='ltr'>v1</span> <span class='ocrx_word' id='word_1_621' title='bbox 800 5417 1030 5472; x_wconf 68' lang='lat' dir='ltr'>suam,</span> <span class='ocrx_word' id='word_1_622' title='bbox 1064 5425 1117 5479; x_wconf 94' lang='lat' dir='ltr'>p.</span> <span class='ocrx_word' id='word_1_623' title='bbox 1150 5417 1279 5473; x_wconf 84' lang='lat'>665,</span> <span class='ocrx_word' id='word_1_624' title='bbox 1332 5417 1431 5464; x_wconf 88' lang='lat' dir='ltr'>ubi</span> <span class='ocrx_word' id='word_1_625' title='bbox 1479 5417 1596 5464; x_wconf 86' lang='lat' dir='ltr'>ait:</span> <span class='ocrx_word' id='word_1_626' title='bbox 1630 5417 1710 5465; x_wconf 84' lang='grc' dir='ltr'>υύ</span> <span class='ocrx_word' id='word_1_627' title='bbox 1787 5417 1816 5463; x_wconf 87' lang='grc' dir='ltr'>ὁ</span> <span class='ocrx_word' id='word_1_628' title='bbox 1844 5417 1926 5464; x_wconf 68' lang='grc' dir='ltr'>ἀπε</span> 
     </span>
     <span class='ocr_line' id='line_1_88' title="bbox 316 5428 1926 5555; baseline 0.004 -28"><span class='ocrx_word' id='word_1_629' title='bbox 316 5471 562 5555; x_wconf 70' lang='grc' dir='ltr'>γόμενος</span> <span class='ocrx_word' id='word_1_630' title='bbox 600 5476 764 5555; x_wconf 80' lang='grc' dir='ltr'>μόνον</span> <span class='ocrx_word' id='word_1_631' title='bbox 807 5483 908 5548; x_wconf 85' lang='grc' dir='ltr'>τῆς</span> <span class='ocrx_word' id='word_1_632' title='bbox 943 5485 1124 5555; x_wconf 67' lang='grc' dir='ltr'>κακῇς</span> <span class='ocrx_word' id='word_1_633' title='bbox 1158 5479 1409 5555; x_wconf 54' lang='grc' dir='ltr'>πράξεως</span> <span class='ocrx_word' id='word_1_634' title='bbox 1462 5479 1694 5552; x_wconf 80' lang='grc' dir='ltr'>δίκαιος,</span> <span class='ocrx_word' id='word_1_635' title='bbox 1715 5428 1829 5535; x_wconf 49' lang='lat' dir='ltr'>xta“;</span> <span class='ocrx_word' id='word_1_636' title='bbox 1873 5503 1926 5555; x_wconf 21' lang='grc' dir='ltr'>Αμ</span> 
     </span>
    </p>
   </div>
   <div class='ocr_carea' id='block_1_88' title="bbox 1457 5417 3067 5555">
    <p class='ocr_par' dir='ltr' id='par_1_88' title="bbox 1462 5417 3067 5555">
     <span class='ocr_line' id='line_1_89' title="bbox 1479 5417 2732 5549; baseline 0.002 -85"><span class='ocrx_word' id='word_1_637' title='bbox 1479 5417 1596 5464; x_wconf 87' lang='lat' dir='ltr'>ait:</span> <span class='ocrx_word' id='word_1_638' title='bbox 1630 5417 1765 5534; x_wconf 71' lang='grc' dir='ltr'>υῠχἒ</span> <span class='ocrx_word' id='word_1_639' title='bbox 1787 5417 1816 5463; x_wconf 87' lang='grc' dir='ltr'>ὁ</span> <span class='ocrx_word' id='word_1_640' title='bbox 1844 5417 1974 5464; x_wconf 82' lang='grc' dir='ltr'>ἀπε·</span> <span class='ocrx_word' id='word_1_641' title='bbox 2155 5417 2269 5549; x_wconf 55' lang='lat'>(95)</span> <span class='ocrx_word' id='word_1_642' title='bbox 2301 5417 2467 5467; x_wconf 87' lang='lat' dir='ltr'>Forte</span> <span class='ocrx_word' id='word_1_643' title='bbox 2493 5417 2732 5486; x_wconf 72' lang='grc' dir='ltr'>μέτριον.</span> 
     </span>
     <span class='ocr_line' id='line_1_90' title="bbox 1462 5479 3067 5555; baseline -0.001 -19"><span class='ocrx_word' id='word_1_644' title='bbox 1462 5479 1694 5552; x_wconf 80' lang='grc' dir='ltr'>δίκαιος,</span> <span class='ocrx_word' id='word_1_645' title='bbox 1770 5481 1829 5555; x_wconf 81' lang='grc' dir='ltr'>διν</span> <span class='ocrx_word' id='word_1_646' title='bbox 1873 5482 1970 5555; x_wconf 11' lang='grc' dir='ltr'>,μὴ</span> <span class='ocrx_word' id='word_1_647' title='bbox 2156 5483 2248 5555; x_wconf 88' lang='grc'>(96</span> <span class='ocrx_word' id='word_1_648' title='bbox 2298 5483 2502 5555; x_wconf 72' lang='lat' dir='ltr'>Versio</span> <span class='ocrx_word' id='word_1_649' title='bbox 2531 5485 2673 5539; x_wconf 78' lang='lat' dir='ltr'>forte</span> <span class='ocrx_word' id='word_1_650' title='bbox 2704 5481 3067 5555; x_wconf 86' lang='lat' dir='ltr'>corrigenda.</span> 
     </span>
    </p>
   </div>
   <div class='ocr_carea' id='block_1_89' title="bbox 317 5548 1927 5629">
    <p class='ocr_par' dir='ltr' id='par_1_89' title="bbox 317 5548 1927 5629">
     <span class='ocr_line' id='line_1_91' title="bbox 317 5548 1927 5629; baseline 0.004 -30"><span class='ocrx_word' id='word_1_651' title='bbox 317 5549 820 5629; x_wconf 66' lang='grc' dir='ltr'>προσεξεργάσηται</span> <span class='ocrx_word' id='word_1_652' title='bbox 870 5549 960 5629; x_wconf 64' lang='grc' dir='ltr'>καὶ</span> <span class='ocrx_word' id='word_1_653' title='bbox 1019 5551 1081 5604; x_wconf 88' lang='grc' dir='ltr'>τὸ</span> <span class='ocrx_word' id='word_1_654' title='bbox 1132 5548 1429 5629; x_wconf 30' lang='grc' dir='ltr'>ἐῦξποιεῖν.</span> <span class='ocrx_word' id='word_1_655' title='bbox 1465 5556 1588 5629; x_wconf 59' lang='lat' dir='ltr'>Non</span> <span class='ocrx_word' id='word_1_656' title='bbox 1617 5548 1714 5626; x_wconf 72' lang='grc' dir='ltr'>(ιιιί</span> <span class='ocrx_word' id='word_1_657' title='bbox 1741 5548 1927 5629; x_wconf 65' lang='lat' dir='ltr'>abstiii.</span> 
     </span>
    </p>
   </div>
   <div class='ocr_carea' id='block_1_90' title="bbox 2113 5548 3723 5629">
    <p class='ocr_par' dir='ltr' id='par_1_90' title="bbox 2113 5548 3723 5629">
     <span class='ocr_line' id='line_1_92' title="bbox 2113 5548 3723 5629; baseline 0.005 -24"><span class='ocrx_word' id='word_1_658' title='bbox 2113 5548 2541 5629; x_wconf 69' lang='lat' dir='ltr'>_(97)_Ge_mina</span> <span class='ocrx_word' id='word_1_659' title='bbox 2590 5548 2888 5610; x_wconf 66' lang='lat' dir='ltr'>habentur</span> <span class='ocrx_word' id='word_1_660' title='bbox 2934 5553 3034 5608; x_wconf 93' lang='lat' dir='ltr'>lib.</span> <span class='ocrx_word' id='word_1_661' title='bbox 3085 5571 3104 5611; x_wconf 87' lang='lat'>1</span> <span class='ocrx_word' id='word_1_662' title='bbox 3151 5559 3360 5613; x_wconf 82' lang='lat' dir='ltr'>Strom.</span> <span class='ocrx_word' id='word_1_663' title='bbox 3416 5573 3473 5629; x_wconf 88' lang='lat' dir='ltr'>p.</span> <span class='ocrx_word' id='word_1_664' title='bbox 3523 5555 3628 5612; x_wconf 89' lang='lat'>350</span> <span class='ocrx_word' id='word_1_665' title='bbox 3659 5557 3723 5613; x_wconf 92' lang='lat' dir='ltr'>D.</span> 
     </span>
    </p>
   </div>
   <div class='ocr_carea' id='block_1_91' title="bbox 315 5620 2419 5699">
    <p class='ocr_par' dir='ltr' id='par_1_91' title="bbox 315 5620 2419 5699">
     <span class='ocr_line' id='line_1_93' title="bbox 315 5620 2419 5699; baseline 0.004 -25"><span class='ocrx_word' id='word_1_666' title='bbox 315 5620 499 5677; x_wconf 69' lang='lat' dir='ltr'>solum</span> <span class='ocrx_word' id='word_1_667' title='bbox 530 5620 562 5676; x_wconf 77' lang='grc' dir='ltr'><em>α</em></span> <span class='ocrx_word' id='word_1_668' title='bbox 600 5620 784 5694; x_wconf 73' lang='grc' dir='ltr'>’μναυα</span> <span class='ocrx_word' id='word_1_669' title='bbox 831 5623 1046 5680; x_wconf 76' lang='lat' dir='ltr'>actione</span> <span class='ocrx_word' id='word_1_670' title='bbox 1073 5627 1152 5680; x_wconf 75' lang='lat' dir='ltr'>est</span> <span class='ocrx_word' id='word_1_671' title='bbox 1169 5626 1375 5697; x_wconf 73' lang='lat' dir='ltr'>justus,</span> <span class='ocrx_word' id='word_1_672' title='bbox 1412 5626 1530 5683; x_wconf 74' lang='lat' dir='ltr'>nisi</span> <span class='ocrx_word' id='word_1_673' title='bbox 1556 5620 1784 5699; x_wconf 73' lang='lat' dir='ltr'>iniupcr</span> <span class='ocrx_word' id='word_1_674' title='bbox 1834 5627 1972 5682; x_wconf 82' lang='lat' dir='ltr'>bona</span> <span class='ocrx_word' id='word_1_675' title='bbox 2083 5620 2213 5682; x_wconf 69' lang='lat' dir='ltr'>Haec</span> <span class='ocrx_word' id='word_1_676' title='bbox 2243 5626 2419 5682; x_wconf 82' lang='lat' dir='ltr'>Grab.</span> 
     </span>
    </p>
   </div>
  </div>
