4078 6146
363 285 473 340 755

1601 285 2006 338 CLEMENTIS
2041 284 2540 341 ALEXANDRINI

3678 287 3793 342 756

1995 450 2157 520 :x1v.

1058 567 1559 625 FBAGMENTUM
1586 566 1809 624 ΛΟΓΟΥ
1847 568 2040 624 ΓΑΜΙ]

2170 609 2184 635 ,
2231 568 2392 625 SIVE
2425 570 2618 626 LIBRI
2651 571 2737 626 DE
2772 569 3085 627 NUPTIIS.

525 697 608 753 Bx
633 694 865 750 Maximi
890 709 1052 750 eorm.
1087 693 1140 761 3,
1171 709 1226 764 p.
1260 691 1386 748 538.
1421 691 1501 748 De
1532 690 1817 765 pudicitia
1849 695 1907 747 et
1935 693 2227 763 castitate,
2259 697 2310 748 et
2337 694 2496 749 Joan.
2531 694 2854 751 Damasceni
2886 692 2984 749 lib.
3012 710 3074 750 ιιι
3097 692 3393 760 Parallel.,
3424 709 3528 767 cap
3552 697 3643 753 27.

442 821 749 894 Virginum
784 820 1081 890 corruptio
1115 819 1330 874 dicitur
1353 835 1467 873 non
1491 817 1682 873 solum
1709 819 2009 886 scortatio,

2197 817 2483 894 Παρθένων
2539 819 2712 897 φθορὰ
2758 818 2971 894 λέγεται
3005 818 3066 874 οὐ
3125 821 3289 891 μόνον
3340 819 3587 894 πορνεία,
3635 821 3786 878 ἀλλὰ

373 927 578 967 verum
609 911 782 966 etiam
816 909 1137 965 immatura
1167 911 1335 964 aetate
1366 906 1631 977 elocatio,
1664 924 1822 976 cum,
1856 907 2018 964 utita

2170 907 2215 961 αἱ
2259 909 2294 976 ἠ
2351 909 2458 983 πρὸ
2504 912 2696 983 καιροῦ
2749 906 2980 969 ἕκδοσιςο
3042 909 3192 977 ὅταν,
3246 909 3320 970 ὡς
3374 909 3567 980 εἰπεῖν,
3599 910 3779 984 ἄωρος

379 999 593 1064 dicam,
626 999 948 1054 immatura
975 998 1098 1054 viro
1121 996 1401 1067 elocatur,
1433 995 1522 1052 vel
1557 1012 1589 1051 a
1619 997 1836 1068 seipsa,
1869 995 1954 1052 vel
1988 1015 2022 1053 a

2170 993 2328 1070 εδοοῇ
2384 1001 2462 1069 τῷ
2521 995 2673 1073 ἀνδρὶ
2725 997 2850 1067 ἤτοι
2910 997 2997 1067 ἀφ’
3050 997 3246 1067 ἑαυτῆς
3279 997 3314 1066 ἢ
3374 999 3523 1074 παρὰ
3552 1003 3655 1054 τῶν
3693 1022 3820 1076 γοα,

373 1087 740 1161 parentibus.

2134 1087 2267 1140 νὲων
2298 1088 2438 1160 (98).

2024 1344 2136 1402 XV.

869 1457 1316 1516 FRAGMENTA
1348 1458 1809 1516 DIVERSORUM
1841 1459 2210 1516 LIBRORUM
2243 1459 2809 1517 DEPERDITORUM
2838 1458 3049 1516 CLEM.
3076 1460 3284 1516 ALEX.

383 1597 468 1651 Ex
496 1592 736 1651 Maximi
773 1609 940 1649 serm.
969 1610 1048 1662 xi,
1077 1609 1132 1663 p.
1188 1593 1312 1648 565.
1373 1595 1539 1649 Joan.
1593 1593 1919 1650 Damasceni
1974 1595 2072 1650 tib.
2108 1612 2149 1649 ιι
2184 1592 2446 1650 Parallel.
2505 1611 2534 1649 c
2561 1594 2651 1664 70,
2683 1602 2738 1649 et
2764 1593 2992 1650 Antonii
3043 1595 3250 1650 Metiss.
3285 1595 3385 1650 tib.
3415 1613 3434 1650 ι
3488 1612 3651 1652 scrm.
3684 1599 3776 1654 52.

1062 1668 1239 1721 Graec.
1272 1667 1388 1720 Lat.
1417 1681 1579 1720 serm.
1612 1682 1669 1737 p.
1700 1666 1793 1734 72,
1823 1673 1876 1721 et
1905 1665 2025 1722 cod.

2170 1681 2286 1722 'occ.
2342 1667 2466 1731 143,
2489 1666 2594 1738 fol.
2624 1666 2743 1734 171,
2765 1682 2889 1737 pag.
2927 1667 2952 1720 1
2978 1669 3030 1721 et
3056 1669 3110 1721 2.

451 1806 734 1864 Amicitia
767 1808 1008 1864 morbus
1035 1811 1124 1864 est
1155 1807 1434 1864 adulatio.

454 1895 725 1968 Plerique
755 1896 1066 1952 hominum
1107 1897 1373 1953 fortunas
1427 1897 1762 1969 principum
1818 1897 2029 1970 magis,

385 2000 562 2058 quam
595 1985 757 2058 ipsos
784 1986 1082 2059 principes
1110 1985 1298 2044 colere
1329 1985 1541 2042 solent.

2213 1805 2387 1870 Νόσος
2417 1803 2603 1882 φιλίας
2632 1808 2666 1874 ἡ
2701 1805 2978 1862 κολακεία.

2211 1897 2316 1960 Τὰς
2338 1899 2445 1949 τῶν
2477 1894 2762 1971 ἀρχόντων
2793 1893 3084 1970 εὐπραγίας
3117 1891 3334 1968 μᾶλλον
3372 1895 3408 1966 ἢ
3431 1895 3555 1959 τοὺς
3585 1899 3791 1975 ἄρχον-

2139 2004 2233 2046 τας
2263 1984 2461 2046 αὐτοὺς
2494 1983 2712 2039 εἰώθασι
2745 1984 3056 2060 θεραπεύειν
3089 1983 3406 2040 οἱπλεῖστοι
3437 1988 3568 2059 (99).

383 2163 469 2218 Ex
495 2162 733 2220 Maximi
757 2179 923 2221 term.
960 2164 1046 2235 13,
1074 2181 1181 2237 pag
1210 2165 1336 2232 574,
1365 2169 1420 2220 et
1448 2165 1678 2221 Antonii
1703 2164 1903 2222 Metios.
2095 2181 2350 2292 nhserm.
2413 2165 2504 2232 34,
2539 2164 2707 2222 Graec.
2742 2165 2859 2220 Lat.
2893 2179 3057 2222 serm.
3092 2165 3182 2234 32,
3231 2180 3351 2237 pag.
3382 2163 3469 2233 45,
3502 2167 3555 2219 et
3601 2179 3767 2220 serm.

2025 2282 2040 2292 .
2062 2254 2117 2292 υ.
2217 2279 2229 2292 .

2025 2282 2040 2308 ,
2062 2254 2117 2309 p.
2140 2254 2229 2292 tu.

453 2376 799 2434 Sobrietatis
819 2377 1356 2446 amatores,luxum
1390 2383 1672 2452 tanquam
1705 2379 1887 2436 animi
1906 2396 2035 2436 cor-

2217 2374 2562 2452 ὀλιγοδείας
2598 2377 2691 2450 μὲν
2725 2375 2966 2453 ἐρασταὶ,
2999 2375 3355 2433 πο).υτελειαν
3390 2372 3445 2432 δὲ
3491 2375 3561 2438 ὡς
3603 2379 3786 2451 ψυχῆς

387 2467 668 2539 porisque
699 2467 995 2538 morbum,
1027 2467 1308 2524 devitant.

453 2557 670 2614 Rerum
693 2557 1164 2614 necessariarum
1190 2557 1487 2630 possessio
1506 2561 1564 2614 et
1582 2575 1726 2616 usus
1744 2576 1861 2615 non
1883 2576 2034 2631 qua-

386 2645 617 2702 litatem
647 2646 883 2703 noxiam
918 2647 1113 2712 habet,
1147 2647 1269 2718 sed,
1320 2663 1448 2718 quae
1497 2647 1738 2703 modum
1785 2649 2032 2718 excedit,

396 2735 803 2807 quantitatem.

459 2823 732 2880 Paucitas
759 2823 872 2881 cibi
902 2825 1301 2881 necessarium
1333 2825 1556 2882 bonum
1588 2830 1696 2881 est.

2141 2468 2231 2524 καὶ
2264 2469 2518 2540 σώματος
2548 2466 2701 2522 νόσον
2728 2465 3139 2541 ἐκτρεπόμενοι.

2214 2559 2276 2613 Ἡ
2299 2561 2406 2612 τῶν
2439 2556 2744 2631 ἀναγκαίων
2791 2563 2981 2626 κτῆσις
3027 2557 3115 2610 καὶ
3163 2561 3369 2630 χρῆσις
3411 2553 3473 2611 οὐ
3503 2556 3600 2624 τὴν
3632 2553 3787 2609 ποιό-

2139 2667 2280 2717 τητα
2314 2640 2583 2721 βλαϐερὰν
2635 2642 2774 2719 ἔχει,
2803 2643 2951 2700 ἀλλὰ
2994 2646 3096 2712 τήν
3126 2644 3274 2719 παρᾶ
3297 2644 3359 2700 τὸ
3393 2644 3587 2721 μέτρον
3615 2641 3780 2698 ποσό-

2139 2757 2296 2806 τητα.

2214 2825 2443 2901 Ἀγαθὸν
2479 2825 2765 2901 ἀναγκαῖον
2795 2825 2830 2894 ἡ
2868 2821 3180 2899 ὀλιγοσιτία

1048 2985 1130 3040 Ex
1161 2983 1392 3041 Maximi
1420 3001 1585 3042 serm.
1617 2985 1711 3058 52,
1741 3002 1869 3058 pag.
1903 2987 2029 3054 654,
2063 2991 2116 3043 et
2145 2987 2374 3044 Antonii
2401 2988 2599 3043 Metios.
2636 2988 2734 3043 lib.
2770 3005 2808 3056 ι,
2843 3003 3011 3042 serm.
3041 2987 3133 3042 54.

455 3124 622 3182 Clara
651 3126 898 3198 ipsaque
943 3126 1140 3184 animo
1188 3143 1446 3200 presens
1499 3129 1786 3184 memoria
1830 3129 2036 3186 mortis

389 3214 652 3272 ciborum
695 3217 984 3273 exscindit
1031 3219 1384 3291 appetitum,
1436 3235 1551 3290 quo
1601 3220 1660 3274 in
1701 3219 2038 3276 humilitate

387 3304 665 3376 exscisso,
701 3322 817 3362 una
847 3323 1080 3380 quoque
1109 3307 1250 3364 vitia
1277 3313 1333 3365 et
1371 3307 1649 3365 libidines
1679 3309 2038 3366 exscindun-

387 3395 505 3449 tur.

2217 3129 2426 3202 Μνήμη
2508 3128 2732 3192 θάνατον
2802 3127 3034 3203 ἐναργὴς
3109 3127 3401 3201 περιέκοψε
3491 3125 3787 3202 βρώματα·

2152 3218 2458 3293 βρωμάτων
2485 3215 2541 3272 δὲ
2569 3216 2621 3271 ἐν
2656 3217 2974 3272 ταπεινώσει
3013 3217 3311 3284 κοπέντων,
3371 3214 3788 3288 ωνεξεκόπησαν

2149 3308 2291 3373 πάθη

1605 3531 1688 3586 Ex
1716 3531 1947 3588 Maximi
1973 3547 2138 3587 serm.
2165 3531 2255 3600 55,
2287 3546 2417 3602 pag.
2457 3530 2584 3585 661.

458 3673 603 3730 Cum
629 3673 836 3746 primi
858 3673 1014 3732 haud
1042 3675 1179 3732 licet
1201 3676 1550 3734 Christianis
1573 3693 1676 3750 per
1695 3677 1810 3733 vim
1830 3694 2032 3734 emen-

2215 3672 2467 3730 Μάλιστα
2497 3674 2710 3728 πάντων
2752 3673 3099 3748 Χριστιανοῖς
3153 3671 3256 3727 οὐκ
3298 3669 3502 3749 ἐφίεται
3547 3671 3611 3726 τὸ
3656 3671 3789 3746 πρὸς

389 3763 549 3832 dare,
582 3762 632 3816 si
666 3761 801 3834 quid
817 3769 1224 3835 peccaverunt.
1241 3765 1364 3822 Non
1385 3765 1542 3822 enim
1568 3767 1667 3837 qui
1687 3767 2032 3823 necessitate

389 3868 424 3908 a
453 3849 609 3907 malo
639 3851 956 3909 abstinent.
1011 3853 1166 3910 Deus
1211 3859 1469 3920 coronat,
1516 3856 1616 3911 sed
1670 3856 1768 3927 qui
1822 3855 2035 3910 mentis

389 3941 711 4012 proposito.

459 4030 616 4086 Fiari
651 4047 763 4086 non
794 4035 1008 4103 potest,
1041 4035 1106 4087 ut
1138 4032 1271 4104 quis
1304 4032 1474 4088 aliter
1505 4032 1678 4089 ﬁrma
1706 4034 2038 4090 constantia

393 4118 579 4175 bonus
609 4120 708 4185 sit,
741 4137 920 4191 quam
945 4121 1258 4191 suaipsius
1281 4122 1598 4177 voluntate.
1617 4121 1761 4178 Nam
1786 4122 1886 4194 qui
1923 4122 2036 4178 alio

390 4213 632 4279 cogente
664 4210 854 4264 bonus
881 4209 1165 4281 redditur,
1199 4211 1391 4267 bonus
1422 4227 1533 4266 non
1569 4216 1679 4278 est,
1715 4212 1869 4283 quod
1920 4229 2036 4266 non

394 4296 630 4368 propria
660 4297 959 4354 voluntate
988 4298 1086 4366 sit,
1117 4301 1272 4371 quod
1304 4305 1414 4356 est.
1448 4302 1573 4366 Qua
1603 4300 1759 4356 enim
1785 4301 2037 4372 quisque

393 4383 571 4457 pollet
598 4384 886 4454 libertate,
922 4387 981 4442 id
1012 4391 1270 4461 prastat,
1329 4389 1480 4459 quod
1512 4405 1644 4445 vere
1674 4390 1893 4445 bonum
1927 4393 2036 4459 est,

393 4481 452 4529 et
481 4476 678 4546 prodit
698 4477 927 4547 quod...

471 4658 582 4734 (98)
613 4663 747 4734 Haec
774 4675 807 4715 a
837 4658 1175 4734 Maximoget
1200 4660 1558 4718 Damasceno
1610 4661 1859 4734 allegata
1911 4677 2044 4716 cum

398 4730 457 4785 in
489 4730 659 4786 editis
689 4730 1001 4787 Clementis
1052 4732 1207 4787 Alex.
1271 4734 1616 4789 tractatibus
1649 4730 1762 4789 non
1796 4737 2043 4798 exstent,

400 4802 685 4873 deperditi
739 4804 1048 4875 cujusdam
1085 4804 1217 4875 libri
1252 4810 1473 4875 partem
1508 4805 1883 4861 constituisse
1915 4822 2041 4860 cer-

401 4881 528 4950 tum
563 4881 672 4938 est,
704 4880 766 4950 et
808 4873 1056 4950 quidem
1087 4873 1282 4950 A6706
1303 4879 1562 4950 γαμικοῦ.
1613 4878 1696 4950 uti
1727 4877 1944 4950 colligo
1967 4893 2044 4950 ex

399 4945 503 5001 lib.
540 4962 600 5001 ιιι
631 4945 856 5018 Ρκάαθῖ
890 4963 935 5002 c.
971 4948 1024 5014 8,
1054 4948 1126 5001 ab
1159 4945 1326 5004 initio
1364 4945 1412 5019 ρ.
1467 4950 1592 5010 237,
1653 4948 1718 5014 D,
1771 4945 1891 5004 ubi~
1919 4948 2043 5004 Cle-

403 5033 576 5090 mens
622 5019 864 5073 scribit:
929 5019 1207 5086 Quomodo
1263 5028 1508 5088 Oporteat
1550 5020 1766 5090 quidem
1812 5035 2042 5074 uxorem

399 5087 577 5144 simul
604 5106 728 5144 cum
754 5092 954 5146 marito
984 5090 1181 5159 vivere,
1213 5099 1265 5146 et
1294 5087 1362 5146 de
1389 5087 1579 5146 domqu
1609 5091 2044 5146 administratio-

399 5175 490 5230 ne,
544 5166 596 5216 et
642 5178 744 5217 usu
789 5163 1145 5234 famulorum,
1195 5171 1250 5218 et
1298 5180 1416 5234 quae
1461 5168 1529 5218 ab
1558 5181 1621 5218 ea
1651 5161 2051 5234 seorsimgﬁeri

401 5230 883 5307 oporteattet‘de
929 5243 1173 5307 tempore
1217 5230 1565 5307 matrimonii
1605 5235 1690 5294 (N.
1726 5235 1788 5290 Β.
1821 5232 1958 5307 πρὸς
1992 5230 2049 5286 δὲ

406 5301 495 5356 καὶ
527 5311 627 5372 τῆς
658 5303 800 5378 ὥρας
827 5307 926 5358 τοῦ
973 5301 1195 5378 γάμου),
1248 5310 1303 5360 et
1350 5307 1414 5362 de
1443 5306 1538 5374 iis,
1569 5322 1694 5377 quae
1719 5301 2050 5378 mulier-ibus

403 5377 1125 5450 canceninntﬂisgeruimus
1155 5377 1211 5432 in
1247 5378 1384 5434 libro
1414 5379 1488 5434 De
1500 5378 1714 5450 nuptiis
1741 5377 1816 5450 (ἐν
1843 5380 1923 5448 τῷ
1951 5396 2050 5449 γα·

410 5449 562 5520 μικῷ
587 5444 829 5520 δεξειμενκ
851 5445 1046 5520 λόγῳ)-

459 5517 594 5593 ⁸(99)
623 5517 754 5593 Hec
802 5517 1141 5593 duo'dicta,
1171 5523 1452 5593 tanquam
1501 5521 1724 5592 juncta,
1755 5525 1813 5578 et
1842 5520 2049 5593 imme-

415 5581 568 5640 diate
606 5603 668 5641 se
711 5589 957 5644 invicem
997 5581 1417 5661 consequentia
1469 5581 1964 5663 repraesentantur
1990 5590 2050 5646 in

2152 3764 2268 3840 βίαν
2300 3764 2629 3838 ἐπανορθοῦν
2679 3764 2746 3817 τὰ
2772 3766 2882 3817 τῶν
2914 3759 3324 3837 ἁμαρτημάτων
3354 3759 3685 3833 πταίσματα.
3717 3758 3793 3818 Οὐ

2143 3854 2244 3930 γὰρ
2268 3852 2396 3915 τοὺς
2430 3853 2630 3928 ἀνάγκῃ
2657 3857 2757 3922 τῆς
2787 3850 2979 3914 κακίας
3025 3849 3426 3926 ἀπεχομένους,
3482 3846 3627 3903 ἀλλὰ
3671 3848 3795 3911 τοὺς

2145 3935 2458 4018 προαιβέσει
2492 3945 2746 4018 στεφανοῖ
2775 3941 2803 3995 ὁ
2835 3940 2985 4011 Θεὸς,

2216 4029 2292 4089 Οὐ
2326 4027 2548 4086 δυνατὸν
2576 4031 2694 4084 τινὰ
2724 4029 2924 4104 ἀγαθὸν
2957 4028 3096 4084 εἶναι
3139 4022 3393 4102 βεϐαίως,
3444 4025 3490 4080 εἰ
3539 4027 3617 4098 μὴ
3665 4026 3795 4080 κατὰ

2145 4120 2457 4194 προαίρεσιν
2489 4118 2711 4174 οἰκείαν·
2759 4120 2820 4176 Ὁ
2849 4118 2952 4193 γὰρ
3015 4119 3103 4196 ὑφ’
3150 4117 3335 4191 δτέρου
3384 4114 3622 4190 ἀνάγκης
3672 4116 3794 4189 ἁγα-

2147 4209 2240 4270 θὸς
2289 4208 2602 4283 γινόμενος,
2658 4208 2759 4262 οὐκ
2818 4206 3032 4282 ἀγαθός’
3081 4205 3164 4261 ὅτι
3225 4205 3300 4278 μὴ
3344 4202 3454 4275 ἰδίᾳ
3488 4203 3794 4279 προαιρέσει

2146 4297 2286 4352 ἐστὶν
2347 4299 2375 4352 ’ὁ
2434 4297 2595 4352 ἐστιν.
2625 4299 2701 4353 Τὸ
2729 4297 2829 4374 γὰρ
2863 4295 3086 4351 ἐγάστου
3117 4293 3400 4369 ἐλεύθερον
3427 4292 3690 4348 ἀποτελεῖ
3735 4293 3794 4348 τὸ

2148 4381 2318 4447 ὅντως
2349 4386 2570 4460 ἀγαθὸν,
2602 4387 2762 4442 καὶ...

2160 4661 2480 4716 novissima
2510 4659 2744 4716 Maximi
2776 4659 3031 4714 editione
3062 4683 3075 4724 ;
3109 4658 3209 4714 sed
3240 4657 3538 4725 distincta,
3571 4656 3707 4711 licet
3735 4669 3800 4710 ex

2156 4734 2359 4788 eodem
2413 4733 2559 4788 forte
2608 4732 2756 4787 libro
2806 4731 3025 4802 petita,
3057 4729 3232 4785 fuisse
3277 4734 3440 4802 patet
3481 4745 3549 4784 ex
3578 4729 3800 4784 Joanne

2153 4809 2509 4859 Damasceno
2539 4807 2596 4859 et
2625 4801 2868 4858 Antonio
2900 4801 3154 4857 Melissa.

2227 4880 2300 4942 (1)
2331 4877 2531 4930 Priora
2557 4877 2672 4931 duo
2705 4876 2860 4929 dieta
2879 4872 3263 4931 Combetisius
3287 4872 3344 4928 in
3380 4871 3575 4927 Indice
3605 4872 3800 4926 aucto-

2157 4948 2372 5014 rum,in
2399 4949 2677 5017 Excerptis
2701 4946 2938 5002 Maximi
2961 4946 3305 5017 citatorum,
3325 4942 3802 5017 ClemeptiRom.

2156 5021 2429 5090 ascripsit
2461 5013 2787 5090 perperam,
2818 5017 2989 5090 sicuti
3023 5021 3227 5090 contra
3250 5013 3533 5072 Clementi
3561 5013 3805 5090 Alexan-

2157 5086 2330 5146 drino
2361 5086 2509 5147 male
2536 5086 2800 5146 attribuit
2831 5089 2984 5160 quod
3013 5104 3046 5143 a
3074 5088 3332 5160 Mnximo
3363 5086 3638 5160 sermAQ,
3673 5100 3802 5156 pag.

2155 5164 2279 5228 650,
2315 5164 2618 5229 allegatur,
2651 5157 2941 5233 siquidem
2977 5161 3085 5214 hoc
3117 5166 3206 5214 est
3245 5157 3806 5233 ClementisABoma-

2159 5237 2241 5303 ni,
2275 5237 2358 5288 uti
2384 5236 2439 5290 in
2473 5230 2762 5306 Spicitegio
2792 5234 3024 5287 Patrum
3064 5248 3197 5287 sine.
3235 5235 3284 5298 t,
3340 5247 3472 5302 pag.
3525 5230 3633 5283 269
3682 5245 3805 5298 seq.

2161 5323 2379 5362 monun.

2229 5379 2299 5445 (‘3)
2333 5379 2448 5434 Hoc
2480 5377 2707 5432 dictum
2761 5375 2820 5431 in
2854 5373 3058 5430 Latina
3107 5372 3346 5428 Maximi
3393 5373 3651 5445 editione
3679 5376 3723 5425 t.

2162 5441 2303 5525 Bibl.
2361 5453 2464 5525 M._
2497 5455 2728 5525 Patrum
2786 5463 2898 5525 non
2957 5445 3431 5525 exstat.“Sed__si
3488 5441 3807 5525 Clementis

2159 5519 2530 5575 Alexandrini
2563 5526 2674 5591 est,
2705 5536 2773 5576 ex
2813 5519 2913 5574 lib.
2950 5519 3021 5573 De
3066 5516 3409 5573 continentia
3440 5516 3688 5588 petitum
3718 5516 3806 5568 vi-

2161 5591 2351 5650 detur.
