4078 6146
365 310 481 366 757

1866 308 2338 362 FRAGMENTA.

3692 311 3799 368 758

1927 462 2077 518 817
2111 461 2256 518 XVI.

990 570 1384 650 Fragmenta,
1415 581 1553 646 quas
1581 564 1794 627 Graece
1821 568 2068 628 tantum
2099 563 2162 624 in
2196 563 2473 627 editione
2501 563 2839 627 Oxoniensi
2858 563 3182 645 leguntur.

1312 813 1468 887 Apud
1492 815 1776 871 auctorem
1799 813 2072 871 Chronici
2103 813 2426 883 Paschalis,
2454 831 2586 886 pag.
2615 815 2668 882 7,
2705 815 2780 870 al.
2813 815 2870 871 5.

443 947 586 1009 Τοῖς
644 944 743 1017 μὶν
803 939 891 996 οὖν
950 936 1386 1016 παρεληλυθόσιν
1447 933 1584 993 ἔτεσι
1643 937 1706 992 τὸ
1771 937 2032 1011 θυόμενον

2219 937 2630 1010 Superioribus
2671 938 2842 994 annis
2883 938 3167 994 Dominus
3218 938 3442 997 Pascha
3471 941 3794 1014 celebrans,

371 1035 514 1110 πρὸς
561 1030 844 1090 Ἰουδαίων
901 1028 1086 1100 ἤσθιεν
1147 1027 1413 1104 ἑορτάζων
1470 1027 1498 1080 6
1555 1025 1752 1100 Κύριος
1806 1027 2024 1102 Πάσχα.

2145 1027 2478 1083 comederat
2501 1029 2819 1082 mactatum
2841 1043 2874 1082 a
2901 1027 3285 1084 Judaeis.Jam
3306 1045 3438 1086 vero
3469 1031 3794 1103 praedicans

373 1122 527 1180 Ἐπεὶ
584 1119 642 1176 δὶ
696 1118 949 1195 ἐκήρυξεν
1033 1115 1192 1178 αὐτὸς
1271 1113 1342 1171 ὢν
1411 1115 1474 1170 τὸ
1527 1116 1721 1190 Πάσχα
1775 1115 1802 1169 ὁ
1861 1116 2034 1189 ἀμνὸς

2143 1132 2206 1172 se
2235 1116 2431 1187 ipsum
2465 1132 2594 1172 esse
2622 1115 2842 1172 Pascha
2877 1132 3095 1188 agnum
3147 1117 3267 1187 Dei,
3314 1119 3413 1190 qui
3463 1123 3525 1174 ut
3553 1121 3677 1178 ovis
3718 1124 3789 1179 ad

369 1216 467 1268 τοῦ
524 1213 678 1276 Θεοῦ,
714 1208 788 1270 ὡς
844 1201 1120 1283 πρὸϐατον
1180 1203 1272 1260 ἐπὶ
1330 1206 1541 1282 σφαγὴν
1590 1205 1881 1280 ἀγόμενος,
1934 1203 2032 1259 αύ-

371 1298 494 1356 τίκα
543 1294 752 1368 ἐδίδαξε
807 1297 904 1370 μὲν
964 1296 1091 1357 τοὺς
1154 1294 1398 1368 μαθητὰς
1453 1299 1549 1348 τοῦ
1596 1293 1768 1348 τύπου
1813 1294 1875 1349 τὸ
1936 1315 2034 1366 μυ-

2143 1205 2558 1260 mactationem
2599 1205 2929 1274 duceretur,
2972 1205 3169 1260 statim
3219 1207 3421 1263 docuit
3465 1207 3790 1282 discipulos

2140 1295 2342 1366 ﬁguras
2395 1293 2740 1366 mysterium
2793 1293 2886 1349 die
2934 1294 3165 1350 decima
3202 1297 3394 1367 tertia,
3450 1313 3568 1369 qua
3611 1299 3787 1354 etiam

367 1389 596 1464 στήριον
652 1391 722 1462 τῇ
785 1388 876 1462 ιγ’,
905 1384 958 1439 ἐν
1106 1383 1197 1438 καὶ
1248 1381 1613 1447 πυνθάνονται
1673 1381 1836 1438 αύτοῦ
1871 1403 1882 1414 ·
1920 1387 2031 1438 Ποῦ

2140 1400 2208 1440 ex
2239 1383 2367 1454 ipso
2400 1387 2858 1456 percontantur:
2896 1382 2995 1440 Ubi
3043 1387 3127 1439 vis
3176 1385 3386 1440 Pascha
3432 1386 3541 1441 tibi
3588 1387 3658 1442 ad
3698 1402 3786 1443 co-

364 1474 545 1543 θὲλεις
601 1475 986 1548 ἑτοιμάσωμέν
1050 1494 1134 1529 σοι
1193 1473 1257 1528 τὸ
1313 1472 1504 1548 Πάσχα
1563 1477 1788 1548 φαγεῖν;
1849 1472 2028 1547 Ταύτῃ

365 1565 460 1624 οὖν
514 1569 586 1640 τῇ
642 1565 826 1642 ἡμέρᾳ
879 1565 970 1619 καὶ
1015 1564 1043 1618 6
1084 1563 1354 1638 ἁγιασμὸς
1410 1565 1516 1616 τῶν
1571 1560 1815 1635 ἀζύμων,
1847 1562 1937 1616 καὶ
1991 1564 2026 1632 ἡ

365 1655 770 1731 προετοιμασία
823 1658 922 1720 τῆς
978 1653 1172 1728 ἑορτῆς
1231 1651 1461 1728 ἐγίνετο.
1494 1652 1654 1715 Ὅθεν
1711 1652 1738 1706 6
1771 1650 2027 1722 Ἰωάννης

369 1743 426 1800 ἰν
486 1745 656 1820 ταύτῃ
715 1745 784 1816 τῇ
837 1741 1020 1817 ἡμέρᾳ
1070 1736 1297 1805 εἰκότως
1354 1740 1429 1803 ώς
1461 1737 1520 1794 ἂν
1553 1743 2024 1815 προετοιμαζομέ-

369 1854 501 1896 νους
558 1829 664 1903 ἤδη
717 1831 1081 1905 ἀπονίψασθαι
1123 1828 1252 1895 τοὺς
1310 1827 1481 1892 πόδας
1525 1830 1660 1905 πρὸς
1693 1833 1792 1884 τοῦ
1823 1831 2026 1905 Κυρίου

367 1921 495 1984 τοὺς
529 1921 775 1995 μαθητὰς
824 1920 1140 1999 ἀναγράφει.
1173 1917 1416 1982 Πὲπονθε
1473 1916 1531 1972 δὲ
1587 1921 1655 1992 τῇ
1716 1916 1940 1993 ἐπιούσῃ
1996 1919 2025 1974 6

364 2011 566 2087 Σωτήρ
593 2012 780 2084 ἡμῶν,
806 2009 966 2072 αὐτὸς
1026 2006 1100 2065 ὣν
1140 2009 1204 2065 τὸ
1235 2009 1450 2084 Πάσχα,
1480 2006 1888 2085 καλλιερευθεὶς
1920 2007 2024 2063 ὑπὸ

354 2096 664 2158 Ἰουδαίων.

2137 1473 2461 1529 medendum
2480 1489 2736 1544 paremus
2767 1473 2846 1545 (a)
2874 1475 2896 1528 ἓ
2924 1472 3030 1528 Illa
3050 1472 3232 1546 igitur
3253 1473 3346 1529 die
3364 1479 3421 1529 et
3449 1491 3786 1547 azymorum

2138 1561 2526 1617 sanctificatio
2557 1565 2614 1617 et
2658 1561 2998 1634 praparatio
3033 1561 3159 1617 festi
3213 1563 3365 1618 facta
3395 1567 3502 1618 est.
3537 1562 3700 1619 Unde
3730 1569 3788 1619 et

2133 1651 2392 1707 Joannes
2423 1650 2524 1706 illa
2556 1651 2648 1706 die
2674 1651 3085 1706 convenienter
3107 1654 3303 1722 utpote
3327 1656 3783 1723 praeparatorum

2127 1740 2254 1810 jam
2286 1739 2709 1812 discipulorum
2741 1740 2918 1811 pedes
2950 1757 2984 1795 a
3013 1739 3245 1795 Christo
3277 1741 3425 1796 lotos
3455 1739 3662 1796 scribit
3683 1740 3780 1812 (b).

2135 1831 2408 1885 Insecuta
2439 1833 2635 1884 autem
2667 1829 2758 1884 die
2791 1845 3003 1901 passus
3035 1833 3124 1884 est
3152 1828 3422 1885 Salvator
3445 1833 3664 1902 noster,
3679 1829 3782 1902 qui

2133 1917 2260 1991 ipse
2288 1923 2410 1974 erat
2442 1917 2652 1986 Pacha,
2687 1917 3032 1974 immolatus
3063 1935 3096 1972 a
3124 1917 3366 1973 Judaais.

1966 2192 2174 2251 Ibidem

423 2313 784 2377 ’Δκολούθως
836 2315 941 2391 ἄρα
979 2313 1051 2389 τῇ
1100 2310 1187 2382 ιδ’,
1218 2313 1308 2368 ὅτε
1336 2311 1428 2367 καὶ
1461 2308 1676 2382 ἔπαθεν,
1708 2305 1870 2375 ἔωθεν
1929 2309 2026 2365 αύ-

2201 2311 2608 2384 Congruenter
2634 2311 2817 2385 igitur
2845 2313 2940 2368 die
2972 2313 3414 2386 quartadecima
3450 2328 3568 2384 qua
3597 2312 3770 2373 etiam

354 2405 452 2460 τὸν
532 2405 586 2460 οἱ
656 2403 940 2480 ἀρχιερεῖς
1008 2403 1099 2458 καὶ
1158 2402 1210 2457 οἱ
1269 2405 1611 2477 γραμματεῖς
1667 2404 1744 2472 τῷ
1797 2399 2020 2473 Πιλάτῳ

360 2495 758 2570 προσάγοντες,
788 2491 888 2548 οὐκ
916 2491 1175 2568 εἰσῆλθον
1209 2489 1289 2554 εἷς
1337 2490 1398 2546 τὸ
1428 2491 1786 2566 πραιτώριον,
1821 2487 1916 2544 *ίνα
1939 2490 2014 2562 μὴ

372 2586 698 2657 μιανθῶσιν,
731 2579 857 2636 ἀλλ’
888 2580 1186 2644 ἀκωλύτως
1240 2581 1470 2656 ἐσπὲρας
1500 2581 1563 2634 τὸ
1594 2577 1789 2654 Πάσχα
1835 2581 2018 2654 φάγω-

373 2693 452 2731 σι.
483 2670 664 2744 Ταύτῃ
708 2674 814 2726 τῶν
871 2671 1094 2745 ἡμερῶν
1144 2673 1214 2743 τῇ
1266 2663 1516 2744 ἀκριϐείᾳ
1565 2669 1654 2724 καὶ
1701 2669 1756 2722 αἱ
1809 2667 2018 2746 Γραφαὶ

362 2766 536 2817 πᾶσαι
595 2764 966 2839 συμφωνοῦσι,
999 2759 1090 2815 καὶ
1145 2759 1214 2814 τὰ
1259 2757 1572 2834 Εὐαγγὲλια
1622 2754 1849 2830 συνῳδά.
1891 2759 2017 2814 Ἐπι

375 2853 640 2927 μαρτυρεῖ
692 2847 750 2905 δὶ
804 2849 894 2904 καὶ
943 2851 978 2918 ἡ
1012 2847 1341 2918 ἀνάστασιςξο
1365 2850 1435 2920 τῇ
1467 2850 1597 2922 γοῦν
1629 2846 1786 2922 τρίτῃ
1819 2845 2012 2916 ἀνέστη

2130 2418 2342 2474 passus
2369 2406 2478 2470 est,
2513 2417 2686 2458 mane
2727 2401 3025 2474 principes
3073 2403 3445 2459 sacerdotum
3477 2404 3534 2458 et
3570 2402 3776 2459 scriba

2130 2491 2426 2548 Christum
2459 2489 2642 2546 Pilato
2665 2492 3168 2560 adducentes,non
3202 2491 3452 2564 ingressi
3476 2495 3618 2548 sunt
3638 2508 3777 2563 prai-

2129 2580 2366 2650 torium,
2399 2596 2470 2635 ne
2519 2577 2942 2650 polluerentur,
2987 2582 3088 2637 sed
3144 2580 3308 2637 nullo
3348 2579 3774 2652 impedimento

2131 2668 2350 2725 Pascha
2398 2685 2634 2739 vespere
2678 2669 3071 2725 comederent.
3122 2669 3268 2726 IIuio
3318 2673 3599 2724 accuratas
3649 2669 3772 2724 die-

2128 2776 2260 2814 rum
2293 2759 2720 2832 computationi
2749 2759 2925 2816 etiam
2955 2759 3267 2832 Scriptura:
3299 2760 3587 2816 universae
3634 2775 3773 2815 oon-

2125 2848 2390 2905 eentiunt
2411 2853 2468 2905 et
2483 2850 2803 2905 concinunt
2824 2848 3599 2921 Evangelia.Testimonium
3623 2864 3770 2920 quo-

365 2940 567 3014 ἠμέρᾳ,
599 2937 724 3009 ἥτις
764 2937 817 2994 ἐν
851 2938 1042 3012 πρώτῃ
1079 2941 1188 2992 τῶν
1231 2931 1554 3010 ἑϐδομάδων
1601 2939 1698 2989 τοῦ
1753 2937 2014 3009 θερισμοῦ

2133 2953 2236 3009 que
2266 2937 2316 2994 ei
2350 2937 2617 3009 perhibet
2643 2937 2988 2995 resurrectio
3022 2956 3035 2995 :
3068 2939 3240 2995 tertio
3265 2938 3422 2995 enim
3447 2938 3540 2994 die
3569 2952 3770 2994 resur-

359 3025 417 3084 ἰν
555 3029 645 3083 καὶ
697 3029 762 3084 τὸ
823 3024 1039 3104 δράγμα
1096 3025 1472 3100 ἐνομοθετεῖτο
1527 3028 1870 3101 προενεγκεῖν
1921 3024 2009 3079 τὸν

2133 3026 2290 3096 rexit,
2320 3027 2422 3099 qui
2449 3025 2507 3081 in
2543 3027 2794 3100 primam
2827 3026 3253 3085 hebdomadam
3286 3027 3508 3084 mensis
3539 3025 3767 3098 incidit,

359 3110 531 3188 ἱερεα.
2120 3132 2239 3187 qua
2269 3115 2360 3172 lex
2389 3120 2743 3188 preceperat
2771 3133 2805 3172 a
2835 3117 3136 3174 sacerdote
3174 3115 3546 3188 manipulum
3586 3114 3768 3188 spica-

2121 3222 2254 3261 rum
2285 3204 2500 3261 offerri.

356 3333 522 3409 Apud
549 3335 863 3393 laeui-ium
891 3331 1409 3406 Chryaocephalum,
1433 3339 1574 3389 orat.
1617 3349 1676 3388 ιι
1706 3331 1766 3387 in
1799 3335 2028 3404 Lucam,
2076 3332 2174 3387 sub
2221 3333 2411 3404 ﬁnem.
2462 3361 2532 3372 --
2580 3332 2664 3386 Ea:
2692 3347 2792 3387 ms.
2845 3330 2976 3387 bibl.
3008 3330 3165 3387 Bodl.
3197 3329 3318 3386 cod.
3369 3329 3496 3400 211,
3545 3328 3772 3385 Barocc.

436 3456 483 3507 1.
545 3450 750 3522 Ὀπόση
809 3448 1004 3526 χορεία
1061 3451 1137 3524 (3)
1181 3449 1272 3505 καὶ
1330 3450 1638 3525 πανήγυρις
1695 3447 1746 3502 ἂν
1798 3448 2013 3522 οὐρανῷ

2199 3451 2249 3505 1.
2285 3449 2486 3515 Qualis
2516 3451 2700 3505 ccstus
2729 3452 2787 3505 et
2817 3449 3128 3522 panegyris
3161 3448 3217 3501 in
3252 3447 3394 3503 ccelo
3428 3446 3511 3513 ﬁt,
3541 3443 3775 3562 quaido

2133 3538 2261 3562 ___:_
2297 3543 2580 3562 -_.-__-_.
2610 3554 2668 3562 --
2694 3538 2945 3562 “um.
2973 3542 3020 3562 ,ι
3063 3535 3317 3562 um..-“
3353 3553 3379 3562 ._
3418 3535 3647 3562 ,ε,,ει,,ι,
3717 3550 3741 3562 .,

353 3539 587 3618 γίνεται,
616 3536 670 3594 εἷ’
691 3560 777 3601 τις
806 3537 1014 3612 ἐξόριος
1042 3539 1226 3616 γέγονε
1263 3537 1353 3593 καὶ
1385 3539 1554 3618 φυγάς
1620 3545 1720 3606 τῆς
1785 3539 1887 3593 ὑπὸ
1935 3542 2016 3611 τῷ

2133 3538 2263 3611 quis
2293 3543 2586 3594 extorrem
2609 3554 2670 3594 se
2694 3538 2949 3593 reddidit
2969 3542 3025 3593 et
3059 3535 3320 3593 exsulem
3352 3553 3385 3591 a
3416 3535 3648 3592 civitate
3668 3533 3775 3590 Pa-

361 3627 536 3704 Πατρῖ
574 3627 858 3690 πολιτείας
893 3629 992 3701 (ἅ),
1027 3628 1237 3702 ἀγνοῶν
1267 3629 1341 3692 ὡς
1396 3629 1449 3682 οἱ
1507 3627 1865 3702 μακρύνοντες
1923 3625 2020 3682 αύ-

363 3714 498 3779 τοὺς
556 3715 647 3771 ἀπ’
700 3717 870 3771 αύτοῦ
930 3714 1262 3772 ἀπολοῦνται
1293 3717 1304 3773 !
1339 3716 1533 3786 Εἶτήν
1568 3714 1715 3772 δόσιν
1772 3715 1863 3770 καὶ
1918 3718 2018 3786 τήν

363 3811 557 3875 κτῆσιν
585 3805 676 3861 καὶ
704 3804 804 3875 τήν
836 3803 1214 3882 κληρονομίαν
1264 3807 1362 3876 τήν
1422 3806 1675 3882 πανρῴαν
1717 3804 2019 3879 ἀνήλωσεν,

362 3894 418 3951 εἴ
441 3915 593 3955 τινος
624 3891 866 3968 ἰξέλιπεν
897 3896 932 3965 ἡ
967 3893 1168 3963 πίστις,
1198 3894 1288 3950 καὶ
1337 3896 1372 3965 ἡ
1423 3894 1580 3958 ἐλπὶς
1635 3892 2021 3968 δεδαπάνηται,

358 3987 486 4045 τοῖς
515 3982 717 4039 ἔθνεσιν
751 3984 1141 4059 συντρέχοντος
1174 3983 1251 4049 εἷς
1278 3985 1376 4054 τὴν
1427 3983 1592 4054 αὐτὴν
1641 3986 1740 4053 τῆς
1788 3983 2022 4046 ἀσωτίας

359 4073 627 4148 ἀνάχυσιν
659 4090 672 4104 ·
708 4073 824 4129 εἶτα
875 4072 1168 4146 λιμώττων
1215 4074 1305 4128 καὶ
1345 4073 1723 4148 στερούμενος,
1755 4074 1844 4128 καὶ
1892 4071 2020 4146 μηδ’

359 4158 436 4216 ὧν
500 4162 553 4217 οἱ
613 4166 799 4239 χοῖροι
853 4164 1125 4216 σιτοῦνται
1166 4163 1575 4237 πληρούμενος,
1609 4161 1834 4225 ἀναστὰς
1883 4161 2023 4233 ἦλθε

360 4251 502 4327 πρὸς
530 4249 623 4306 τὸν
655 4252 862 4326 πατέρα
893 4251 1082 4307 αὐτοῦ.
1119 4250 1281 4307 Ἀλλ’
1316 4253 1343 4306 6
1393 4251 1636 4327 χρηστὸς
1684 4254 1863 4323 πατὴρ
1923 4252 2024 4306 οὐκ

361 4337 610 4412 ἀπιμὲνει
670 4336 774 4402 ἕως
834 4337 896 4394 ἂν
932 4340 960 4395 6
1009 4345 1137 4401 παῖς
1185 4339 1319 4415 πρὸς
1351 4339 1509 4396 αὐτὸν
1561 4339 1864 4418 ἀφίκηται·
1899 4337 2023 4395 οὐδὲ

358 4428 463 4505 γὰρ
490 4427 624 4492 ¹ἴσως
655 4424 942 4499 δυνήσεται
993 4428 1156 4484 πόθεν
1186 4432 1286 4503 (5),
1319 4426 1445 4484 οὐδὲ
1471 4426 1744 4502 τολμήσει
1780 4429 1855 4502 μὴ
1882 4426 2021 4483 ’ίλεω

362 4517 554 4592 τυχὼν
587 4517 752 4573 αὐτοῦ
783 4516 1127 4594 προσελθεῖν.
1158 4518 1251 4572 Διὸ
1303 4517 1666 4592 βουληθέντος
1714 4515 1904 4591 μόνον,
1937 4516 2020 4572 εὐ-

377 4604 474 4671 θὺς
506 4607 830 4684 ἀρξαμένου,
861 4610 1080 4682 πρῶτον
1112 4608 1474 4682 ὁρμήσαντος,
1501 4605 1576 4662 ἔτι
1637 4607 1841 4680 μακρὰν
1889 4607 2021 4662 ἀπέ-

366 4715 590 4772 χοντος,
625 4693 1061 4772 ἐσπλαγχνίσθη,
1094 4695 1182 4752 καὶ
1216 4693 1524 4771 ἐκδραμὼν,
1558 4694 1738 4753 ἔπεσεν
1788 4696 1871 4752 ἐπὶ
1926 4697 2019 4751 τὸν

359 4782 650 4860 τράχηλον
700 4785 890 4858 αὐτοῦ,
944 4787 1033 4841 καὶ
1082 4784 1442 4860 κατεφίλησεν
1495 4785 1678 4844 αὐτόν.
1739 4787 1841 4843 Καὶ
1897 4785 2022 4841 τότε

2128 3627 2261 3696 tris,
2291 3627 2536 3701 ignarus
2567 3628 2723 3700 quod
2755 3627 2847 3684 his
2879 3627 2980 3699 qui
3009 3627 3081 3682 ab
3113 3643 3179 3682 eo
3223 3627 3504 3682 recedunt
3533 3626 3610 3680 sit
3640 3640 3773 3698 per-

2127 3716 2406 3773 eundum!
2425 3721 2740 3788 Postquam
2755 3715 3124 3790 largitionem
3140 3714 3298 3771 ﬁlius
3316 3713 3776 3786 possessionem-

2128 3823 2242 3879 que
2273 3810 2330 3862 et
2357 3806 2764 3862 hereditatem
2795 3805 3047 3878 patriam
3093 3804 3489 3877 consumpsit,
3539 3803 3773 3876 quando

2130 3896 2275 3953 ﬁdes
2306 3895 2560 3968 alicujus
2591 3895 2789 3951 deficit
2818 3899 2877 3951 et
2925 3911 3062 3967 spes
3112 3892 3434 3964 dilapidata
3480 3897 3588 3961 est,
3638 3907 3774 3947 cum

2127 3986 2404 4058 gentibus
2436 3986 2486 4042 is
2517 3987 2702 4042 currit
2732 3987 2790 4041 in
2824 3986 3070 4041 cﬂ‘usam
3104 4001 3170 4039 ac
3192 3981 3544 4038 dissolutam
3566 3981 3768 4036 vitam.

2133 4075 2348 4131 Deinde
2379 4075 2646 4131 famelico
2675 4079 2732 4130 et
2759 4073 2919 4144 inopi
2951 4090 3085 4129 cum
3122 4088 3226 4128 nec
3266 4070 3349 4126 illi
3397 4071 3636 4126 daretur
3664 4068 3774 4124 im-

2129 4163 2274 4236 pleri
2307 4164 2523 4236 quibus
2554 4164 2713 4236 porci
2758 4164 3048 4233 cibantur,
3099 4160 3293 4233 surgit
3339 4163 3396 4215 et
3444 4159 3516 4213 ad
3549 4161 3773 4230 patrem

2131 4269 2306 4310 suum
2349 4253 2556 4309 tendit.
2608 4253 2806 4310 Bonus
2865 4256 3060 4307 autem
3110 4255 3272 4324 pater
3322 4265 3436 4305 non
3479 4249 3774 4318 exspectat

2128 4345 2310 4398 donec
2342 4343 2412 4397 ad
2448 4357 2581 4398 eum
2613 4342 2809 4397 veniat
2861 4341 3019 4396 filius
3059 4357 3073 4410 ;
3122 4354 3312 4411 neque
3353 4337 3508 4393 enim
3557 4334 3775 4406 poterit

2130 4431 2400 4496 fortasse,
2432 4436 2535 4486 aut
2565 4431 2787 4487 veritus
2817 4447 2889 4486 ne
2923 4428 3238 4501 propitium
3291 4425 3447 4482 haud
3491 4423 3773 4490 inveniat,

2131 4537 2244 4576 non
2311 4521 2549 4576 audebit
2596 4536 2608 4573 :
2664 4519 2792 4576 ideo
2849 4521 3081 4574 volente
3136 4517 3236 4572 illo
3294 4515 3486 4572 solum
3545 4518 3603 4569 et
3659 4513 3776 4585 pri-

2129 4626 2291 4665 mum
2324 4609 2417 4665 vix
2447 4609 2734 4682 impetum
2769 4607 3034 4681 capiente
3065 4607 3286 4673 statim,
3324 4604 3562 4661 absente
3585 4601 3776 4658 adhuc

2131 4698 2358 4771 procul.
2392 4703 2556 4770 pater
2587 4698 2998 4754 misericordia
3046 4699 3375 4752 commotus
3415 4692 3691 4761 accurrit,
3722 4695 3780 4748 et

2129 4787 2277 4844 collo
2310 4789 2438 4860 ejus
2470 4787 2767 4854 allabitur,
2813 4787 3121 4858 ﬁliumque
3171 4784 3564 4842 exosculatur.
3615 4783 3778 4838 Tunc

352 4854 571 4951 θάρῤών
622 4875 651 4929 6
699 4854 885 4945 παῖς,’
914 4854 1348 4951 ἐξομολγγεῖται⁷
1385 4876 1452 4932 τὰ
1509 4874 1881 4952 πεπραγμένα.
1929 4877 2025 4932 Διά

2133 4854 2432 4934 conﬁdens
2463 4877 2582 4947 ille,
2610 4877 2872 4934 admissa
2900 4854 3228 4932 confitetur.
3260 4875 3512 4946 Ideoque
3542 4874 3706 4946 pater
3726 4871 3778 4927 ei

428 5001 510 5072 (a)
538 5000 745 5058 Matth.
776 5017 932 5070 xxv1,
964 5001 1051 5057 17.
1127 5001 1202 5073 (b)
1233 5001 1398 5058 Joan.
1429 5018 1554 5068 xm,
1583 5003 1640 5056 5,

436 5119 514 5193 (3)
545 5119 1382 5198 'OndcqxopLPerlegendaiin
1418 5127 1840 5198 commentario
1864 5125 2022 5182 Gras-

357 5195 1261 5266 oorumgpracipuePatrumﬁn
1296 5197 1744 5261 Lucam,utrum
1778 5197 2021 5253 alterius

357 5264 514 5321 forte
539 5264 659 5322 sint
691 5264 970 5323 auctoris.
1003 5267 1696 5324 Quam—Emendatiora
1712 5269 2021 5324 Oxoniensi

365 5335 626 5412 editione
657 5355 690 5394 a
722 5354 784 5395 se
818 5338 912 5412 hic
946 5339 1204 5412 exhibita
1232 5340 1558 5412 fragmenta
1607 5341 1722 5396 ista
1773 5346 2024 5396 testatur

371 5407 685 5479 Fabricius
711 5426 724 5465 :
759 5409 856 5479 qui
887 5415 946 5465 et
975 5427 1044 5479 ea
1073 5410 1276 5467 Latine
1305 5407 1578 5468 reddidit.

439 5478 516 5553 (4)
550 5477 860 5556 ῌολιτείας.
894 5477 1180 5536 Πολιτείαν
1216 5483 1325 5556 hoc
1353 5483 1479 5540 loco
1530 5482 1731 5539 malim
1765 5483 2026 5556 accipere

370 5566 482 5677 Ero
514 5554 651 5610 vita:
679 5556 898 5610 ratione
925 5556 976 5610 et
1004 5554 1419 5621 consuetudine,
1447 5571 1623 5627 quam
1648 5571 1751 5628 pro
1780 5554 2022 5613 civitate.

417 5637 450 5677 ο
482 5621 782 5677 Biauidem
813 5640 992 5677 sensu
1036 5627 1190 5677 anud
1243 5627 1559 5677 scrintores
1599 5627 2022 5677 ecclesiasticos

417 5637 450 5678 ο
482 5621 782 5697 siquidem
813 5640 992 5683 sensu
1036 5627 1190 5697 apud
1243 5621 1559 5700 scriptores
1599 5621 2027 5687 ecclesiasticos

2129 5143 2236 5200 vox
2256 5126 2370 5182 ista
2400 5125 2876 5200 frequentissime
2909 5129 3193 5200 usurpata
3223 5121 3615 5200 comperitur:
3636 5120 3780 5188 quin

2130 5203 2187 5254 et
2203 5199 2455 5269 ipsemet
2474 5195 2780 5255 contextus
2803 5195 3074 5254 eamdem
3095 5195 3628 5269 interpretationem
3646 5209 3777 5269 sua-

2132 5263 2268 5326 der'e
2296 5270 2544 5326 videtur.
2560 5272 2699 5328 Vide
2718 5271 3012 5326 Svicerum
3039 5269 3097 5323 in
3117 5263 3381 5324 Thesauro
3402 5267 3529 5322 ccci.
3545 5270 3684 5320 tom.
3701 5263 3778 5334 ll,

2133 5341 2241 5467 eo}.
2269 5343 2555 5467 Zi)95!‘seq.,
2580 5347 2637 5398 et
2661 5343 2948 5414 Cangium
2977 5341 3037 5396 in
3073 5341 3316 5397 Glossar.
3342 5341 3516 5396 Graec.
3544 5343 3686 5392 tom.
3707 5337 3778 5408 Π,

2134 5429 2198 5467 co
2231 5454 2243 5467 .
2413 5453 2425 5467 .

2134 5429 2243 5469 001.
2269 5429 2425 5468 1194.

2205 5484 2283 5555 (5)
2313 5484 2605 5553 Δυνήσεται
2660 5481 2846 5542 πόθεν.
2897 5484 3167 5541 Fortasse
3221 5480 3558 5555 legendum,
3618 5475 3780 5548 δυνή-

2137 5554 2284 5610 σεταί
2314 5573 2466 5612 ποτε.
2501 5556 2734 5612 FABRIC.
