4078 6146
322 323 450 382 761
1834 328 2302 385 FRAGMENTA.
3663 324 3773 387 762

336 449 539 526 Πατὴρ
567 450 662 505 τὸν
715 449 935 526 μόσχον
968 447 1183 521 δίδωσι,
1214 449 1300 506 καὶ
1333 450 1534 519 θύεται,
1585 452 1675 507 καὶ
1719 452 1977 527 τρώγεται

2089 454 2219 516 ,ιυιι
2247 453 2306 506 et
2335 449 2683 505 comeditur.
2723 449 2847 507 Non
2897 449 3270 507 accedentem
3325 456 3523 510 autem
3577 470 3777 528 perse-

2121 540 2319 609 quitur
2348 540 2674 611 rejicitque,
2698 545 2757 594 et
2787 539 3238 596 robustissimus
3286 544 3495 598 taurus
3544 545 3770 617 reperi-

2117 632 2235 682 tur.
2283 634 2523 699 Propter
2569 629 3038 701 magnitudinem
3079 628 3237 684 enim
3287 646 3354 685 ac
3405 632 3586 688 robur
3643 635 3766 692 dic-

2114 719 2241 771 tum
2275 719 2346 773 de
2375 734 2463 787 eo,
2496 718 2649 789 quod
2686 716 2873 789 gloria
2920 722 3039 790 ejus
3086 717 3163 774 sit
3200 718 3346 775 velut
3384 720 3756 797 unicori:(a).

2112 802 2258 860 Nam
2308 813 2364 861 et
2414 807 2700 878 prOpheta
2748 806 3022 862 Habacuc
3054 822 3204 862 eum
3253 824 3436 864 cornu
3472 809 3756 868 ferentem

2113 894 2424 966 conspicit,
2484 901 2542 951 et
2592 894 2862 950 vindictae
2919 895 3049 966 ejus
3107 896 3350 952 modum
3409 897 3757 971 decantane,

2114 981 2358 1050 Cornua,
2393 984 2606 1055 inquit,
2636 985 2700 1039 in
2726 984 2996 1040 manibus
3045 983 3164 1055 ejus
3195 984 3290 1056 (b).
3340 988 3654 1058 Propterea
3698 993 3758 1044 et

2111 1071 2221 1127 hoc
2251 1073 2488 1145 signum
2521 1074 2759 1129 denotat
2810 1075 2940 1143 ejus
2996 1074 3321 1144 potentiam
3380 1079 3438 1130 et
3493 1080 3753 1147 potesta-

2109 1164 2227 1216 tem
2264 1178 2276 1215 :
2305 1179 2527 1217 cornua
2553 1162 2711 1218 enim
2746 1162 3042 1234 utrinque,
3065 1161 3151 1218 vel
3182 1162 3380 1234 potius
3415 1180 3749 1236 usquequa-

2110 1265 2224 1321 que
2254 1251 2490 1305 feriunt.
2523 1250 2628 1314 Qui
2675 1267 2810 1307 vero
2857 1251 3192 1319 comedunt,
3238 1250 3324 1308 ita
3369 1254 3751 1309 corroboran-

2106 1342 2225 1405 tur,
2257 1346 2315 1394 et
2342 1346 2541 1396 tantas
2573 1340 2721 1396 vires
2752 1356 2817 1395 ex
2854 1339 3079 1396 viviﬂco
3130 1339 3230 1395 illo
3277 1341 3407 1397 cibo
3439 1341 3497 1396 in
3538 1358 3601 1398 se
3647 1358 3749 1399 ca-

2108 1427 2296 1499 piunt,
2330 1434 2392 1485 ut
2421 1436 2478 1485 et
2507 1437 2709 1486 contra
2742 1428 3014 1486 iuimicos
3044 1429 3165 1484 sint
3196 1428 3372 1485 validi
3409 1435 3468 1486 et
3514 1436 3744 1487 tantum

2106 1533 2222 1572 non
2254 1522 2560 1574 taurorum
2597 1518 2807 1574 armati
2862 1518 3160 1574 cornibus.
3216 1517 3377 1574 Unde
3424 1519 3648 1575 aitzln
3694 1526 3746 1577 te

2103 1605 2359 1662 inimicos
2386 1617 2598 1664 nostra:
2627 1606 3017 1664 ventilabimus
3045 1622 3221 1664 cornu
3250 1607 3350 1678 (b).

330 539 475 603 τοὺς
508 536 568 594 δὲ
600 540 682 613 μὴ
728 539 1064 615 προσιόντας
1114 538 1297 595 διώκει
1341 540 1430 595 καὶ
1478 540 1867 616 ἀποκηρύττει,
1918 537 2008 592 καὶ

333 628 742 702 ἀλκιμώτατος
771 632 979 701 ταῦρος
1012 627 1327 702 εὑρίσκεται·
1377 626 1465 683 διὰ
1511 630 1615 704 γὰρ
1668 632 1732 683 τὸ
1778 628 2007 703 μέγεθος

337 718 435 772 καὶ
469 718 572 785 τήν
626 713 879 791 ἀνδρείαν
930 714 1183 772 λέλεκται
1226 720 1347 791 περὶ
1387 716 1551 772 αὐτοῦ
1599 724 1683 780 Ὠς
1735 714 1864 788 δόξα
1906 736 2005 788 μο·

346 807 660 879 νοκέρωτος
718 804 866 876 αὐτῷ
898 847 911 862 .
970 807 1101 878 Ὁρᾷ
1152 803 1208 860 δὲ
1257 805 1414 860 αὐτὸν
1479 807 1571 862 καὶ
1624 808 1652 861 6
1713 807 2003 881 προφήτης

350 887 673 947 ’Δϐϐακοὺκ
716 897 876 969 κέρας
908 898 1198 969 φοροῦντα,
1251 893 1339 949 καὶ
1369 894 1461 949 τὸν
1519 894 1855 970 ἀμυντήριον
1890 891 2004 964 ᾅδει

353 981 585 1054 τρόπον·
622 982 825 1055 Κέρατα
879 980 932 1035 ἐν
992 981 1179 1057 χερσὶν
1232 981 1418 1040 αὐτοῦ.
1477 984 1576 1038 Διά
1619 988 1780 1039 τοῦτο
1811 981 1899 1037 καὶ
1940 983 2002 1037 τὸ

358 1074 587 1142 σημεῖον
645 1068 905 1124 δείκνυσιν
966 1069 1128 1125 αὐτοῦ
1156 1071 1257 1139 τήν
1306 1068 1534 1144 δύναμιν
1578 1072 1668 1126 καὶ
1720 1072 1818 1142 τὴν
1854 1070 2001 1142 ἐξου-

359 1157 498 1229 σίαν,
573 1157 897 1233 ἑκατέρωθεν
970 1159 1183 1232 μᾶλλον
1251 1156 1308 1214 δὲ
1360 1161 1703 1237 πανταχόθεν
1762 1162 1849 1215 καὶ
1913 1158 2003 1215 διὰ

353 1248 564 1301 πάντων
604 1243 865 1316 διήκοντα
908 1247 977 1302 τὰ
1023 1248 1237 1322 κέρατα.
1295 1247 1753 1323 Ἐνδυναμοῦνται
1801 1247 1859 1305 δὲ
1908 1245 1997 1304 οῦ-

344 1355 450 1398 τως
479 1335 529 1389 οἱ
559 1332 846 1406 ἐσθίοντες,
877 1338 970 1391 καὶ
999 1337 1267 1408 τοσαύτην
1302 1336 1462 1413 ἴσχὺν
1509 1338 1570 1394 ἐκ
1612 1346 1714 1409 τῆς
1761 1345 1994 1409 ζωτικῆς

339 1420 392 1478 ἐν
423 1423 637 1486 ἑαυτοῖς
669 1423 925 1499 ἴσχύουσι
950 1428 1183 1503 τροφῆς,
1217 1425 1346 1482 ὥστ’
1395 1427 1550 1482 αὐτοὶ
1598 1427 1689 1483 καὶ
1735 1429 1853 1482 κατ’
1899 1425 1997 1503 ἐχ-

338 1518 482 1588 θρῶν
514 1514 646 1568 εἶναι
678 1515 933 1591 καρτεροὶ
981 1516 1071 1571 καὶ
1124 1518 1426 1592 μονονοοχί
1457 1522 1553 1573 τοῦ
1581 1517 1783 1590 ταύρου
1831 1516 1995 1593 κέρα-

340 1622 421 1657 σιν
454 1603 822 1676 ὡπλισμένοι.
851 1605 940 1666 Ὦς
974 1603 1142 1682 λέγει,
1179 1607 1267 1662 Ἐν
1287 1607 1374 1662 σοὶ
1406 1606 1533 1670 τοὺς
1568 1606 1800 1682 ἐχθροὺς
1830 1610 1990 1680 ἡμῶν

340 1696 600 1765 κερατιοῦ
608 1714 724 1765 μεν.

416 1783 472 1837 3.
506 1780 823 1858 Εὖφροσύνη
857 1782 946 1838 καὶ
980 1781 1218 1857 συνῳδία
1264 1788 1355 1840 καὶ
1405 1787 1591 1861 χοροί·
1646 1784 1740 1841 κᾶν
1774 1786 1802 1840 6
1835 1806 1977 1860 πρεσι

2173 1783 2325 1841 878
2365 1785 2418 1840 3.
2480 1783 2702 1841 Laetitia
2755 1783 2891 1840 hinc
2947 1789 3005 1840 et
3059 1788 3379 1841 concentus
3435 1784 3746 1859 cborique,

344 1864 594 1946 ὄύτερος,
625 1872 654 1926 6
708 1868 975 1947 πάρεδρος
1031 1872 1113 1928 ἀεὶ
1161 1874 1252 1928 καὶ
1309 1876 1638 1944 καταπειθὴς
1689 1876 1770 1948 τῷ
1826 1877 1977 1950 πατρ

2102 1890 2251 1946 aegre
2285 1875 2504 1930 ferente
2548 1874 2679 1929 licet
2729 1874 2907 1929 fratre
2956 1873 3177 1945 majore
3226 1879 3390 1940 natu,
3440 1874 3541 1946 qui
3590 1877 3743 1946 patri

345 1955 628 2035 δυσχερῶς
686 1960 859 2037 φέρει,
918 1958 1197 2035 μηδέποτε
1256 1965 1352 2037 μὶν
1408 1964 1575 2026 αὐτὸς
1632 1964 1684 2019 έν
1741 1963 1977 2039 (ἀσωτίας

2099 1979 2332 2035 semper
2362 1963 2691 2018 adhaeserat
2719 1963 2889 2034 eique
2917 1962 3247 2034 obsequens
3295 1962 3503 2030 fuerat,
3540 1964 3739 2019 neuti-

339 2045 484 2119 μηδὲ
551 2048 602 2102 ἐν
658 2046 910 2125 διαχύσει
986 2052 1275 2126 γινόμενος
1306 2095 1320 2121 ,
1394 2052 1869 2129 μεμακαρισμένον
1930 2050 1977 2108 δὲ

2098 2068 2274 2125 quam
2304 2068 2439 2108 vero
2470 2052 2595 2123 ipse
2624 2051 2864 2123 ﬂagitiis
2893 2067 2957 2108 se
2985 2055 3044 2107 et
3083 2049 3433 2107 libidinibus
3475 2051 3736 2123 dederat,

331 2136 477 2211 ὁρῶν
533 2136 1133 2212 τὸνένδεδικημὲνον.
1193 2141 1508 2218 Παρακαλεῖ
1563 2141 1653 2197 οὖν
1712 2146 1907 2197 τοῦτον
1958 2143 1985 2197 ὁ

325 2226 531 2302 πατὴρ,
592 2226 795 2301 λέγων’
858 2230 1086 2296 Τέκτον,
1148 2230 1210 2285 σὺ
1263 2231 1494 2287 πάντοτε
1557 2233 1672 2306 μετ’
1720 2230 1856 2305 ἐμοῦ
1914 2231 1981 2287 εἷ.

324 2315 429 2372 Καὶ
479 2316 561 2379 τίς
598 2318 802 2390 μείζων
841 2317 1144 2395 εὐφροσύνη
1195 2321 1286 2375 καὶ
1333 2321 1494 2396 ἑορτή
1540 2321 1630 2377 καὶ
1681 2323 1984 2396 πανήγυρις

317 2408 416 2459 τοῦ
448 2402 745 2468 διαπαντὸς
801 2412 1038 2462 συνεῖναι
1088 2407 1180 2462 καὶ
1210 2409 1536 2487 παρεστάναι
1594 2410 1684 2465 καὶ
1732 2409 1979 2484 λειτουρ-

317 2497 433 2569 γεῖν
465 2498 548 2566 τῷ
596 2500 756 2567 eaq»;
806 2497 910 2552 Καὶ
967 2498 1141 2552 πάντα
1196 2498 1264 2552 τὰ
1310 2497 1416 2572 ἐμὰ
1471 2499 1536 2553 σά
1591 2498 1726 2568 ἐστι,
1786 2499 1978 2556 Μακά-

322 2601 445 2655 ριος
480 2579 540 2637 δὲ
571 2584 600 2636 ὁ
626 2583 979 2659 κληρονόμος
1009 2589 1107 2641 τοῦ
1136 2591 1293 2657 Θεοῦ,
1326 2586 1372 2660 ᾧ
1420 2590 1602 2664 πατὴρ
1634 2588 1917 2660 έκτήσατο’
1949 2592 1977 2646 ὁ

325 2672 539 2738 πιστὸς,
590 2672 651 2727 οὗ
681 2678 783 2736 πᾶς
829 2672 969 2729 ἐστιν
1005 2675 1034 2728 6
1082 2676 1292 2749 κόσμος
1334 2680 1443 2732 τῶν
1495 2677 1817 2753 χρημάτων.
1871 2679 1975 2736 Εὖ-

331 2766 633 2837 φρανθῆναι
713 2758 770 2816 δὲ
831 2761 923 2817 καί
985 2767 1223 2839 χαρῆναι
1292 2759 1424 2838 ἔδει,
1497 2767 1578 2821 ὅτι
1656 2768 1684 2821 ὁ
1742 2764 1976 2847 ἀδελφός

334 2870 434 2904 σου
511 2848 667 2915 οὗτος
714 2851 903 2927 νεκρὸς
961 2854 1070 2923 ἦν,
1130 2851 1222 2908 καί
1274 2855 1525 2926 ἀνέζησε.
1589 2858 1806 2931 Χρηστὲ
1862 2859 1974 2913 Πά-

327 2957 442 3011 τερ,
479 2939 506 2993 ὁ
556 2943 844 3014 ζωογονῶν
902 2942 971 2996 τὰ
1014 2940 1210 3011 πάντα,
1242 2944 1270 2998 6
1302 2941 1523 3018 ἐγείρων
1555 2945 1682 3007 τοὺς
1713 2946 1934 3021 νεκρούς
1960 2948 1972 3004 !

324 3027 425 3083 Καὶ
464 3026 797 3111 ,ἀπολωλὼς
854 3029 961 3101 ἦν,
1023 3031 1113 3085 καὶ
1171 3031 1403 3108 εὑρέθη.
1463 3033 1743 3111 Μακάριος
1800 3032 1858 3090 δὲ
1913 3037 1971 3091 δν

316 3110 564 3186 ἐξελέξω,
650 3117 743 3171 καὶ
820 3115 1191 3193 προσελάὅου,
1276 3122 1365 3175 καὶ
1441 3121 1498 3177 ’ὀν
1577 3125 1815 3194 ζητήσας
1884 3123 1971 3180 εύ-

319 3202 528 3279 ρίσκεις
564 3251 576 3264 ,
624 3205 898 3283 Μακάριοι
966 3209 1039 3263 ὧν
1114 3208 1386 3287 ἀφέθησαν
1446 3212 1501 3266 αἱ
1559 3211 1830 3286 ἀνομίαι,

319 3291 396 3347 ὧν
475 3293 928 3373 ἐπεκαλύφθησαν
1008 3299 1064 3352 αἱ
1138 3297 1419 3374 ἁμαρτίαι.
1498 3300 1674 3359 Ἀλλά
1744 3303 1806 3358 τὸ
1882 3304 1977 3377 μὲν

2089 2139 2207 2210 jam
2240 2154 2376 2194 vero
2407 2138 2639 2195 videbat
2669 2137 2940 2205 alterum,
2982 2153 3215 2209 pcenam
3267 2136 3368 2210 qui
3417 2142 3733 2211 meruerat,

2092 2227 2264 2284 beate
2292 2244 2484 2300 agere.
2518 2227 2738 2283 Blande
2766 2226 2951 2300 igitur
2969 2226 3136 2283 illum
3158 2225 3520 2298 compellans
3546 2230 3734 2300 pater,

2091 2319 2228 2386 Fili,
2262 2316 2474 2388 inquit,
2505 2322 2567 2373 tu
2592 2332 2807 2389 semper
2831 2332 3044 2373 mecum
3072 2333 3149 2373 es.
3184 2317 3257 2374 Et
3303 2332 3577 2389 quaenam
3611 2333 3731 2373 ma-

2084 2407 2182 2479 jor
2210 2406 2413 2463 laetitia
2438 2407 2726 2464 feetumve
2753 2410 2856 2463 aut
2885 2406 3221 2479 panegyris,
3269 2422 3448 2477 quam
3496 2421 3733 2476 semper

2090 2499 2298 2553 adesse
2324 2502 2381 2553 et
2410 2497 2689 2554 assistere
2717 2497 2835 2553 Deo
2875 2495 3046 2569 eique
3076 2494 3405 2552 inservire?
3431 2494 3497 2551 Et
3533 2495 3730 2551 omnia

2084 2602 2209 2642 mea
2236 2587 2336 2642 tua
2361 2591 2515 2642 sunt.
2547 2585 2760 2643 Beatus
2792 2586 2893 2658 qui
2922 2585 3109 2641 heres
3139 2587 3230 2641 est
3276 2583 3395 2652 Dei,
3445 2583 3506 2640 in
3555 2584 3728 2655 cujus

2086 2691 2242 2730 unus
2269 2679 2440 2732 Pater
2470 2692 2581 2732 sua
2627 2675 2890 2748 possidet
2920 2691 2934 2730 :
2970 2673 3182 2744 fidelis,
3230 2674 3402 2745 cujus
3441 2677 3535 2729 est
3590 2673 3726 2728 uni-

2083 2781 2289 2821 versus
2314 2782 2490 2838 opum
2524 2766 2930 2836 bonorumque
2951 2764 3231 2820 mundus.
3254 2763 3523 2819 Exultare
3543 2767 3724 2820 autem

2083 2864 2136 2912 et
2162 2855 2414 2928 gaudere
2465 2855 2767 2927 oportebat,
2827 2853 2968 2926 quod
3019 2855 3234 2925 fratre:-
3271 2854 3360 2908 hic
3402 2862 3526 2910 tuus
3574 2867 3728 2909 mor-

2082 2948 2211 3001 tuus
2264 2951 2407 3010 erat,
2463 2953 2517 3000 et
2572 2942 2798 3000 reuixit.
2864 2943 3020 2999 Bone
3094 2942 3282 3009 Pater,
3360 2941 3461 3016 qui
3540 2940 3729 2999 viviﬁ-

2083 3050 2181 3090 cas
2239 3034 2479 3104 omnia,
2559 3038 2617 3089 et
2685 3032 2903 3088 excitae
2965 3031 3273 3088 mortuos!
3337 3034 3408 3089 Et
3481 3031 3730 3104 perditus

2092 3131 2231 3193 erat,
2258 3138 2324 3179 ac
2350 3130 2596 3194 repertus
2632 3125 2732 3178 est.
2784 3123 2995 3178 Beatus
3045 3137 3209 3193 quem
3260 3121 3501 3193 elegisti,
3539 3129 3593 3177 et
3636 3135 3730 3176 as-

1888 3215 1978 3271 καὶ
2010 3183 2054 3251 C
2090 3183 2374 3284 sumpsisti
2402 3183 2502 3284 (ά),
2535 3226 2830 3284 quemque
2858 3183 3128 3282 quaerens
3150 3183 3391 3282 reperis.
3417 3183 3575 3264 Beati
3591 3225 3729 3282 quo-

2082 3318 2207 3358 rum
2237 3300 2489 3358 remissae
2514 3306 2643 3357 sunt
2670 3298 3019 3370 iniqui'ates,
3050 3301 3100 3353 et
3129 3312 3361 3370 quorum
3405 3301 3550 3352 tecta
3594 3303 3728 3354 sunt

320 3389 604 3455 μετανοεῖν
636 3384 688 3458 ἐξ
730 3385 1142 3458 ἁμαρτημάτων
1192 3388 1552 3462 ἀνθρώπινον·
1600 3392 1689 3445 καὶ
1744 3392 1977 3466 γινέσθω

2089 3392 2396 3463 peccatum.
2419 3390 2530 3446 Sed
2564 3388 2906 3458 resipiscere
2936 3404 2970 3443 a
3009 3386 3285 3459 peccatis,
3312 3384 3570 3441 hominis
3601 3390 3719 3442 est:

310 3475 480 3527 τοῦτο
534 3474 653 3546 μεθ’
694 3474 1044 3554 ὑποστροφῆς
1098 3475 1354 3553 ἀσχέτου’
1415 3478 1443 3533 ὁ
1486 3479 1589 3555 γὰρ
1643 3481 1719 3553 μή
1782 3480 1973 3552 οὕτως,

316 3558 770 3634 ὀνειδισθήσεται,
828 3562 911 3619 ὅτι
965 3566 1041 3638 μὴ
1100 3564 1151 3637 ἐξ
1210 3564 1348 3638 ὅλης
1406 3566 1652 3642 καρδίας,
1706 3568 1831 3625 ἀλλ’
1887 3569 1975 3626 ἐπὶ

308 3647 552 3705 σπεύδει.
604 3651 705 3706 Καὶ
746 3653 810 3707 τὸ
857 3658 1183 3731 καταφυγεῖν
1230 3654 1318 3710 ἐπὶ
1362 3655 1455 3711 τὰν
1488 3658 1636 3727 Θεὸν,
1680 3658 1969 3735 ἡμέτερον·

313 3739 410 3793 καὶ
469 3741 607 3814 πρὸς
661 3743 808 3796 τοῦτ’
858 3739 1225 3807 ἀδιαλείπτως
1277 3746 1365 3799 καὶ
1428 3746 1697 3809 συντόνως
1746 3747 1971 3824 ἐπειγώο

322 3839 482 3900 μεθα.
546 3832 725 3897 Δεῦτε,
778 3831 880 3906 γὰρ
935 3830 1107 3906 λέγει,
1166 3834 1303 3908 πρὸς
1366 3835 1454 3908 μὲ,
1514 3835 1708 3900 πάντες
1765 3837 1815 3893 οὶ
1874 3859 1972 3894 κο·-

314 3920 554 3978 πιῶντες
665 3917 754 3972 καὶ
867 3923 1323 3998 πεφορτισμένοι,
1432 3925 1580 3999 κᾶγώ
1681 3926 1971 3983 ἀναπαύσω

317 4005 504 4077 ὑμᾶς.
560 4007 661 4062 Καὶ
712 4009 775 4063 τὸ
833 4005 1039 4073 δεῖσθαι
1087 4011 1178 4065 καὶ
1232 4012 1295 4067 τὸ
1353 4010 1803 4090 ἐξομολογεῖσθαι
1839 4018 1974 4090 μετά

307 4097 819 4170 ταπεινοφροσύνης
866 4097 1132 4157 ἑκούσιον.
1189 4101 1281 4155 Διὸ
1329 4098 1663 4160 ἐντέλλεται.
1725 4106 1857 4181 Λέγε
1904 4107 1966 4161 σὺ

309 4188 536 4260 πρῶτος
593 4184 688 4247 τὰς
742 4185 1009 4262 ἁμαρτίας
1068 4210 1183 4263 σου,
1239 4187 1326 4245 ἵνα
1386 4188 1701 4267 δικαιωθῇς.
1754 4196 1877 4252 Ἐπὶ
1912 4194 1970 4253 δὲ

303 4270 526 4335 τούτοις
556 4272 714 4329 τίνων
745 4275 1062 4348 τευξόμεθα,
1112 4277 1205 4331 καὶ
1255 4277 1309 4332 τί
1367 4276 1618 4351 ἐσόμεθα,
1671 4280 1777 4358 οὐχ
1806 4285 1968 4357 ἡμεῖς

384 4360 509 4416 ιταί.

384 4382 509 4416 ιται.

305 4381 437 4506 κριι.
490 4449 679 4513 Οὕτως
713 4455 788 4526 (7)
833 4451 948 4528 ἔχει
981 4452 1069 4508 καὶ
1103 4450 1344 4531 ἀκριϐῶς
1381 4458 1416 4525 ἡ
1448 4453 1761 4534 παραϐολή.
1796 4462 1960 4517 Ἦκεν

2082 3479 2260 3551 idque
2292 3480 2391 3535 ﬁat
2438 3495 2550 3535 non
2603 3476 2928 3534 revocanda
2969 3473 3367 3532 conversione.
3424 3473 3568 3530 Nam
3622 3474 3723 3547 qui

2080 3568 2190 3625 hoc
2223 3585 2340 3625 non
2370 3568 2528 3637 facit,
2559 3564 2888 3640 ignominia
2926 3563 3235 3633 afﬁcietur,
3268 3564 3546 3636 quoniam
3604 3581 3723 3621 non

2079 3676 2149 3716 ex
2178 3663 2303 3715 toto
2335 3657 2555 3726 animo,
2589 3656 2691 3713 sed
2721 3670 2826 3728 per
2854 3655 3141 3726 impetum
3175 3653 3348 3710 modo
3379 3653 3568 3712 rediit.
3601 3654 3718 3712 Nos

2079 3749 2243 3805 decet
2275 3749 2343 3803 ad
2378 3746 2558 3803 Deum
2595 3745 2929 3817 confugere.
2980 3743 3098 3799 Hoc
3154 3749 3436 3815 perpetuo
3467 3749 3525 3799 et
3572 3743 3719 3800 assi-

2078 3839 2189 3894 due
2218 3853 2485 3910 agamus.
2524 3834 2728 3900 Venite,
2790 3833 2973 3900 enim,
3016 3832 3231 3904 inquit,
3283 3834 3357 3888 ad
3401 3849 3490 3888 me
3534 3849 3720 3890 omnes

2076 3928 2173 4000 qui
2203 3927 2471 3983 laborati:
2499 3931 2550 3982 et
2575 3925 2790 3980 onerati
2817 3924 2967 3989 estis,
3016 3930 3068 3977 et
3107 3936 3203 3993 ego
3231 3921 3481 3993 reﬁciam
3509 3938 3602 3978 vos
3630 3923 3720 3994 (Ι).

2075 4018 2145 4074 Et
2172 4032 2374 4089 rogare
2405 4020 2462 4071 et
2489 4013 2753 4071 confiteri
2803 4030 2936 4070 cum
2990 4010 3345 4076 humilitate,
3402 4011 3462 4066 in
3521 4015 3724 4067 nostra

2074 4107 2371 4162 voluntate
2431 4105 2686 4176 positum
2744 4107 2853 4157 est.
2905 4102 3037 4157 Ideo
3096 4099 3361 4171 praecipit
3407 4115 3420 4155 :
3473 4101 3581 4155 Dic
3656 4109 3721 4156 tu

2071 4199 2234 4269 prius
2287 4203 2507 4264 peccata
2565 4203 2663 4248 tua
2706 4200 2768 4247 ut
2786 4190 3114 4263 justiﬁceris
3145 4190 3242 4261 (g).
3276 4188 3493 4243 Exinde
3524 4192 3719 4245 autem

2072 4285 2211 4358 quid
2247 4281 2618 4341 consecuturi
2662 4285 2718 4336 et
2747 4280 2888 4354 quid
2940 4279 3143 4345 futuri,
3177 4295 3294 4334 non
3345 4294 3451 4333 nos
3487 4275 3721 4348 judices

2026 4394 2029 4399 '
2071 4391 2301 4432 sumus.

2139 4467 2192 4520 4.
2224 4464 2321 4519 Sic
2350 4466 2619 4520 accurate
2654 4477 2717 4516 se
2748 4460 2923 4515 habet
2952 4457 3242 4530 parobolae
3265 4456 3579 4514 sententia.
3611 4455 3718 4513 Ve-

309 4540 340 4594 6
364 4545 498 4603 παῖς
526 4540 554 4593 6
589 4545 871 4611 μετανοῶν
903 4543 1041 4615 πρὸς
1071 4546 1162 4599 τὸν
1193 4541 1576 4622 εὕσπλαγχνον
1627 4550 1853 4625 πατέρα,
1904 4551 1966 4606 ού

2089 4553 2162 4609 nit
2194 4552 2353 4608 ﬁlius
2401 4551 2686 4624 paenitens
2716 4550 2788 4604 ad
2840 4546 3280 4604 misericordem
3313 4550 3566 4619 patrem,
3599 4562 3716 4602 non

302 4632 477 4683 ταῦτα
519 4625 745 4692 ἐλπίσας
791 4632 945 4699 ποτὲ,
995 4633 1098 4702 τήν
1151 4632 1355 4703 στολὴν
1413 4637 1514 4703 τήν
1569 4638 1816 4712 πρώτην,
1876 4641 1965 4695 καὶ

306 4718 405 4773 τὸν
467 4714 785 4789 δακτύλιον,
844 4719 934 4774 καὶ
981 4721 1049 4775 τὰ
1105 4719 1451 4795 ὑποδήματα,
1510 4723 1636 4781 οὐδὲ
1676 4728 1964 4802 γεύσασθαι

301 4810 406 4861 τοῦ
459 4806 675 4884 μόσχου
722 4812 819 4863 τοῦ
865 4813 1132 4879 σιτευτοῦ,
1168 4809 1294 4867 οὐδὲ
1328 4814 1568 4885 μεθέξειν
1601 4817 1963 4895 εὐφροσύνης,

305 4893 436 4952 οὐδὲ
467 4894 733 4970 συνῳδίας
778 4898 870 4952 καὶ
923 4903 1111 4974 χορῶν
1143 4899 1493 4958 ἀπολαύσειν*
1527 4903 1654 4961 ἀλλ’
1681 4893 1965 4982 ἀγαπητὸν

305 4986 406 5058 μὲν
465 4985 531 5054 ἦν
580 4988 728 5058 αύτῷ
785 4992 973 5062 τυχεῖν
1024 4988 1071 5060 ᾧ
1114 4988 1270 5060 ἠξίου
1315 4994 1434 5056 καθ’
1465 4989 1671 5050 ἑαυτόν.
1723 4996 1959 5068 Ηοίησόν

304 5095 395 5148 με,
461 5070 796 5148 βεϐούλευτο
856 5075 1049 5145 εἰπεῖν,
1109 5078 1185 5142 ὡς
1232 5076 1326 5135 ἓνα
1382 5085 1489 5135 τῶν
1550 5083 1780 5155 μισθίων
1842 5107 1958 5145 σου.

298 5164 416 5232 Τὴν
488 5160 545 5218 δὲ
623 5161 1033 5241 φιλοφροσύνην
1113 5164 1241 5221 ἰδὼν
1316 5170 1814 5244 προύπαντήσασαν
1863 5176 1958 5231 τοῦ

2076 4642 2179 4698 illa
2210 4657 2457 4714 sperans
2507 4640 2759 4711 priorem
2812 4636 3024 4693 stolam
3078 4636 3485 4707 annulumque
3513 4639 3570 4690 et
3598 4634 3717 4690 cal-

2076 4735 2398 4796 ceamenta,
2446 4744 2636 4799 neque
2667 4727 2739 4783 de
2768 4725 2947 4798 vitulo
2985 4724 3247 4796 saginan
3298 4741 3362 4781 se
3420 4729 3718 4780 comestu-

2078 4838 2235 4888 rum,
2283 4836 2471 4891 neque
2502 4817 2716 4873 laetitiae
2748 4816 3010 4871 futurum
3045 4812 3414 4887 participem,
3448 4819 3549 4869 aut
3578 4827 3717 4868 con-

2075 4910 2344 4968 cantibus
2391 4915 2447 4965 et
2477 4905 2670 4963 choris
2699 4921 2762 4961 se
2793 4904 3131 4960 fruiturum.
3183 4902 3294 4959 Sed
3345 4900 3492 4957 illud
3543 4901 3717 4959 modo

2073 4999 2450 5059 desiderabat
2481 4994 2787 5066 consequi,
2814 4994 2966 5065 quod
2998 4993 3154 5064 apud
3189 5008 3250 5049 se
3278 4991 3539 5065 optabat,
3574 4991 3720 5049 vole-

2070 5091 2287 5161 batque
2344 5102 2549 5161 rogare
2582 5102 2596 5140 :
2629 5086 2733 5141 Fac
2756 5099 2844 5138 me
2871 5080 3015 5137 sicut
3042 5096 3213 5135 unum
3245 5081 3312 5137 de
3352 5080 3717 5138 mercenarii:

2068 5182 2199 5239 tuis.
2232 5181 2377 5236 Cum
2409 5191 2542 5231 vero
2572 5172 2896 5229 bonitatem
2928 5169 3150 5226 videret
3190 5169 3374 5241 patris
3420 5169 3530 5224 sibi
3577 5175 3715 5227 ante

372 5298 658 5389 (ιρηΝιιιῖιζ
690 5300 975 5389 iam,
1022 5302 1136 5389 “(12)
1167 5302 1383 5362 Habac.
1416 5322 1501 5379 ιιι,
1535 5307 1586 5363 4.
1665 5309 1735 5382 (c)
1762 5309 1912 5368 Psal.
1937 5333 1971 5371 x

2089 5318 2171 5387 ,6.
2250 5314 2327 5385 (ά)
2353 5308 2502 5367 Psal.
2531 5307 2753 5373 1.x1v,5.
2830 5292 3333 5377 (e)Psal:xxx1,‘1.
3410 5302 3712 5376 (nMattb.

295 5388 378 5441 ιι,
408 5370 502 5426 28.
582 5370 657 5441 (9)
690 5370 797 5428 Isa.
831 5388 995 5439 xnm,
1022 5370 1115 5431 26.

374 5502 750 5587 (7)_0i51wc__x.
777 5524 830 5587 ςτ.
864 5502 920 5560 λ.
972 5507 1099 5587 Huc
1145 5527 1332 5587 usque
1369 5511 1670 5570 Clemens:
1702 5533 1829 5587 quae
1860 5534 1952 5576 se-

302 5582 589 5651 quuntur,
624 5576 868 5658 alterius
900 5580 1102 5658 procul
1136 5576 1315 5640 dubio
1337 5589 1478 5641 sunt
1497 5576 1953 5658 auctoris,cujus

300 5648 518 5708 nomen
553 5649 746 5705 scriba
766 5648 825 5705 in
858 5648 1123 5723 margine
1151 5670 1445 5727 apponere
1488 5648 1770 5732 neglexit:
1810 5648 1953 5721 Nam

2063 5538 2207 5578 nova
2238 5519 2507 5591 sequitur
2535 5510 2821 5591 expositio
2851 5509 3182 5591 parabole;
3226 5526 3411 5591 eaque
3441 5514 3597 5591 certe
3624 5516 3711 5591 est

2062 5583 2340 5649 auctoris"
2374 5583 2670 5646 Clemente
2727 5583 3082 5653 recentioris,
3142 5583 3283 5656 quia
3327 5584 3616 5642 Novatum
3646 5584 3709 5641 in

2061 5666 2178 5722 ﬁne
2207 5663 2442 5721 refutat.
2472 5657 2656 5715 ϐω.
