4052 6154
351 287 459 344 767
1591 298 2003 352 accusans
2039 297 2544 352 muscam:
3671 281 3783 336 768

349 412 512 469 tibus
542 413 696 470 Deus
727 415 1140 483 comminatur,
1162 434 1352 489 pcsna.
1377 417 1572 473 Rectis
1595 419 1750 473 enim
1775 418 1949 472 bonuu

2174 414 2472 486 ιτεὶλληλος
2529 413 2854 490 ἐπαγγελία,
2905 409 3029 467 οὔτε
3086 411 3121 480 ἡ
3177 414 3294 472 τοῖς
3373 405 3774 482 πλαγιάζουσιν

353 519 416 558 sc
445 503 661 574 praebet
693 503 1010 573 Dominus;
1049 506 1414 562 declinantes
1443 523 1578 562 vero
1612 507 1684 562 ad
1716 511 1953 564 tortuosi

2178 503 2472 577 τειλημένη
2532 504 2777 565 κόλασις.
2816 502 3092 578 Ἀγαθύνει
3135 500 3237 576 γὰρ
3295 504 3412 560 τοῖς
3444 496 3619 552 ενῦθὲσι
3669 497 3778 551 Κύ-

355 592 677 658 anfractus,
723 593 960 650 abducit
1010 593 1080 650 ad
1133 602 1349 651 sortem
1401 613 1602 651 eorum
1653 596 1750 667 qui
1787 613 1955 667 opera

2169 616 2235 657 ηος
2271 611 2286 629 °
2313 595 2438 656 τοὺς
2473 592 2530 649 δὲ
2559 593 2908 654 ἐκκλίνοντας
2943 591 3019 653 εἷς
3077 591 3168 652 τὰς
3219 586 3585 665 στραγγαλιᾶς
3630 585 3769 642 ἀπά-

354 685 494 736 sunt
524 681 913 753 iniquitatem.
951 683 1014 738 Et
1042 699 1166 739 cum
1225 684 1510 741 innocente
1542 689 1801 747 innocens
1828 694 1929 753 est,

2173 707 2198 738 Lt
2262 686 2398 757 μετά
2449 688 2558 739 τῶν
2612 681 2990 759 ἐργαζομένων
3044 681 3143 748 τὴν
3192 677 3444 752 ἀνομίαν.
3479 677 3578 732 Καὶ
3641 678 3773 750 μετά

352 785 476 825 cum
497 770 776 842 perversis
801 788 1089 844 pcrversus
1119 774 1215 842 (α),
1241 779 1294 828 et
1320 773 1577 845 obliquis
1609 775 1877 847 obliquas
1900 775 1952 830 in

2164 774 2300 838 Βώου
2332 775 2508 835 ἀθῶός
2533 773 2668 840 ἐστι,
2708 771 2798 828 καὶ
2833 771 2971 845 μετά
3001 765 3269 845 στρεϐλοῦ
3318 765 3648 844 διαστρέφει,
3680 768 3764 820 καί

353 859 535 914 mittit
567 860 708 916 vias.

2116 869 2233 926 τοῖς
2267 862 2516 926 σκολιοῖς
2547 862 2769 924 σκολιὰς
2801 858 2965 924 ὁδοὺς
2989 857 3337 915 ἀποστὶλλει.

789 976 917 1033 Alia
951 978 1246 1034 Clementis
1278 979 1573 1048 allegoria.

2536 977 2724 1049 ἈλΛη
2760 977 2969 1053 Θεωρία
2999 975 3350 1048 Κλήμεντος.

424 1082 578 1138 Deus
610 1083 834 1138 homini
885 1085 957 1138 ad
1015 1085 1468 1140 similitudinem
1522 1103 1687 1142 suam
1723 1086 1874 1141 facto
1907 1087 2014 1141 l‘or-

2191 1088 2273 1158 Τῇ
2309 1087 2500 1140 ἑαυτοῦ
2532 1081 2822 1159 φωτοειδεῖ
2855 1087 3042 1162 μορφῇ
3075 1084 3102 1138 6
3133 1081 3285 1152 Θεός,
3317 1081 3390 1143 ὡς
3420 1078 3472 1136 ἐν
3524 1075 3775 1158 σφραγῖδι

356 1187 514 1226 mam
547 1189 718 1228 suam
753 1173 1150 1244 splendidam,
1203 1173 1366 1228 velut
1396 1174 1654 1246 sigillum
1689 1174 1944 1229 maximo

2177 1175 2369 1251 εγίστῃ,
2419 1176 2509 1230 τὸν
2566 1173 2617 1229 ἐν
2670 1174 2988 1247 ὁμοιώματι
3045 1174 3333 1246 ἄνθρωπον
3380 1169 3777 1233 ἐνετυπώσατο,

355 1261 679 1332 impressit,
713 1267 778 1315 ut
807 1263 1088 1317 omnibus
1139 1263 1457 1333 imperaret
1504 1268 1560 1317 et
1589 1264 1955 1318 dominaretu

2173 1285 2272 1326 τως
2333 1264 2392 1318 ἂν
2453 1263 2671 1318 πάντων
2727 1260 2876 1338 ἄρχῃ
2907 1261 2996 1317 καί
3028 1261 3272 1336 κυριεύῃ,
3303 1260 3393 1315 καὶ
3423 1261 3595 1315 πάντα
3625 1259 3773 1328 αὐτῷ

353 1355 411 1405 et
440 1355 654 1404 cuncta
685 1350 767 1405 illi
802 1353 1110 1406 servirent.
1150 1354 1282 1408 Ideo
1308 1353 1535 1421 judicat
1559 1353 1713 1407 Deus
1735 1357 1921 1407 totum

2169 1352 2387 1426 δυλεύῃ.
2429 1353 2522 1408 Διὸ
2551 1353 2790 1427 κρίνεται
2822 1354 2850 1408 6
2881 1351 3010 1413 Θεὸς
3038 1351 3173 1405 εἶναι
3219 1352 3282 1404 τὸ
3316 1356 3420 1404 πᾶν
3471 1348 3630 1403 αὐτὸν
3680 1347 3769 1402 καὶ

353 1443 412 1492 et
443 1440 761 1511 imaginem
815 1441 905 1494 sui
937 1441 1234 1495 hominem
1291 1457 1440 1495 esse.
1491 1440 1788 1512 Quidquid
1837 1441 1953 1513 igit1

2171 1443 2220 1511 ἦν
2271 1443 2464 1497 ἑαυτοῦ
2521 1440 2706 1496 εἰκότα
2750 1443 2841 1496 τὸν
2890 1436 3196 1511 ἄνθρωπον.
3231 1441 3407 1500 Οὗτος
3456 1437 3706 1513 ἀόρατος,
3738 1437 3771 1502 ἡ

355 1527 580 1582 homini
615 1527 813 1582 fecerit
843 1527 1062 1599 aliquis
1092 1530 1210 1583 sive
1238 1530 1373 1583 boni
1409 1530 1532 1584 sive
1563 1530 1725 1596 mali,
1750 1530 1807 1584 in
1836 1536 1948 1586 Ueu

2171 1552 2182 1585 ε
2229 1532 2394 1586 αὐτοῦ
2436 1531 2618 1600 εἰκὼν,
2653 1532 2680 1586 6
2739 1530 3040 1604 ἄνθρωπος,
3075 1529 3267 1601 ὁρατός
3299 1531 3396 1600 (9).
3421 1529 3489 1585 Ὀ
3533 1526 3624 1581 οὖν
3683 1524 3771 1580 ἐάν

354 1617 626 1670 refertur.
662 1616 794 1671 ldeo
828 1632 895 1670 ex
927 1617 1334 1684 illojudicium
1368 1619 1647 1673 omnibus
1679 1635 1783 1690 pro
1807 1619 1949 1674 meri

2170 1639 2203 1679 ,ς
2249 1620 2548 1689 ποιήσηται
2597 1622 2707 1690 (10)
2755 1619 3049 1692 ἀνθρώπῳ,
3101 1617 3207 1672 εἶτε
3258 1617 3456 1692 ἀγαθὸν
3516 1615 3624 1671 εἷ’τε
3673 1635 3770 1669 κα-

357 1721 467 1760 suo
517 1705 784 1761 tribuens
832 1706 1065 1763 veniet:
1101 1723 1271 1764 suam
1321 1707 1477 1764 enim
1525 1707 1840 1779 imaginem
1889 1709 1957 1765 vix

2172 1709 2244 1776 ὃν,
2294 1708 2369 1769 εἷς
2424 1707 2630 1763 ἐκεῖνον
2689 1707 3029 1784 ἀναφέρεται.
3086 1707 3181 1760 Διὸ
3239 1707 3290 1776 ἐξ
3350 1705 3515 1760 αὐτοῦ
3570 1704 3772 1779 κρίσις,

359 1794 536 1849 dicat.
2034 1792 2081 1856 Β
2113 1802 2242 1852 πᾶσι
2271 1799 2389 1852 κατ’
2419 1797 2564 1870 ἀξίαν
2615 1798 2986 1869 ἁπονὲμουσα,
3038 1793 3430 1872 παρελεύσεται
3462 1812 3474 1824 ·
3508 1795 3609 1863 τὴν
3664 1794 3770 1868 γὰρ

2107 1886 2274 1941 αὐτοῦ
2310 1887 2529 1964 μορφὴν
2560 1883 2785 1941 ἐκδικεῖ.

1971 2141 2160 2203 XVII.

1173 2247 1550 2323 Fragmenta
1581 2265 1721 2325 quae
1749 2249 1810 2308 in
1841 2248 2109 2310 editione
2139 2250 2472 2310 Oxoniensi
2502 2249 2960 2309 desiderantur.

962 2379 1125 2452 Apud
1155 2381 1212 2435 S.
1246 2381 1598 2438 Anastasium
1627 2382 1928 2453 Sinaitam,
1968 2391 2158 2456 quiest.
2193 2401 2340 2451 xcvr,
2370 2400 2500 2456 pag.
2533 2384 2631 2438 401
2666 2383 2795 2439 edit.
2836 2383 3167 2440 novissimae.

425 2491 933 2555 Quemadmodum
969 2495 1095 2550 ﬁeri
1116 2501 1326 2566 pctest,
1350 2503 1413 2552 ut
1443 2510 1500 2553 et
1524 2515 1679 2553 nunc
1700 2497 1876 2554 homo
1901 2502 2014 2553 lor-

2192 2499 2396 2573 Ὥσπερ
2455 2494 2678 2552 δυνατὸν
2731 2497 2820 2552 καὶ
2863 2501 2954 2551 νῦν
3005 2493 3292 2568 ἄνθρωπον
3351 2490 3598 2547 πλάττειν
3677 2490 3769 2543 ἁν-

354 2585 471 2635 met
502 2580 824 2650 hominem,
860 2600 926 2640 eo
957 2591 1126 2655 pacto
1179 2602 1295 2656 quo
1326 2587 1510 2641 Adam
1563 2588 1852 2642 formatus
1884 2605 1954 2643 es

2172 2587 2402 2658 >ώπους⁹
2433 2589 2569 2642 κατὰ
2620 2587 2718 2655 τήν
2780 2585 3045 2660 προτέραν
3099 2589 3196 2639 τοῦ
3226 2580 3409 2656 Ἀδὰμ
3461 2579 3772 2646 διάπλασιν,

354 2667 412 2723 id
448 2673 640 2725 tamen
677 2688 792 2727 non
826 2673 909 2742 ﬁt,
961 2691 1027 2728 eo
1081 2675 1235 2744 quod
1271 2674 1497 2730 homini
1547 2675 1664 2730 vim
1698 2691 1954 2748 generan

2173 2675 2224 2730 5x
2275 2672 2352 2730 ἔτι
2403 2675 2546 2730 οὕτω
2595 2681 2744 2730 ποιεῖ
2793 2673 2882 2730 διὰ
2931 2676 2994 2730 τὸ
3043 2674 3178 2743 ἅπαξ
3212 2672 3534 2748 χαρίσασθαι
3566 2674 3646 2741 τῷ
3684 2670 3773 2724 ἁν-

355 2757 620 2816 homines
652 2763 1027 2832 concesserit,
1054 2763 1248 2818 verbis
1273 2763 1390 2819 illis
1414 2765 1485 2819 ad
1508 2769 1777 2820 naturam
1803 2765 1955 2820 hum.

2169 2763 2332 2839 ρώπῳ
2393 2765 2710 2837 ἀνθρώπους
2767 2767 2979 2838 γεννᾷν,
3027 2760 3192 2816 εἰπὼν
3250 2759 3387 2834 πρὸς
3445 2759 3546 2826 τὴν
3615 2755 3769 2831 φύσιν

358 2863 493 2901 nam
529 2848 771 2920 prolatis
806 2867 819 2904 :
857 2850 1107 2919 Crescite,
1141 2862 1190 2906 et
1219 2852 1698 2923 multiplicamini,
1731 2859 1783 2909 et
1813 2854 1958 2926 reple

2177 2858 2286 2926 μῶν
2316 2853 2400 2922 τὸ,
2430 2851 2729 2924 Αὒξάνεσθε
2775 2853 2862 2907 καὶ
2916 2850 3274 2920 πληθῦνεσθε,
3304 2849 3396 2902 καὶ
3448 2847 3777 2922 πληρώσατε

359 2945 561 2992 terram
593 2938 666 3009 (b)
695 2958 708 3007 ;
742 2939 826 2995 ita
852 2940 1254 3012 omnipotente
1279 2948 1336 2996 et
1365 2943 1605 3012 provida
1637 2959 1746 2998 sua
1775 2944 1955 2999 virtut

2177 2946 2224 3012 ἦν
2251 2950 2351 3018 γῆν
2389 2962 2402 2974 ⁸
2437 2943 2580 2997 οὕτω
2610 2946 2678 3008 τῆ
2710 2941 3075 3013 παντεξουσὶῳ
3103 2939 3193 2994 xui
3239 2939 3582 3014 προνοητικῇ
3615 2935 3777 2989 αὐτοῦ

357 3041 670 3097 corporum
717 3029 1134 3084 resolutionem
1167 3035 1223 3085 et
1266 3034 1723 3102 corruptionem,
1758 3040 1957 3088 natura

2177 3031 2352 3103 ινάμει
2384 3030 2471 3086 καί
2501 3032 2602 3100 τήν
2651 3035 2758 3086 τῶν
2794 3031 3062 3103 σωμάτων
3098 3027 3343 3084 διάλυσιν
3376 3026 3466 3082 καὶ
3496 3023 3777 3092 τελευτὴν,

361 3116 615 3185 quadam
647 3117 795 3172 serie
847 3123 904 3172 et
951 3119 1385 3188 consecutione,
1419 3119 1845 3176 elementorum
1880 3139 1961 3176 mi

2177 3124 2328 3192 »σικῇ
2379 3141 2487 3174 τινι
2536 3118 2838 3190 ἀκολουθίᾳ
2885 3120 2972 3173 καὶ
3021 3119 3189 3190 τάξει,
3220 3121 3287 3190 τῇ
3335 3121 3445 3170 τῶν
3494 3113 3777 3188 στοιχείων

357 3205 566 3260 tationi
619 3207 886 3277 permisit
936 3212 993 3263 et
1036 3209 1354 3276 commisit,
1389 3211 1718 3266 secundum
1769 3211 1948 3266 insita

2174 3203 2410 3283 εταόολῇ
2468 3209 2792 3282 ᾠκονόμησε
2849 3209 3104 3284 γίνεσθαι,
3165 3207 3300 3262 κατὰ
3356 3208 3456 3275 τήν
3537 3199 3774 3272 οὐσιώδη

353 3294 629 3349 essentiae
667 3295 830 3351 illius
873 3297 1266 3368 cognitionem
1318 3304 1374 3353 et
1403 3299 1953 3371 comprehensione:

1529 3299 2010 3371 .prehensionem.
2125 3297 2287 3354 αὐτοῦ
2320 3298 2644 3374 θεογνωσίαν
2676 3300 2762 3353 καὶ
2797 3295 3129 3372 κατάληψιν.

360 3419 594 3475 Joannes
630 3421 842 3484 Veccus,
875 3423 1195 3492 patriarcha
1223 3425 1357 3490 CP.,
1414 3427 1494 3481 De
1519 3425 1868 3495 processione
1914 3425 2155 3553 Spiritus
2197 3425 2401 3553 Ξιέἓειὶ.
2434 3456 2504 3466 -
2547 3425 2702 3496 Apud
2748 3427 2978 3481 Leonem
3005 3425 3291 3493 Attalium,
3341 3421 3518 3479 Graec.
3558 3416 3778 3476 orthod.

1803 3507 1932 3553 tom.
1997 3539 2012 3553 .
2042 3516 2168 3553 oaa.
2314 3539 2326 3552 .

1824 3513 1932 3553 om.
1967 3513 2012 3564 ι,
2039 3516 2168 3571 pag.
2197 3513 2326 3553 καις.

432 3606 539 3661 Sed
569 3611 625 3662 et
654 3607 924 3664 Clemens
955 3610 1345 3679 Stromateus,
1376 3611 1435 3666 in
1467 3611 1646 3668 variis
1677 3629 1824 3683 quas
1855 3628 2016 3668 com-

2199 3609 2378 3667 Ἀλλᾶ
2407 3612 2493 3665 καὶ
2521 3611 2549 3666 6
2581 3609 2820 3682 Κλήμης
2853 3612 2880 3666 6
2915 3608 3276 3685 Στρωματεὺς
3307 3607 3360 3662 ἐν
3393 3609 3476 3670 οἷς
3531 3604 3773 3667 συνέθετο

360 3695 558 3766 posuit
589 3697 1056 3765 deﬁnitionibus,
1075 3705 1133 3755 et
1153 3700 1370 3770 quibus
1392 3701 1584 3756 omnis
1612 3702 1690 3773 pii
1723 3703 1960 3773 dogmat

2174 3699 2410 3777 ,αφόροις
2463 3699 2639 3774 ὅροις,
2697 3698 2834 3755 ὥστε
2905 3699 3104 3760 παντὸς
3176 3691 3431 3757 εὐσεϐοῦς
3508 3691 3774 3768 δόγματος

361 3784 616 3840 rationes
651 3787 1112 3856 prmscribuntur
1142 3789 1247 3856 illi,
1300 3791 1398 3857 qui
1431 3790 1785 3861 theologiam
1821 3807 1961 3862 persl

2173 3794 2480 3865 ροηγεῖσθαι
2533 3788 2726 3852 αὐτοὺς
2774 3793 2856 3859 τῷ
2917 3787 3243 3865 βουλομένῳ
3271 3785 3559 3860 θεολογίαν
3595 3782 3773 3854 μετιε-

364 3872 464 3946 qui
497 3873 768 3940 voluerit,
797 3876 1150 3932 deﬁniturus
1183 3878 1320 3949 quid
1350 3878 1597 3949 Spiritus
1630 3884 1687 3934 et
1717 3884 1860 3949 quot
1891 3896 1964 3934 mi

2175 3899 2230 3946 ιι,
2291 3877 2612 3952 ὁριζόμενος
2669 3877 2722 3932 τί
2770 3881 3004 3950 πνεῦμα,
3056 3876 3142 3931 καὶ
3223 3877 3484 3948 ποσαχῶς
3559 3869 3775 3945 λέγεται

364 3962 456 4018 die
487 3963 739 4028 dicatur,
774 3965 858 4021 ait
891 3981 902 4019 :
930 3965 1177 4037 Spiritus
1207 3971 1286 4022 est
1332 3967 1640 4024 substantia
1669 3968 1964 4023 tenuissim.

2175 3971 2364 4039 νεῦμα,
2398 3967 2532 4043 φησί
2568 3987 2580 3999 ·
2620 3970 2832 4038 Πνεῦμα
2863 3967 2958 4039 μὲν
2993 3963 3102 4020 ἔστι
3127 3963 3300 4032 λεπτὴ
3331 3961 3422 4016 καὶ
3470 3957 3638 4021 ἄυλος
3684 3959 3775 4014 καὶ

361 4055 616 4110 materiae
644 4056 694 4108 et
718 4055 915 4125 forma
947 4071 1158 4126 expers.

2125 4055 2542 4130 ἀσχημάτιστος
2575 4055 2933 4128 ἐκπορευτική
2966 4055 3211 4129 ὕπαρξις.

440 4200 525 4253 Ea:
549 4197 840 4270 Nicephori
870 4197 973 4254 ΟΡ.
1009 4199 1380 4255 Antirrhetico
1411 4199 1629 4256 inedita
1658 4199 1927 4255 adversus
1955 4201 2339 4256 lconoclastas.
2369 4230 2439 4242 —
2482 4200 2666 4256 Edidit
2695 4199 2876 4256 Grece
2924 4207 2974 4255 et
3020 4201 3219 4254 Latine
3247 4198 3306 4254 V.
3348 4195 3409 4252 C.
3449 4193 3709 4253 Nicolaus

936 4271 984 4326 le
1013 4273 1228 4342 Nourry
1261 4273 1315 4324 in
1352 4271 1612 4343 Apparat.
1639 4271 1708 4326 ad
1740 4272 1986 4326 biblioth.
2019 4272 2122 4328 SS.
2156 4277 2402 4339 Petrum,
2443 4280 2571 4328 tom.
2605 4275 2647 4340 Ι,
2686 4289 2818 4344 pag.
2852 4272 3010 4327 4334.
3046 4275 3109 4326 Δ.
3144 4271 3205 4326 Β.

370 4387 662 4444 Clementis
688 4387 999 4464 presbyteri
1046 4388 1424 4444 Alexandrini
1472 4405 1500 4445 e
1551 4389 1690 4445 libro
1715 4398 1901 4444 contra
1934 4405 1970 4444 et

2273 4386 2592 4461 Κλήμεντος
2625 4384 2989 4464 πρεσβυτέρου
3021 4382 3422 4464 Ἀλεξανδρείας
3451 4383 3512 4439 ἐκ
3539 4386 3633 4437 τοῦ

668 4457 765 4532 qui
791 4457 1109 4517 Ju'dazorum
1139 4476 1353 4516 errores
1385 4464 1710 4532 sequuntur.
2051 4499 2097 4564 Β

1649 4477 1710 4516 ιν.
2051 4499 2097 4564 D
2381 4457 2386 4458 ⁷
2403 4457 2411 4461 ’
2644 4457 2788 4515 Κατᾶ
2819 4457 3249 4527 Ἰουδαϊζὸντων.

439 4567 712 4622 Salomon
744 4567 981 4623 Davidis
1009 4567 1186 4634 ﬁlius,
1221 4568 1279 4622 in
1313 4567 1482 4623 libris
1507 4568 1862 4641 Regnorum,
1888 4585 2018 4624 cum

2205 4565 2475 4638 Σολομῶν
2535 4568 2562 4622 ὁ
2614 4571 2711 4622 τοῦ
2769 4561 2934 4620 Δαϐἶδ
2991 4571 3140 4633 παῖς,
3190 4562 3242 4618 ἐν
3295 4567 3413 4624 ταῖς
3471 4557 3777 4621 Βασιλείαις

367 4661 730 4712 structuram
764 4657 880 4710 veri
914 4656 1114 4727 templi
1140 4672 1255 4712 non
1289 4656 1480 4712 solum
1499 4657 1792 4712 caelestem
1816 4674 1945 4712 esse

2173 4657 2736 4734 τιγραφομὲναις,τήν
2795 4661 2892 4710 τοῦ
2951 4651 3218 4724 ἀληθινοῦ
3275 4653 3380 4707 νεὼ
3423 4651 3773 4718 κατασκευὴν,

365 4747 715 4818 spiritalem,
742 4747 842 4800 sed
869 4747 940 4801 ad
973 4763 1211 4802 carnem
1245 4763 1499 4818 quoque,
1525 4763 1702 4818 quam
1728 4746 1884 4802 ﬁlius
1915 4749 1965 4802 D;

2173 4746 2304 4806 υνείς
2364 4746 2427 4799 οὐ
2491 4747 2654 4814 μόνον
2706 4744 3026 4819 ἐπουράνιον
3077 4746 3213 4798 εἶναι
3263 4742 3352 4796 καὶ
3382 4739 3773 4811 πνευματικὴν,

361 4835 515 4892 vidis
545 4840 602 4892 et
634 4835 914 4890 Dominus
945 4837 1346 4892 aediﬁcaturus
1375 4841 1520 4906 erat,
1554 4842 1818 4908 spectare
1850 4836 1961 4892 inte

2174 4831 2238 4903 δη
2275 4830 2331 4888 δὲ
2356 4832 2442 4888 καὶ
2475 4832 2551 4896 είς
2581 4834 2678 4902 τήν
2710 4835 2880 4906 σάρκα
2912 4832 3205 4910 διαφέρειν,
3237 4832 3304 4897 ἣν
3350 4825 3580 4903 ἔμελλεν
3624 4826 3773 4882 οἶκο-

362 4924 571 4998 ligeret
603 4942 616 4980 :
644 4930 823 4996 atque
844 4926 1113 4980 eamdem
1136 4929 1495 4981 structuram
1519 4925 1589 4981 ad
1614 4927 1743 4995 ejus
1765 4942 1962 4997 praise:

2171 4927 2319 4996 ομεῖν
2380 4924 2407 4976 6
2455 4927 2550 4977 τοῦ
2609 4917 2776 4977 Δαϐἰδ
2834 4922 2951 4985 υἱός
3007 4943 3065 4976 τε
3120 4921 3208 4975 καὶ
3239 4920 3454 4994 Κύριος,
3485 4916 3562 4980 εἴς
3590 4937 3650 4973 τε
3676 4919 3771 4986 τὴν

434 5061 511 5133 (a)
545 5059 698 5115 Psal.
730 5075 869 5129 xvu,
899 5058 1002 5128 27;
1040 5060 1087 5115 ll
1118 5062 1254 5132 Reg.
1285 5075 1421 5124 xm,
1453 5060 1544 5114 27.
1622 5060 1696 5127 (b)
1725 5059 1865 5114 Gen.
1898 5075 1938 5125 ι,
1969 5059 2060 5115 28.

434 5187 510 5259 (9)
545 5185 928 5259 Διὸηκρίνεται
980 5187 1008 5240 6
1059 5185 1495 5258 Θεὸς...ὁρατός.
1519 5184 1678 5259 Quid
1734 5184 1858 5259 hoc;
1902 5185 2014 5259 sibi

2173 5187 2659 5259 icatADeustypum
2689 5203 2785 5242 seu
2805 5186 3167 5242 simulacrum
3194 5185 3284 5238 sui
3312 5199 3427 5259 esse
3455 5181 3773 5237 hominem:

360 5256 532 5316 vult:
563 5258 777 5314 Iudicat
811 5260 952 5314 Deus
982 5261 1152 5314 totum
1181 5274 1235 5312 se
1265 5256 1323 5313 et
1349 5256 1654 5327 imaginem
1709 5258 1797 5310 sui
1839 5257 2014 5311 homi-
2129 5257 2221 5312 hic
2258 5257 2461 5329 (Deus)
2494 5256 2801 5314 invisibilis
2832 5267 2927 5321 est,
2961 5260 3082 5329 eius
3122 5261 3304 5329 (autem
3337 5258 3551 5329 imago,
3584 5269 3778 5329 nempe

359 5347 488 5387 nem
512 5333 662 5383 esse?
691 5331 849 5384 Adde
885 5330 1035 5400 quod
1072 5332 1360 5400 integram
1395 5325 1698 5400 periodum
1753 5329 2018 5383 omiserit
2127 5329 2306 5392 homo,
2353 5325 2616 5384 visibilis.
2654 5334 2735 5385 Ita
2788 5334 2854 5384 V.
2892 5330 2951 5385 C.
2995 5328 3272 5400 Claudius
3304 5325 3774 5400 Cappcronnier,

362 5403 676 5468 interpres.
713 5401 821 5455 Sed
857 5398 1172 5469 antequam
1204 5398 1742 5455 aliam—versionem
1793 5401 2014 5454 substi-
2128 5401 2200 5454 ab
2231 5401 2446 5455 calcem
2482 5410 2623 5456 tom.
2663 5404 2680 5456 Ι
2717 5403 2979 5457 Thesauri
3007 5399 3332 5464 Canosiuni,
3365 5415 3495 5469 pag.
3525 5398 3652 5469 766.

361 5467 553 5544 tuam,
585 5470 847 5544 G_ra2cur_n
908 5467 1131 5544 textum
1194 5475 1276 5544 sic
1328 5473 1578 5544 emendo
1613 5489 1626 5526 :
1659 5471 1751 5544 Διρ
1776 5470 1956 5544 κρίνετ

2199 5473 2310 5540 (l0)
2361 5475 2686 5542 Ποιήσηται.
2751 5473 2846 5530 Vel
2913 5473 3140 5541 ποιήσῃ.
3202 5474 3284 5525 ita
3339 5467 3480 5524 sane
3537 5467 3771 5540 legitur.

361 5537 559 5612 6636c
590 5539 720 5591 εἶναι
765 5539 931 5612 τύπον
961 5540 1126 5596 αὐτοῦ
1155 5543 1245 5596 vui
1295 5544 1391 5612 τὴν
1452 5543 1644 5597 ἑαυτοῦ
1689 5537 1870 5597 εἰκόνα
1924 5541 2014 5595 τὸν
2127 5537 2309 5600 GRAB.

359 5608 682 5680 ἄνθρωπον,
712 5629 761 5662 κ.
796 5631 844 5664 τ.
879 5609 930 5668 λ.
967 5613 1059 5666 Sic
1092 5620 1286 5670 autem
1336 5608 1690 5687 interpretor
1721 5632 1734 5670 :
1770 5616 1889 5672 Ideo
1926 5616 2016 5682 iu-
