4052 6154
249 380 289 432 ‘7
303 378 390 432 69
1780 371 2252 428 FRAGMENTA.
3614 380 3720 435 77o

256 499 451 556 αὐτοῦ
529 496 860 568 παρουσίαν,
918 489 1043 548 ἔνθα
1120 490 1500 566 καθιδρύεσθαι
1581 492 1822 564 καθάπερ

2118 509 2227 560 am,
2250 510 2348 565 per
2379 510 2552 564 quam
2586 495 2969 551 constituerat
3000 496 3258 568 aliquam
3295 499 3469 556 veluti
3494 502 3718 560 anima-

256 587 509 664 ἄγαλμα
557 585 812 660 ἔμψυχον
869 581 1175 657 διεγνώκει,
1208 578 1284 644 εἵς
1330 601 1389 635 τε
1439 583 1537 650 τὴν
1567 583 1705 635 κατά
1732 580 1856 634 σύνο

2118 598 2183 635 .m
2215 582 2483 638 collocari
2533 589 2811 652 statuam,
2844 588 3140 656 simulque
3172 589 3242 642 ad
3279 590 3589 646 Ecclesiam
3624 610 3718 648 se-

260 679 523 740 πίστεως
568 674 930 751 ἐγειρομένην
983 669 1334 742 Ἐκκλησίαν,
1367 671 1505 724 κατὰ
1558 668 1701 742 λέξιν
1761 667 1860 742 λέγ

2119 671 2322 724 indum
2353 671 2850 729 lideiconsensum
2874 674 3180 729 excitatam
3210 678 3719 752 pertinerecogno-

266 769 342 824 Ei
412 769 641 837 ἀληθῶς
701 766 809 838 ἄρα
864 762 1183 829 κατοικήσει
1243 759 1373 822 Θεὸς
1455 760 1590 832 μετὰ
1654 758 1866 830 ἀνθρώτπ

2121 764 2291 827 seret;
2328 760 2419 814 bis
2453 761 2636 814 utitur
2664 764 2858 817 verbis
2892 781 2904 818 :
2954 765 3097 818 Num
3127 780 3251 818 vere
3283 767 3422 821 Deus
3450 767 3721 825 habitabit

275 857 380 912 ἐπὶ
414 864 519 925 τῆς
552 859 696 929 γῆςς
729 854 991 908 Κατοικεῖ
1049 847 1106 903 δὲ
1162 848 1250 902 ἐπὶ
1306 855 1408 917 τῆς
1459 850 1583 923 γῆς,
1610 846 1778 920 σάρκα
1807 865 1874 899 πε

2123 865 2189 902 im
2227 848 2542 903 hominibus
2570 865 2736 920 super
2767 860 2970 906 terram
3004 853 3131 922 (a)?
3182 855 3442 911 Profecto
3496 857 3723 915 habitat

284 942 676 1017 ϐαλλόμειος,
732 942 819 996 καὶ
903 940 1039 1011 μετᾶ
1094 937 1392 1009 ἀνθρώπων
1445 937 1592 1007 αὐτῷ
1643 934 1884 1004 κατοίκη‹

2124 953 2249 1008 iper
2275 942 2513 1005 terram,
2537 955 2708 994 carne
2742 940 2986 996 indutus
3012 959 3025 1006 ;
3052 958 3278 1014 suaque
3309 946 3643 1016 cumjustis
3667 954 3724 1004 et

291 1033 517 1108 γίνεται
575 1031 626 1086 ἐν
683 1034 751 1104 τῇ
798 1029 932 1083 κατᾶ
984 1027 1115 1087 τοὺς
1165 1024 1412 1087 δικαίους
1462 1028 1705 1090 συνθέσει
1757 1046 1817 1079 τε
1872 1045 1891 1077 ν

2121 1028 2486 1095 )njunctione
2512 1033 2569 1081 et
2598 1029 2908 1084 concordia
2938 1030 3002 1085 fit
3031 1047 3162 1086 cum
3199 1034 3543 1092 hominibus
3593 1039 3721 1107 ejus

299 1123 570 1197 ἁρμονίᾳ,
618 1120 746 1174 νεὼν
806 1121 960 1191 ἅγιον
1010 1116 1358 1191 ἐργαζομένῳ
1414 1135 1472 1168 τε
1523 1113 1614 1168 καὶ
1666 1112 1899 1168 ἀνιστάνη

2119 1115 2375 1183 abitatio,
2409 1122 2722 1188 postquam
2763 1125 3029 1173 sanctum
3092 1121 3353 1177 condidit
3410 1125 3719 1196 templum,

302 1217 384 1279 Γῆ
417 1212 513 1285 γὰρ
546 1210 596 1262 οἱ
629 1206 856 1273 δίκαιοι,
887 1207 986 1272 τὴν
1015 1211 1116 1279 γῆν
1149 1200 1226 1258 ἔτι
1278 1202 1651 1278 περικείμενοι
1686 1221 1697 1232 °
1731 1202 1820 1256 καὶ
1868 1222 1902 1276 γ

2123 1203 2336 1275 ludque
2365 1206 2672 1260 exstruxit.
2705 1208 2882 1263 Terra
2913 1209 3124 1280 quippe
3147 1212 3294 1280 justi
3341 1219 3482 1268 sunt
3532 1216 3723 1270 homi-

305 1302 386 1361 ὡς
436 1300 569 1371 πρὸς
615 1298 679 1351 τὸ
741 1295 975 1368 μέγεθος
1045 1288 1536 1367 παραϐαλλόμενοι
1586 1296 1683 1347 τοῦ
1739 1291 1905 1365 Κυρίο

2121 1307 2203 1361 es,
2228 1298 2439 1348 terram
2470 1295 2662 1350 adhuc
2695 1295 3018 1353 incolentes
3051 1315 3064 1352 :
3116 1303 3272 1354 terra
3303 1317 3530 1371 quoque
3561 1313 3721 1372 sunt,

299 1392 481 1442 Ταῦτα
534 1408 622 1441 τοι
669 1387 760 1440 καὶ
793 1386 821 1438 ὁ
855 1387 1116 1457 μακάριος
1171 1383 1374 1456 Ιιέτρος
1406 1381 1506 1436 οὐκ
1553 1381 1702 1436 ὀκνεῖ
1751 1379 1895 1454 λέγει

2125 1427 2126 1434 χ
2160 1398 2291 1436 cum
2327 1382 2425 1438 Dei
2459 1385 2864 1454 magnitudine
2896 1395 3330 1458 comparentur.
3359 1391 3487 1446 Haec
3518 1397 3574 1447 et
3591 1411 3725 1448 san-

303 1479 414 1534 Καὶ
485 1477 641 1531 αὐτοὶ
725 1475 801 1538 ὡς
863 1473 1010 1528 λίθοι
1077 1477 1273 1542 ζῶντες
1350 1469 1772 1544 οἰκοδομεῖσθε,
1823 1471 1903 1524 οἶκ

2127 1487 2206 1524 ;us
2238 1475 2444 1527 Petrus
2477 1489 2588 1526 non
2622 1475 2852 1529 dubitat
2885 1475 3075 1531 dicere
3109 1493 3120 1530 :
3173 1479 3234 1532 Et
3292 1479 3400 1549 ipsi
3452 1485 3727 1551 tanquam

303 1551 714 1637 πνευματικὸς,
783 1563 1079 1638 ἱεράτευμα
1174 1563 1366 1635 ἅγιον,
1427 1561 1701 1635 ἀνενέγκαι
1807 1580 1903 1614 πνε

2129 1559 2289 1631 lpide:
2338 1561 2450 1615 vivi
2497 1562 3053 1633 superaediﬁcamini,
3086 1565 3276 1621 domus
3312 1569 3601 1640 spiritalis,
3632 1587 3729 1625 sa-

321 1657 550 1729 ματικᾶς
622 1653 800 1717 θυσίας
876 1653 969 1712 τὰς
1043 1647 1377 1726 προσδεκτᾶς
1438 1654 1517 1721 τῷ
1565 1655 1682 1720 Θεῷ
1729 1647 1817 1703 διὰ
1865 1649 1921 1702 ἰτ

2130 1649 2382 1703 rrdotium
2435 1660 2706 1715 sanctum,
2741 1652 2937 1723 o/I'erre
2983 1654 3266 1724 spintales
3318 1661 3544 1727 bestias,
3577 1676 3730 1716 acce-

323 1751 421 1801 σοῦ
469 1746 721 1817 Χριστοῦ.
753 1741 875 1798 Ἐπὶ
911 1738 968 1795 δὲ
997 1744 1094 1795 τοῦ
1144 1740 1417 1813 σώματος,
1453 1739 1481 1794 ὃ
1528 1739 1663 1794 κατὰ
1711 1757 1923 1813 περιγρι

2129 1738 2312 1794 tabiles
2342 1739 2448 1794 Deo
2472 1755 2573 1810 per
2595 1745 2790 1796 Jesum
2821 1741 3112 1798 Christum
3161 1745 3254 1816 (b).
3289 1745 3527 1803 Habitat
3577 1757 3632 1804 et
3670 1749 3729 1804 in

330 1837 435 1911 φὴν
488 1833 654 1888 τόπον
702 1828 877 1894 ἔνθεον
929 1831 1102 1901 ἑαυτῷ
1142 1834 1470 1904 καθιέρωσεν
1519 1828 1606 1883 ἐπὶ
1644 1835 1744 1904 γῆς
1788 1828 1816 1882 ὁ
1865 1833 1930 1882 Κί

2134 1843 2325 1899 )rpore
2355 1827 2509 1898 quod
2541 1829 2864 1885 secundum
2922 1830 3546 1905 circumscriptionem,
3581 1838 3734 1893 sicut

333 1945 469 2000 ριος,
532 1922 753 1990 Λύσατε,
812 1922 950 1990 εἶπε,
1001 1920 1092 1973 τὸν
1151 1918 1277 1973 ναὸν
1336 1922 1551 1988 τοῦτον,
1609 1917 1698 1972 καὶ
1757 1915 1808 1971 ἰν
1857 1937 1933 1992 τρι

2134 1931 2280 1970 lcum
2314 1915 2598 1986 divinum,
2623 1917 2734 1974 sibi
2765 1919 3050 1976 Dominus
3081 1938 3258 1992 super
3287 1928 3503 1980 terram
3534 1942 3734 1983 conse-

331 2013 412 2065 σίδ
468 2008 702 2084 ἡμέραις
755 2007 927 2083 ἐγερῶ
986 2007 1169 2062 αὐτόν.
1221 2007 1388 2064 Εἶπον
1451 2007 1542 2060 οὗν
1601 2006 1655 2062 οἱ
1696 2002 1931 2061 Ἰουδαῖο

2135 2005 2290 2061 ravit.
2351 2006 2578 2072 Solvite,
2635 2007 2825 2078 inquit
2870 2011 3134 2081 templum
3181 2011 3298 2080 hoc,
3332 2023 3384 2070 et
3439 2013 3500 2070 in
3557 2018 3735 2072 tribus

323 2101 738 2174 Τεσσεράκοντα
815 2097 906 2151 καὶ
981 2094 1035 2166 ἓξ
1093 2093 1261 2150 ἔτεσιν
1321 2097 1349 2149 ὁ
1401 2095 1528 2157 ναὸς
1602 2095 1760 2157 οὗτος
1835 2094 1923 2166 ᾠκι

2133 2093 2282 2150 iebus
2305 2095 2550 2151 excitabo
2584 2096 2742 2151 illud.
2773 2098 3048 2154 Dixerunt
3068 2116 3196 2168 ergo
3213 2101 3398 2159 Judaei
3416 2122 3437 2158 .·
3483 2105 3733 2172 Quadra-

319 2187 570 2262 δομήθη,
622 2189 713 2242 καὶ
783 2185 844 2240 σὺ
930 2183 983 2240 ἐν
1059 2185 1232 2261 τρισὶν
1302 2185 1532 2260 ἡμέραις
1613 2183 1814 2261 ἐγερεῖς
1888 2205 1919 2237 α

2135 2185 2249 2239 iuta
2278 2189 2336 2240 et
2356 2200 2453 2240 sex
2482 2187 2644 2240 annis
2675 2185 3006 2255 adificatum
3036 2199 3117 2244 est
3145 2191 3428 2262 templum,
3465 2197 3519 2248 et
3569 2203 3628 2250 tu
3674 2196 3735 2250 in

315 2279 410 2334 τόν
442 2297 457 2348 ;
490 2279 733 2339 Ἐκεῖνος
790 2272 848 2331 δὶ
905 2272 1055 2348 ἔλεγε
1103 2275 1225 2350 περὶ
1274 2278 1372 2329 τοῦ
1423 2278 1554 2330 ναοῦ
1601 2278 1697 2329 τοῦ
1727 2274 1915 2347 σώματ

2137 2275 2268 2329 ibus
2294 2273 2484 2330 diebus
2512 2276 2782 2330 excitabis
2813 2277 2953 2332 illud
2980 2280 3005 2330 .9
3058 2279 3157 2334 Ille
3202 2289 3385 2336 autem
3426 2281 3638 2339 dicebat
3665 2285 3737 2341 de

321 2368 512 2425 αὐτοῦ.

2093 2365 2290 2434 templo
2318 2381 2563 2437 corporis
2593 2367 2683 2421 sui
2712 2366 2802 2437 (c).

614 2477 707 2531 Ea:
734 2473 919 2531 codice
947 2474 1239 2530 θῆαι-ιασεο
1271 2472 1531 2530 biblioth.
1563 2474 1708 2545 regis
1741 2471 2207 2529 (Σὴθ-ἱειὶαηίδείΜί
2232 2473 2450 2541 signato
2478 2490 2536 2528 η.
2567 2473 2728 2528 2431.
2765 2505 2824 2515 -
2858 2475 2996 2530 Ibid.
3026 2493 3157 2546 pag.
3191 2478 3349 2535 l336.
3383 2485 3450 2536 A.

323 2570 771 2653 Toﬁﬁyim'tci‘top
800 2571 885 2653 καὶ
920 2571 1336 2653 μακαριίυὶάτου
1378 2569 1719 2653 Κλῄμεντος,
1751 2565 1922 2653 τερεσϐ

2139 2571 2561 2653 unctissimiac
2614 2573 2924 2628 beatissimi
2998 2575 3350 2653 Clementis,
3385 2580 3739 2653 Alegandriae

401 2640 568 2716 τέρὸυ
597 2640 1022 2719 ’.Αλεξανδρείαα
1054 2640 1150 2698 τοῦ
1185 2640 1581 2719 Στρωματέὼς,
1614 2644 1674 2698 ἐκ
1710 2640 1807 2698 τοῦ
1854 2641 1985 2717 Περὶ

2165 2645 2490 2719 presbyteri,
2525 2643 2861 2700 Stromalum
2888 2647 3148 2713 auctoris,
3180 2665 3249 2703 ea:
3288 2640 3427 2706 libro
3475 2651 3554 2706 De
3603 2651 3741 2708 Pro-

410 2713 678 2791 Προνοίας
709 2713 900 2788 λόγοι).
1265 2713 1272 2719 ’
1351 2713 1359 2714 ί
1933 2713 1942 2717 ’

839 2713 900 2769 νῦ.
1265 2713 1272 2719 ’
1351 2713 1359 2714 ί
1933 2713 1942 2717 ’
2166 2713 2439 2770 rident-ia.

408 2821 472 2877 Τί
503 2821 630 2884 Θεὸς
654 2841 666 2890 ;
690 2823 819 2885 Θεός
844 2821 1008 2889 ἐστιν,
1039 2822 1113 2884 ὡς
1145 2822 1231 2876 καὶ
1268 2823 1296 2875 ὁ
1325 2822 1523 2895 Κύριος
1552 2819 1719 2897 λέγει,
1751 2825 1984 2895 πνεῦμα.

2165 2821 2311 2887 Quid
2346 2825 2436 2876 est
2467 2827 2619 2877 Deus
2641 2821 2668 2877 ‘?
2690 2823 2844 2878 Deus
2876 2823 3149 2890 est,sicut
3179 2830 3234 2879 et
3266 2825 3546 2883 Dominus
3579 2829 3739 2898 dicit,

339 2916 561 2984 Πνεῦμα
590 2909 644 2965 δέ
671 2910 782 2966 im
813 2910 1018 2985 κυρίως
1051 2909 1204 2964 οὐσία
1230 2909 1520 2982 ἀσώματος
1541 2910 1630 2965 καὶ
1659 2910 1939 2986 ἀπερίγραπ

2144 2911 2920 2982 piritus(d).Spiritusautem
2945 2918 3031 2967 est
3057 2916 3286 2985 proprie
3311 2919 3744 2974 substantiain-

326 3021 446 3062 τος.
481 3000 800 3072 Ἀσώματον
834 2997 892 3054 δέ
921 2999 1062 3054 ἐστιν
1095 3000 1124 3054 ’ὸ
1159 3001 1234 3072 μὴ
1279 2996 1702 3072 συμπληροῦται
1750 3002 1926 3072 σώμαι

2141 3015 2373 3070 31⁸901⁵Θᾶ
2402 3007 2458 3053 et
2485 2998 3010 3070 incircumscripta.
3048 3004 3458 3074 Incorporeum
3483 3023 3615 3061 vero
3635 3013 3741 3077 est,

331 3093 368 3162 ἢ
402 3090 464 3144 οὗ
517 3089 580 3143 τὸ
628 3089 762 3144 εἶναι
816 3089 920 3143 οὐκ
965 3086 1079 3144 ἔστι
1125 3089 1262 3144 κατᾶ
1298 3089 1361 3143 τὸ
1410 3087 1642 3155 πλάτος,
1679 3096 1855 3160 μῆκος
1891 3111 1931 3144 κέ

2141 3089 2252 3143 uod
2285 3105 2398 3142 non
2433 3094 2663 3142 constat
2693 3105 2952 3159 corpore,
2979 3089 3062 3144 vel
3097 3093 3249 3160 quod
3287 3111 3400 3148 non
3425 3099 3513 3150 est
3533 3112 3741 3151 secun-

337 3180 524 3253 βάθος.
555 3177 993 3253 Ἀπερίγραπτον
1027 3175 1084 3232 δέ
1115 3178 1256 3232 ἑστιν
1285 3177 1344 3232 οὐ
1373 3177 1566 3247 τόπος,
1598 3175 1778 3240 οὐδεὶς
1824 3179 1937 3233 τόπι

2147 3196 2244 3232 um
2278 3179 2538 3247 longum,
2571 3177 2754 3230 latum
2790 3184 2846 3231 et
2890 3181 3268 3248 profundum.
3305 3185 3744 3239 Incircumscri-

331 3269 399 3323 τὸ
428 3267 568 3322 κατὰ
587 3267 761 3322 πάντα
790 3267 843 3321 έν
875 3273 1059 3336 πᾶσιν,
1090 3265 1180 3321 καί
1224 3267 1276 3322 ἐν
1327 3267 1536 3339 ἑκάστῳ
1585 3265 1741 3336 δλον,
1769 3268 1858 3322 καὶ
1911 3268 1931 3323 έ

2147 3272 2269 3321 tum
2300 3273 2497 3320 autem
2529 3274 2618 3319 est
2648 3266 2723 3332 id,
2750 3267 2903 3336 quod
2939 3283 3052 3320 non
3087 3276 3174 3321 est
3206 3275 3404 3325 locus:
3432 3271 3630 3326 nullus
3661 3278 3747 3327 et-

333 3359 532 3412 ἒαυτοῦ
559 3355 623 3412 τὸ
661 3355 791 3411 αὐτό
825 3359 956 3430 (11).

2147 3357 2258 3408 nim
2290 3353 2454 3408 locus
2485 3358 2574 3406 est
2601 3369 2700 3423 per
2727 3353 2946 3420 omnia,
2971 3354 3030 3408 in
3062 3355 3434 3424 omnibus,ac
3466 3363 3653 3415 totum
3689 3360 3747 3417 in

2099 3443 2382 3516 quolibet,
2415 3447 2589 3512 atque
2616 3441 2674 3494 in
2705 3458 2766 3496 se
2795 3442 2918 3511 ipso
2949 3443 3128 3498 idem.

342 3559 430 3610 Ex
456 3554 643 3610 eodem
671 3552 855 3609 codice
884 3555 1190 3618 chartaceo,
1220 3557 1345 3623 post
1368 3553 1525 3609 aliud
1546 3557 1929 3624 fragmentum
1961 3552 2120 3626 quod.
2154 3568 2183 3606 e
2212 3555 2322 3605 tom
2353 3553 2528 3626 Ippp.
2562 3547 2618 3601 S.
2653 3547 2881 3626 Magimi
2901 3549 3022 3626 iam
3053 3557 3232 3608 exstat
3264 3554 3324 3608 in
3358 3554 3596 3612 editione
3627 3558 3750 3614 Cle-

1129 3619 1330 3680 mentis
1360 3619 1676 3692 Oxoniensi,
1710 3628 1828 3682 haec
1853 3619 2240 3698 subjiciuntur.
2271 3651 2342 3664 -—
2382 3619 2518 3674 Ibid.
2547 3636 2676 3690 pag.
2713 3621 2869 3675 1335.
2904 3621 2968 3676 D.

418 3721 588 3783 Φύσις
621 3723 835 3796 Λέγεται
861 3720 1010 3796 παρὰ
1037 3722 1100 3776 τὸ
1125 3721 1440 3799 πεφυκέναι.
1469 3723 1666 3798 Πρώτη
1699 3724 1858 3778 οὐσία
1886 3723 1996 3777 ἐστὶ

2177 3720 2332 3777 880
2357 3718 2578 3774 Natura
2598 3734 2666 3772 ex
2687 3734 2750 3773 eo
2769 3718 3002 3786 dicitur,
3032 3723 3184 3792 quod
3203 3729 3400 3778 natum
3426 3731 3534 3782 est.
3558 3727 3756 3785 Prima

335 3817 446 3865 πᾶν
490 3811 610 3874 καθ’
642 3810 833 3865 ἑαυτοῦ
884 3809 1149 3884 ὑφεστὼς,
1183 3813 1300 3865 οἷον
1347 3809 1500 3874 λίθος
1554 3811 1711 3866 οὐσία
1756 3811 1935 3887 λέγετε

2157 3809 2441 3865 ibstantia
2460 3812 2548 3862 est
2567 3806 2626 3861 id
2651 3823 2822 3862 omne
2843 3809 2994 3879 quod
3025 3825 3126 3880 per
3141 3827 3203 3866 se
3234 3813 3527 3883 subsistit,
3551 3833 3757 3884 quem-

339 3900 577 3975 Δευτέρα
607 3897 665 3953 δὲ
695 3899 857 3953 οὐσία
885 3899 1174 3971 αὐξητικὴ,
1205 3899 1337 3964 καθὸ
1377 3899 1524 3971 αὔξει
1571 3902 1660 3956 καὶ
1710 3902 1904 3974 φθίνει,
1935 3924 1939 3936 ε

2157 3900 2425 3955 imodum
2442 3897 2590 3968 lapis
2604 3913 2670 3951 su
2683 3898 2938 3952 bstantia
2951 3899 3460 3956 dicitur.Secunda
3473 3919 3604 3958 vero
3618 3905 3757 3958 sub-

339 3988 534 4066 φυτόν.
567 3987 736 4061 Τρίτη
772 3984 829 4042 δὲ
859 3985 1015 4042 οὐσία
1043 3983 1318 4064 ἔμψυχος,
1349 3988 1664 4060 αἰσθητικὴ,
1693 3991 1756 4045 τὸ
1790 3994 1939 4059 ζῶον.

2159 3988 2324 4043 ,antia
2343 3990 2433 4041 est
2455 4002 2581 4058 quae
2604 3985 2948 4041 incrementi
2973 3987 3083 4041 vim
3117 3988 3314 4056 habet,
3341 3992 3616 4059 quoniam
3651 4009 3759 4045 au-

330 4077 782 4152 ἵππος.Δευτέρα
809 4079 925 4149 (12)
957 4075 1113 4132 οὐσία
1143 4074 1417 4153 ἔμψυχος,
1441 4078 1752 4150 αἰσθητικὴ,
1774 4079 1930 4153 λογικ

2160 4084 2281 4134 stur
2300 4081 2357 4131 et
2377 4077 2779 4139 marcet,sicut
2802 4073 3020 4145 planta.
3045 4076 3239 4132 Tertia
3261 4084 3453 4132 autem
3477 4080 3760 4135 substan-

341 4167 634 4239 ἅνθρωπος
670 4183 682 4195 ·
715 4161 785 4219 δι’
815 4166 844 4220 ’ὁ
874 4166 962 4220 καὶ
995 4162 1223 4228 ἕκαστος
1271 4163 1486 4242 γέγονεν
1518 4168 1592 4230 ὡς
1639 4164 1712 4221 ὣν
1762 4166 1821 4222 ἐκ
1867 4167 1941 4222 πά

2163 4184 2193 4221 a
2241 4169 2331 4220 est
2373 4165 2654 4225 animata,
2690 4180 2986 4234 sensuque
3050 4166 3310 4234 praedita,
3344 4171 3408 4220 ut
3434 4165 3674 4234 animal,
3706 4173 3763 4224 et

339 4275 479 4323 των,
510 4255 609 4321 τὴν
641 4255 824 4328 ψυχὴν
859 4247 1002 4328 ἔχων
1036 4253 1332 4323 ἄῦλονμιαὶ
1361 4256 1452 4310 τὸν
1480 4260 1600 4310 νοῦν
1634 4261 1767 4312 Θεοῦ
1798 4255 1939 4311 εἰκόν

2160 4269 2319 4325 inus.
2353 4254 2574 4316 Quarta
2600 4251 2932 4306 substantia
2961 4261 3052 4307 est
3078 4255 3358 4321 animata,
3395 4271 3570 4310 sensu
3617 4273 3760 4326 prse-

345 4346 494 4412 dita,
527 4345 850 4412 rationalis,
879 4349 944 4400 ut
974 4345 1148 4400 homo
1183 4361 1196 4401 :
1228 4362 1342 4417 quo
1377 4355 1544 4419 pacto
1577 4355 1844 4403 nostrum
1881 4346 2294 4417 unusquisque
2324 4343 2514 4397 factus
2545 4345 2657 4409 est,
2692 4347 2754 4395 ut
2794 4341 2893 4412 qui
2945 4358 3008 4396 ex
3062 4344 3153 4397 bis
3203 4345 3480 4400 omnibus
3511 4351 3762 4414 constat,

347 4433 729 4504 animamque
758 4433 935 4489 habet
965 4449 1077 4506 non
1113 4435 1499 4503 materiatam,
1525 4442 1582 4491 et
1615 4443 1873 4492 mentem
1905 4435 2005 4492 Dei
2037 4432 2379 4504 imaginem.

989 4541 1147 4610 Apud
1177 4540 1230 4596 S.
1262 4542 1530 4597 Joannem
1559 4543 1954 4598 Damascenum
1983 4544 2045 4598 in
2076 4542 2258 4597 sacris
2291 4536 2556 4592 Parallel.
2589 4547 2720 4591 tom.
2751 4536 2822 4601 II,
2854 4553 2976 4608 pag.
3010 4539 3134 4592 307.

422 4636 482 4692 Ὀ
507 4639 602 4690 τοῦ
634 4635 874 4699 ἀπαθοῦς
907 4639 1040 4691 Θεοῦ
1099 4631 1266 4712 φόϐος
1319 4637 1555 4708 ἀπαθής.
1587 4634 1846 4695 meum
1903 4639 2004 4714 γάρ

2185 4637 2388 4692 Timor
2415 4635 2512 4690 Dei
2550 4634 2647 4706 qui
2675 4636 3220 4706 perturbationibus
3249 4645 3436 4706 vacat,
3464 4641 3771 4711 perturba-

346 4745 432 4784 τις
489 4723 551 4778 οὐ
606 4724 701 4778 τὸν
762 4724 912 4791 Θεὸν,
965 4722 1114 4779 ἀλλὰ
1178 4726 1240 4780 τὸ
1317 4727 1607 4783 ἀποπεσεῖν
1679 4732 1775 4783 τοῦ
1851 4735 1946 4784 Θεο

2169 4726 2261 4782 oni
2299 4742 2414 4780 non
2448 4729 2537 4780 est
2569 4722 2873 4780 obnoxius.
2906 4724 3106 4798 Neque
3155 4727 3311 4782 enim
3364 4728 3546 4784 Deum
3598 4731 3769 4802 quis-

346 4817 406 4865 Ὀ
475 4809 532 4866 δὲ
605 4816 768 4868 τοῦτο
840 4809 1053 4882 δεδιὼς,
1111 4814 1173 4869 τὸ
1239 4820 1358 4879 τοῖς
1427 4822 1618 4880 κακοῖς
1691 4824 1946 4891 συμπεσεῖ

2169 4832 2294 4870 uam
2338 4814 2526 4881 timet,
2561 4813 2659 4868 sed
2695 4829 2767 4868 ne
2798 4829 2832 4868 a
2862 4813 2978 4870 Deo
3010 4816 3256 4872 excidat.
3291 4818 3400 4881 Qui
3432 4827 3622 4875 autem
3658 4820 3769 4877 hoc

353 4895 604 4978 φοϐεῖται
675 4901 766 4955 καὶ
841 4898 1011 4956 δέδιεν
1083 4903 1153 4956 τὰ
1227 4904 1386 4962 κακά.
1439 4904 1496 4957 Ὁ
1554 4901 1746 4968 δεδιὼς
1821 4903 1877 4960 δὲ
1947 4927 1953 4941 ι

2172 4909 2308 4974 met,
2345 4919 2414 4958 ne
2443 4901 2663 4957 incidat
2694 4902 2753 4956 in
2785 4901 2963 4974 mala,
2995 4904 3046 4959 is
3077 4906 3322 4976 proinde
3377 4908 3531 4964 mala
3563 4909 3772 4966 metuit

352 4995 580 5062 πτῶμα,
643 4986 912 5065 ἄφθαρτον
972 4990 1160 5046 ἑαυτὸν
1235 4992 1325 5047 καὶ
1397 4992 1578 5064 ἀπαθῆ
1657 4995 1793 5050 εἶναι
1879 4996 1952 5071 βοτ

2172 5010 2298 5050 orro
2324 4992 2423 5064 qui
2456 5007 2654 5047 casum
2691 4990 2877 5063 timet,
2901 4992 2952 5046 is
2983 4993 3053 5048 ab
3088 4995 3322 5050 interitu
3357 5002 3413 5051 et
3445 4999 3772 5070 perpessio-

359 5079 536 5136 λεται.
1877 5079 1882 5082 ’

1877 5079 1882 5082 ’
2127 5084 2299 5139 nibus
2331 5081 2560 5137 alienus
2591 5079 2714 5135 ﬁeri
2746 5080 2927 5153 cupit.

430 5208 507 5281 (a)
539 5207 616 5264 III
646 5209 787 5281 Reg.
819 5226 945 5281 vm,
976 5211 1066 5266 27.
1141 5210 1214 5284 (b)
1248 5213 1271 5268 I
1301 5215 1453 5268 Petr.
1489 5229 1550 5282 Π,
1583 5213 1638 5268 5.
1713 5211 1784 5284 (c)
1815 5211 2004 5284 (Joan.

1389 5217 1453 5268 tr.
1489 5229 1550 5282 Π,
1583 5213 1638 5268 5.
1713 5211 1784 5284 (c)
1815 5211 2004 5284 (Joan.
2039 5229 2102 5280 ιι,
2139 5211 2345 5279 19-21.)
2418 5207 2502 5280 (ιι)
2536 5206 2728 5277 (Joan.
2762 5224 2838 5278 ιν,
2869 5209 2989 5276 24.)

433 5335 550 5405 (11)
607 5334 1107 5410 Ἀπερίγραπτον...
1151 5337 1215 5391 τὸ
1272 5337 1425 5394 αὐτό.
1483 5339 1564 5394 Ex
1619 5339 1826 5394 Latina
1885 5337 2016 5409 qui-
2126 5335 2262 5410 κατᾶ
2295 5330 2572 5410 graium}?
2621 5337 2783 5410 πᾶσιν
2836 5331 2924 5385 καὶ
2983 5330 3036 5410 έν
3085 5333 3304 5410 -έκάστῳ
3364 5332 3516 5405 ὅλον,
3547 5337 3636 5391 καὶ
3697 5337 3721 5392 ἰ

433 5360 550 5405 ‘11)
623 5360 1107 5410 Απεριγραπτον...
1151 5360 1215 5391 το
1272 5360 1425 5394 αυτο.
1483 5360 1564 5394 DX
1619 5360 1826 5394 haunt!
1885 5360 2016 5409 ψιι-
2126 5360 2262 5390 κατα
2295 5360 2498 5420 ηπαίιῑα,
2520 5360 2572 5385 εν
2621 5360 2783 5386 ἠασιν
2837 5360 2924 5385 και
2985 5360 3036 5386 εν
3084 5360 3304 5416 Iactura!)
3355 5360 3516 5419 ὀΛον,
3547 5360 3636 5391 και

361 5405 496 5492 dem
527 5407 794 5492 versione
827 5410 1006 5492 hujus
1036 5408 1149 5492 loci
1169 5410 1327 5492 nihil
1359 5427 1570 5492 sensus
1616 5411 2016 5492 exsculpi'po-
2129 5408 2319 5492 ἑαυτου
2348 5402 2606 5492 τοριυτό.Δ
2633 5407 2747 5492 tice
2779 5411 2867 5460 est
2901 5423 2912 5459 :
2972 5405 3516 5492 Incircumscriptum
3569 5420 3646 5492 est
3700 5429 3716 5467 ι
3749 5455 3778 5492 _,

362 5482 509 5534 test:
534 5483 590 5533 et
621 5480 804 5536 miror
833 5476 1022 5536 virum
1051 5483 1290 5537 doctum
1318 5499 1386 5538 ea
1415 5487 1474 5537 in
1508 5484 1696 5537 lucem
1728 5476 2018 5552 emisisse,
2128 5482 2282 5552 cujus
2313 5477 2500 5552 nullus
2530 5477 2784 5552 esttocus
2803 5493 2824 5538 ,·
2854 5492 2922 5552 eo,
2944 5476 3085 5547 quod
3113 5476 3413 5552 secundum
3467 5485 3654 5538 omnia
3709 5476 3783 5541 sit

365 5565 497 5679 gn
528 5565 629 5606 nec
662 5550 786 5624 ipse
817 5569 922 5609 nec
952 5551 1104 5635 alius
1127 5553 1423 5638 quispiam
1455 5553 1643 5610 valeat
1674 5548 2019 5636 intelligere.
2131 5548 2472 5608 in’omnibus
2503 5551 2555 5603 et
2606 5548 2665 5602 in
2713 5549 2950 5620 singulis
2980 5553 3178 5621 totum,
3209 5559 3261 5606 et
3288 5550 3350 5607 in
3378 5567 3436 5609 se
3463 5555 3582 5626 ipso
3615 5555 3780 5615 idem.

407 5623 478 5679 ed
510 5621 711 5679 (ἂι-ωσι
739 5625 916 5679 verba
945 5625 1112 5679 facile
1141 5642 1338 5679 sanari
1370 5633 1638 5679 possunt.
1671 5643 1720 5679 ει
1749 5623 2025 5679 lezantur
2132 5625 2498 5679 CAPPERONN.
2527 5620 2566 5674 l.
2599 5634 2651 5676 ο.

407 5623 478 5679 ed
510 5620 711 5706 (ἂι-ηοό
739 5625 916 5706 verba
945 5625 1112 5706 facile
1141 5620 1338 5706 sanari
1367 5633 1638 5706 possunt,
1671 5626 1720 5683 si
1749 5620 2007 5706 legunto}

1316 5627 1338 5681 ii
1367 5633 1638 5706 possunt,
1671 5626 1720 5683 si
1749 5620 2025 5706 legantur
2132 5625 2498 5706 Caratacus.
2527 5620 2566 5674 l.
2599 5634 2660 5706 οι
2905 5687 2916 5706 Ι

364 5693 478 5753 hoc
508 5695 686 5751 modo
713 5711 726 5750 :
786 5693 1220 5771 Ἀπερίγραπτόν
1255 5689 1389 5765 ἐστι]
1421 5694 1483 5752 οὗ
1511 5689 1679 5761 τόπος
1713 5689 1912 5765 οὐδέὶς,
1943 5699 2022 5770 τῷ
2204 5694 2314 5768 (12)
2349 5689 2595 5766 Δευτέρα.
2639 5691 2765 5765 Leg.
2795 5689 3047 5763 τετάρτη,
