4052 6154
354 387 456 442 771
1587 379 1996 433 CLEMENTIS
2033 378 2535 433 ALEXANDRINI
3663 391 3778 446 772

1831 525 1968 581 Ibid.
1991 542 2121 598 pag.
2149 523 2272 583 341.

423 636 509 692 Sit
535 633 624 690 lex
656 633 770 688 ista
799 627 1138 697 constituta,
1164 625 1444 681 adversus
1471 639 1572 679 eos
1603 622 1703 695 qui
1735 640 1828 680 res
1859 641 1996 680 san-

2184 625 2374 697 Νόμος
2428 621 2564 679 ἔστω
2596 627 2731 682 κατὰ
2755 631 2862 682 τῶν
2920 629 3090 701 σεμνὰ
3116 630 3207 685 καὶ
3257 636 3374 695 θεῖα
3427 634 3488 690 οὗ
3550 644 3769 712 σεμνῶς

351 731 474 783 etas
505 730 561 780 et
589 722 840 788 divinas,
871 736 988 776 non
1045 719 1250 774 sancte
1280 718 1336 770 et
1367 718 1432 769 ut
1463 714 1575 769 Deo
1607 713 1854 785 dignum
1887 731 1949 770 es

2168 712 2200 767 ιὶ
2263 719 2579 788 θεοπρεπῶς
2639 717 2765 792 ὁρᾷν
2838 717 3156 794 ἀξιούντων,
3199 719 3426 778 κόλασιν
3489 724 3768 804 ἐπιφέρειν

349 827 584 872 eernere
614 811 886 884 cupiunt,
913 823 1146 882 pcenam
1176 804 1455 863 caecitatis
1484 803 1720 860 inferre.
2112 801 2392 879 ἆορασίας,

1833 947 1973 1002 Ibid.
2003 963 2129 1020 pag.
2161 948 2286 1004 657.

385 1137 388 1139 Α
420 1075 482 1130 In
514 1073 858 1131 universum
889 1068 1263 1126 Christianus
1316 1065 1681 1136 solitudinis,
1713 1064 1985 1122 secessio‘

2183 1063 2434 1120 Καθόλου
2467 1064 2494 1118 6
2525 1065 2842 1136 Χριστιανὸς
2876 1064 3108 1142 ἐρημίας
3139 1070 3230 1124 καὶ
3261 1072 3499 1148 ἡσυχίας
3529 1079 3620 1132 καὶ
3651 1099 3759 1153 γα-

348 1163 559 1235 nisque
581 1167 637 1220 et
665 1158 1091 1234 tranquilitatis
1117 1173 1185 1212 ac
1217 1155 1380 1228 pacis
1412 1153 1640 1212 amicus
1669 1159 1780 1211 est.

1483 1153 1640 1212 uicus
1669 1159 1780 1211 est.
2112 1151 2290 1223 λήνης
2321 1153 2410 1208 καὶ
2443 1153 2665 1229 εἰρήνης
2698 1153 2898 1218 οἰκεῖός
2925 1153 3083 1214 ἐστιν.

919 1276 1000 1329 Ea:
1031 1271 1236 1327 Catena
1265 1273 1324 1326 in
1360 1271 1787 1328 Pentateuchum
1815 1269 2006 1326 Latine
2034 1269 2186 1326 edita
2214 1288 2247 1326 α
2277 1273 2567 1329 Francisco
2603 1273 2868 1346 Zephyro,
2899 1289 3027 1344 pag.
3067 1276 3184 1331 146.

415 1382 638 1437 Nomen
669 1377 817 1434 illud
851 1377 1165 1449 mysticum
1198 1375 1352 1447 quod
1385 1377 1594 1428 vocant
1622 1373 1993 1442 Tetragram-
2105 1371 2384 1443 quoniam
2410 1371 2677 1444 solquasi
2692 1373 3105 1430 candelabrum
3127 1379 3330 1433 mundi
3357 1383 3587 1440 medius
3610 1385 3761 1444 inter

349 1474 569 1540 maton,
603 1484 719 1540 quo
751 1471 984 1523 tantum
1036 1464 1462 1520 muniebantur
1486 1461 1571 1516 illi
1602 1460 1820 1532 quibus
1851 1461 1994 1534 ady-
2105 1459 2251 1516 alios
2285 1462 2548 1530 planetas
2580 1462 2778 1518 divina
2819 1465 3107 1536 sapientia
3155 1465 3409 1526 libratus
3462 1489 3571 1528 sua
3627 1475 3755 1533 luce

350 1567 476 1616 tum
535 1557 798 1631 pervium
854 1559 996 1623 erat,
1048 1558 1216 1610 ssnat
1271 1551 1546 1617 Jehovah,
1599 1550 1754 1622 quod
1815 1549 1994 1604 inter-
2104 1548 2434 1620 superiores
2463 1549 2677 1606 lustrat
2706 1556 2762 1607 et
2790 1552 3118 1610 inferiores.
3144 1557 3229 1611 Ad
3255 1556 3503 1618 alteram
3525 1570 3752 1636 partem

347 1652 632 1721 pretatur,
661 1645 851 1717 quiest
873 1645 1200 1717 etquierit';
1232 1639 1640 1698 candelabrum
1672 1654 1804 1693 vero
1833 1637 1992 1727 quod
2102 1636 2291 1708 ipsius
2322 1655 2434 1694 arae
2466 1640 2653 1710 posita
2685 1645 2808 1696 erat
2848 1658 3073 1711 mensa,
3094 1643 3154 1699 in
3187 1661 3305 1716 qua
3336 1665 3517 1720 panes
3544 1670 3754 1727 prope.

347 1739 418 1793 ad
443 1735 758 1794 australem
782 1733 1011 1806 plagam
1035 1733 1264 1788 astabat
1293 1729 1517 1796 altaris,
1543 1731 1767 1800 saptem
1792 1726 1990 1798 plane-
2100 1727 2409 1796 nebantur,
2426 1729 2581 1798 quod
2605 1744 2673 1785 ex
2701 1745 2770 1785 ea
2798 1736 2962 1802 parte
2978 1731 3103 1789 οωΙὶ
3137 1733 3312 1792 ﬂatus
3346 1739 3518 1796 nobis
3547 1726 3754 1800 vitales

344 1832 434 1882 tas
466 1825 773 1890 referebat,
796 1821 896 1894 qui
931 1821 1312 1878 meridianam
1347 1818 1643 1891 regionem
1674 1815 1991 1889 circumagi
2099 1820 2156 1872 et
2185 1815 2325 1872 almi
2357 1817 2638 1889 aspirant.

345 1914 515 1971 nobis
541 1911 940 1970 videntumcui
958 1909 1110 1967 terni
1133 1908 1410 1980 utrinque
1432 1906 1577 1963 rami
1600 1911 1987 1978 consurgunt,

414 2177 764 2248 Fragmenta
793 2173 907 2229 alia
931 2173 1216 2248 exhibent
1241 2169 1805 2248 ϐειεῃεερζᾷεροζαιη
1827 2169 2066 2248 Patrum
2094 2168 2162 2248 ἐπ’
2185 2169 2392 2248 Nouum
2419 2172 3010 2248 Testamentumquas
3030 2172 3226 2248 onnii
3255 2175 3526 2248 adﬁdem
3557 2178 3731 2234 codd.

342 2264 486 2322 mss.
519 2240 701 2304 Edidit
725 2247 782 2302 J.
814 2252 884 2322 A_.
918 2245 1155 2322 Cramer
1182 2243 1242 2299 S.
1376 2241 1438 2299 P.
1472 2242 1654 2312 (1840,
1685 2241 1720 2295 8
1750 2240 1869 2322 νοΙὲ
1889 2241 2095 2322 ῥιιΣξο).
2125 2240 2224 2294 Eo.
2261 2241 2426 2322 Pyra.
2458 2271 2529 2280 —
2557 2240 2738 2322 '_I‘omo
2771 2240 3303 2322 Ill,'qu_i_Catenam
3334 2246 3390 2300 in
3414 2249 3555 2303 Acta
3584 2267 3727 2322 apo-

341 2320 628 2376 stolorum
659 2318 1072 2390 complectitur
1101 2316 1224 2372 haec
1253 2315 1324 2370 ad
1357 2330 1485 2386 cap.
1519 2330 1621 2381 vu,
1642 2311 1807 2370 vers.
1838 2312 1929 2380 24,
1955 2314 2046 2377 25,
2079 2311 2378 2384 leguntur,
2408 2329 2535 2383 quae
2563 2312 2622 2368 in
2655 2311 2937 2383 operibus
2968 2315 3280 2372 Clementis
3311 2335 3421 2374 non
3450 2311 3684 2377 exstant
3717 2339 3735 2377 ι

410 2453 626 2510 Dicunt
655 2457 852 2509 autem
885 2457 1086 2522 mysta!
1113 2449 1396 2523 [Moysen]
1423 2448 1595 2504 verbo
1618 2446 1742 2503 solo
1761 2463 1993 2518 percus-

2173 2444 2492 2520 Κλήμεντος
2523 2447 2921 2524 Στρωματέως.
2955 2449 3095 2505 Φασὶ
3142 2448 3201 2506 δὲ
3248 2452 3300 2506 oi.
3352 2451 3540 2523 μύσται
3585 2449 3743 2528 λόγῳ

341 2543 494 2598 sisse
523 2542 882 2615 tEgyptium,
915 2542 1068 2596 sicut
1097 2543 1301 2611 postea
1342 2538 1398 2592 in
1441 2538 1682 2593 Actibus
1723 2540 1941 2591 narrat:

2151 2534 2258 2608 όνῳ
2317 2535 2526 2592 ἀνελείν
2585 2539 2676 2592 τὸν
2724 2537 3039 2615 Αἰγύπτιον,
3068 2538 3252 2616 ὥσπερ
3296 2538 3489 2614 ἀμέλει
3528 2540 3749 2617 ὕστερον

342 2630 498 2698 illos,
532 2632 635 2703 qui
693 2629 1015 2686 celaverant
1047 2632 1274 2699 partem
1305 2625 1474 2698 pretii
1507 2625 1626 2695 agri
1659 2625 1942 2694 cujusdau

2147 2646 2155 2674 ι
2206 2631 2325 2688 ταῖς
2381 2624 2606 2699 Πράξεσι
2660 2628 2896 2706 φέρεται,
2956 2627 3084 2692 τοὺς
3155 2631 3583 2708 νοσφισαμένους
3650 2634 3747 2701 τῆς

343 2723 400 2775 et
428 2719 657 2775 mentiti
687 2724 873 2786 erant,
907 2717 1080 2773 verbo
1115 2715 1391 2786 [Petrum]
1421 2713 1810 2770 interemisse.

2149 2715 2267 2786 pii:
2316 2718 2413 2768 τοῦ
2464 2714 2677 2790 χωρίου
2725 2716 2813 2770 καὶ
2865 2716 3255 2791 ψευσαμένους,
3299 2717 3448 2796 λόγῳ
3493 2721 3749 2776 ἀποκτεῖ-

2098 2822 2206 2860 ναι.

837 2942 1020 2996 Tomo
1047 2939 1140 3008 IV,
1175 2957 1229 3012 p.
1262 2939 1386 3007 291,
1418 2937 1478 2993 in
1509 2935 1866 3009 expositione
1897 2936 2164 3010 Epistolas
2197 2939 2268 2994 ad
2299 2941 2614 3006 Romanos,
2645 2955 2772 3012 cap.
2794 2957 2916 3007 vni,
2945 2958 3094 2998 vers.
3127 2943 3196 2998 38
3230 2961 3243 2999 :

410 3057 541 3114 Sive
599 3056 778 3112 vitam
837 3057 1053 3129 (inquit
1109 3061 1170 3113 8.
1208 3055 1440 3126 Paulus)
1497 3070 1629 3126 quze
1686 3052 1985 3124 praesentis

2165 3051 2510 3125 Κλήμεντος.
2544 3055 2614 3109 Ἦ
2648 3055 2816 3126 ζωὴν,
2845 3055 2944 3123 τήν
2977 3056 3112 3110 κατὰ
3140 3057 3230 3111 τὸν
3281 3057 3526 3134 παρόντα
3577 3058 3694 3134 βίον
3723 3079 3735 3094 ·

340 3146 624 3218 temporis
653 3150 762 3213 est,
793 3152 850 3202 et
880 3150 1128 3202 mortem
1163 3161 1290 3216 qua;
1318 3148 1756 3216 persecutorum
1789 3144 1940 3198 furor

2140 3139 2184 3194 ιὶ
2243 3141 2493 3209 Θάνατον,
2523 3143 2614 3196 τὸν
2673 3143 2791 3197 κατ’
2821 3142 3084 3222 ἐπιφορὰν
3129 3149 3237 3201 τῶν
3286 3143 3623 3221 διωκόντων,
3649 3148 3740 3225 ἀγ-

332 3235 510 3306 sevit,
535 3234 656 3292 sive
684 3235 922 3308 angelos
965 3240 1024 3292 et
1069 3234 1435 3307 principatus
1455 3236 1513 3289 et
1541 3233 1806 3300 virtutes,
1839 3232 1932 3288 mi:

2142 3228 2285 3293 ιλους
2337 3250 2395 3285 τε
2437 3231 2525 3286 καὶ
2577 3229 2755 3306 ἀρχὰς
2805 3231 2895 3286 καὶ
2957 3231 3235 3309 δυνάμεις,
3279 3237 3348 3290 τὰ
3403 3235 3742 3293 ἀποστολικᾶ

331 3340 430 3382 sos
461 3341 496 3382 a
525 3329 638 3383 Deo
677 3324 948 3396 spiritus.

782 3324 948 3381 ritus.
2087 3318 2382 3393 πνεύματα.

1214 3439 1284 3493 Et
1313 3438 1381 3494 ad
1412 3437 1678 3509 ejusdem
1709 3435 1979 3508 Epistolas
2036 3435 2246 3508 capitis
2277 3454 2311 3491 x
2338 3453 2487 3492 vers.
2519 3437 2572 3506 3,
2606 3453 2663 3508 p.
2697 3437 2803 3493 369
2835 3455 2849 3493 :

397 3557 468 3612 Et
497 3574 612 3613 non
645 3562 1086 3630 cognoscentes,
1120 3572 1307 3628 neque
1353 3555 1631 3612 facientes
1663 3553 1809 3627 legis
1840 3570 1976 3626 pro—

2159 3553 2498 3626 Κλήμεντος.
2541 3552 2639 3606 Καὶ
2693 3554 2770 3627 μή
2816 3552 3059 3630 γνόντες,
3112 3553 3252 3630 μηδὲ
3303 3560 3628 3630 ποιήσαντες
3673 3561 3732 3616 τὸ

330 3645 615 3717 positum,
649 3648 1041 3718 quodcunque
1070 3645 1187 3702 illis
1221 3645 1462 3718 placuit,
1497 3645 1607 3700 hoc
1652 3644 1846 3716 ipsum
1877 3660 1930 3699 vc

2132 3640 2354 3715 ούλημα
2402 3646 2498 3696 τοῦ
2550 3642 2742 3716 νόμου,
2777 3644 2805 3697 ’ὀ
2865 3639 3139 3698 ὑπέλαϐον
3195 3645 3374 3717 αὐτοὶ,
3424 3652 3586 3703 τοῦτο
3644 3649 3732 3704 καὶ

324 3733 512 3792 luisse
561 3735 752 3808 legem
799 3736 1213 3805 crediderunt;
1265 3751 1454 3806 neque
1505 3733 1678 3789 etiam
1726 3738 1924 3788 ventu:

2134 3729 2382 3786 οὖλε-σθαι
2410 3731 2504 3786 τὸν
2561 3733 2730 3805 νόμον
2778 3731 3057 3805 ᾠήθησαν.
3093 3733 3190 3788 Καὶ
3239 3733 3364 3791 οὐδ’
3393 3736 3467 3799 ὡς
3519 3759 3734 3816 προφη-

327 3825 748 3893 ριιωῑιιωιίαηῑὶ
789 3823 1416 3893 conﬁderunt,litteraa
1475 3839 1607 3877 vero
1664 3826 1722 3876 et
1777 3821 1920 3876 timo

2132 3819 2296 3874 εόοντι
2325 3824 2406 3892 τῷ
2429 3819 2586 3893 νόμῳ
2620 3820 2960 3890 ἐπίστευσαν,
2993 3821 3142 3897 λόγῳ
3192 3820 3249 3878 δὲ
3297 3823 3450 3898 ψιλῷ
3497 3826 3585 3880 καὶ
3635 3827 3732 3902 φό-

323 3913 667 3983 servientes,
692 3931 807 3972 non
839 3914 1113 3987 spiritum
1137 3920 1196 3970 et
1217 3914 1392 3970 ﬁdem
1416 3911 1601 3968 secuti
1633 3915 1816 3980 sunt,

2084 3904 2186 3982 ϐῳ,
2229 3906 2354 3963 ἀλλ⁴
2385 3907 2446 3962 οὐ
2480 3906 2709 3964 διαθέσει
2739 3909 2829 3964 καὶ
2860 3911 3039 3966 πίστει
3069 3908 3470 3984 ἠκολούθησαν.

391 4060 570 4138 Tomo
599 4057 697 4138 V_I,
730 4059 946 4138 p._385,
976 4058 1036 4138 i_n
1066 4061 1284 4114 Catena
1315 4057 1374 4112 in
1406 4054 1589 4128 Epist.
1624 4055 1673 4110 II
1705 4053 1776 4110 ad
1808 4055 1963 4124 Cor.,

2135 4070 2227 4110 nec
2255 4054 2432 4110 verba
2459 4071 2610 4112 vers.
2642 4055 2709 4110 16
2757 4056 2966 4127 capitis
2994 4073 3072 4112 v:
3125 4055 3188 4111 Εἰ
3249 4055 3306 4112 δὲ
3353 4059 3443 4113 καὶ
3500 4058 3735 4138 ἐγνώκα-

322 4147 416 4200 μεν
441 4129 575 4183 κατὰ
604 4127 774 4205 σάρκα
802 4127 1054 4204 Χριστόν.

389 4267 458 4319 Et
490 4265 550 4321 in
583 4269 839 4333 tantum,
872 4265 1066 4337 inquit
1095 4265 1149 4320 S.
1184 4263 1424 4330 Paulus,
1457 4279 1629 4318 nemo
1661 4261 1853 4317 adhuc
1880 4277 1970 4317 se-

2155 4259 2256 4314 Καὶ
2306 4263 2586 4330 τοσοῦτον,
2638 4262 2824 4338 φησὶν,
2876 4259 3054 4323 οὐδεὶς
3106 4258 3182 4316 ἔτι
3229 4264 3366 4319 κατὰ
3414 4268 3585 4342 σάρκα
3645 4272 3736 4344 ζῇ,

319 4354 582 4410 cundum
641 4370 876 4410 carnem
933 4354 1075 4409 vivit
1131 4353 1286 4424 quod
1335 4369 1450 4408 non
1517 4356 1607 4407 est
1655 4351 1812 4418 vita,
1869 4367 1919 4406 se

2132 4349 2256 4421 ιείνη
2315 4350 2416 4426 γὰρ
2471 4349 2570 4405 οὐκ
2616 4344 2727 4404 ἔστι
2781 4351 2917 4422 ζωὴ,
2952 4348 3097 4405 ἀλλὰ
3147 4353 3396 4420 θάνατος,
3429 4357 3511 4410 δτι
3563 4359 3653 4412 καὶ
3705 4359 3732 4412 6

321 4457 501 4514 mors,
534 4443 594 4498 in
627 4448 914 4515 quantum
962 4459 1066 4499 nec
1112 4443 1239 4514 ipse
1285 4441 1604 4498 Christus:
1664 4445 1728 4497 ut
1775 4439 1921 4512 palai

2135 4439 2314 4514 ριστός
2350 4458 2362 4470 ·
2391 4436 2484 4494 ἵνα
2529 4437 2674 4514 δείξῃ
2721 4438 2804 4495 ὅτι
2852 4440 2913 4494 τὸ
2965 4442 3104 4495 κατὰ
3156 4443 3326 4517 σάρκα
3367 4445 3462 4516 ζῇν
3495 4444 3735 4503 ἐπαύσα-

318 4532 742 4600 manifestaret,
774 4534 929 4606 quod
961 4532 1088 4588 vitae
1121 4531 1447 4588 secundum
1481 4546 1717 4586 carnem
1775 4529 1918 4601 impc

2129 4550 2140 4581 ι
2174 4547 2186 4560 ·
2212 4532 2329 4590 πῶς
2357 4547 2370 4598 ;
2405 4527 2467 4582 οὗ
2496 4529 2559 4583 τὸ
2591 4533 2752 4602 σῶμα
2807 4528 2984 4605 ἀφεὶς,
3012 4528 3186 4606 ἄπαγε
3221 4553 3233 4566 ι
3269 4539 3386 4604 μετ’
3414 4533 3578 4589 αὐτοῦ
3628 4538 3729 4612 γὰρ

316 4619 538 4677 suisset
571 4621 768 4677 ﬁnem.
799 4621 1099 4686 Quomodo
1120 4619 1148 4675 ?
1191 4621 1316 4677 Non
1349 4637 1564 4693 corpus
1593 4635 1831 4687 exuens,
1866 4619 1916 4675 al

2129 4616 2192 4686 ξει
2243 4615 2318 4678 ὡς
2378 4613 2518 4670 ἰδίου
2575 4617 2768 4690 κριτὴς
2822 4616 3091 4691 ἁπάντων,
3125 4617 3272 4674 ἀλλὰ
3323 4625 3434 4676 τῶν
3488 4630 3729 4702 φυσικῶν

313 4706 424 4763 sit!
457 4709 604 4765 Nam
639 4727 772 4766 cum
807 4711 933 4782 ipso
965 4709 1199 4782 proprio
1240 4725 1479 4782 corpore
1511 4725 1618 4765 suo
1645 4708 1836 4765 veniet
1859 4707 1913 4763 J1

2133 4701 2414 4780 ταλλαγεὶς
2463 4705 2674 4774 παθῶν,
2709 4708 2824 4759 οἷον
2873 4706 3068 4776 πείνης
3119 4707 3210 4762 καὶ
3242 4705 3407 4783 δίψης
3437 4711 3529 4765 καὶ
3562 4711 3733 4770 ὕπνου

311 4796 422 4852 dex
449 4799 745 4867 omnium;
770 4799 1046 4855 omnibus
1071 4803 1268 4856 autem
1299 4798 1746 4855 inﬁrmitatibus
1772 4797 1911 4870 phys

2129 4793 2164 4848 ιὶ
2192 4792 2367 4849 κόπου
2395 4810 2410 4825 ⁶
2456 4797 2545 4848 νῦν
2582 4795 2682 4871 γὰρ
2732 4794 2931 4856 ἀπαθὲς
2959 4795 3051 4850 καὶ
3089 4796 3361 4872 ἀκήρατον
3393 4793 3510 4874 ἔχει
3545 4805 3729 4877 σῶμα.

311 4885 397 4942 cis
455 4888 787 4960 expeditus,
820 4889 974 4946 fame
1029 4887 1272 4960 scilicet,
1304 4887 1423 4954 siti,
1456 4904 1663 4945 somno
1723 4904 1790 4944 ac
1842 4885 2232 4945 lassitudine:
2290 4902 2449 4942 nunc
2506 4885 2664 4942 enim
2722 4884 3091 4958 impassibile
3144 4893 3202 4943 et
3257 4888 3562 4948 doloribus
3617 4893 3731 4949 im-

310 4991 490 5032 mune
520 4995 733 5051 corpus
765 4978 959 5035 habet.
2205 5048 2209 5053 _

381 5067 884 5132 Quemadmodum
900 5068 1054 5141 apud
1080 5083 1186 5124 nos
1209 5066 1533 5123 secundum
1558 5082 1786 5122 carnem
1811 5082 1962 5134 esse,

2146 5065 2349 5139 ’Ὠσπερ
2397 5062 2464 5131 ἧν
2513 5064 2648 5137 [leg.
2681 5065 2867 5136 ἡμῶν]
2896 5063 2959 5118 τὸ
3002 5064 3139 5119 κατά
3186 5063 3378 5141 σάρκα,
3411 5066 3522 5122 ἐστὶ
3563 5068 3629 5122 τὸ
3674 5067 3727 5126 ἄν

309 5154 530 5212 dicitur
560 5173 690 5214 esse
718 5157 778 5213 in
811 5157 1111 5230 peccatis;
1161 5159 1219 5211 et
1267 5154 1392 5211 sine
1422 5155 1514 5211 his
1545 5170 1693 5225 esse,
1746 5155 1909 5212 dicit!

2128 5152 2380 5229 ιαρτίαις,
2403 5151 2493 5206 καὶ
2513 5152 2574 5206 τὸ
2597 5148 2697 5224 ἔξω
2717 5152 2925 5208 τούτων
2961 5152 3022 5207 οὔ
3052 5153 3188 5209 κατὰ
3216 5155 3389 5230 σι’ἰρκα
3423 5177 3436 5188 ⁸
3469 5156 3614 5212 οὕτω
3640 5159 3728 5214 καὶ

307 5259 438 5302 esse
486 5263 603 5303 non
659 5249 982 5304 secundum
1041 5261 1322 5303 carnem:
1381 5245 1462 5300 ita
1518 5261 1752 5317 quoque
1803 5262 1907 5318 apu

2124 5245 2306 5316 ριστοῦ
2328 5241 2390 5296 τὸ
2419 5241 2555 5296 κατά
2584 5243 2777 5317 σάρκα,
2794 5242 2856 5296 τὸ
2888 5239 3050 5296 εἷ’κειν
3083 5247 3200 5305 τοῖς
3234 5249 3487 5317 φυσικοῖς
3510 5247 3724 5310 πάθεσι·

307 5331 611 5391 Christum
646 5337 966 5393 secundum
1001 5351 1236 5391 carnem
1268 5350 1396 5390 esse
1428 5333 1906 5399 dicitur,natural

2127 5359 2131 5381 ι
2183 5332 2258 5404 μὴ
2313 5329 2474 5386 εἶ’κειν
2523 5328 2580 5386 δὲ
2625 5331 2686 5385 οὐ
2717 5331 2852 5386 κατὰ
2882 5332 3071 5404 σάρκα.
3108 5331 3274 5388 Ἀλλ’
3301 5331 3506 5410 ὥσπερ,
3539 5336 3727 5413 φησὶν,

305 5419 419 5474 bus
450 5425 664 5494 subjici
692 5425 1138 5493 aﬂ'ectionibus;
1195 5440 1310 5480 non
1359 5423 1573 5494 subjici
1626 5440 1777 5490 vero,
1830 5438 1905 5480 es:

2125 5425 2278 5482 ιεῖνος
2327 5417 2650 5497 ἀπηλλάγη,
2684 5419 2828 5475 οὕτω
2877 5421 2964 5475 καὶ
3009 5423 3174 5493 ἡμεῖς
3206 5440 3218 5453 ·
3273 5422 3493 5491 Οὐκέτι,
3538 5425 3725 5502 φησὶν,

307 5522 424 5566 non
478 5512 806 5570 secundum
861 5529 1120 5569 carnem.
1156 5513 1266 5569 Sed
1303 5513 1802 5582 quemadmodum
1835 5513 1907 5568 illi

2125 5530 2166 5564 εν
2229 5507 2544 5582 ἐμπαθητὸν
2607 5509 2788 5586 σαρκί.
2821 5507 2980 5567 Οὕτω
3037 5508 3127 5565 καὶ
3186 5511 3214 5565 6
3276 5510 3514 5586 Κλήμης
3573 5513 3626 5569 ἐν
3682 5512 3725 5571 δ’

304 5591 518 5663 inquit,
553 5596 841 5656 liberatus
873 5604 982 5663 est,
1014 5600 1098 5656 sio
1146 5603 1205 5655 et
1251 5616 1378 5656 nos.
1412 5600 1540 5656 Jam
1573 5617 1711 5668 non,
1743 5601 1904 5672 inqui

919 5604 982 5663 st,
1014 5600 1098 5656 sic
1146 5603 1205 5655 et
1251 5616 1378 5656 nos.
1412 5600 1540 5656 Jam
1573 5617 1711 5668 non,
1743 5601 1957 5672 inquit,
2067 5600 2519 5658 Ὑποτυπώσεων.

303 5679 463 5735 carni
494 5681 792 5750 subjectio
824 5687 923 5742 sit.
955 5685 1051 5742 Sic
1081 5687 1349 5745 Clemens
1377 5688 1439 5744 in
1471 5693 1677 5758 quarto
1705 5691 2128 5762 Hypolyposeon
2155 5689 2326 5746 libro.
