4052 6154
238 367 343 422 773

1709 353 2178 408 FRAGMENTA.

3535 360 3642 417 774

309 519 482 575 Tomo
509 511 740 579 eodem,
801 525 859 582 p.
919 505 1044 577 39l,
1106 507 1179 563 ad
1232 506 1354 563 hac
1410 504 1678 580 Epistolis
1737 506 1787 562 II
1846 505 1919 562 ad

2033 521 2093 560 ll‘.
2128 504 2334 577 capitis
2376 520 2458 571 v1,
2491 518 2639 560 vers.
2678 504 2777 560 il:
2838 503 2902 563 Ἣ
2957 502 3150 580 καρδία
3207 510 3368 582 ἡμῶν
3427 511 3644 568 πεπλά-

242 607 442 647 τονται.

311 683 554 758 Καθάπερ
609 678 714 756 γὰρ
777 677 839 732 τὸ
906 675 1108 749 θερμὸν
1165 673 1402 750 εὐρύνειν
1453 673 1681 746 εἶ’ωθεν,
1740 670 1920 743 οὕτω⁴

2069 675 2577 742 Quemadmodum
2608 676 2763 732 enim
2789 677 2962 733 ardor
2998 679 3241 736 dilatare
3273 682 3440 751 solet,
3474 684 3555 740 ita
3585 689 3646 740 et

245 776 329 833 καὶ
370 777 403 844 ἡ
453 772 667 848 ἀγάπη·
702 766 902 844 θερμὸν
932 767 1034 842 γάρ
1074 785 1125 820 τι
1159 769 1356 840 χρῆμα
1403 764 1437 833 ἡ
1495 762 1701 840 ἀγάπη·
1753 763 1881 816 ὡσεί

2033 763 2270 836 haritas,
2303 781 2440 820 nam
2473 765 2730 822 charitas
2761 770 2850 822 est
2903 767 3124 841 aliquid
3175 772 3419 840 ardens;
3471 774 3642 844 quasi

252 867 402 936 εἶπεν,
429 861 507 920 Ού
546 859 710 934 μόνον
745 855 1000 931 στόματι,
1032 853 1178 910 ἀλλὰ
1213 853 1302 908 καὶ
1349 849 1546 928 καρδίᾳ
1591 852 1760 928 φιλῶ,
1791 850 1880 905 καὶ

2036 853 2211 909 iceret
2243 869 2255 908 :
2289 857 2412 910 Non
2445 857 2675 910 tantum
2707 871 2824 926 ore,
2859 857 2959 912 sed
2991 859 3165 914 corde
3191 859 3392 932 diligo,
3426 866 3481 917 et
3511 879 3647 919 om-

254 956 438 1016 πάντας
484 946 640 1006 ἔνδον
673 943 811 1024 ἔχω.
845 945 939 1000 Διό
989 964 1176 1018 φησιν,
1209 967 1237 994 ι(
1266 942 1342 1000 Οὐ
1375 942 1803 1017 στενοχωρεῖσθε
1832 938 1884 994 ἐν

260 1046 405 1117 ἡμῖν,
436 1065 462 1093 ››
492 1042 588 1094 τοῦ
620 1037 795 1092 πόθου
827 1034 1144 1106 εὖρύνοντος
1191 1033 1354 1087 αὐτοῦ
1400 1031 1500 1100 τήν
1549 1032 1758 1117 ψυχήν·
1792 1054 1820 1082 ι(
1851 1030 1888 1099 ἡ

263 1116 442 1208 καρδία
492 1131 655 1200 ἡμῶν
712 1122 1086 1180 πεπλάτυνται
1121 1145 1149 1174 ››
1204 1119 1284 1184 εἷς
1333 1121 1396 1175 τὸ
1451 1120 1626 1174 πάντα
1683 1116 1892 1191 διδάξαι

1998 958 2102 999 nes
2133 941 2192 997 in
2222 947 2453 1015 pectore
2474 942 2682 999 habeo.
2703 944 3066 1018 Quapropter
3095 947 3278 1005 dixit:
3314 973 3341 1000 ‹‹
3376 955 3501 1007 Non
3533 968 3642 1008 an-

1999 1030 2341 1104 gustiamini
2374 1031 2433 1087 in
2465 1032 2654 1101 nobis,
2692 1055 2718 1082 »
2751 1033 3034 1090 charitate
3067 1036 3193 1109 ipsa
3214 1038 3475 1096 animam
3502 1040 3648 1097 dila-

2000 1124 2162 1175 tante
2187 1136 2200 1174 :
2236 1143 2264 1170 ‹‹
2297 1135 2394 1176 cor
2423 1125 2691 1177 nostrum
2720 1122 3031 1178 dilatatum
3051 1129 3159 1195 est,
3189 1147 3216 1176 n
3247 1131 3308 1182 ut
3327 1129 3525 1185 omnia
3546 1146 3653 1186 vos

269 1223 414 1294 ὑμᾶς,
445 1219 595 1291 ὑμεῖς
626 1213 685 1271 δὲ
731 1238 760 1267 ι(
793 1212 1223 1288 στενοχωρεῖσθε
1267 1209 1319 1266 ἐν
1376 1215 1492 1271 τοῖς
1552 1208 1894 1283 σπλάγχνοις

2033 1211 2266 1280 loceam,
2298 1226 2399 1266 vos
2440 1215 2637 1266 autem
2689 1233 2717 1261 ‹‹
2751 1213 3174 1284 angustiamini
3221 1215 3280 1271 in
3332 1217 3656 1276 visceribus

266 1311 425 1384 ὑμῶν,
458 1332 486 1359 ››
516 1305 817 1372 τουτέστιν,
868 1302 920 1356 ἐν
946 1305 1014 1376 τῇ
1067 1301 1203 1378 πρὸς
1251 1300 1379 1355 Θεὸν
1435 1297 1644 1374 ἀγάπῃ,
1760 1297 1896 1373 ἀγά-

265 1405 358 1471 πᾷν
385 1419 448 1472 με
469 1395 737 1475 ὀφείλετε.
796 1391 988 1454 Οὕτως
1023 1391 1051 1446 ὁ
1085 1388 1321 1464 Κλήμης
1370 1387 1420 1444 ἐν
1451 1391 1693 1464 τετάρτῳ
1735 1387 1898 1442 Ὑπο-

266 1487 540 1544 τυπώσεων
551 1528 564 1542 .

2005 1298 2236 1368 vestris,
2269 1321 2299 1350 »
2329 1299 2437 1355 hoc
2459 1304 2548 1356 est
2571 1300 2628 1354 in
2653 1300 2937 1357 charitate
2967 1305 3290 1360 secundum
3321 1307 3656 1382 Deum,qua

2011 1405 2102 1444 me
2133 1405 2330 1444 amare
2359 1390 2606 1446 debetis.
2640 1391 2724 1446 Ita
2753 1390 3022 1448 Clemens
3068 1392 3128 1448 in
3175 1401 3380 1466 quarto
3425 1395 3659 1472 Hypoly-

2009 1493 2204 1550 poseon
2235 1477 2411 1548 libro,

341 1624 416 1678 Ex
439 1626 648 1696 Catena
677 1620 742 1696 in
789 1615 1077 1696 Epistolas
1124 1614 1291 1696 Pauli
1341 1620 1486 1672 tom.
1535 1614 1673 1684 VII;
1706 1630 1761 1686 p.
1792 1612 1998 1668 286εά
2030 1612 2150 1669 hac
2177 1611 2448 1686 Epistolas
2500 1614 2572 1670 ad
2626 1613 2896 1671 Hebraeos
2949 1633 2988 1684 ι,
3049 1617 3116 1674 1:
3177 1615 3515 1696 Πολυμερῶς
3571 1622 3663 1678 καὶ

284 1692 622 1768 πολυτρόπως
648 1685 881 1746 πάλαίὸ
913 1689 1065 1760 Θεός,
1097 1708 1150 1745 κ.
1181 1709 1232 1744 τ.
1257 1685 1313 1745 λ.

352 1805 653 1880 Κλήμεντος
673 1810 712 1861 ί.
761 1800 983 1873 Ἐπειδή
1051 1822 1112 1878 γε
1159 1803 1266 1875 μὴν
1306 1801 1336 1856 ὁ
1387 1798 1584 1875 Κύριος
1642 1796 1905 1853 ’Λπόστο-

291 1894 382 1959 λος
430 1893 498 1951 ὢν
520 1899 612 1950 τοῦ
637 1894 1082 1969 Παντοκράτορος
1115 1889 1393 1960 ἀπεστάλη
1426 1889 1565 1964 πρὸς
1596 1884 1904 1962 Ἐϐραίους,

287 1982 367 2039 διὰ
420 1985 731 2059 μετριότητα
788 1984 816 2037 ὁ
865 1981 1084 2042 Παῦλος
1129 1980 1230 2036 οὐκ
1276 1978 1526 2056 ἐγγράφει
1586 1978 1770 2032 ἑαυτὸν
1819 1978 1905 2034 Ἑ-

279 2068 464 2148 ϐραίων
497 2069 856 2141 Ἀπόστολον,
903 2067 992 2125 διὰ
1033 2071 1130 2138 τὴν
1162 2069 1299 2145 πρὸς
1352 2069 1447 2122 τὸν
1478 2066 1680 2142 Κύριον
1711 2067 1904 2139 τιμὴν,

276 2159 355 2216 διά
380 2183 434 2217 τε
458 2167 559 2218 τῶν
593 2162 756 2217 ἐθνῶν
793 2160 927 2215 εἶναι
976 2161 1144 2234 κῆρυξ
1184 2159 1275 2213 καὶ
1307 2154 1668 2227 Ἀπόστολος,
1717 2154 1777 2210 ἐκ
1815 2175 1908 2210 πε-

273 2251 500 2326 ριουσίας
529 2248 586 2306 δὲ
615 2249 922 2306 ἐπιστεῖλαι
954 2249 1041 2304 καὶ
1073 2252 1191 2308 τοῖς
1212 2240 1513 2320 Ἑϐραίοις.

2089 1799 2232 1855 ³81
2271 1800 2582 1856 Clementis.
2599 1802 2883 1868 Quoniam
2899 1804 3136 1874 quidem
3156 1804 3443 1863 Dominus
3471 1813 3670 1864 noster

2018 1889 2238 1945 missus
2264 1889 2766 1962 fueratapostolus
2789 1894 2859 1947 ab
2883 1891 3052 1948 Omni
3062 1899 3293 1966 potente
3306 1896 3376 1952 ad
3393 1897 3664 1954 Hebraeos

2018 1995 2121 2051 per
2142 1979 2491 2035 modestiam
2510 1978 2726 2036 Paulus
2751 1997 2862 2036 non
2885 1982 3122 2054 scripsit
3138 1987 3526 2056 semetipsum
3549 1990 3664 2042 He-

2019 2069 2306 2123 braeorum
2329 2067 3016 2139 apostolum,utDomiuo
3041 2071 3316 2129 honorem
3335 2073 3666 2147 legitimum

2016 2157 2384 2223 tribueret,et
2405 2158 2544 2228 quia
2563 2174 2747 2227 praeco
2767 2159 3002 2229 quidem
3019 2162 3390 2233 etapostolus
3404 2165 3668 2236 gentium

2017 2251 2164 2314 erat,
2192 2263 2260 2301 ex
2293 2247 2660 2302 abundantia
2688 2253 2882 2304 autem
2915 2250 3153 2322 scripsit
3183 2251 3253 2306 ad
3285 2252 3575 2309 Hebraeos.

338 2377 891 2464 Tomo_eodem.sub
923 2375 1235 2464 Clementis
1267 2374 1506 2464 nomine
1537 2372 2203 2464 sequnentianiragmenta
2233 2372 2485 2464 reperire
2516 2378 2628 2464 est:
2660 2373 3106 2464 Primum‘(pa‘g.
3149 2376 3272 2464 42d)
3315 2377 3473 2464 inet:
3525 2376 3670 2464 [ςλή-

278 2469 482 2574 μενξος,
514 2445 986 2524 Μεγαλόδωρος...
1031 2447 1331 2531 ,Ρέεάαθορὶ
1374 2446 1475 2528 lib.
1509 2462 1546 2515 ι,
1580 2462 1630 2500 ο.
1664 2447 1719 2516 9,
1755 2463 1814 2500 n.
1843 2445 1914 2500 85

305 2521 626 2574 πιοείξασθαι
656 2519 936 2574 τρόπαιον.
969 2520 1139 2574 aliter
1167 2536 1234 2574 ac
1262 2536 1320 2572 In
1353 2519 1530 2574 edito.
1560 2520 1920 2574 Fraﬂmentm

2041 2461 2122 2499 es.
2167 2485 2180 2497 .
2227 2486 2241 2500 .
2281 2483 2297 2499 .

2034 2515 2250 2572 lterum
2283 2517 2297 2574 (

2355 2443 2801 2518 ὑπεραποθανεῖν,
2852 2443 3079 2518 καΓτὸέ
3108 2443 3385 2518 κατάίτοῦ
3438 2443 3669 2512 θανάτου

348 2515 633 2595 ιδείξασθαῖ-
656 2515 936 2595 τρόπαιον,
969 2520 1139 2575 aliter
1167 2515 1234 2575 ac
1262 2515 1320 2595 in
1353 2519 1537 2595 edito.
1560 2515 1920 2595 Erag'mentw

2034 2515 2252 2595 lterum
2283 2515 2520 2595 (p._455)
2549 2534 2562 2572 :
2627 2517 3115 2595 Κλήμεντος-πρὸς
3143 2517 3444 2590 Ἓλληνας.
3494 2519 3670 2577 Ἀλλά

277 2587 517 2676 1519363
555 2593 651 2676 καὶ
675 2587 768 2676 νῦν
797 2592 824 2646 ὁ
854 2591 1068 2676 Κύριος,
1097 2611 1151 2645 κ.
1182 2609 1240 2676 τ.Ι
1269 2587 1322 2644 λ.
1345 2610 1359 2658 ;
1383 2589 1653 2676 "desiuit,
1675 2587 1754 2644 _ut
1784 2589 1842 2642 in
1874 2605 1920 2643 θι

2041 2603 2071 2676 ετ
2116 2587 2189 2647 ὡς
2217 2589 2432 2676 Ἰησοῦς
2458 2587 2904 2676 πεπιστευκότας.
2954 2587 3406 2676 Ριίαεῐϊιοῐιῐυ-ω.
3425 2597 3668 2676 tertium

389 2655 514 2746 [ἐρ-Ο)
539 2682 552 2721 :
588 2662 702 2746 Κλςή
716 2683 899 2746 μεντρς
929 2655 1355 2746 παιδναγωγέως.
1379 2655 1764 2735 Ηρωτόγονον,
1793 2679 1846 2716 κ.
1878 2679 1920 2714 τ.

2051 2661 2113 2715 In
2146 2655 2350 2716 multis
2383 2661 2455 2716 ab
2495 2661 2651 2717 edito
2683 2664 2912 2733 differt;
2947 2655 3335 2735 quamobrem
3393 2665 3488 2722 hic
3548 2665 3673 2722 sal-

278 2741 393 2792 tem
423 2736 611 2793 Grtece
633 2737 960 2794 sistendum
987 2736 1284 2792 duximus.

350 2847 658 2922 Κλήμεντος
731 2847 1155 2926 Παιδαγωγέως.
1234 2846 1592 2924 Πρωτόγονον
1657 2846 1721 2902 τὸ
1779 2848 1918 2919 αἷμα

281 2935 568 3012 εύρίσκεται
625 2939 676 2995 ἐν
729 2940 1024 3017 ἀνθρώπῳ,
1077 2942 1239 2994 τοῦτο
1289 2935 1356 3007 δὴ
1400 2942 1464 2992 τὸ
1521 2938 1659 3010 αἷμα
1717 2937 1916 3013 φυσικῇ

273 3027 596 3101 τρεπόμενον
636 3029 820 3104 πέψει,
867 3030 1148 3100 κυησάσης
1195 3033 1295 3097 τῆς
1342 3026 1574 3102 μητρὸς,
1619 3022 1920 3101 φιλοστορ-

275 3115 364 3192 γίᾳ
393 3122 680 3192 συμπαθεῖ,
737 3117 945 3190 ἐξανθεῖ
973 3119 1062 3174 καὶ
1093 3116 1354 3192 γηράσκει
1413 3115 1549 3188 πρὸς
1587 3115 1650 3170 τὸ
1707 3108 1914 3193 ἄφοϐον

273 3210 364 3262 τοῦ
410 3206 656 3264 παιδίου.
705 3208 810 3265 Καὶ
851 3201 964 3263 ἔστι
999 3208 1093 3281 μὲν
1123 3213 1223 3276 τῆς
1269 3207 1467 3279 σαρκὸς
1511 3202 1807 3280 ὑγρότερον
1855 3201 1918 3258 τὸ

276 3297 426 3369 αἷμα,
455 3300 574 3354 οἷον
605 3297 738 3373 ὑγρά
781 3318 865 3360 τις
898 3295 1031 3353 οὖσα
1061 3296 1214 3372 σάρξ,
1241 3298 1337 3351 τοῦ
1386 3292 1446 3350 δὶ
1474 3291 1707 3367 α’ίματος
1735 3313 1918 3348 νοστι-

278 3386 516 3460 μώτερον
578 3386 642 3441 τὸ
669 3383 815 3463 γάλα
841 3385 934 3440 καὶ
982 3383 1502 3460 λεπτομερέστερον.
1535 3379 1660 3440 Εἴτε
1705 3382 1808 3458 γάρ
1855 3380 1920 3436 τὸ

2026 2844 2344 2918 πνευμάτων
2400 2848 2453 2901 οἱ
2509 2848 2735 2919 ποιηταί
2782 2870 2939 2928 φασιν
2993 2851 3288 2907 ἀποπτύειν
3312 2850 3446 2916 ἁλὸς
3473 2850 3672 2927 ἄχνην·

2027 2931 2174 3004 πλὴν
2208 2932 2355 2990 ἀλλά
2385 2937 2522 3010 αἷμα
2551 2935 2668 3011 ἔχει
2720 2940 2820 3007 τὴν
2852 2939 3056 2994 οὐσίαν·
3101 2945 3282 3014 τούτῳ
3329 2946 3408 3013 τῷ
3463 2941 3672 3016 τρόπῳ,

2026 3025 2114 3080 καὶ
2150 3025 2202 3079 οὶ
2233 3027 2472 3099 ποταμοὶ
2506 3027 2651 3102 ῥόθῳ
2681 3029 2996 3105 φερόμενοι,
3054 3035 3122 3104 τῇ
3155 3031 3415 3106 ἐπιλήψει
3447 3034 3543 3089 τοῦ
3591 3054 3683 3090 πε-

2029 3115 2390 3190 ρικεχυμένου
2459 3114 2616 3188 ἀέρος
2682 3118 3010 3190 ξαινόμενοι,
3078 3120 3247 3196 ἀφρὸν
3309 3122 3677 3197 μορμύρουσι,

2026 3203 2118 3257 καὶ
2175 3204 2237 3257 τὸ
2267 3202 2554 3276 ἐνστόμιον
2588 3207 2748 3277 ἡμῶν
2779 3206 2942 3282 ὑγρὸν
2968 3207 3048 3281 τῷ
3078 3209 3344 3282 πνεύματι
3396 3209 3680 3265 ἐκλευκαί-

2029 3311 2198 3348 νεται.

2099 3379 2192 3443 Τίς
2226 3379 2316 3436 οὖν
2348 3383 2383 3451 ἡ
2417 3380 2827 3458 ἀποκλήρωσις,
2862 3385 2938 3457 μή
2993 3384 3122 3462 οὐχὶ
3163 3387 3255 3441 καὶ
3303 3386 3368 3441 τὸ
3409 3389 3548 3460 αἷμα
3593 3387 3682 3444 ἐπὶ

272 3472 776 3552 ἐπιχορηγούμενον
809 3477 949 3548 αἷμα
974 3479 1054 3547 τῷ
1093 3469 1342 3547 ἐμϐρύῳ,
1373 3473 1464 3528 καὶ
1515 3469 1606 3526 διὰ
1656 3470 1919 3544 μητρώου
1953 3490 1996 3558 C
2030 3469 2094 3524 τὸ
2125 3470 2516 3547 φωτεινότατον
2568 3473 2656 3527 καὶ
2705 3471 3030 3529 λευκότατον
3065 3475 3168 3530 ὑπὸ
3223 3480 3320 3530 τοῦ
3377 3476 3686 3550 πνεύματος

270 3563 377 3619 ἐστὶ
405 3564 677 3640 πρότερον
709 3563 1062 3638 πεμπόμενον
1096 3561 1372 3642 ὀμφαλοῦ,
1425 3560 1533 3617 εἴτε
1573 3558 1639 3616 αὖ
1667 3560 1728 3614 τὸ
1757 3580 1921 3614 κατα-

276 3655 466 3726 μήνιον
524 3653 665 3710 αὐτὸ
723 3652 1080 3709 ἀποκλεισθὲν
1137 3656 1236 3718 τῆς
1312 3651 1515 3713 οἰκείας
1567 3655 1734 3726 φορᾶς
1791 3649 1928 3704 κατά

273 3745 499 3817 φυσικήν
553 3743 821 3818 ἀνάχυσιν
873 3743 1078 3820 χωρεῖν
1127 3740 1406 3797 κελεύεται
1466 3741 1605 3817 πρὸς
1661 3743 1758 3794 τοῦ
1789 3759 1926 3794 παν-

271 3831 472 3911 τρόφου
497 3831 599 3888 καὶ
642 3837 1027 3909 γενεσιουργοῦ
1055 3829 1144 3887 ἐπὶ
1175 3830 1307 3894 τοὺς
1355 3828 1788 3907 φλεγμαίνοντας
1814 3825 1925 3899 ἤδη

275 3920 537 3995 μαστοὺς,
597 3921 688 3976 καὶ
749 3921 854 3977 ὑπὸ
908 3921 1216 3994 πνεύματος
1266 3917 1666 3993 ἀλλοιούμενον
1700 3921 1926 3993 θερμοῦ.

270 4011 496 4081 ποθεινὴ
530 4009 850 4080 σκευάζεται
898 4014 980 4082 τῷ
1007 4009 1190 4083 νηπίῳ
1235 4009 1441 4087 τροφὴ,
1497 4009 1634 4081 αἷμα
1662 4008 1726 4063 τὸ
1765 4026 1927 4080 μετα-

268 4094 479 4156 ϐάλλον
533 4098 694 4157 ἐστί.
748 4097 1001 4157 Μάλιστα
1057 4099 1162 4175 γὰρ
1219 4095 1432 4153 πάντων
1499 4095 1679 4171 μελῶν
1736 4096 1930 4170 μαστοὶ

269 4191 580 4263 συμπαθεῖς
617 4191 818 4263 μήτρᾳ,
879 4189 1046 4245 Ἐπάν
1078 4188 1170 4244 οὗν
1204 4188 1338 4243 χιιτά
1378 4185 1507 4250 τοὺς
1549 4181 1745 4248 τόκους
1796 4186 1930 4240 ἀπο-

266 4280 444 4349 κοπὴν
492 4273 649 4353 λάϐῃ
699 4279 762 4334 τὸ
813 4280 1054 4356 ἀγγεῖον.
1114 4274 1182 4332 δι⁷
1244 4275 1306 4332 οὗ
1336 4277 1473 4353 πρὸς
1492 4276 1557 4332 τὸ
1586 4269 1824 4351 ἔμϐρυον
1867 4275 1931 4330 τὸ

267 4369 406 4441 αἷμα
455 4367 709 4447 ἐφέρετο,
764 4367 925 4442 μύσις
979 4369 1074 4441 μὲν
1115 4366 1317 4443 γίνεται
1359 4370 1458 4422 τοῦ
1497 4360 1695 4440 πόρου,
1723 4365 1823 4432 τὴν
1875 4361 1932 4419 δὲ

267 4459 449 4534 ὁρμὴν
486 4459 582 4516 ἐπὶ
609 4459 737 4520 τοὺς
772 4456 1010 4532 μαστοὺς
1038 4458 1100 4513 τὸ
1151 4460 1292 4531 αἷμα
1320 4451 1607 4531 λαμϐάνει,
1658 4455 1750 4510 καὶ
1789 4453 1930 4510 πολο

271 4546 374 4618 λῆς
401 4555 505 4620 τῆς
538 4549 809 4626 ἐπιφορᾶς
865 4547 1195 4621 γενομένης,
1225 4544 1604 4614 διατείνονται,
1634 4544 1723 4600 καὶ
1760 4565 1930 4618 μετα-

267 4630 470 4694 ϐάλλει
498 4638 566 4694 τὸ
602 4637 738 4711 αἷμα
768 4637 844 4700 εἷς
876 4634 1042 4711 γάλα,
1073 4635 1356 4712 ἀναλόγως
1381 4638 1450 4708 τῇ
1491 4633 1579 4690 ἐπὶ
1608 4639 1710 4703 τῆς
1755 4631 1928 4688 ἑλκώ-

268 4745 403 4789 σεως
431 4726 513 4790 εἰς
544 4729 689 4782 πῦον
739 4729 838 4780 τοῦ
883 4723 1115 4797 αἳματος
1172 4718 1474 4798 μεταϐολῇ.
1534 4721 1658 4779 Εἴτε
1710 4719 1776 4776 αὖ
1824 4721 1931 4777 ἀπὸ

267 4819 372 4870 τῶν
437 4814 492 4872 ἐν
571 4819 804 4889 μαστοῖς
848 4814 1263 4890 παρακειμένων
1321 4807 1540 4890 φλεϐῶν
1588 4811 1932 4885 ἀναστομου-

277 4903 455 4976 μένων
501 4903 651 4960 κατὰ
710 4904 805 4965 τὰς
862 4901 1166 4967 διαστάσεις
1217 4909 1318 4973 τῆς
1385 4904 1630 4974 κυήσεως
1685 4903 1750 4958 τὸ
1801 4903 1940 4974 αἷμα

279 4999 612 5070 μεταχεῖται
667 4991 748 5055 εἷς
791 4991 887 5055 τὰς
942 4992 1168 5069 φυσικὰς
1217 4995 1324 5047 τῶν
1378 4991 1594 5066 μαστῶν
1659 4989 1936 5066 σύριγγας·

272 5081 487 5138 τούτων
522 5080 586 5138 δὲ
629 5080 1048 5156 ἀνακιρνάμενον
1094 5083 1158 5137 τὸ
1206 5081 1311 5136 ἀπὸ
1363 5085 1472 5137 τῶν
1521 5082 1936 5155 γειτνιαζουσῶν

275 5165 782 5245 καταπεμπόμενον
858 5170 1134 5246 ἀρτηριῶν
1207 5174 1441 5243 πνεῦμα,
1519 5167 1789 5243 μενούσης
1860 5165 1938 5224 ἔτι

273 5261 374 5329 τῆς
407 5259 787 5332 ὑποκειμένης
833 5257 1088 5333 ἀκεραίου
1143 5261 1242 5314 τοῦ
1301 5255 1532 5331 α’ίματος
1590 5255 1795 5327 οὐσίας,
1851 5253 1940 5310 ἐκ·

279 5349 695 5423 κυμαινόμενον
750 5347 1110 5416 λευκαίνεται,
1167 5347 1258 5402 καὶ
1311 5351 1381 5421 τῇ
1426 5344 1650 5419 τοιαύτῃ
1693 5345 1940 5418 ἀνακοπῇ

2031 3558 2318 3634 τρέπεσθαι
2352 3560 2687 3636 ὁμολογεῖν;
2720 3563 2918 3638 πάσχει
2977 3561 3034 3618 δὲ
3061 3565 3161 3634 τὴν
3193 3560 3505 3638 μεταϐολήν
3549 3567 3685 3623 κατὰ

2034 3645 2302 3718 ποιότητα
2327 3647 2393 3715 ρύ
2445 3650 2562 3704 κατ’
2609 3649 2812 3707 οὐσίαν.
2849 3651 3070 3724 Ἀμέλει
3128 3658 3263 3728 γοῦν
3306 3654 3366 3710 οὐ
3398 3656 3686 3734 τροφιμώ-

2034 3758 2189 3813 τερον
2218 3736 2358 3793 ἅλλο
2387 3759 2462 3807 τι,
2491 3737 2618 3795 οὐδὲ
2651 3741 2758 3813 μὴν
2788 3738 3143 3816 γλυκύτερον,
3177 3743 3303 3799 ἀλλ’
3337 3743 3465 3800 οὐδὲ
3495 3745 3686 3801 λευκό-

2035 3846 2192 3900 τερον
2246 3826 2421 3902 εὕροις
2472 3825 2531 3882 ἃν
2578 3829 2876 3904 γάλακτος.
2930 3831 3108 3900 Ιιάντη
3168 3829 3225 3886 δὲ
3256 3830 3400 3888 ἔοικε
3425 3839 3591 3890 τοῦτο
3614 3833 3686 3910 τῇ

2036 3919 2380 3990 πνευματικῇ
2413 3921 2610 3994 τροφῇ,
2671 3917 2793 3988 ἥτις
2843 3918 2954 3974 ἐστὶ
3009 3916 3239 3994 γλυκεῖα
3283 3923 3400 3994 μὲν,
3449 3920 3538 3978 διὰ
3583 3923 3682 3992 τήν

2038 4004 2224 4082 χάριν,
2278 4005 2546 4084 τρόφιμος
2603 4005 2662 4063 δὲ
2719 4009 2792 4071 ὡς
2855 4011 2990 4080 ζωὴ,
3054 4008 3220 4079 λευκή
3282 4008 3339 4066 δὲ
3379 4011 3456 4075 ὡς
3507 4013 3687 4090 ἡμέρα

2039 4097 2291 4172 Χριστοῦ.
2339 4095 2521 4171 Ταύτῃ
2566 4098 2748 4153 τοίνυν
2793 4099 2917 4173 περὶ
2965 4101 3064 4169 τήν
3106 4100 3409 4170 ἀποκύησιν
3467 4099 3685 4156 οἰκονο-

2043 4184 2316 4259 μούμενον
2369 4191 2448 4258 τῷ
2504 4187 2688 4265 βρέφει
2743 4189 2806 4244 τὸ
2862 4187 3004 4265 γάλα
3061 4196 3408 4266 χορηγεῖται.
3450 4191 3575 4245 ’Καὶ
3635 4193 3688 4246 οἱ

2044 4274 2238 4348 μαστοὶ
2295 4276 2346 4330 οἱ
2401 4277 2538 4338 τέως
2591 4277 2684 4332 τὸν
2743 4275 2911 4352 ἄνδρα
2967 4273 3431 4353 περιϐλεπόμενοι
3481 4279 3684 4355 ὀρθοὶ,

2039 4361 2149 4435 ἤδη
2180 4363 2530 4420 κατανεύουσι
2558 4366 2694 4442 πρὸς
2719 4366 2783 4422 τὸ
2837 4364 3074 4424 παιδίον.
3133 4369 3232 4435 τήν
3295 4369 3398 4424 ὑπὸ
3454 4375 3555 4440 τῆς
3589 4367 3690 4445 φύ-

2040 4473 2178 4515 σεως
2233 4454 2620 4528 πεπονημένην
2655 4499 2668 4525 ,
2724 4453 2995 4526 εὔληπτον
3054 4458 3314 4533 παρέχειν
3361 4455 3692 4530 διδασκόμε-

2040 4543 2363 4619 νοιτροφήν
2395 4543 2471 4608 είς
2495 4544 2802 4623 ἀνατροφὴν
2853 4545 3147 4623 σωτηρίας·
3208 4546 3270 4602 οὗ
3329 4548 3430 4624 γὰρ
3500 4547 3575 4609 ὡς
3635 4547 3691 4603 αἱ

2041 4630 2212 4708 πηγαὶ
2243 4630 2476 4706 πλήρεις
2507 4632 2638 4687 εῒσὶν
2681 4634 2732 4688 οἱ
2796 4635 2991 4707 μαστοὶ
3049 4633 3419 4710 ἐπεισρέοντος
3467 4633 3692 4710 ἐτοίμου

2040 4719 2336 4796 γάλακτος,
2366 4719 2514 4777 ἀλλὰ
2564 4717 2997 4796 μεταϐάλλοντες
3025 4725 3125 4794 τὴν
3172 4726 3403 4802 τροφὴν,
3458 4724 3510 4780 ἐν
3569 4727 3690 4781 ἐαυ-

2041 4814 2163 4872 τοῖς
2222 4809 2540 4885 ἐργάζονται
2593 4811 2734 4886 γάλα
2791 4813 2881 4868 καὶ
2941 4811 3300 4872 διαπνέουσιν.
3333 4816 3395 4873 Ὁ
3423 4817 3600 4894 τροφή
3633 4812 3693 4871 δὶ

2047 4901 2082 4969 ἡ
2141 4897 2495 4971 κατάλληλος
2553 4899 2688 4972 αὕτη
2737 4902 2827 4957 καὶ
2885 4902 3201 4982 πρόσφορος
3275 4910 3534 4980 νεοπαγεῖ
3601 4905 3694 4960 καὶ

2047 4993 2265 5068 νεοφυεῖ
2313 4987 2520 5064 παιδίῳ
2549 4990 2686 5067 πρὸς
2715 4995 2813 5046 τοῦ
2848 4996 2982 5047 Θεοῦ
3019 4996 3116 5048 τοῦ
3144 4995 3390 5070 τροφέως
3448 4994 3534 5049 ναὶ
3589 5013 3696 5048 πα-

2047 5077 2179 5154 τρὸς
2221 5082 2332 5134 τῶν
2361 5079 2713 5154 γεννωμένων
2766 5081 2857 5136 καὶ
2915 5081 3372 5157 ἀναγεννωμένων
3425 5081 3696 5157 πενουμέ-

2050 5189 2140 5237 νη,
2197 5169 2317 5223 οἷον
2349 5170 2410 5223 τὸ
2444 5168 2612 5241 μάννα
2647 5169 2931 5246 οὐρανόθεν
2962 5169 3245 5249 ἐπερῥέετο
3291 5178 3410 5236 τοῖς
3438 5170 3698 5238 παλαιοῖς

2048 5250 2341 5332 Ἑϐραίοις,
2370 5259 2406 5326 ἡ
2437 5261 2545 5311 τῶν
2589 5256 2866 5335 Ἀγγέλων
2898 5258 3216 5333 ἐπουράνιος
3242 5263 3448 5339 τροφὴ,
3501 5260 3695 5335 άμέλει

2050 5345 2141 5400 καὶ
2169 5349 2256 5400 νῦν
2289 5347 2344 5400 αἱ
2371 5343 2547 5409 τίτθαι
2575 5347 2639 5402 τὸ
2685 5348 3044 5424 πρωτόχυτον
3073 5355 3170 5404 τοῦ
3214 5350 3488 5428 γάλακτος
3544 5350 3699 5424 πόμα

275 5440 396 5494 κατ’
455 5437 792 5515 ἐξαφρισμὸν
853 5433 1276 5512 μεταϐάλλεται,
1333 5433 1717 5512 παραπλήσιόν
1762 5455 1816 5488 τι
1845 5453 1944 5490 πε-
2051 5433 2359 5508 ὁμωνύμως
2392 5433 2567 5510 ἐκείνῃ
2594 5438 2664 5510 τῇ
2692 5439 2870 5514 τροφῇ
2902 5435 3047 5512 γάλα
3084 5439 3404 5512 κεκλήκασι.
3462 5442 3584 5517 Χρῆ
3641 5436 3699 5497 δι

279 5529 488 5592 mea;
518 5530 596 5602 τῇ
639 5525 906 5602 θαλάττῇ,
959 5527 1022 5596 ἣν
1083 5523 1150 5596 δὴ
1200 5524 1334 5582 κατὰ
1390 5525 1484 5587 τὰς
1541 5517 1783 5598 ἐμϐολὰς
1835 5527 1943 5580 τῶν
2048 5530 2375 5594 κατανοῆσαι
2430 5523 2530 5593 τὴν
2590 5523 2769 5599 φύσιν·
2827 5527 2863 5596 ἡ
2895 5525 2998 5602 γάρ
3050 5549 3136 5586 τοι
3194 5533 3372 5608 τροφὴ
3422 5533 3706 5608 χειμῶνος

356 5685 380 5722 ³
411 5683 620 5756 Κλήμ.
652 5685 793 5744 God.
