4052 6154
417 278 526 335 775

1659 275 2060 339 CLEMENTIS
2103 260 2597 330 ALEXANDRI'N:
3729 276 3819 335 776

422 402 519 477 μὲν
549 403 880 457 πυκνοῦντος
906 401 1003 453 τοῦ
1040 397 1395 472 περιέχοντος
1449 394 1540 449 καὶ
1574 390 1813 469 πάροδον
1869 393 1932 449 ού
1983 391 2067 448 δι-
2104 400 2153 463 Α
2254 395 2349 451 Διά
2379 398 2534 453 10610
2559 400 2663 474 ἄρα
2693 401 2970 472 μυστικῶς
2998 398 3061 452 τὸ
3103 396 3154 451 έν
3181 398 3260 469 τῷ
3310 399 3637 473 Ἀποστόλῳ
3686 400 3820 476 ἅγιον

419 488 632 558 δόντος,
659 487 810 551 ἐντὸς
841 484 1300 557 κατακλειομένη,
1359 489 1438 557 τῷ
1469 487 1658 558 θερμῷ
1689 480 1931 557 ἑψομένη
1983 482 2074 538 καὶ

416 578 722 651 πεττομένη
775 574 853 639 εἲς
900 574 994 635 τὰς
1054 568 1255 653 φλέϐας
1311 571 1750 647 έξαιματουμένη
1811 571 2069 647 έκχωρεῖ.

417 670 489 725 Αἱ
518 665 576 722 δὲ
608 664 698 721 διὰ
739 671 915 734 πνοῆς
963 663 1026 719 ού
1054 662 1446 740 τυγχάνουσαι,
1473 659 1910 737 πεπληρωμέναι
1969 661 2071 734 μά-

415 757 573 813 λιστα
604 754 961 811 συντείνονται
1019 752 1106 809 καὶ
1163 751 1444 832 σφύζουσι·
1508 748 1594 806 διὸ
1652 751 1744 806 καὶ
1792 751 1847 807 αἱ
1896 750 2073 805 τίτθαι

409 844 775 922 περιπληθεῖς
847 840 973 899 τότε
1056 840 1298 916 μάλιστα
1377 840 1621 917 γίνονται
1678 844 1758 912 τῷ
1813 838 2070 915 γάλακτι.

2187 486 2427 559 Πνεῦμα,
2458 492 2526 561 τῇ
2557 491 2653 543 106
2677 488 2878 560 Κυρίου
2931 486 3329 562 ἀποχρώμενον
3373 494 3554 567 φωνῇ,
3617 515 3645 542 ‹‹
3694 490 3819 565 γαλα

2188 574 2328 646 ὑμᾶς
2388 574 2612 632 ἐπότισα
2672 602 2698 628 υ
2758 576 2939 653 λέγει.
3002 575 3072 633 Εἴ
3111 577 3213 652 γάρ
3264 579 3698 655 ἀνεγεννήθημεν
3752 580 3817 642 εἰς

2184 663 2432 738 Χριστὸν,
2468 666 2494 719 6
2527 665 2893 740 ἀναγεννήσας
2935 667 3083 739 ἡμᾶς
3144 664 3386 745 ἐκτρέφει
3435 673 3520 740 τῷ
3571 666 3689 740 ἰδίῳ
3731 668 3814 742 γά·

2185 750 2451 826 λακτιτῷ
2500 752 2673 829 λόγῳ·
2725 761 2828 810 πᾶν
2875 757 2980 830 γὰρ
3023 756 3088 810 τὸ
3135 759 3398 831 γεννῆσαν
3451 754 3622 812 ἔοικεν
3676 757 3812 819 εὐθὺς

2181 837 2441 917 παρέχειν
2490 847 2572 916 τῷ
2598 843 2921 919 γεννωμένῳ
2948 846 3181 922 τροφήν.
3236 850 3489 922 Καθάπερ
3522 844 3580 901 δὲ
3608 848 3640 915 ἡ
3698 846 3811 901 ἀνα⁶

406 931 832 994 Ἀποδέδειλται
891 929 950 988 6‘s
1004 934 1143 1006 ἡμῖν
1207 934 1394 1007 μεκρῷ
1446 929 1678 1006 πρόσθεν
1723 929 1787 983 τὸ
1829 930 1969 1001 αἷμα
1998 927 2075 992 εἷς
2179 950 2425 1005 γέννησις
2456 931 2758 1008 ἀναλόγως,
2794 930 2938 988 οὕτω
2967 932 3058 989 καὶ
3102 936 3136 1002 ἡ
3168 935 3346 1011 τροφὴ
3388 936 3580 1010 γέγονε
3618 940 3695 1008 τῷ
3732 935 3811 990 ἀν-

415 1022 557 1100 γάλα
588 1029 706 1086 ταῖς
747 1021 1003 1084 κυούσαις
1056 1020 1192 1076 κατά
1242 1014 1557 1094 μεταϐολὴν
1614 1019 1679 1073 ού
1737 1019 1853 1073 κατ’
1885 1016 2070 1072 οὐσίαν

417 1118 644 1191 χωρεῖν.
691 1114 895 1185 Ὠσπερ
944 1109 1138 1185 ἀμέλει
1191 1110 1277 1165 καὶ
1323 1110 1379 1164 αἱ
1409 1108 1596 1185 τρίχες
1627 1108 1683 1162 αἱ
1714 1106 1897 1178 ξανθαὶ
1952 1110 2069 1169 τοῖς

414 1208 653 1280 γηρῶσιν
687 1202 764 1265 εἰς
795 1198 994 1264 πολιάς
1028 1193 1485 1273 μεταϐάλλουσιν.
1538 1197 1737 1270 Θέρους
1788 1194 1845 1250 δὲ
1892 1193 2068 1269 ἔμπα-

416 1292 502 1355 λψ
536 1291 855 1368 ἀραιότερον
892 1290 952 1345 ’ὸν
980 1289 1043 1344 16
1084 1292 1265 1361 σῶμα.
1322 1289 1424 1358 τήν
1472 1287 1679 1365 τροφὴν
1732 1283 2069 1363 εὑδιαφορω-

413 1382 573 1455 τέραν
602 1381 855 1457 παρέχει,
887 1379 974 1433 καὶ
1013 1377 1211 1448 ἥκιστα
1259 1374 1545 1446 πλεονάζει
1603 1376 1666 1431 τὸ
1725 1374 1892 1451 γάλα,
1950 1373 2067 1428 ἐπεὶ

421 1473 558 1544 μήτε
599 1470 663 1525 τὸ
709 1472 866 1541 αἷμαο
915 1465 1044 1523 οὐδὲ
1089 1466 1191 1542 γὰρ
1233 1470 1378 1521 πᾶσα
1420 1466 1708 1541 κατέχεται
1767 1466 1802 1533 ἡ
1861 1463 2064 1540 τροφή.

418 1558 481 1617 Εἰ
533 1558 709 1613 τοίνυν
739 1559 775 1627 ἡ
840 1557 930 1629 μὲν
983 1554 1305 1629 κατεργασία
1348 1561 1448 1625 τῆς
1475 1556 1684 1630 τροφῆς
1743 1551 2065 1624 έξαιματοῦ-

415 1668 527 1712 ται,
578 1646 641 1701 τὸ
700 1642 758 1699 δὲ
796 1647 935 1715 αἷμα
980 1641 1428 1717 έκγαλακτοῦται,
1485 1641 1800 1718 παρασκευή
1857 1638 2065 1716 γίνεται

416 1736 477 1790 τὸ
507 1734 642 1807 αἷμα
669 1737 768 1788 106
791 1731 1063 1807 γάλακτος
1110 1730 1290 1806 ὥσπερ
1322 1731 1460 1801 αἷμα
1489 1730 1803 1807 ἀνθρώπου,
1834 1727 1924 1782 καὶ
1970 1726 2060 1802 γί-

412 1843 608 1898 γαρτον
642 1820 916 1895 ἀμπέλου.

486 1909 846 1987 ’ΔλΛηγορῶν
877 1909 1056 1965 τοίνυν
1100 1909 1196 1964 τὸν
1228 1906 1396 1983 λόγον
1428 1907 1457 1962 6
1488 1905 1734 1978 Παῦλος,
1778 1905 1870 1960 καὶ
1915 1902 2062 1980 γάλα

412 2000 571 2056 αὐτὸν
623 1997 935 2073 ὀνομάζων,
984 1996 1269 2053 «ἐπότισα
1301 2020 1329 2048 ››
1383 1996 1644 2073 ἐπιφέρει.
1697 1993 1916 2052 Πίνεται
1957 1996 2059 2070 γὰρ

412 2090 442 2145 6
486 2089 674 2164 λόγος,
706 2091 742 2159 ἡ
772 2089 949 2166 τροφή
981 2094 1080 2158 τῆς
1116 2084 1399 2156 ἀληθείας,
1451 2083 1644 2158 ἀμέλει
1700 2082 1790 2139 καὶ
1838 2084 1900 2138 τὸ
1957 2104 2059 2138 πο-

408 2180 525 2249 τὸν,
585 2179 721 2256 ὑγρά
778 2176 1029 2234 καλεῖται
1073 2177 1272 2251 τροφή.
1325 2175 1559 2230 Δυνατὸν
1603 2171 1662 2229 δὲ
1691 2174 1751 2228 τὸ
1781 2171 1911 2229 αὐτὸ
1968 2172 2059 2228 καὶ

415 2270 612 2345 βρῶμα
638 2266 772 2324 εἶναί
804 2288 920 2331 πως
948 2261 1078 2343 ἔχον
1100 2265 1201 2340 καῖ’
1222 2263 1409 2333 ποτὸν,
1442 2263 1577 2340 πρὸς
1604 2259 1747 2319 ἄλλο
1797 2260 1887 2318 καί
1918 2259 2060 2317 ἄλλο

409 2357 731 2431 νοούμενον,
802 2356 1042 2429 καθάπερ
1112 2355 1201 2409 καὶ
1282 2354 1305 2397 ι’
1398 2353 1563 2428 τυρὸς
1619 2349 1894 2426 γάλακτος
1948 2349 2061 2405 ἐστὶ

410 2447 593 2518 πῆξις,
650 2447 687 2516 ἢ
719 2443 867 2519 γάλα
892 2444 1162 2517 πεπηγός’
1199 2441 1261 2496 ού
1305 2442 1410 2517 γάρ
1463 2461 1559 2513 μοι
1601 2447 1704 2509 τῆς
1752 2439 2064 2514 λεξιθηρίας

417 2534 570 2609 μέλει
621 2539 801 2601 τανῦν,
828 2532 975 2601 πλὴν
1008 2531 1091 2588 ὅτι
1120 2531 1218 2595 τὰς
1243 2531 1447 2608 τροφὰς
1496 2526 1663 2607 ἄμφω
1714 2528 1813 2602 μία
1870 2525 2062 2583 διακο-

411 2629 579 2678 νεῖται
637 2622 814 2677 ούσία.
871 2620 1046 2678 Ἀλλά
1089 2621 1182 2674 καὶ
1229 2623 1346 2680 τοῖς
1406 2619 1743 2678 ὗποτιτθίοις
1799 2614 2059 2685 παιδίοις,

414 2712 570 2787 ἀρκεῖ
630 2711 794 2784 μόνον
839 2711 903 2764 τὸ
954 2708 1099 2784 γάλα
1146 2708 1237 2762 καὶ
1267 2707 1433 2762 ποτὸν
1495 2706 1631 2762 εἶναι
1683 2706 1774 2761 καὶ
1826 2707 2056 2784 τροφήν,

415 2798 731 2875 Πολλαχῶς
765 2796 823 2853 δὲ
851 2799 880 2853 6
925 2796 1093 2872 λόγος
1139 2793 1557 2871 ἀλληγορεῖται,
1595 2794 1684 2850 καὶ
1719 2795 1937 2870 βρῶμα,
1968 2797 2060 2849 καὶ

413 2891 564 2965 σὰρξ,
619 2888 710 2944 καὶ
763 2888 965 2964 τροφὴ,
1023 2885 1112 2940 καὶ
1171 2883 1357 2954 ἄρτος,
1403 2885 1491 2940 καὶ
1538 2887 1698 2957 αἷμα,
1745 2885 1835 2939 καὶ
1893 2881 2058 2959 γάλα,

414 2980 621 3034 ἅπαντα
651 2978 680 3032 6
711 2975 912 3050 Κύριος
945 2974 1023 3036 εἷς
1072 2972 1371 3028 ἀπόλαυσιν
1405 2975 1564 3045 ἡμῶν
1613 2976 1721 3027 τῶν
1771 2972 1848 3033 είς
1901 2971 2060 3027 αὐτὸν

413 3065 872 3123 πεπιστευκότων.
933 3062 1087 3133 Πλὴν
1145 3060 1291 3117 ἀλλά
1336 3061 1426 3117 καὶ
1457 3064 1492 3132 ἡ
1526 3062 1676 3137 σάρξ,
1730 3060 1864 3130 αύτὴ
1924 3063 2063 3134 αἷμα

2182 1020 2389 1093 θρώπῳ
2418 1022 2761 1094 πνευματική
2793 1023 2992 1093 πάντη.
3027 1023 3221 1077 Τοίνυν
3262 1022 3353 1077 καὶ
3406 1026 3571 1096 ἡμεῖς
3607 1025 3669 1079 τὰ
3695 1025 3812 1079 πάν·
3907 1047 3913 1051 ’
3974 1020 3975 1035 ³

2175 1126 2243 1159 τα
2289 1107 2509 1181 Χριστῷ
2551 1108 3063 1183 προσοικειούμεθα,
3112 1109 3201 1165 καὶ
3254 1109 3333 1172 εἷς
3383 1112 3680 1188 συγγένειαν
3736 1109 3812 1167 διὰ

2176 1191 2240 1246 τὸ
2297 1194 2435 1266 αἷμά
2482 1193 2650 1249 αὐτοῦ
2698 1194 2743 1268 ᾧ
2792 1195 3162 1271 λυτρούμεθα,
3219 1198 3310 1252 καὶ
3357 1198 3437 1261 εἷς
3495 1201 3805 1273 συμπάθειαν

2179 1278 2269 1335 διὰ
2295 1283 2394 1351 τήν
2425 1282 2734 1359 ἀνατροφὴν
2765 1286 2863 1354 τήν
2897 1285 2958 1341 έκ
2979 1290 3077 1340 106
3110 1286 3307 1361 Λόγου,
3359 1288 3451 1342 καὶ
3497 1289 3570 1351 εἰς
3616 1289 3806 1367 ἀφθαρο

2177 1369 2292 1425 σίαν
2325 1367 2413 1426 διὰ
2440 1374 2540 1442 τὴν
2574 1373 2797 1449 ἀγωγὴν
2826 1379 2924 1428 106
2955 1375 3142 1430 αὐτοῦ.
3174 1375 3245 1430 Τὸ
3293 1374 3485 1449 θρέψαι
3518 1374 3564 1431 δ’
3603 1378 3654 1432 ἐν
3686 1378 3801 1453 βρο-

2173 1463 2317 1513 τοῖσι
2365 1458 2664 1530 πολλάκις,
2714 1462 2892 1519 πλείω
2941 1464 3223 1541 πορίζεται
3273 1463 3475 1542 φίλτρα
3521 1465 3613 1522 τοῦ
3653 1471 3797 1544 φῦσαι

2175 1545 2352 1605 τέκνα.
2402 1550 2523 1605 ’Ὀτι
2573 1552 2756 1605 τοίνυν
2807 1551 2859 1622 ἐξ
2919 1550 3150 1626 α’ίματος
3194 1552 3340 1628 γάλα
3402 1556 3536 1610 κατὰ
3584 1550 3799 1629 μεταϐο-

2173 1729 2470 1801 ποιμνίων,
2520 1727 2579 1785 ἔκ
2622 1751 2682 1785 τε
2723 1735 2830 1786 τῶν
2887 1730 3193 1807 βουκολίων
3246 1729 3413 1804 ἔξεστι
3464 1735 3656 1806 μαθεῖν.
3714 1733 3788 1791 Τὰ

2164 1816 2266 1893 γὰρ
2326 1822 2439 1888 ζῶα
2487 1823 2656 1875 ταῦτα
2704 1824 2803 1875 106
2849 1814 3004 1885 ἔτους
3057 1821 3196 1876 κατά
3240 1824 3341 1891 τὴν
3400 1822 3534 1898 ὥραν
3590 1825 3652 1892 ἢν
3702 1820 3786 1894 ἔαρ

2164 1904 2448 1980 καλοῦσιν,
2483 1906 2777 1984 ὑγροτέρου
2806 1914 2904 1965 106
2930 1912 3289 1986 περιέχοντος
3326 1913 3618 1989 γεγονότος,
3648 1908 3783 1965 ἀλλά

2164 1997 2383 2067 καὶτῆς
2424 1998 2562 2063 πόας
2606 1999 2695 2053 καὶ
2742 2002 2852 2054 τῶν
2901 2003 3089 2073 νομῶν
3139 1998 3383 2078 εὐχύλων
3425 2001 3480 2055 τὸ
3507 2001 3771 2066 τηνικαῦτα

2168 2085 2339 2141 ούσῶν
2398 2088 2487 2142 καὶ
2548 2085 2805 2161 ένίκμων,
2864 2085 3094 2162 αἳματος
3154 2088 3444 2162 πίμπλαται
3497 2085 3761 2160 πρότερον,

2168 2175 2243 2238 ὡς
2275 2174 2335 2231 έκ
2362 2182 2461 2245 τῆς
2506 2173 2802 2239 διατάσεως
2856 2181 2965 2232 τῶν
2997 2173 3212 2255 φλεϐῶν
3257 2175 3612 2252 κυρτουμένων
3666 2178 3767 2229 τῶν

2168 2264 2397 2341 ἀγγείων
2443 2262 2731 2321 δείκνυται.
2788 2267 2881 2323 Ἐκ
2927 2264 2986 2321 δὲ
3011 2270 3110 2322 τοῦ
3143 2264 3367 2340 α’ίματος
3414 2263 3773 2339 δαψιλέστερον

2170 2358 2349 2428 χεῖται
2378 2355 2440 2408 τὸ
2469 2353 2633 2429 γάλα.
2668 2354 2864 2425 Θέρους
2904 2353 2952 2409 δ’
2983 2349 3221 2428 ἔμπαλιν
3257 2354 3360 2410 ὑπὸ
3387 2358 3478 2410 106
3521 2353 3780 2425 καύματος

2170 2442 2560 2518 συγκαιόμενον
2591 2443 2681 2498 καὶ
2732 2445 3243 2519 ἀναξηραινόμενον,
3271 2442 3454 2514 ἵστησι
3482 2444 3575 2513 τὴν
3630 2462 3782 2515 μετα-

2170 2526 2344 2601 ϐολὴν
2374 2533 2437 2587 τὸ
2468 2535 2625 2604 αἷμα,
2658 2534 2747 2588 καὶ
2790 2532 2960 2609 ταύτῃ
3019 2531 3245 2589 ἔλαττον
3298 2531 3641 2607 ἀμέλγονται.
3693 2531 3787 2586 Ναὶ

2176 2620 2282 2692 μὴν
2311 2618 2398 2674 καὶ
2451 2609 2758 2696 συγγένειάν
2798 2641 2917 2675 τινα
2965 2621 3102 2694 πρὸς
3143 2622 3206 2675 τὸ
3259 2618 3408 2695 ὓδωρ
3439 2619 3786 2694 φυσικωτάτην

2172 2706 2289 2783 ἔχει
2344 2708 2406 2763 τὸ
2461 2707 2628 2783 γάλα,
2682 2710 2926 2785 καθάπερ
2984 2709 3177 2782 ἀμέλει
3217 2710 3357 2785 πρὸς
3394 2712 3493 2778 τὴν
3521 2726 3783 2781 πνευματι-

2169 2798 2272 2867 κήν
2303 2797 2364 2852 τὸ
2387 2795 2619 2873 λουτρὸν
2649 2799 2712 2854 τὸ
2761 2798 3147 2871 πνευματικόν.
3208 2799 3277 2856 Οἱ
3323 2802 3454 2874 γοῦν
3498 2795 3787 2873 έπιῤῥοφαν-

2168 2907 2255 2948 τες
2311 2890 2390 2958 τῷ
2439 2886 2669 2963 γάλακτι
2719 2891 2937 2962 ψυχροῦ
2978 2886 3173 2962 ὀλίγον
3203 2885 3422 2955 ὕδατος,
3482 2884 3784 2965 ὠφελοῦνται

2169 2982 2535 3050 παραχρῆμα.
2569 2977 2651 3033 Οὐ
2683 2978 2788 3053 γὰρ
2821 2976 3175 3047 ἁποξύνεσθαι
3206 2977 3269 3030 τὸ
3300 2974 3448 3051 γάλα
3478 2975 3536 3047 ἐᾷ
3590 2974 3625 3044 ἢ
3670 2973 3782 3048 πρὸς

2168 3063 2231 3117 τὸ
2276 3061 2421 3139 ὕδωρ
2482 3065 2759 3138 κοινωνία,
2815 3065 2914 3121 ούκ
2962 3065 3251 3137 ἀντιπαθίᾳ
3295 3064 3426 3135 τινὶ,
3480 3061 3788 3139 προσπεπαί-

408 3161 488 3228 τῷ
513 3155 767 3230 γάλακτι,
802 3156 917 3208 οἷον
968 3150 1531 3226 ἀντιπελαργούμενον
1582 3147 1797 3226 ἄρδεται
1854 3171 1912 3205 τε
1966 3150 2058 3204 καὶ
2089 3143 2132 3210 C
2168 3153 2398 3226 νομένου
2448 3150 2524 3225 δὲ,
2557 3153 2913 3230 προσπαθείᾳ.
2950 3154 3052 3210 Καὶ
3081 3155 3148 3224 ἣν
3174 3155 3202 3209 6
3252 3151 3418 3228 λόγος
3453 3151 3568 3229 ἔχει
3597 3152 3717 3226 πρὸς
3740 3149 3792 3203 τὸ

411 3244 643 3315 αὔξεται.
698 3242 798 3297 Καὶ
853 3239 919 3311 δὴ
955 3240 1044 3295 καὶ
1074 3237 1516 3317 ἡδιαμόρφωσις
1567 3243 1664 3294 106
1721 3237 2058 3316 συλληφθέν-

409 3354 502 3396 τος
530 3337 611 3406 τῷ
635 3338 736 3402 τῆς
768 3328 855 3386 ἐπὶ
901 3336 1047 3404 μῆνα
1093 3330 1404 3404 καθάρσεως
1454 3327 1913 3401 ὑπολελειμμένῳ
1958 3334 2073 3383 καί

409 3427 558 3499 θαρῷ
610 3422 1009 3500 περιττώματι,
1062 3418 1389 3493 κιρναμένου
1445 3423 1543 3475 τοῦ
1591 3418 2058 3495 σπέρματοςγίνε-

408 3534 518 3569 ται.
562 3514 627 3571 Ἦ
659 3512 762 3588 γὰρ
794 3510 847 3567 έν
894 3509 1078 3582 τούτῳ
1119 3507 1349 3582 δύναμις
1379 3502 1696 3584 θρομϐοὖσα
1742 3512 1841 3563 106
1893 3505 2057 3581 α’ίμα-

409 3602 503 3664 τός
559 3601 658 3670 τὴν
716 3598 898 3678 φύσιν,
955 3600 1012 3654 ὃν
1071 3597 1275 3673 τρόπον
1331 3599 1367 3652 -λ
1412 3596 1606 3653 πυτεία
1636 3597 1939 3667 συνίστησι,
1994 3596 2059 3652 τὸ

410 3688 557 3766 γάλα
609 3687 794 3745 οὐσίαν
839 3687 1115 3764 ἐργάζεται
1169 3686 1529 3764 μορφώσεως’
1589 3684 1806 3741 εὐθαλεῖ
1861 3686 1965 3760 γὰρ
2021 3687 2057 3754 ἡ

408 3785 621 3855 κρᾶσις,
652 3776 894 3856 σφαλερὰ
924 3774 982 3832 6‘1
1011 3779 1047 3846 ἡ
1078 3774 1318 3850 ἀκρότης
1362 3773 1440 3836 είς
1495 3773 1761 3830 ἀτεκνίαν.
1818 3774 1923 3829 Καὶ
1957 3775 2057 3849 γὰρ

410 3867 580 3938 αὐτῆς
610 3864 719 3938 ἤδη
771 3873 872 3937 τῆς
915 3873 1016 3941 γῆς
1066 3865 1168 3920 ὑπὸ
1212 3866 1307 3938 μὲν
1337 3858 1640 3937 ἐπομϐρίας
1693 3861 2057 3918 κατακλυσθὲν

408 3955 736 4033 ἀποσύρεται
784 3956 847 4011 τὸ
891 3954 1128 4031 σπέρμαο
1181 3951 1272 4008 διὰ
1320 3950 1378 4008 δὲ
1409 3952 1622 4029 αὐχμὸν
1655 3949 1866 4014 νοτίδος
1923 3952 2060 4008 ἀπο-

410 4045 753 4122 ξηραίνεται.
800 4041 1108 4113 Κολλώδης
1169 4041 1228 4098 δὲ
1282 4044 1310 4097 6
1368 4043 1552 4118 χυμὸς
1609 4041 1683 4096 ὣν
1724 4040 1939 4117 συνέχει
1994 4041 2059 4097 τὸ

406 4138 648 4210 σπέρμα·
682 4134 772 4191 καὶ
819 4133 961 4212 φύει.
1011 4133 1171 4194 Τινὲς
1202 4129 1261 4187 δὶ
1282 4131 1372 4187 καὶ
1401 4131 1463 4186 τὸ
1493 4130 1709 4206 σπέρμα
1761 4134 1857 4186 106
1913 4131 2059 4200 ζώου

409 4224 577 4302 ἀφρὸν
638 4224 768 4279 εἶναι
828 4226 927 4278 106
985 4220 1215 4295 α’ίματος
1269 4221 1386 4276 κατ’
1435 4220 1622 4276 οὐσίαν
1681 4221 2016 4277 ὑποτίθενται
2042 4240 2056 4254 ο

409 4313 439 4368 ὃ
471 4310 538 4383 δὴ
569 4316 638 4387 τῇ
668 4310 895 4390 έμφύτῳ
923 4315 1022 4367 106
1081 4307 1306 4387 ἄρρενος
1363 4309 1540 4384 θέρμῃ
1595 4308 1742 4383 παρὰ
1788 4310 1883 4374 τάς
1921 4330 2061 4382 συμ-

407 4401 621 4466 πλοκὰς
677 4399 1030 4476 έκταραχθὲν,
1088 4398 1518 4474 ἐκραπιζόμενον
1565 4398 1905 4475 ἐξαφροῦται,
1964 4399 2062 4454 κάν

2172 3241 2454 3317 βάπτισμα
2490 3243 2799 3311 κοινωνίαν,
2824 3241 3025 3313 ταύτην
3076 3241 3194 3319 ἔχει
3223 3244 3285 3298 τὸ
3317 3241 3466 3318 γάλα
3496 3244 3590 3313 τήν
3619 3235 3791 3295 συναλ-

2169 3330 2342 3403 λαγήν
2374 3333 2511 3405 πρὸς
2537 3332 2600 3387 τὸ
2631 3328 2799 3403 ὕδωρ.
2837 3334 3062 3408 Δέχεται
3089 3332 3190 3409 γὰρ
3245 3333 3411 3405 μόνον
3470 3336 3578 3387 τῶν
3638 3331 3792 3406 ὑγρῶν

2164 3418 2328 3476 10610
2373 3420 2463 3475 καὶ
2511 3420 2611 3488 τὴν
2659 3420 2797 3495 πρὸς
2841 3420 2904 3475 τὸ
2952 3418 3099 3496 ὕδωρ
3136 3420 3281 3493 μίξιν
3311 3419 3657 3497 έπικάθαρσιν
3701 3436 3793 3471 πα-

2169 3504 2684 3582 ραλαμϐανόμεσον,
2716 3510 2955 3584 καθάπερ
2992 3510 3056 3564 τὸ
3109 3508 3390 3585 βάπτισμα
3441 3508 3533 3565 ἐπὶ
3584 3507 3798 3583 ἀφέσεως

2167 3596 2471 3670 ἁμαρτιῶν.
2531 3596 2797 3673 Μίγνυται
2859 3596 2917 3653 δὲ
2963 3597 3054 3653 καὶ
3115 3597 3300 3672 μέλιτι
3357 3599 3673 3677 προσφυῶς,
3721 3591 3799 3649 καὶ

2165 3690 2328 3741 τοῦτο
2360 3686 2447 3740 έπὶ
2474 3687 2730 3760 καθάρσει
2777 3686 2943 3743 πάλιν
2977 3688 3112 3760 μετὰ
3138 3685 3395 3763 γλυκείας
3442 3692 3547 3753 τῆς
3588 3690 3799 3763 τρυφῆς·

2172 3774 2499 3850 μιγνύμενος
2526 3776 2629 3850 γὰρ
2661 3776 2690 3830 6
2740 3773 2903 3850 λόγος
2946 3774 3353 3854 φιλανθρωπίᾳ,
3405 3775 3555 3833 ἰᾶταί
3599 3796 3657 3850 γε
3701 3774 3801 3845 ἅμα

2165 3864 2232 3919 τὰ
2277 3866 2421 3935 πάθη
2472 3863 2562 3920 καὶ
2608 3864 2954 3940 ἀνακαθαίρει
3002 3867 3099 3928 τὰς
3152 3866 3440 3941 ἁμαρτίας.
3499 3863 3801 3937 Ἐπιμίγνυ-

2164 3974 2252 4007 ται
2275 3950 2333 4008 δὲ
2360 3953 2423 4008 τὸ
2451 3953 2593 4029 γάλα
2621 3954 2711 4008 καὶ
2743 3950 2877 4027 οἴκῳ
2905 3952 3121 4029 γλυκεῖ.
3150 3953 3482 4032 Ἐπωφελής
3515 3952 3572 4010 δὲ
3596 3957 3629 4023 ἡ
3656 3950 3798 4026 μίξις.

2167 4041 2592 4115 ἀνακιρναμένου
2646 4047 2744 4097 106
2804 4042 3011 4107 πάθους
3087 4043 3162 4105 εἷς
3240 4043 3566 4120 ἀφθαρσίαν.
3634 4038 3799 4116 Ἐξορ-

2170 4129 2355 4207 ῥοῦται
2393 4130 2494 4207 γὰρ
2541 4130 2645 4186 ὑπὸ
2689 4135 2786 4186 106
2834 4128 2985 4186 οἷ’νου
3014 4132 3077 4187 τὸ
3107 4129 3252 4207 γάλα
3280 4132 3370 4186 καὶ
3403 4134 3671 4207 σχίζεται·
3724 4126 3800 4183 καὶ

2167 4221 2197 4275 '6
2224 4241 2279 4275 τι
2310 4239 2411 4296 περ
2442 4218 2609 4275 αὐτοῦ
2638 4221 2821 4287 νόθον,
2872 4225 3034 4276 τοῦτο
3083 4221 3498 4296 ἀποχετεύεται.
3562 4220 3702 4277 Κατά
3746 4215 3804 4271 τὰ

2168 4310 2306 4365 αὐτὰ
2335 4306 2394 4364 δὲ
2419 4316 2521 4377 τῆς
2552 4310 2785 4371 πίστεως
2817 4312 2851 4378 ἡ
2898 4311 3158 4365 κοινωνία
3209 4313 3244 4379 ἡ
3294 4312 3640 4382 πνευματική
3686 4306 3805 4379 πρὸς

2166 4398 2258 4452 τὸν
2300 4398 2547 4467 παθητὸν
2586 4400 2871 4474 ἄνθρωπον
2920 4400 3019 4461 τάς
3068 4400 3324 4474 σαρκικὰς
3353 4399 3647 4472 ἐπιθυμίας
3673 4393 3804 4469 ἐξορσ

401 4495 523 4553 ταῖς
553 4488 887 4564 σπερματίσι
929 4489 1280 4564 παρατίθεται
1313 4487 1534 4565 φλεψὶν,
1564 4486 1799 4551 ἐντεῦθεν
1852 4489 1942 4543 καὶ
1997 4489 2064 4543 τὰ
2092 4512 2139 4577 D
2172 4488 2339 4562 ῥοῦσα
2386 4485 2463 4547 εἰς
2515 4483 2802 4556 ἁϊδιότητα
2850 4486 3134 4543 συστέλλει
3189 4488 3282 4542 τὸν
3342 4485 3654 4561 ἄνθρωπον,
3698 4488 3801 4541 τοῖς

406 4578 703 4655 ἀφροδίσια
780 4575 1068 4649 κέκληται.
1146 4577 1432 4655 Συμφανές
1488 4576 1668 4631 τοίνυν
1744 4574 1803 4631 έκ
1851 4575 2059 4631 τούτων
2095 4573 2129 4577 ⁷
2170 4576 2336 4638 θείοις
2383 4574 2870 4644 ἀπαθανάτίζουσα.
2918 4577 2986 4633 Οἱ
3032 4576 3237 4633 πολλοὶ
3269 4574 3327 4631 6‘s
3355 4576 3445 4631 καὶ
3478 4578 3541 4632 τὸ
3590 4573 3804 4647 λιπαρὸν

407 4668 680 4731 ἀπάντων,
737 4671 875 4741 αἷμα
922 4667 1057 4722 εἶναι
1108 4670 1208 4721 τοῦ
1249 4665 1591 4741 ἀνθρωπίνου
1649 4665 1902 4737 σώματος
1958 4667 2060 4734 τὴν

411 4757 620 4826 ούσίαν,
667 4755 814 4813 ἀλλὰ
859 4756 948 4811 καὶ
998 4756 1133 4829 μετά
1175 4756 1276 4823 τήν
1320 4756 1622 4825 ἀποκύησιν
1671 4754 1825 4816 αὖθις
1878 4754 2062 4829 ἐκτρέ-

412 4867 567 4925 φεται
593 4847 658 4902 τὸ
711 4844 928 4901 παιδίον
957 4843 1146 4918 αἵματι
1176 4848 1259 4917 τῷ
1289 4842 1455 4916 αύτῷ.
1490 4841 1733 4915 Α’ίματος
1771 4843 1872 4919 γὰρ
1903 4842 2060 4921 φύσις

403 4940 503 4991 τοῦ
549 4932 826 5011 γάλακτος
870 4936 906 5004 ἡ
961 4933 1134 5011 ῥύσις,
1178 4933 1270 4988 καὶ
1308 4932 1463 5008 πηγή
1491 4935 1703 5010 τροφῆς
1730 4931 1793 4986 τὸ
1820 4930 1980 5007 γάλα,
2014 4934 2061 5006 ᾦ

410 5022 479 5093 δὴ
510 5024 603 5080 καὶ
649 5024 789 5099 γυνὴ
840 5020 987 5095 δήλη
1026 5026 1259 5078 τεκοῦσα
1288 5021 1512 5090 ἀληθῶς
1543 5019 1634 5076 καὶ
1667 5021 1853 5096 μήτηρ
1885 5017 1955 5076 δι’
1998 5020 2062 5077 οὗ

406 5111 499 5167 καὶ
526 5110 755 5190 φίλτρον
788 5108 999 5173 εὐνοίας
1026 5103 1441 5185 προσλαμϐάνει

2166 4668 2265 4720 τοῦ
2293 4663 2592 4738 γάλακτος,
2626 4666 2656 4720 '6
2697 4662 2765 4734 δὴ
2815 4663 3081 4738 βούτυρον
3130 4666 3381 4733 καλοῦσι,
3440 4669 3805 4739 καταχρῶνται

2170 4753 2248 4817 εἷς
2279 4753 2508 4829 λύχνον,
2539 4754 2602 4808 τὸ
2632 4751 2966 4809 πολυέλαιον
2996 4758 3094 4809 τοῦ
3143 4753 3309 4827 λόγου
3367 4752 3438 4808 δι’
3499 4754 3804 4828 αῒνίγματος

2167 4840 2454 4918 ἀριδήλως
2485 4842 2896 4920 σαφηνίσαντες,
2944 4842 3019 4905 ὡς
3053 4841 3222 4916 μόνου
3251 4840 3409 4898 τοῦδε
3455 4841 3686 4904 ἐνδίκως
3726 4838 3803 4894 καὶ

2166 4933 2467 5010 τρέφοντος
2535 4933 2624 4987 καὶ
2696 4928 2952 5004 αὔξοντος
3007 4932 3098 4987 καὶ
3154 4930 3485 5009 φωτίζοντος
3538 4931 3669 4993 τοὺς
3717 4949 3805 4998 νη·

2168 5021 2354 5084 πίους.
2387 5024 2638 5079 Τοσαῦτα
2664 5020 2790 5096 περὶ
2818 5019 3090 5095 γάλακτος
3115 5020 3207 5076 καὶ
3260 5028 3363 5090 τῆς
3390 5019 3593 5076 τούτου
3640 5018 3806 5086 ἀλλη-

2169 5112 2387 5188 γορίας.
