4052 6154
364 212 472 266 799
1092 218 1168 269 IN
1207 217 1650 270 CLEMENTEM
1688 216 1904 269 ALBX.
1946 215 2012 266 D.
2056 213 2147 266 LE
2185 212 2483 267 NOUBRY
2521 209 3000 266 DISSERTATIO
3035 213 3079 263 Ι.
3732 197 3835 250 800

365 342 507 392 Tres
542 337 701 392 enim
736 353 868 392 vero
896 339 1404 402 linxeruntJoves,
1430 339 1694 408 quinque
1719 338 2030 405 Minervas,
2063 341 2110 404 Α
2150 336 2390 409 paganis
2442 332 2860 409 contumeliose
2896 336 3188 409 tractata,
3217 329 3457 409 cuilibet
3514 325 3840 409 _vilissim_o

377 426 500 473 sex,
538 411 652 463 imo
682 414 1022 463 innumeros
1055 412 1372 479 Apollines,
1407 405 1614 478 plures
1640 409 2026 480 .‘lisculapios,
2149 407 2389 480 animali
2425 407 2830 480 postponenda
2857 407 3020 480 sint;
3051 410 3173 480 tum
3208 405 3380 480 etiam
3414 405 3578 480 quia
3634 414 3712 480 ex
3774 412 3842 480 iis

369 467 701 552 multosque
732 481 1048 552 Mercurios
1083 467 1139 534 et
1177 467 1490 536 Vulcanus.
1524 484 1593 534 At
1628 482 1734 535 hos
1770 486 1825 534 et
1879 467 2024 534 alios
2144 479 2400 549 plurima
2425 467 2516 534 vel
2553 467 2584 531 εἰ
2617 477 2974 552 quibusdam
2998 467 3350 552 hominibus
3409 467 3720 552 spoliata,
3755 467 3840 552 vel

373 544 760 623 quoscunque
796 551 939 604 nihil
974 553 1084 605 nisi
1147 552 1411 607 homines
1467 553 1648 608 fuisse
1704 569 1796 623 ex,
1828 567 2029 606 eorum
2142 544 2565 623 inquinataab
2600 544 2828 618 avibus,
2860 549 3205 623 autdirepta
3229 563 3262 599 a
3287 544 3716 623 praedonibus,
3742 546 3842 621 aut

367 615 622 693 origine,
658 615 874 692 patria,
911 628 1052 690 arte,
1088 623 1312 678 vivendi
1345 640 1572 693 genere,
1613 622 1881 691 vinculis,
1911 640 2029 676 ser-
2143 615 2310 676 ter-rae
2346 622 2605 677 motibus
2628 615 2849 679 eversa,
2879 627 2982 673 aut
3005 615 3240 693 tandem
3265 615 3419 693 sicut
3443 615 3841 693 celeberrima

365 689 572 757 vitu'te,
606 689 972 757 vulneribus,
1035 689 1240 766 morte,
1295 689 1586 766 sepulcris
1646 689 2031 749 invictissime
2142 695 2435 766 quaedam,
2468 693 2725 766 qua_ille
2754 693 2970 766 ibidem
3006 691 3277 761 designat
3300 689 3653 766 “,deorum
3687 690 3841 766 tem-

363 767 726 821 demonstrat
761 766 824 818 ιο.
857 767 1002 830 Quid
1044 757 1251 833 plura?
1283 770 1334 821 id
1365 757 1527 821 certe
1577 784 1644 821 ex
1693 767 2032 820 eorumdem
2147 757 2239 836 pla
2273 757 2509 836 ignibus
2537 763 2882 820 etincendio
2902 757 3275 834 consumpta,
3299 760 3570 832 plenitus
3595 757 3837 812 excide-

359 839 607 893 deorum
637 854 705 890 ac
745 837 991 908 dearum
1026 837 1182 892 vitiis
1215 854 1278 890 ac
1311 838 1574 908 ﬂagitiis,
1608 837 1871 906 lascivia,
1902 843 2033 892 stu-
2142 841 2300 891 runt.

357 910 501 980 Ρτίεν
549 907 890 990 θάυδιθζῖίεν
920 913 976 990 ξι
1004 908 1294 990 ἃίίίβέὶυε
1327 907 1560 979 quildem
1624 914 1688 963 ut
1749 910 2031 978 majorem
2215 924 2330 978 Nec
2365 924 2481 978 ictu
2516 939 2656 977 sane
2691 922 2900 977 leviore
2930 922 3051 976 bzec
3083 921 3278 976 eadem
3311 918 3663 973 simulacra
3691 932 3832 990 coin-

361 997 513 1039 eoro
537 996 592 1033 ni
625 984 901 1034 omnibus
933 984 1172 1034 incutiat
1200 984 1520 1049 horrorem,
1555 996 1855 1035 recensere
1918 997 2034 1034 non

361 1067 493 1106 vere
517 1055 632 1117 tur,
664 1052 923 1106 infandis
953 1053 1273 1106 sceleribus
1295 1052 1485 1106 adhuc
1509 1052 1866 1107 luculentius
1885 1068 2038 1106 asse-

367 1125 445 1177 rit
479 1125 525 1158 ¹¹
548 1173 560 1185 ,
595 1123 956 1193 QuaprOpter
986 1124 1240 1177 nefarios
1271 1122 1404 1177 illos
1431 1122 1709 1178 falsorum
1729 1123 2038 1178 scelerato-

366 1210 540 1264 rumq
573 1210 644 1248 ue
676 1196 988 1266 numinum
1021 1196 1297 1266 cultores,
1328 1195 1628 1266 Egyptiis,
1662 1194 1910 1266 aliisque
1939 1195 2038 1265 qui

360 1265 1080 1331 brutasanimantia,feras
1103 1271 1159 1320 et
1186 1265 1376 1336 pisces
1404 1265 1775 1337 venerantur,
1801 1265 2038 1322 convin-

359 1339 440 1394 cit
474 1354 536 1392 es
577 1353 607 1390 e
640 1337 980 1391 deteriores.

451 1408 651 1479 Neque
682 1407 808 1462 vult
839 1407 952 1462 sibi
984 1423 1016 1461 a
1037 1407 1302 1479 paganis
1331 1407 1669 1478 responderi
1703 1425 1817 1462 non
1852 1407 2033 1477 primi

376 1478 637 1550 quidem,
673 1480 772 1533 sed
807 1478 1050 1534 secundi
1072 1480 1297 1533 ordinis
1331 1481 1437 1533 hos
1466 1495 1594 1534 esse
1625 1481 1785 1548 deos,
1818 1479 2042 1550 quibus

379 1551 599 1605 idcirco
632 1550 822 1605 solum
859 1551 1148 1605 dederunt
1179 1551 1514 1622 daemonum
1547 1551 2042 1622 cognomen.Do-

387 1628 476 1676 cet
498 1622 652 1675 enim
676 1622 784 1676 hos
801 1622 863 1684 ι’,
888 1629 946 1675 ut
972 1628 1102 1692 pote
1125 1621 1502 1676 helluonesac
1521 1621 1736 1678 scelere
1753 1621 2042 1693 perditos,

370 1693 483 1748 sibi
519 1693 763 1749 minime
793 1694 1020 1748 debitos
1049 1693 1299 1748 honores
1329 1696 1400 1747 ab
1435 1694 1773 1748 hominibus
1805 1709 2024 1765 praepo-

369 1770 522 1820 stere
547 1781 786 1835 prorsus
807 1765 1430 1828 extorsisseouoeirca
1454 1765 1903 1835 Hesiodum,qui
1931 1767 2025 1819 de-

372 1837 488 1891 cies
514 1844 598 1890 ter
625 1835 801 1890 millia
820 1835 1240 1904 immortalium
1271 1838 1902 1899 dremouuii.,humanaa
1924 1853 2022 1890 cu-

377 1907 576 1962 stodiaz
612 1910 911 1978 proposita
940 1908 1192 1979 absurde
1241 1908 1554 1973 cecinerat,
1591 1908 1832 1979 pulchre
1893 1908 2024 1961 irri-

370 1981 472 2034 det
510 1980 547 2012 ⁸³
582 1979 895 2050 Subjungit
927 1979 1137 2034 deinde
1168 1978 1274 2032 hos
1301 1978 1614 2044 diemones,
1641 1996 1740 2034 seu
1767 1980 1906 2034 deos
1927 1983 2028 2033 aut

369 2051 679 2115 semideos,
715 2056 889 2105 tantae
923 2067 1052 2104 esse
1082 2051 1468 2115 crudelitatis,
1505 2056 1567 2104 ut
1603 2051 1709 2117 illi,
1742 2053 1894 2105 sicut
1921 2051 2025 2105 Ju-

372 2123 543 2192 piter,
581 2122 857 2187 Baccbus,
892 2121 1075 2176 Diana
1103 2124 1367 2186 Taurica,
1400 2128 1457 2176 et
1484 2123 1582 2176 alii
1613 2123 1726 2176 sibi
1760 2122 2028 2176 homines

377 2193 676 2265 immolari
709 2193 1020 2248 voluerint.
1057 2194 1403 2248 Crudelibus
1453 2193 1634 2265 igitur
1680 2194 2030 2265 infestisque

379 2264 495 2319 illis
529 2265 831 2319 hominum
866 2265 1121 2319 inimicis
1159 2265 1370 2332 Cyrum
1421 2264 1498 2318 eti
1531 2265 1801 2320 Solonem
1861 2264 2031 2335 longe

379 2341 654 2407 praestare
685 2338 1067 2391 demonstrat.
1105 2337 1291 2405 Hujus
1324 2336 1619 2392 enimvero
1649 2336 2028 2399 invocatione,

375 2413 434 2462 et
465 2407 625 2462 illius
660 2407 923 2478 imperio,
957 2408 1190 2462 Crassus
1224 2407 1503 2476 Apollinis
1536 2407 1769 2462 oraculo
1820 2407 1880 2461 in
1939 2425 2029 2462 ro-

377 2495 517 2550 gum
539 2480 634 2533 ubi
656 2485 1020 2534 cremaretur
1041 2480 1355 2542 deductus,
1374 2480 1444 2533 ab
1466 2479 1595 2549 igne
1617 2479 1900 2535 liberatus
1921 2483 2028 2534 est.

385 2551 585 2620 Itaque
611 2550 856 2605 miratur
887 2552 1180 2622 quomodo
1214 2550 1273 2604 in
1305 2550 1615 2622 hominum
1651 2555 1906 2606 mentem
1945 2567 2032 2606 ve-

2148 1060 2330 1122 simo’s
2360 1067 2716 1137 quibusdam
2752 1067 2962 1120 statuis
2994 1060 3218 1132 earum,
3252 1080 3399 1137 quas
3439 1060 3836 1132 deperibant,

2151 1135 2531 1210 meretricum,
2553 1138 2912 1210 expressisse
2936 1135 3466 1210 imagines.Ea_dem
3492 1149 3648 1188 vero
3676 1139 3840 1210 petu-

2148 1211 2293 1266 ianti
2327 1215 2384 1266 et
2417 1209 2604 1264 inulta
2627 1203 3521 1281 'improborum'statuariorum
3581 1203 3840 1281 audacia

2151 1284 2367 1356 factum
2401 1298 2530 1356 esse
2561 1275 2748 1356 putat;
2781 1284 2846 1334 ut
2879 1281 3120 1351 quidam
3145 1295 3262 1333 non
3291 1279 3704 1356 modoreges,
3731 1275 3832 1356 sed

2151 1355 2359 1425 privati
2383 1347 3297 1425 etiam—homines,'quosomnes
3328 1347 3694 1425 nominibus
3713 1347 3839 1425 suis

2152 1419 2498 1496 singillatim
2523 1423 2780 1496 appellat
2797 1425 2858 1496 Ψ,
2883 1419 3242 1477 crediderint
3262 1421 3460 1496 datam
3485 1419 3615 1473 sibi
3645 1419 3834 1496 fuisse

2152 1491 2290 1551 deos
2324 1513 2450 1551 sese
2480 1491 2856 1550 renuntiandi
2889 1499 3256 1563 potestatem.
3288 1491 3378 1563 Ad,
3405 1491 3532 1545 hac
3568 1506 3736 1552 vero,
3772 1493 3829 1542 et

2153 1568 2289 1622 hinc
2317 1583 2546 1637 quoque
2580 1567 2791 1621 factum
2824 1562 2954 1621 esse
2984 1566 3084 1632 ait,
3120 1568 3183 1618 ut
3209 1568 3266 1619 et
3297 1562 3471 1637 urbes
3505 1566 3571 1616 et
3621 1564 3831 1633 gentes

2156 1634 2393 1710 integras
2426 1634 2736 1709 quosdam,
2765 1654 2978 1710 ac_eos
3029 1637 3408 1710 quandoque
3437 1634 3639 1710 ipsos,
3674 1648 3823 1710 quos

2060 1716 2102 1780 Β
2135 1704 2511 1766 ἀυῐηνθεεθὶὶῐ
2543 1712 2598 1764 in
2631 1710 2778 1763 vivis
2813 1704 3425 1780 planedespexerant,
3448 1705 3648 1776 impia
3678 1704 3824 1780 adu-

2133 1783 2352 1838 latione
2405 1784 2461 1836 in
2524 1782 2762 1836 deorum
2813 1775 3162 1846 _simulacra,
3197 1777 3340 1833 coelo
3393 1775 3659 1846 veroque
3712 1775 3824 1846 Deo

2142 1855 2442 1918 derelicto,
2478 1853 2719 1906 minime
2754 1853 3055 1907 adoranda
3111 1845 3243 1905 csse
3297 1845 3631 1904 concludit.
3669 1845 3825 1900 Nihil

2135 1927 2293 1982 enirn
2330 1930 2471 1980 sunt
2507 1923 2663 1978 aliud
2697 1923 2811 1977 nisi
2843 1929 2997 1978 terra
3034 1923 3101 1988 ²⁰,
3135 1921 3229 1976 cui
3258 1920 3498 1975 artificis
3532 1935 3652 1990 ope
3686 1918 3823 1990 figu-

2136 2016 2200 2053 ra
2225 1997 2424 2069 aliqua
2458 1997 2684 2062 adjecta
2718 2000 2826 2049 est.
2866 1994 3012 2048 lllud
3040 1999 3248 2070 autem
3295 1993 3429 2046 inde
3483 1992 3825 2070 confirmat,

2138 2071 2290 2142 quod
2324 2063 2400 2122 ese
2437 2072 2644 2122 statuae
2666 2072 2832 2142 tanta
2851 2073 2974 2120 arte
2995 2067 3222 2142 effictas,
3246 2071 3445 2142 turpes
3462 2063 3616 2116 adeo
3640 2063 3762 2115 sint
3780 2063 3826 2113 4

2138 2135 2195 2196 et
2226 2141 2481 2208 obcenze,
2523 2145 2584 2214 ut
2615 2139 2858 2214 quidam
2885 2139 3222 2214 meretricio
3255 2135 3825 2214 nefariequeearum

2141 2229 2338 2267 amore
2372 2203 2649 2265 ars'erint'.
2684 2211 2793 2264 Sed
2830 2209 3095 2278 majoris,
3135 2207 3355 2278 inquit,
3388 2203 3662 2278 quam_hi
3689 2203 3823 2258 arti-

2139 2285 2300 2350 ﬁces,
2335 2281 2604 2362 criminis
2641 2281 2679 2334 ii
2711 2297 2852 2362 sane
2885 2275 3308 2362 reisuntmq—ui
3331 2275 3451 2362 “eas
3510 2275 3718 2362 colunt
3745 2278 3825 2362 ‘et

2141 2347 2407 2410 adorant.
2441 2354 2560 2407 lmo
2595 2368 2726 2427 vero
2755 2353 2867 2427 bos
2901 2351 3017 2427 illis
3049 2347 3267 2427 bestiis
3291 2349 3553 2404 afﬁrmat
3572 2363 3705 2402 esse
3728 2347 3819 2427 de-

2140 2427 2411 2486 teriores,
2448 2441 2597 2494 quas
2629 2425 2894 2495 quidem,
2930 2423 2978 2478 si
3012 2423 3220 2477 simias
3253 2427 3452 2495 tamen
3501 2423 3816 2495 exceperis,

2139 2498 2392 2552 maxima
2415 2491 2756 2550 earumdem
2779 2501 3109 2550 statuarum
3137 2511 3272 2549 cum
3296 2494 3608 2562 archetypo
3632 2491 3806 2546 sizni-

2147 997 2311 1061 cutit,
2347 1011 2479 1050 cum
2513 994 2900 1049 invictissime
2931 994 3009 1048 ibi
3047 994 3254 1065 probat
3283 992 3544 1065 artiﬁces
3586 988 3837 1065 peritis-
3923 1041 3926 1043 _

382 2623 531 2676 nerit
565 2627 628 2676 ut
660 2621 957 2677 daemones
990 2621 1121 2677 illos
1152 2622 1277 2692 lege
1305 2621 1424 2678 lata
1453 2622 1561 2677 coli
1621 2623 1812 2677 adhuc
1860 2623 2032 2693 jube-

385 2697 533 2748 rent.

456 2763 568 2819 Nec
600 2762 798 2816 minus
831 2762 1045 2816 mirum
1076 2761 1186 2833 ipsi
1221 2762 1452 2817 videtur
1481 2780 1586 2816 cur
1641 2763 1863 2832 templa
1920 2763 2036 2818 diis

385 2835 545 2904 poni,
566 2839 624 2887 et
643 2834 928 2888 sacrificia
960 2833 1106 2897 ﬁeri,
1132 2835 1388 2904 primum
1414 2852 1446 2889 a
1471 2836 1764 2890 Phoroneo
1789 2851 1889 2888 seu
1914 2835 2035 2889 Me-

387 2922 544 2973 rOpe,
577 2910 676 2959 aut
694 2923 724 2958 a
743 2904 1131 2975 quolibetalio
1152 2911 1506 2976 praeceptum
1532 2906 1712 2960 fuisse
1736 2922 2035 2976 perperam

378 2976 739 3048 jactitarent.
775 2977 968 3030 Tantae
1001 2977 1288 3047 siquidem
1323 2979 1439 3032 haec
1473 2995 1583 3032 non
1619 2993 1747 3033 esse
1780 2978 2038 3048 antiqui-

384 3049 525 3128 tatis
553 3049 1032 3128 eo_probat',quod.
1051 3064 1307 3128 amorem
1336 3049 1932 3128 seu__cupidinem,qui
1966 3049 2036 3128 ab

389 3119 508 3175 illis
541 3119 986 3189 antiquissimos
1018 3120 1170 3174 inter
1201 3120 1340 3174 deos
1366 3120 1696 3185 collocatur,
1722 3119 1892 3175 nemo
1917 3125 2051 3175 ante

386 3191 708 3246 Charinum
741 3190 1004 3246 coluerit.
1041 3190 1238 3262 Neque
1257 3192 1640 3248 Athenienses
1661 3192 1794 3261 quis
1816 3193 1932 3246 Pan
1953 3208 2046 3247 es-

389 3269 475 3318 set
508 3262 677 3336 prius
703 3267 1009 3336 noverant,
1042 3279 1219 3333 quam
1252 3263 1305 3317 id
1339 3280 1372 3317 a
1413 3263 1742 3336 Pbilippide
1767 3263 2043 3336 _didicis-

389 3338 540 3406 sent.
575 3333 680 3397 Qui
715 3334 954 3404 quidem
989 3350 1118 3388 mos
1152 3350 1462 3406 perversus
1485 3333 1627 3390 cum
1648 3334 1935 3406 paulatim
1959 3336 2049 3404 in-

383 3405 915 3492 valu_isset,“,tuqe
940 3405 1233 3492 exstructa
1255 3411 1394 3460 sunt
1414 3405 1861 3492 templacu‘ncta
1884 3407 2048 3461 dein-

385 3478 456 3531 de
488 3475 826 3531 simulacra.
863 3476 994 3532 Haec
1026 3481 1221 3532 autem
1255 3477 1471 3548 templa
1499 3475 1643 3533 nihil
1676 3478 1835 3533 aliud
1869 3495 2046 3549 quam

389 3549 633 3622 deorum
667 3552 937 3622 sepulcra
970 3549 1714 3622 fuisse,postquamrbrevi
1773 3554 2048 3622 certaque

388 3619 730 3692 inductione
757 3619 1024 3692 ipsosole
1049 3619 1378 3676 meridiano
1403 3621 1619 3676 clarius
1643 3620 1933 3692 patefecit,
1950 3619 2046 3675 in-

392 3691 464 3764 de
496 3689 701 3744 merito
731 3691 977 3761 gentiles
1010 3692 1275 3762 castigat,
1307 3693 1459 3761 quod
1480 3709 1578 3748 eos
1604 3689 1884 3764 tanquam
1908 3693 2048 3748 deos

393 3762 636 3887 adamat-te
665 3778 778 3816 non
813 3765 1244 3831 erubescerent,
1271 3780 1418 3834 quos
1452 3762 1876 3820 mortuos'esse
1925 3781 2046 3819 cre-

434 3850 464 3887 e
508 3849 578 3886 an
622 3875 634 3887 .

434 3837 634 3888 ebant.

463 3904 668 3958 Postea
697 3919 832 3958 vero
865 3905 1149 3973 majorem
1181 3907 1238 3958 in
1277 3904 1534 3959 absurdo
1593 3904 2046 3960 simulacrorum

389 3974 548 4029 cultu
573 3976 757 4029 fuisse
772 3979 1111 4031 earumdem
1135 3992 1498 4046 paganorum
1518 3992 1772 4031 errorem
1793 3978 1936 4032 scite
1953 3994 2047 4031 ar-

389 4047 534 4120 guit.
572 4046 744 4120 Plane
775 4047 1070 4120 siquidem
1097 4052 1155 4102 et
1187 4047 1493 4120 perspicue
1524 4048 1780 4103 ostendit
1801 4047 1902 4104 illa
1924 4049 2047 4120 pri-

390 4117 571 4173 mitus
600 4118 756 4184 ligna
779 4117 979 4186 fuisse,
1005 4117 1261 4189 saxaque
1283 4117 1662 4187 inelaborata,
1687 4117 2045 4176 truncos—ex-

390 4189 547 4244 cisos
580 4189 996 4260 simplicesque
1025 4191 1356 4256 columnas,
1382 4190 1464 4244 vel
1499 4190 1751 4259 tabulas,
1786 4191 1874 4246 vel
1931 4191 2046 4245 ha-

392 4265 534 4342 stas,
571 4260 870 4344 gladiosve
897 4267 1003 4344 aut
1029 4262 1321 4344 acinaces.
1352 4263 1424 4316 At
1445 4267 1756 4344 postquam
1777 4262 2046 4344 homines

395 4333 458 4386 in
483 4331 841 4405 imaginibus
859 4336 916 4405 et
930 4333 1141 4388 statuis
1156 4331 1477 4388 humanam
1495 4331 1839 4389 didicissent
1855 4336 2048 4405 expri-

398 4417 558 4457 mere
591 4402 837 4474 efﬁgiem
873 4404 935 4470 ¹³,
969 4410 1110 4459 tunc
1140 4405 1388 4476 impium
1421 4421 1622 4460 eorum
1668 4402 2050 4474 cultumfper

393 4490 628 4548 omnem
645 4461 810 4548 orbis
827 4461 992 4531 terrae
1018 4481 1209 4548 partes
1231 4461 1610 4547 pervagatum
1636 4477 1806 4540 longa
1830 4461 2048 4532 statua-
2085 4461 2126 4524 D

394 4546 720 4620 rum_._lovis
735 4546 1032 4620 inympii,‘
1055 4546 1308 4620 Junonis
1330 4548 1543 4620 Samiae
1601 4554 1683 4620 et;
1709 4549 2050 4620 Tirynthie,

391 4616 698 4690 Apollinis,
725 4616 1009 4690 Neptuni,
1048 4619 1301 4689 Dionysi,
1327 4619 1615 4685 Minervae,
1636 4616 2002 4690 aliarumque
2021 4637 2054 4675 a

389 4688 768 4758 peritissimis
798 4691 1121 4746 artificibus
1143 4688 1466 4745 efﬁctarum
1492 4691 1829 4746 recensione
1850 4688 2052 4747 certis-

393 4759 543 4833 sime
573 4761 830 4815 conficit.
866 4762 1038 4817 Facta
1067 4767 1259 4817 autem
1283 4763 1364 4816 ibi
1388 4763 1685 4833 Serapidis
1707 4780 1838 4818 cum
1864 4764 2052 4818 simu-

393 4829 690 4896 lacri,tum
720 4833 1031 4902 sepulturas
1064 4834 1456 4897 mentioned“,
1481 4829 1690 4888 rursus
1723 4836 1782 4888 in
1807 4836 2050 4890 deorum

394 4903 640 4969 templa,
675 4920 742 4958 ac
774 4903 932 4959 illius
966 4907 1284 4976 praesertim
1318 4905 1469 4975 quod
1504 4904 1656 4975 turpi
1681 4907 1922 4962 Antinoo
1944 4907 2054 4961 im-

395 4981 950 5047 peratorposuerat,
979 4977 1170 5031 acrius
1203 4977 1495 5032 invehitur
1523 4994 1538 5042 ;
1571 4992 1755 5047 eaque
1817 4979 1969 5033 sicut
1998 4985 2054 5033 et

395 5046 752 5116 pyramides,
789 5048 1111 5114 mausolea,
1145 5053 1201 5102 et
1241 5047 1606 5116 labyrinthos
1662 5050 1869 5113 probat
1925 5066 2052 5106 esse

394 5117 636 5190 deorum
671 5120 959 5190 sepulcra,
993 5137 1059 5175 ac
1091 5119 1538 5189 praenuntiatam
1567 5136 1599 5173 a
1630 5119 1848 5188 Sibylla
1873 5121 2051 5176 fuisse

391 5188 755 5271 templorum
783 5191 977 5248 Dianae
1006 5188 1305 5263 Ephesinaa
1334 5207 1400 5246 ac
1458 5191 1759 5261 Serapidis
1818 5193 2052 5248 destru-

394 5267 674 5318 ctionem.

469 5334 554 5387 Ad
589 5332 906 5389 simulacra
938 5335 1075 5390 inde
1105 5349 1368 5390 reversus
1399 5333 1460 5399 ¹’¹,
1495 5337 1716 5403 quanta
1747 5332 1824 5388 sit
1863 5333 1922 5388 in
1983 5334 2055 5390 iis

397 5405 717 5476 aderandis
749 5405 1048 5476 impietas,
1072 5406 1209 5461 hinc
1231 5410 1431 5459 auctor
1453 5409 1655 5459 noster
1679 5404 1902 5476 liquido
1925 5422 2059 5460 con-

398 5475 598 5541 vincit,
630 5482 757 5532 tum
788 5475 927 5549 quia
954 5479 1054 5536 illa
1085 5495 1200 5534 non
1233 5476 1426 5533 solum
1458 5476 1529 5531 ab
1577 5475 1849 5548 ipsismet
1903 5494 2057 5550 saepe

664 5705 755 5747 ag.
797 5691 868 5746 33
897 5696 954 5747 et

477 5618 681 5722 1°p1ag.
717 5620 783 5672 18
813 5624 871 5675 et
900 5637 1060 5748 seqﬁ.

621 5704 755 5748 pag.
797 5691 868 5746 33
897 5696 954 5747 et
1057 5733 1060 5744 .

407 5704 475 5742 az
553 5704 694 5759 “pa
743 5729 755 5743 .
797 5704 868 5746 ss
897 5704 954 5747 et
983 5704 1070 5748 34.

407 5755 431 5791 ³
487 5772 624 5831 pag.
662 5705 753 5820 4g.
829 5761 877 5797 ³⁸
907 5777 1040 5831 pag.

1149 5691 1192 5728 “
1222 5689 1356 5763 pag.
1381 5689 1448 5743 35
1467 5727 1480 5741 .

1562 5688 1606 5724 η
1634 5688 1770 5763 pag.
1802 5690 1871 5745 se
1889 5695 1946 5747 et
1970 5688 2054 5747 37;

829 5761 877 5797 ³⁸
906 5777 1040 5835 pag.
1073 5760 1163 5817 44.

1143 5623 1192 5728 ἒξ
1221 5636 1354 5728 ἓξὲξ
1557 5619 1606 5724 ἒξ
1632 5635 1768 5728 ἓξὲξ
1800 5620 1942 5728 ἓξ..
1970 5620 2183 5728 Samia

2144 2571 2332 2625 litudo
2367 2583 2796 2634 nonnunquam
2833 2568 3094 2638 decepit.

2224 2671 2346 2720 Non
2382 2666 2668 2719 minorem
2703 2680 2874 2735 porro
2909 2663 3119 2718 asserit
3149 2677 3276 2735 esse
3327 2659 3688 2735 impietatem
3745 2654 3816 2710 il-

2142 2737 2283 2802 lam,
2320 2754 2438 2808 qua
2465 2742 2554 2791 tot
2576 2730 2822 2806 tamque
2844 2734 3160 2808 perniciosi
3187 2730 3522 2808 statuarum
3546 2730 3808 2808 artiﬁces,

2144 2799 2530 2881 atqueetiam
2553 2799 2818 2881 pictores
2844 2799 2910 2881 et
2936 2814 3116 2877 poetae
3146 2806 3186 2840 ²¹
3228 2805 3466 2860 omnino
3513 2799 3806 2881 ridiculam

2147 2871 2246 2960 ind
2262 2883 2514 2960 ueebant
2536 2871 2778 2960 deorum
2800 2871 3068 2960 turbam,
3084 2882 3224 2946 puta
3247 2882 3469 2960 satyros
3493 2871 3796 2960 nymphas;

2151 2953 2394 3007 naiades
2421 2956 2478 3005 et
2509 2951 2772 3005 nereides
2799 2969 2812 3016 ;
2848 2967 2965 3021 qua
2995 2942 3172 3004 etiam
3210 2942 3366 3018 magi
3385 2949 3656 3022 daemones
3679 2942 3791 3022 sibi

2155 3041 2352 3079 servos
2387 3022 2595 3077 fecisse
2625 3020 3068 3093 gloriabantur;
3102 3037 3231 3093 qua_
3255 3024 3477 3093 demum
3498 3020 3668 3086 poetae
3688 3020 3800 3092 im-

2083 3089 2124 3154 C
2165 3113 2319 3166 pune
2349 3082 2863 3166 deorumsuorum
2891 3082 3804 3166 nupti-as,adulteria,puerperia,

2162 3155 2425 3240 convivia
2459 3165 2766 3240 canebant.
2792 3169 2875 3240 At
2903 3155 3252 3240 Christianis
3283 3162 3409 3240 qui,
3443 3155 3660 3240 utijpse
3675 3155 3811 3240 sub-

2148 3237 2351 3309 jungit
2381 3238 2448 3301 ²¹,
2481 3236 2593 3291 Deo
2625 3235 2814 3309 dicati
2838 3241 3000 3302 sunt,
3037 3237 3122 3290 fas
3141 3250 3270 3309 non
3298 3227 3391 3287 est
3451 3227 3586 3309 ullis
3635 3227 3805 3300 plane

2156 3303 2378 3383 stupris
2411 3313 2516 3383 aut
2549 3307 3040 3383 fornicationibus
3070 3305 3155 3361 vel
3189 3306 3351 3383 ipsas
3375 3303 3619 3383 quidem
3641 3314 3808 3381 aures

2157 3376 2296 3436 sua's
2323 3381 2655 3454 inquinare.
2690 3380 2901 3454 Contra
2933 3394 3065 3434 vero
3098 3376 3310 3454 pagani
3335 3376 3809 3454 obscenissimas,

2155 3470 2304 3524 quas
2327 3451 2424 3506 ille
2456 3451 2674 3524 ibidem
2706 3451 2993 3524 acerrime
3023 3450 3296 3524 exagitat,
3329 3448 3578 3524 deorum
3609 3448 3810 3512 imagi-

2156 3518 2280 3592 nes,
2303 3529 2360 3579 et
2380 3522 2632 3578 annulos
2655 3521 3031 3593 turpissimos
3053 3518 3630 3587 domi,omniumque
3654 3528 3811 3593 aspe-

2155 3587 2276 3652 ctui
2306 3610 2610 3664 nunquam
2647 3587 2769 3648 non
2794 3594 3106 3664 expositos,
3144 3607 3375 3664 servare
3398 3606 3515 3644 non
3534 3587 3807 3664 vereban-

2159 3673 2273 3723 tur.
2308 3658 2674 3736 Quapropter
2703 3681 2771 3720 ea
2802 3658 3001 3720 omnia
3027 3658 3359 3736 respuenda
3389 3677 3520 3716 esse
3549 3662 3736 3727 docet,
3754 3658 3806 3710 et

2155 3739 2265 3796 soli
2296 3739 2398 3810 qui
2431 3734 2644 3792 cuncta
2674 3737 2910 3808 creavit,
2939 3741 3053 3791 Deo
3085 3734 3478 3790 serviendum.

2225 3835 2306 3888 Ad
2338 3833 2689 3889 refellendas
2721 3834 2934 3889 dehinc
2965 3830 3467 3904 philosophorum
3505 3823 3810 3904 falsasmde

2156 3905 2271 3960 Deo
2304 3906 2610 3976 Opiniones
2641 3921 2752 3977 non
2789 3896 3029 3977 prorsus
3063 3896 3260 3977 inepta
3286 3901 3636 3977 transitione
3689 3896 3808 3977 Cle-

2156 3994 2324 4032 mens
2345 3969 2554 4032 'noster
2583 3969 2882 4033 delabitur
2903 3978 2971 4028 ³³.
2997 3978 3076 4030 Ac
3094 3969 3282 4046 primo
3300 3973 3539 4042 quidem
3562 3971 3670 4046 hos
3693 3969 3810 4046 ob_i-

2154 4053 2244 4104 ter
2263 4047 2729 4120 perstringit,qui
2752 4064 2818 4103 ea
2833 4065 2958 4118 quae
2976 4039 3202 4120 inﬁcislo
3217 4039 3356 4120 sunt
3370 4039 3813 4120 suptadqranda

2156 4114 2493 4176 censebant.
2522 4114 2673 4174 Tum
2698 4114 2978 4174 conti—nuo
3005 4119 3151 4174 alios
3183 4115 3505 4187 redarguit,
3541 4114 3643 4187 qui
3676 4126 3812 4184 qua-

2155 4197 2290 4246 tuor
2319 4191 2630 4258 elemeuta,
2664 4196 2764 4246 aut
2803 4208 2986 4246 unum
3021 4207 3088 4245 ex
3109 4190 3182 4244 iis
3203 4195 3304 4243 aut
3325 4185 3653 4258 praeterilla
3675 4199 3812 4238 con-

2155 4265 2476 4342 tentionem
2497 4270 2564 4342 _et
2591 4263 2910 4342 amicitiam
2962 4263 3152 4342 prima
3210 4259 3516 4342 principia.
3565 4261 3625 4312 et
3664 4259 3812 4342 .dseos

2157 4351 2287 4415 esse
2315 4334 2863 4415 opinabantur.1_‘Io_n
2900 4327 3347 4415 minus-quippe
3378 4327 3594 4385 stultos
3624 4332 3681 4415 et
3715 4327 3814 4415 im-

2158 4407 2285 4478 pios
2315 4399 2460 4478 illos
2481 4423 2609 4461 esse
2645 4407 2848 4478 probat
2868 4421 3044 4476 quam
3072 4399 3326 4476 plebeios
3349 4416 3612 4478 quosque
3631 4399 3813 4478 homi-

2161 4469 2284 4543 nes,
2317 4477 2418 4549 qui
2451 4469 2902 4549 lignaflapides'
2921 4482 2978 4532 et
3007 4469 3246 4549 terram,
3279 4469 3380 4549 qui
3405 4469 3743 4544 Neptunum
3763 4469 3814 4549 et

2161 4536 2531 4612 Vulcanum:
2572 4536 2674 4620 qui
2732 4536 2988 4618 denique
3045 4536 3399 4616 simpliciter
3454 4536 3670 4620 aquam
3697 4536 3815 4620 ‘vel

2163 4621 2363 4692 ignem
2397 4612 2734 4674 adorarunt.
2769 4612 3048 4692 Praeterea
3061 4612 3194 4692 vero
3225 4633 3354 4672 cum
3375 4612 3559 4692 Persae
3581 4612 3672 4692 vel
3692 4616 3820 4692 Sar-

2164 4688 2333 4768 [patre
2357 4698 2681 4768 _ant_equam
2714 4692 2904 4768 prima
2933 4692 3004 4768 ad
3038 4689 3342 4768 hominum
3379 4688 3568 4768 instar
3615 4689 3821 4768 statua

2162 4755 2910 4839 Yeneris_'I‘_ah_aid_is'_facta_
2960 4764 3058 4831 sit,
3088 4762 3284 4839 ignem
3343 4758 3654 4839 coluerint,
3685 4755 3818 4839 inde

2164 4835 2262 4890 ille
2294 4834 2519 4905 colligit
2546 4835 2590 4869 ”
2622 4835 3005 4906 philosOphos
3037 4832 3206 4888 exiis
3257 4848 3423 4906 suam
3485 4832 3577 4906 de_
3612 4832 3815 4906 primis

2166 4900 2474 4978 principiis
2511 4900 2936 4979 desumpsis'se
2987 4906 3347 4977 opinionem,
3399 4900 3817 4979 Anaximandri

2165 4970 2394 5039 deinde,
2422 4978 2520 5047 qui
2545 4970 2866 5044 inﬁnitum,
2893 4970 3069 5047 atque
3090 4980 3442 5046 Anaxagorae
3463 4979 3523 5047 et
3541 4970 3822 5047 Archelai,

2175 5051 2277 5120 qui
2311 5045 2451 5104 cum»
2477 5049 2708 5105 infinito
2739 5045 2992 5104 mentem
3027 5045 3676 5120 primumprincipium
3699 5055 3823 5096 esse

2165 5114 2882 5186 ekistimabantmonvellit
2898 5114 3449 5188 sententias.Neque
3467 5114 3678 5188 minori
3695 5127 3828 5169 sane

2166 5193 2461 5248 evidentia
2481 5197 2772 5248 assertum
2789 5211 2821 5248 a
2844 5193 3134 5263 Leucippo
3161 5199 3220 5246 et
3243 5187 3569 5263 Metrodoro
3593 5187 3722 5258 plen
3724 5199 3825 5263 pm

2165 5270 2224 5320 et
2254 5264 2663 5336 inane,__at_que
2697 5267 2926 5336 adjecta
2957 5257 3188 5334 utri-que
3220 5280 3253 5316 a
3280 5257 3608 5336 Democrito
3638 5263 3696 5314 et
3715 5257 3826 5336 _He-

2161 5336 2379 5391 raclide
2411 5329 2619 5390 ei’Squa
2649 5354 2748 5392 seu
2770 5329 3009 5404 species
3039 5329 3407 5405 et'imagines
3437 5333 3562 5404 ipse
3593 5329 3825 5405 penitus

2164 5408 2705 5484 repudiat._Eade_m
2743 5402 3024 5484 facilitate
3055 5402 3281 5462 errores
3314 5402 3544 5484 evertit
3589 5402 3634 5438 ³⁵
3692 5413 3826 5484 cum

2164 5480 2542 5550 Alcmeonis,
2563 5481 2664 5552 qui
2685 5486 2843 5536 astra
2860 5481 3000 5536 deos
3023 5495 3152 5535 esse
3174 5477 3488 5550 garriebat,
3513 5480 3641 5530 tum
3664 5477 3833 5528 etiam

2228 5622 2297 5675 27
2327 5626 2386 5676 et
2413 5622 2510 5680 28.
2591 5626 2637 5661 ¹⁴
2664 5639 2797 5695 pag.
2843 5623 2933 5679 29.
3013 5622 3058 5660 ¹⁸
3090 5636 3222 5693 pag.
3255 5621 3326 5676 30
3356 5624 3413 5676 et
3440 5621 3531 5676 31.
3609 5617 3651 5653 ¹⁶
3701 5628 3830 5739 pag.

2228 5708 2338 5739 ma-
2375 5692 2464 5739 38-
2545 5697 2585 5732 21
2614 5711 2744 5739 nnc.
2774 5693 2862 5739 39-
2942 5693 2989 5729 93
3021 5709 3154 5739 nam-
3181 5692 3250 5739 ΔΟ
3273 5697 3331 5739 et
3359 5691 3446 5739 41.
3526 5688 3573 5725 ³³
3595 5703 3726 5739 nm.
3747 5686 3780 5739 4
3819 5719 3830 5735 ι

2206 5708 2339 5766 Ρειεο
2545 5697 2585 5732 ²¹
2612 5686 2863 5772 Ρᾶςῗ39.
2942 5693 2989 5729 ³⁵
3019 5686 3250 5768 ραέξάο
3273 5697 3331 5748 et
3359 5691 3446 5748 41.
3526 5688 3573 5725 ³³
3593 5703 3726 5761 pag.
3747 5686 3830 5740 42.
