  <div class='ocr_page' id='page_1' title='image "/cluster/home/n/w/nwhite01/storage/ocr_20150623/9/mdp.39015008686282/408.png"; bbox 0 0 4052 6154; ppageno 0'>
   <div class='ocr_carea' id='block_1_1' title="bbox 257 227 373 282">
    <p class='ocr_par' dir='ltr' id='par_1_1' title="bbox 257 227 373 282">
     <span class='ocr_line' id='line_1_1' title="bbox 257 227 373 282; baseline 0.009 -1"><span class='ocrx_word' id='word_1_1' title='bbox 257 227 373 282; x_wconf 81' lang='grc'><strong>801</strong></span> 
     </span>
    </p>
   </div>
   <div class='ocr_carea' id='block_1_2' title="bbox 1397 215 2566 288">
    <p class='ocr_par' dir='ltr' id='par_1_2' title="bbox 1397 215 2566 288">
     <span class='ocr_line' id='line_1_2' title="bbox 1397 215 2566 288; baseline 0.003 -6"><span class='ocrx_word' id='word_1_2' title='bbox 1397 230 1495 283; x_wconf 79' lang='lat' dir='ltr'><strong>nn</strong></span> <span class='ocrx_word' id='word_1_3' title='bbox 1529 215 2088 286; x_wconf 74' lang='lat' dir='ltr'><strong>oonoann&#39;oun</strong></span> <span class='ocrx_word' id='word_1_4' title='bbox 2127 233 2224 286; x_wconf 63' lang='lat' dir='ltr'><strong>an</strong></span> <span class='ocrx_word' id='word_1_5' title='bbox 2262 233 2566 288; x_wconf 71' lang='lat' dir='ltr'><strong>usuras.</strong></span> 
     </span>
    </p>
   </div>
   <div class='ocr_carea' id='block_1_3' title="bbox 3589 241 3698 296">
    <p class='ocr_par' dir='ltr' id='par_1_3' title="bbox 3589 241 3698 296">
     <span class='ocr_line' id='line_1_3' title="bbox 3589 241 3698 296; baseline 0 0"><span class='ocrx_word' id='word_1_6' title='bbox 3589 241 3698 296; x_wconf 88' lang='lat'><strong>802</strong></span> 
     </span>
    </p>
   </div>
   <div class='ocr_carea' id='block_1_4' title="bbox 253 350 3694 429">
    <p class='ocr_par' dir='ltr' id='par_1_4' title="bbox 253 350 3694 429">
     <span class='ocr_line' id='line_1_4' title="bbox 253 350 3694 429; baseline 0.004 -21"><span class='ocrx_word' id='word_1_7' title='bbox 253 350 1041 429; x_wconf 48' lang='lat' dir='ltr'><strong>Xenocratisseptemunon</strong></span> <span class='ocrx_word' id='word_1_8' title='bbox 1090 350 1281 429; x_wconf 82' lang='lat' dir='ltr'><strong>solum</strong></span> <span class='ocrx_word' id='word_1_9' title='bbox 1313 352 1601 429; x_wconf 80' lang='lat' dir='ltr'><strong>planetas,</strong></span> <span class='ocrx_word' id='word_1_10' title='bbox 1633 354 1734 408; x_wconf 91' lang='lat' dir='ltr'><strong>sed</strong></span> <span class='ocrx_word' id='word_1_11' title='bbox 1767 360 1928 410; x_wconf 86' lang='lat' dir='ltr'><strong>octa-</strong></span> <span class='ocrx_word' id='word_1_12' title='bbox 1957 357 2012 423; x_wconf 76' lang='grc' dir='ltr'>Α</span> <span class='ocrx_word' id='word_1_13' title='bbox 2042 371 2301 428; x_wconf 83' lang='lat' dir='ltr'><strong>paganos</strong></span> <span class='ocrx_word' id='word_1_14' title='bbox 2336 357 2542 413; x_wconf 89' lang='lat' dir='ltr'><strong>merito</strong></span> <span class='ocrx_word' id='word_1_15' title='bbox 2573 357 2790 429; x_wconf 80' lang='lat' dir='ltr'><strong>arguit,</strong></span> <span class='ocrx_word' id='word_1_16' title='bbox 2823 360 2976 429; x_wconf 88' lang='lat' dir='ltr'><strong>quod</strong></span> <span class='ocrx_word' id='word_1_17' title='bbox 3013 361 3490 419; x_wconf 86' lang='lat' dir='ltr'><strong>amantissimum</strong></span> <span class='ocrx_word' id='word_1_18' title='bbox 3525 365 3694 423; x_wconf 90' lang='lat' dir='ltr'><strong>illum</strong></span> 
     </span>
    </p>
   </div>
   <div class='ocr_carea' id='block_1_5' title="bbox 251 421 1930 495">
    <p class='ocr_par' dir='ltr' id='par_1_5' title="bbox 251 421 1930 495">
     <span class='ocr_line' id='line_1_5' title="bbox 251 421 1930 495; baseline -0.001 -15"><span class='ocrx_word' id='word_1_19' title='bbox 251 441 407 480; x_wconf 85' lang='lat' dir='ltr'><strong>vum</strong></span> <span class='ocrx_word' id='word_1_20' title='bbox 438 421 778 495; x_wconf 82' lang='lat' dir='ltr'><strong>quemdam,</strong></span> <span class='ocrx_word' id='word_1_21' title='bbox 811 421 1034 495; x_wconf 88' lang='lat' dir='ltr'><strong>scilicet</strong></span> <span class='ocrx_word' id='word_1_22' title='bbox 1065 421 1378 488; x_wconf 82' lang='lat' dir='ltr'><strong>mundum,</strong></span> <span class='ocrx_word' id='word_1_23' title='bbox 1402 426 1572 495; x_wconf 86' lang='lat' dir='ltr'><strong>cujus</strong></span> <span class='ocrx_word' id='word_1_24' title='bbox 1603 430 1797 481; x_wconf 89' lang='lat' dir='ltr'><strong>tamen</strong></span> <span class='ocrx_word' id='word_1_25' title='bbox 1825 443 1930 480; x_wconf 91' lang='lat' dir='ltr'><strong>no-</strong></span> 
     </span>
    </p>
   </div>
   <div class='ocr_carea' id='block_1_6' title="bbox 255 494 1928 558">
    <p class='ocr_par' dir='ltr' id='par_1_6' title="bbox 255 494 1928 558">
     <span class='ocr_line' id='line_1_6' title="bbox 255 494 1928 558; baseline -0.001 -6"><span class='ocrx_word' id='word_1_26' title='bbox 255 513 405 552; x_wconf 85' lang='lat' dir='ltr'><strong>men</strong></span> <span class='ocrx_word' id='word_1_27' title='bbox 463 494 776 558; x_wconf 72' lang='lat' dir='ltr'><strong>reticebat,</strong></span> <span class='ocrx_word' id='word_1_28' title='bbox 857 494 914 548; x_wconf 91' lang='lat' dir='ltr'><strong>in</strong></span> <span class='ocrx_word' id='word_1_29' title='bbox 975 495 1219 550; x_wconf 89' lang='lat' dir='ltr'><strong>deorum</strong></span> <span class='ocrx_word' id='word_1_30' title='bbox 1278 494 1542 552; x_wconf 81' lang='lat' dir='ltr'><strong>ordinem</strong></span> <span class='ocrx_word' id='word_1_31' title='bbox 1599 497 1928 552; x_wconf 81' lang='lat' dir='ltr'><strong>referentis.</strong></span> 
     </span>
    </p>
   </div>
   <div class='ocr_carea' id='block_1_7' title="bbox 256 565 1928 635">
    <p class='ocr_par' dir='ltr' id='par_1_7' title="bbox 256 565 1928 635">
     <span class='ocr_line' id='line_1_7' title="bbox 256 565 1928 635; baseline -0.001 -11"><span class='ocrx_word' id='word_1_32' title='bbox 256 567 534 624; x_wconf 74' lang='lat' dir='ltr'><strong>Poethaac</strong></span> <span class='ocrx_word' id='word_1_33' title='bbox 561 582 700 621; x_wconf 90' lang='lat' dir='ltr'><strong>vero</strong></span> <span class='ocrx_word' id='word_1_34' title='bbox 728 565 973 630; x_wconf 91' lang='lat' dir='ltr'><strong>Stoicos,</strong></span> <span class='ocrx_word' id='word_1_35' title='bbox 1009 566 1192 622; x_wconf 90' lang='lat' dir='ltr'><strong>Deum</strong></span> <span class='ocrx_word' id='word_1_36' title='bbox 1224 569 1423 622; x_wconf 82' lang='lat' dir='ltr'><strong>omnia</strong></span> <span class='ocrx_word' id='word_1_37' title='bbox 1454 569 1714 635; x_wconf 87' lang='lat' dir='ltr'><strong>omnino,</strong></span> <span class='ocrx_word' id='word_1_38' title='bbox 1750 569 1928 624; x_wconf 88' lang='lat' dir='ltr'><strong>etiam</strong></span> 
     </span>
    </p>
   </div>
   <div class='ocr_carea' id='block_1_8' title="bbox 255 640 1930 708">
    <p class='ocr_par' dir='ltr' id='par_1_8' title="bbox 255 640 1930 708">
     <span class='ocr_line' id='line_1_8' title="bbox 255 640 1930 708; baseline 0 -14"><span class='ocrx_word' id='word_1_39' title='bbox 255 640 562 694; x_wconf 85' lang='lat' dir='ltr'><strong>vilissima</strong></span> <span class='ocrx_word' id='word_1_40' title='bbox 599 653 847 708; x_wconf 68' lang='lat' dir='ltr'><strong>quiaque</strong></span> <span class='ocrx_word' id='word_1_41' title='bbox 905 640 1215 708; x_wconf 82' lang='lat' dir='ltr'><strong>pervadere</strong></span> <span class='ocrx_word' id='word_1_42' title='bbox 1263 641 1615 695; x_wconf 80' lang='lat' dir='ltr'><strong>arbitrantes</strong></span> <span class='ocrx_word' id='word_1_43' title='bbox 1662 641 1930 695; x_wconf 82' lang='lat' dir='ltr'><strong>exsibilat</strong></span> 
     </span>
    </p>
   </div>
   <div class='ocr_carea' id='block_1_9' title="bbox 258 709 1929 781">
    <p class='ocr_par' dir='ltr' id='par_1_9' title="bbox 258 709 1929 781">
     <span class='ocr_line' id='line_1_9' title="bbox 258 709 1929 781; baseline 0.001 -15"><span class='ocrx_word' id='word_1_44' title='bbox 258 720 329 766; x_wconf 85' lang='lat' dir='ltr'><strong>et</strong></span> <span class='ocrx_word' id='word_1_45' title='bbox 362 709 640 781; x_wconf 88' lang='lat' dir='ltr'><strong>explodit.</strong></span> <span class='ocrx_word' id='word_1_46' title='bbox 668 712 1038 781; x_wconf 67' lang='lat' dir='ltr'><strong>Aristotelem</strong></span> <span class='ocrx_word' id='word_1_47' title='bbox 1071 727 1242 780; x_wconf 90' lang='lat' dir='ltr'><strong>porro</strong></span> <span class='ocrx_word' id='word_1_48' title='bbox 1275 728 1478 779; x_wconf 90' lang='lat' dir='ltr'><strong>parum</strong></span> <span class='ocrx_word' id='word_1_49' title='bbox 1513 712 1626 766; x_wconf 87' lang='lat' dir='ltr'><strong>sibi</strong></span> <span class='ocrx_word' id='word_1_50' title='bbox 1659 720 1929 768; x_wconf 85' lang='lat' dir='ltr'><strong>constare</strong></span> 
     </span>
    </p>
   </div>
   <div class='ocr_carea' id='block_1_10' title="bbox 262 780 1926 854">
    <p class='ocr_par' dir='ltr' id='par_1_10' title="bbox 262 780 1926 854">
     <span class='ocr_line' id='line_1_10' title="bbox 262 780 1926 854; baseline 0.001 -18"><span class='ocrx_word' id='word_1_51' title='bbox 262 780 512 854; x_wconf 82' lang='lat' dir='ltr'><strong>probat;</strong></span> <span class='ocrx_word' id='word_1_52' title='bbox 539 781 758 852; x_wconf 90' lang='lat' dir='ltr'><strong>quippe</strong></span> <span class='ocrx_word' id='word_1_53' title='bbox 795 780 893 851; x_wconf 89' lang='lat' dir='ltr'><strong>qui</strong></span> <span class='ocrx_word' id='word_1_54' title='bbox 929 780 1174 848; x_wconf 93' lang='lat' dir='ltr'><strong>hujusce</strong></span> <span class='ocrx_word' id='word_1_55' title='bbox 1204 784 1408 836; x_wconf 88' lang='lat' dir='ltr'><strong>mundi</strong></span> <span class='ocrx_word' id='word_1_56' title='bbox 1442 783 1926 847; x_wconf 89' lang='lat' dir='ltr'><strong>animam,Deum</strong></span> 
     </span>
    </p>
   </div>
   <div class='ocr_carea' id='block_1_11' title="bbox 257 855 1928 925">
    <p class='ocr_par' dir='ltr' id='par_1_11' title="bbox 257 855 1928 925">
     <span class='ocr_line' id='line_1_11' title="bbox 257 855 1928 925; baseline 0 -16"><span class='ocrx_word' id='word_1_57' title='bbox 257 855 468 925; x_wconf 87' lang='lat' dir='ltr'><strong>ipsum</strong></span> <span class='ocrx_word' id='word_1_58' title='bbox 505 856 585 906; x_wconf 89' lang='lat' dir='ltr'><strong>ila</strong></span> <span class='ocrx_word' id='word_1_59' title='bbox 617 869 743 907; x_wconf 86' lang='lat' dir='ltr'><strong>esse</strong></span> <span class='ocrx_word' id='word_1_60' title='bbox 773 855 1170 925; x_wconf 85' lang='lat' dir='ltr'><strong>contenderet,</strong></span> <span class='ocrx_word' id='word_1_61' title='bbox 1203 860 1267 907; x_wconf 91' lang='lat' dir='ltr'><strong>ut</strong></span> <span class='ocrx_word' id='word_1_62' title='bbox 1313 855 1468 909; x_wconf 89' lang='lat' dir='ltr'><strong>intra</strong></span> <span class='ocrx_word' id='word_1_63' title='bbox 1515 855 1739 909; x_wconf 91' lang='lat' dir='ltr'><strong>lunaris</strong></span> <span class='ocrx_word' id='word_1_64' title='bbox 1771 856 1928 910; x_wconf 86' lang='lat' dir='ltr'><strong>orbis</strong></span> 
     </span>
    </p>
   </div>
   <div class='ocr_carea' id='block_1_12' title="bbox 255 923 1924 994">
    <p class='ocr_par' dir='ltr' id='par_1_12' title="bbox 255 923 1924 994">
     <span class='ocr_line' id='line_1_12' title="bbox 255 923 1924 994; baseline 0.001 -14"><span class='ocrx_word' id='word_1_65' title='bbox 255 923 556 980; x_wconf 77' lang='lat' dir='ltr'><strong>terminos</strong></span> <span class='ocrx_word' id='word_1_66' title='bbox 591 923 954 994; x_wconf 84' lang='lat' dir='ltr'><strong>providentia</strong></span> <span class='ocrx_word' id='word_1_67' title='bbox 987 924 1144 978; x_wconf 91' lang='lat' dir='ltr'><strong>illius</strong></span> <span class='ocrx_word' id='word_1_68' title='bbox 1176 925 1780 981; x_wconf 85' lang='lat' dir='ltr'><strong>circumscriberetur.</strong></span> <span class='ocrx_word' id='word_1_69' title='bbox 1814 931 1924 981; x_wconf 84' lang='lat' dir='ltr'><strong>Ne-</strong></span> 
     </span>
    </p>
   </div>
   <div class='ocr_carea' id='block_1_13' title="bbox 252 995 1928 1070">
    <p class='ocr_par' dir='ltr' id='par_1_13' title="bbox 252 995 1928 1070">
     <span class='ocr_line' id='line_1_13' title="bbox 252 995 1928 1070; baseline 0.002 -21"><span class='ocrx_word' id='word_1_70' title='bbox 252 1013 394 1070; x_wconf 81' lang='lat' dir='ltr'><strong>que</strong></span> <span class='ocrx_word' id='word_1_71' title='bbox 413 997 705 1070; x_wconf 66' lang='lat' dir='ltr'><strong>veriorem</strong></span> <span class='ocrx_word' id='word_1_72' title='bbox 731 995 1144 1070; x_wconf 69' lang='lat' dir='ltr'><strong>Theophrasti,</strong></span> <span class='ocrx_word' id='word_1_73' title='bbox 1163 997 1473 1070; x_wconf 85' lang='lat' dir='ltr'><strong>ipsiusmet</strong></span> <span class='ocrx_word' id='word_1_74' title='bbox 1494 998 1823 1053; x_wconf 85' lang='lat' dir='ltr'><strong>Aristotelis</strong></span> <span class='ocrx_word' id='word_1_75' title='bbox 1842 999 1928 1052; x_wconf 91' lang='lat' dir='ltr'><strong>fa-</strong></span> 
     </span>
    </p>
   </div>
   <div class='ocr_carea' id='block_1_14' title="bbox 259 1067 1926 1138">
    <p class='ocr_par' dir='ltr' id='par_1_14' title="bbox 259 1067 1926 1138">
     <span class='ocr_line' id='line_1_14' title="bbox 259 1067 1926 1138; baseline 0.001 -15"><span class='ocrx_word' id='word_1_76' title='bbox 259 1067 546 1131; x_wconf 73' lang='lat' dir='ltr'><strong>fniliaris,</strong></span> <span class='ocrx_word' id='word_1_77' title='bbox 576 1067 760 1122; x_wconf 89' lang='lat' dir='ltr'><strong>Deum</strong></span> <span class='ocrx_word' id='word_1_78' title='bbox 791 1067 1004 1120; x_wconf 76' lang='lat' dir='ltr'><strong>alicubi</strong></span> <span class='ocrx_word' id='word_1_79' title='bbox 1039 1068 1271 1132; x_wconf 67' lang='lat' dir='ltr'><strong>coelum,</strong></span> <span class='ocrx_word' id='word_1_80' title='bbox 1306 1069 1444 1124; x_wconf 86' lang='lat' dir='ltr'><strong>alibi</strong></span> <span class='ocrx_word' id='word_1_81' title='bbox 1489 1085 1622 1124; x_wconf 92' lang='lat' dir='ltr'><strong>vero</strong></span> <span class='ocrx_word' id='word_1_82' title='bbox 1655 1070 1926 1138; x_wconf 83' lang='lat' dir='ltr'><strong>spiritum</strong></span> 
     </span>
    </p>
   </div>
   <div class='ocr_carea' id='block_1_15' title="bbox 259 1137 1929 1207">
    <p class='ocr_par' dir='ltr' id='par_1_15' title="bbox 259 1137 1929 1207">
     <span class='ocr_line' id='line_1_15' title="bbox 259 1137 1929 1207; baseline -0.001 -12"><span class='ocrx_word' id='word_1_83' title='bbox 259 1140 610 1204; x_wconf 80' lang='lat' dir='ltr'><strong>asserentis,</strong></span> <span class='ocrx_word' id='word_1_84' title='bbox 645 1143 841 1191; x_wconf 86' lang='lat' dir='ltr'><strong>censet</strong></span> <span class='ocrx_word' id='word_1_85' title='bbox 881 1137 1236 1207; x_wconf 84' lang='lat' dir='ltr'><strong>Opinionem.</strong></span> <span class='ocrx_word' id='word_1_86' title='bbox 1271 1143 1566 1194; x_wconf 69' lang='lat' dir='ltr'><strong>Postremo</strong></span> <span class='ocrx_word' id='word_1_87' title='bbox 1598 1137 1701 1195; x_wconf 14' lang='lat' dir='ltr'><strong>ille,</strong></span> <span class='ocrx_word' id='word_1_88' title='bbox 1726 1141 1929 1194; x_wconf 84' lang='lat' dir='ltr'><strong>irridet</strong></span> 
     </span>
    </p>
   </div>
   <div class='ocr_carea' id='block_1_16' title="bbox 257 1209 1927 1279">
    <p class='ocr_par' dir='ltr' id='par_1_16' title="bbox 257 1209 1927 1279">
     <span class='ocr_line' id='line_1_16' title="bbox 257 1209 1927 1279; baseline 0.001 -14"><span class='ocrx_word' id='word_1_89' title='bbox 257 1217 328 1268; x_wconf 78' lang='lat' dir='ltr'><strong>et</strong></span> <span class='ocrx_word' id='word_1_90' title='bbox 361 1209 576 1264; x_wconf 80' lang='lat' dir='ltr'><strong>refellit</strong></span> <span class='ocrx_word' id='word_1_91' title='bbox 609 1209 946 1279; x_wconf 86' lang='lat' dir='ltr'><strong>Epicurum,</strong></span> <span class='ocrx_word' id='word_1_92' title='bbox 985 1210 1082 1278; x_wconf 92' lang='lat' dir='ltr'><strong>qui</strong></span> <span class='ocrx_word' id='word_1_93' title='bbox 1118 1213 1296 1264; x_wconf 88' lang='lat' dir='ltr'><strong>Deum</strong></span> <span class='ocrx_word' id='word_1_94' title='bbox 1331 1228 1422 1265; x_wconf 88' lang='lat' dir='ltr'><strong>res</strong></span> <span class='ocrx_word' id='word_1_95' title='bbox 1455 1211 1744 1267; x_wconf 89' lang='lat' dir='ltr'><strong>humanas</strong></span> <span class='ocrx_word' id='word_1_96' title='bbox 1776 1229 1927 1266; x_wconf 68' lang='lat' dir='ltr'><strong>curae</strong></span> 
     </span>
    </p>
   </div>
   <div class='ocr_carea' id='block_1_17' title="bbox 260 1281 1607 1350">
    <p class='ocr_par' dir='ltr' id='par_1_17' title="bbox 260 1281 1607 1350">
     <span class='ocr_line' id='line_1_17' title="bbox 260 1281 1607 1350; baseline -0.001 -13"><span class='ocrx_word' id='word_1_97' title='bbox 260 1282 394 1338; x_wconf 91' lang='lat' dir='ltr'><strong>ullo</strong></span> <span class='ocrx_word' id='word_1_98' title='bbox 431 1281 604 1336; x_wconf 90' lang='lat' dir='ltr'><strong>modo</strong></span> <span class='ocrx_word' id='word_1_99' title='bbox 636 1281 852 1334; x_wconf 87' lang='lat' dir='ltr'><strong>habere</strong></span> <span class='ocrx_word' id='word_1_100' title='bbox 887 1281 1183 1350; x_wconf 71' lang='lat' dir='ltr'><strong>praefracte</strong></span> <span class='ocrx_word' id='word_1_101' title='bbox 1213 1283 1607 1337; x_wconf 80' lang='lat' dir='ltr'><strong>inﬁciabatur.</strong></span> 
     </span>
    </p>
   </div>
   <div class='ocr_carea' id='block_1_18' title="bbox 345 1351 1928 1423">
    <p class='ocr_par' dir='ltr' id='par_1_18' title="bbox 345 1351 1928 1423">
     <span class='ocr_line' id='line_1_18' title="bbox 345 1351 1928 1423; baseline 0.002 -18"><span class='ocrx_word' id='word_1_102' title='bbox 345 1353 607 1423; x_wconf 81' lang='lat' dir='ltr'><strong>Explosis</strong></span> <span class='ocrx_word' id='word_1_103' title='bbox 639 1352 838 1422; x_wconf 89' lang='lat' dir='ltr'><strong>itaque</strong></span> <span class='ocrx_word' id='word_1_104' title='bbox 866 1351 958 1406; x_wconf 90' lang='lat' dir='ltr'><strong>his</strong></span> <span class='ocrx_word' id='word_1_105' title='bbox 991 1354 1268 1408; x_wconf 85' lang='lat' dir='ltr'><strong>omnibus</strong></span> <span class='ocrx_word' id='word_1_106' title='bbox 1327 1354 1490 1410; x_wconf 89' lang='lat' dir='ltr'><strong>falsis</strong></span> <span class='ocrx_word' id='word_1_107' title='bbox 1538 1353 1928 1423; x_wconf 82' lang='lat' dir='ltr'><strong>tutilibusque</strong></span> 
     </span>
    </p>
   </div>
   <div class='ocr_carea' id='block_1_19' title="bbox 258 1423 1926 1496">
    <p class='ocr_par' dir='ltr' id='par_1_19' title="bbox 258 1423 1926 1496">
     <span class='ocr_line' id='line_1_19' title="bbox 258 1423 1926 1496; baseline 0.001 -18"><span class='ocrx_word' id='word_1_108' title='bbox 258 1424 757 1496; x_wconf 87' lang='lat' dir='ltr'><strong>philosophorum</strong></span> <span class='ocrx_word' id='word_1_109' title='bbox 787 1423 1116 1487; x_wconf 87' lang='lat' dir='ltr'><strong>sententiis,</strong></span> <span class='ocrx_word' id='word_1_110' title='bbox 1147 1425 1218 1478; x_wconf 90' lang='lat' dir='ltr'><strong>ad</strong></span> <span class='ocrx_word' id='word_1_111' title='bbox 1252 1425 1396 1480; x_wconf 83' lang='lat' dir='ltr'><strong>alios</strong></span> <span class='ocrx_word' id='word_1_112' title='bbox 1427 1427 1661 1491; x_wconf 78' lang='lat' dir='ltr'><strong>transit,</strong></span> <span class='ocrx_word' id='word_1_113' title='bbox 1695 1426 1792 1492; x_wconf 92' lang='lat' dir='ltr'><strong>qui</strong></span> <span class='ocrx_word' id='word_1_114' title='bbox 1827 1441 1926 1479; x_wconf 91' lang='lat' dir='ltr'><strong>ve-</strong></span> 
     </span>
    </p>
   </div>
   <div class='ocr_carea' id='block_1_20' title="bbox 261 1496 1927 1568">
    <p class='ocr_par' dir='ltr' id='par_1_20' title="bbox 261 1496 1927 1568">
     <span class='ocr_line' id='line_1_20' title="bbox 261 1496 1927 1568; baseline -0.001 -16"><span class='ocrx_word' id='word_1_115' title='bbox 261 1498 432 1552; x_wconf 83' lang='lat' dir='ltr'><strong>riora</strong></span> <span class='ocrx_word' id='word_1_116' title='bbox 490 1498 558 1550; x_wconf 94' lang='lat' dir='ltr'><strong>de</strong></span> <span class='ocrx_word' id='word_1_117' title='bbox 590 1500 735 1568; x_wconf 16' lang='lat' dir='ltr'><strong>_lDe_o_</strong></span> <span class='ocrx_word' id='word_1_118' title='bbox 781 1501 1120 1560; x_wconf 89' lang='lat' dir='ltr'><strong>senserunt,</strong></span> <span class='ocrx_word' id='word_1_119' title='bbox 1155 1497 1658 1568; x_wconf 86' lang='lat' dir='ltr'><strong>tradideruntque.</strong></span> <span class='ocrx_word' id='word_1_120' title='bbox 1699 1496 1927 1551; x_wconf 88' lang='lat' dir='ltr'><strong>Primus</strong></span> 
     </span>
    </p>
   </div>
   <div class='ocr_carea' id='block_1_21' title="bbox 260 1566 1928 1633">
    <p class='ocr_par' dir='ltr' id='par_1_21' title="bbox 260 1566 1928 1633">
     <span class='ocr_line' id='line_1_21' title="bbox 260 1566 1928 1633; baseline -0.001 -9"><span class='ocrx_word' id='word_1_121' title='bbox 260 1573 472 1624; x_wconf 91' lang='lat' dir='ltr'><strong>autem</strong></span> <span class='ocrx_word' id='word_1_122' title='bbox 495 1583 564 1621; x_wconf 84' lang='lat' dir='ltr'><strong>ex</strong></span> <span class='ocrx_word' id='word_1_123' title='bbox 587 1566 656 1620; x_wconf 90' lang='lat' dir='ltr'><strong>iis</strong></span> <span class='ocrx_word' id='word_1_124' title='bbox 679 1566 964 1621; x_wconf 87' lang='lat' dir='ltr'><strong>Clementi</strong></span> <span class='ocrx_word' id='word_1_125' title='bbox 999 1573 1197 1622; x_wconf 91' lang='lat' dir='ltr'><strong>nostro</strong></span> <span class='ocrx_word' id='word_1_126' title='bbox 1223 1585 1349 1622; x_wconf 89' lang='lat' dir='ltr'><strong>sese</strong></span> <span class='ocrx_word' id='word_1_127' title='bbox 1371 1566 1587 1624; x_wconf 85' lang='lat' dir='ltr'><strong>obtulit</strong></span> <span class='ocrx_word' id='word_1_128' title='bbox 1606 1567 1764 1624; x_wconf 84' lang='lat' dir='ltr'><strong>Plato</strong></span> <span class='ocrx_word' id='word_1_129' title='bbox 1795 1568 1860 1633; x_wconf 73' lang='grc'><strong>³⁸,</strong></span> <span class='ocrx_word' id='word_1_130' title='bbox 1895 1585 1928 1622; x_wconf 91' lang='lat' dir='ltr'><strong>a</strong></span> 
     </span>
    </p>
   </div>
   <div class='ocr_carea' id='block_1_22' title="bbox 261 1637 1925 1710">
    <p class='ocr_par' dir='ltr' id='par_1_22' title="bbox 261 1637 1925 1710">
     <span class='ocr_line' id='line_1_22' title="bbox 261 1637 1925 1710; baseline -0.001 -16"><span class='ocrx_word' id='word_1_131' title='bbox 261 1655 387 1710; x_wconf 89' lang='lat' dir='ltr'><strong>quo</strong></span> <span class='ocrx_word' id='word_1_132' title='bbox 411 1638 648 1710; x_wconf 84' lang='lat' dir='ltr'><strong>quidem</strong></span> <span class='ocrx_word' id='word_1_133' title='bbox 677 1638 946 1708; x_wconf 87' lang='lat' dir='ltr'><strong>quamvis</strong></span> <span class='ocrx_word' id='word_1_134' title='bbox 963 1637 1118 1692; x_wconf 89' lang='lat' dir='ltr'><strong>haud</strong></span> <span class='ocrx_word' id='word_1_135' title='bbox 1138 1639 1384 1694; x_wconf 87' lang='lat' dir='ltr'><strong>obscure</strong></span> <span class='ocrx_word' id='word_1_136' title='bbox 1402 1641 1631 1694; x_wconf 89' lang='lat' dir='ltr'><strong>dicatur</strong></span> <span class='ocrx_word' id='word_1_137' title='bbox 1655 1645 1925 1694; x_wconf 87' lang='lat' dir='ltr'><strong>naturam</strong></span> 
     </span>
    </p>
   </div>
   <div class='ocr_carea' id='block_1_23' title="bbox 263 1710 1931 1782">
    <p class='ocr_par' dir='ltr' id='par_1_23' title="bbox 263 1710 1931 1782">
     <span class='ocr_line' id='line_1_23' title="bbox 263 1710 1931 1782; baseline 0.001 -19"><span class='ocrx_word' id='word_1_138' title='bbox 263 1712 675 1782; x_wconf 13' lang='lat' dir='ltr'><strong>divinamrnon</strong></span> <span class='ocrx_word' id='word_1_139' title='bbox 702 1724 876 1782; x_wconf 86' lang='lat' dir='ltr'><strong>posse</strong></span> <span class='ocrx_word' id='word_1_140' title='bbox 909 1710 1350 1782; x_wconf 77' lang='lat' dir='ltr'><strong>abhominilius</strong></span> <span class='ocrx_word' id='word_1_141' title='bbox 1401 1712 1702 1782; x_wconf 84' lang='lat' dir='ltr'><strong>explicari,</strong></span> <span class='ocrx_word' id='word_1_142' title='bbox 1757 1716 1931 1782; x_wconf 89' lang='lat' dir='ltr'><strong>negat</strong></span> 
     </span>
    </p>
   </div>
   <div class='ocr_carea' id='block_1_24' title="bbox 264 1779 1935 1854">
    <p class='ocr_par' dir='ltr' id='par_1_24' title="bbox 264 1779 1935 1854">
     <span class='ocr_line' id='line_1_24' title="bbox 264 1779 1935 1854; baseline -0.001 -17"><span class='ocrx_word' id='word_1_143' title='bbox 264 1789 476 1854; x_wconf 87' lang='lat' dir='ltr'><strong>tamen</strong></span> <span class='ocrx_word' id='word_1_144' title='bbox 502 1781 659 1854; x_wconf 85' lang='lat' dir='ltr'><strong>idem</strong></span> <span class='ocrx_word' id='word_1_145' title='bbox 689 1779 953 1854; x_wconf 80' lang='lat' dir='ltr'><strong>Clemens</strong></span> <span class='ocrx_word' id='word_1_146' title='bbox 983 1779 1127 1848; x_wconf 88' lang='lat' dir='ltr'><strong>ipsis</strong></span> <span class='ocrx_word' id='word_1_147' title='bbox 1155 1783 1226 1836; x_wconf 91' lang='lat' dir='ltr'><strong>ab</strong></span> <span class='ocrx_word' id='word_1_148' title='bbox 1261 1783 1420 1854; x_wconf 89' lang='lat' dir='ltr'><strong>illius</strong></span> <span class='ocrx_word' id='word_1_149' title='bbox 1461 1779 1935 1854; x_wconf 50' lang='lat' dir='ltr'><strong>i&#39;nquisitione&#39;et</strong></span> 
     </span>
    </p>
   </div>
   <div class='ocr_carea' id='block_1_25' title="bbox 266 1852 1930 1923">
    <p class='ocr_par' dir='ltr' id='par_1_25' title="bbox 266 1852 1930 1923">
     <span class='ocr_line' id='line_1_25' title="bbox 266 1852 1930 1923; baseline 0 -15"><span class='ocrx_word' id='word_1_150' title='bbox 266 1852 732 1923; x_wconf 85' lang='lat' dir='ltr'><strong>investigatione</strong></span> <span class='ocrx_word' id='word_1_151' title='bbox 774 1852 1166 1923; x_wconf 11' lang='lat' dir='ltr'><strong>idcircolcsse</strong></span> <span class='ocrx_word' id='word_1_152' title='bbox 1216 1852 1642 1909; x_wconf 81' lang='lat' dir='ltr'><strong>desistendum.</strong></span> <span class='ocrx_word' id='word_1_153' title='bbox 1693 1855 1930 1908; x_wconf 83' lang='lat' dir='ltr'><strong>Cunctis</strong></span> 
     </span>
    </p>
   </div>
   <div class='ocr_carea' id='block_1_26' title="bbox 274 1922 1928 1995">
    <p class='ocr_par' dir='ltr' id='par_1_26' title="bbox 274 1922 1928 1995">
     <span class='ocr_line' id='line_1_26' title="bbox 274 1922 1928 1995; baseline 0.001 -16"><span class='ocrx_word' id='word_1_154' title='bbox 274 1925 432 1979; x_wconf 88' lang='lat' dir='ltr'><strong>enim</strong></span> <span class='ocrx_word' id='word_1_155' title='bbox 457 1922 610 1993; x_wconf 73' lang='lat' dir='ltr'><strong>vero,</strong></span> <span class='ocrx_word' id='word_1_156' title='bbox 635 1939 699 1977; x_wconf 87' lang='lat' dir='ltr'><strong>ac</strong></span> <span class='ocrx_word' id='word_1_157' title='bbox 722 1922 797 1978; x_wconf 92' lang='lat' dir='ltr'><strong>iis</strong></span> <span class='ocrx_word' id='word_1_158' title='bbox 821 1922 1214 1995; x_wconf 85' lang='lat' dir='ltr'><strong>potissimum,</strong></span> <span class='ocrx_word' id='word_1_159' title='bbox 1236 1927 1334 1995; x_wconf 89' lang='lat' dir='ltr'><strong>qui</strong></span> <span class='ocrx_word' id='word_1_160' title='bbox 1370 1924 1428 1980; x_wconf 93' lang='lat' dir='ltr'><strong>in</strong></span> <span class='ocrx_word' id='word_1_161' title='bbox 1465 1927 1732 1980; x_wconf 86' lang='lat' dir='ltr'><strong>doctrina</strong></span> <span class='ocrx_word' id='word_1_162' title='bbox 1750 1932 1808 1979; x_wconf 91' lang='lat' dir='ltr'><strong>et</strong></span> <span class='ocrx_word' id='word_1_163' title='bbox 1830 1925 1928 1980; x_wconf 88' lang='lat' dir='ltr'><strong>lit-</strong></span> 
     </span>
    </p>
   </div>
   <div class='ocr_carea' id='block_1_27' title="bbox 274 1994 1934 2066">
    <p class='ocr_par' dir='ltr' id='par_1_27' title="bbox 274 1994 1934 2066">
     <span class='ocr_line' id='line_1_27' title="bbox 274 1994 1934 2066; baseline 0 -16"><span class='ocrx_word' id='word_1_164' title='bbox 274 1995 419 2050; x_wconf 85' lang='lat' dir='ltr'><strong>teris</strong></span> <span class='ocrx_word' id='word_1_165' title='bbox 437 1999 768 2061; x_wconf 87' lang='lat' dir='ltr'><strong>versantur,</strong></span> <span class='ocrx_word' id='word_1_166' title='bbox 795 1995 937 2049; x_wconf 89' lang='lat' dir='ltr'><strong>adeo</strong></span> <span class='ocrx_word' id='word_1_167' title='bbox 962 1994 1200 2066; x_wconf 86' lang='lat' dir='ltr'><strong>insitum</strong></span> <span class='ocrx_word' id='word_1_168' title='bbox 1221 1994 1310 2051; x_wconf 87' lang='lat' dir='ltr'><strong>est</strong></span> <span class='ocrx_word' id='word_1_169' title='bbox 1333 1999 1628 2066; x_wconf 90' lang='lat' dir='ltr'><strong>quoddam</strong></span> <span class='ocrx_word' id='word_1_170' title='bbox 1661 1997 1934 2050; x_wconf 86' lang='lat' dir='ltr'><strong>Divinita-</strong></span> 
     </span>
    </p>
   </div>
   <div class='ocr_carea' id='block_1_28' title="bbox 270 2065 1929 2138">
    <p class='ocr_par' dir='ltr' id='par_1_28' title="bbox 270 2065 1929 2138">
     <span class='ocr_line' id='line_1_28' title="bbox 270 2065 1929 2138; baseline 0.001 -18"><span class='ocrx_word' id='word_1_171' title='bbox 270 2070 350 2122; x_wconf 86' lang='lat' dir='ltr'><strong>tis</strong></span> <span class='ocrx_word' id='word_1_172' title='bbox 374 2067 778 2138; x_wconf 81' lang='lat' dir='ltr'><strong>eftluvium,ut</strong></span> <span class='ocrx_word' id='word_1_173' title='bbox 797 2081 1003 2138; x_wconf 89' lang='lat' dir='ltr'><strong>omnes</strong></span> <span class='ocrx_word' id='word_1_174' title='bbox 1023 2065 1203 2120; x_wconf 91' lang='lat' dir='ltr'><strong>Deum</strong></span> <span class='ocrx_word' id='word_1_175' title='bbox 1232 2065 1408 2121; x_wconf 85' lang='lat' dir='ltr'><strong>unum</strong></span> <span class='ocrx_word' id='word_1_176' title='bbox 1444 2085 1571 2124; x_wconf 91' lang='lat' dir='ltr'><strong>esse</strong></span> <span class='ocrx_word' id='word_1_177' title='bbox 1601 2067 1929 2138; x_wconf 85' lang='lat' dir='ltr'><strong>ingenitum</strong></span> 
     </span>
    </p>
   </div>
   <div class='ocr_carea' id='block_1_29' title="bbox 277 2137 1927 2204">
    <p class='ocr_par' dir='ltr' id='par_1_29' title="bbox 277 2137 1927 2204">
     <span class='ocr_line' id='line_1_29' title="bbox 277 2137 1927 2204; baseline -0.001 -12"><span class='ocrx_word' id='word_1_178' title='bbox 277 2144 339 2193; x_wconf 89' lang='lat' dir='ltr'><strong>et</strong></span> <span class='ocrx_word' id='word_1_179' title='bbox 371 2137 789 2204; x_wconf 85' lang='lat' dir='ltr'><strong>immortalem,</strong></span> <span class='ocrx_word' id='word_1_180' title='bbox 812 2137 991 2192; x_wconf 84' lang='lat' dir='ltr'><strong>velint</strong></span> <span class='ocrx_word' id='word_1_181' title='bbox 1024 2138 1227 2203; x_wconf 87' lang='lat' dir='ltr'><strong>nolint,</strong></span> <span class='ocrx_word' id='word_1_182' title='bbox 1256 2140 1546 2194; x_wconf 86' lang='lat' dir='ltr'><strong>fateantur</strong></span> <span class='ocrx_word' id='word_1_183' title='bbox 1581 2137 1815 2194; x_wconf 79' lang='lat' dir='ltr'><strong>anesse</strong></span> <span class='ocrx_word' id='word_1_184' title='bbox 1833 2141 1927 2193; x_wconf 90' lang='lat' dir='ltr'><strong>sit.</strong></span> 
     </span>
    </p>
   </div>
   <div class='ocr_carea' id='block_1_30' title="bbox 273 2209 1928 2282">
    <p class='ocr_par' dir='ltr' id='par_1_30' title="bbox 273 2209 1928 2282">
     <span class='ocr_line' id='line_1_30' title="bbox 273 2209 1928 2282; baseline -0.001 -18"><span class='ocrx_word' id='word_1_185' title='bbox 273 2213 350 2264; x_wconf 85' lang='lat' dir='ltr'><strong>At</strong></span> <span class='ocrx_word' id='word_1_186' title='bbox 379 2209 520 2282; x_wconf 87' lang='lat' dir='ltr'><strong>illud</strong></span> <span class='ocrx_word' id='word_1_187' title='bbox 557 2212 813 2281; x_wconf 91' lang='lat' dir='ltr'><strong>profecto</strong></span> <span class='ocrx_word' id='word_1_188' title='bbox 848 2214 1048 2282; x_wconf 75' lang='lat' dir='ltr'><strong>auctor</strong></span> <span class='ocrx_word' id='word_1_189' title='bbox 1073 2214 1270 2264; x_wconf 88' lang='lat' dir='ltr'><strong>noster</strong></span> <span class='ocrx_word' id='word_1_190' title='bbox 1319 2212 1571 2282; x_wconf 78' lang='lat' dir='ltr'><strong>maxime</strong></span> <span class='ocrx_word' id='word_1_191' title='bbox 1621 2211 1928 2282; x_wconf 86' lang='lat' dir='ltr'><strong>approbat,</strong></span> 
     </span>
    </p>
   </div>
   <div class='ocr_carea' id='block_1_31' title="bbox 277 2279 1929 2352">
    <p class='ocr_par' dir='ltr' id='par_1_31' title="bbox 277 2279 1929 2352">
     <span class='ocr_line' id='line_1_31' title="bbox 277 2279 1929 2352; baseline 0.001 -17"><span class='ocrx_word' id='word_1_192' title='bbox 277 2281 434 2352; x_wconf 92' lang='lat' dir='ltr'><strong>quod</strong></span> <span class='ocrx_word' id='word_1_193' title='bbox 479 2279 571 2334; x_wconf 53' lang='lat' dir='ltr'><strong>ab&#39;</strong></span> <span class='ocrx_word' id='word_1_194' title='bbox 600 2282 805 2336; x_wconf 90' lang='lat' dir='ltr'><strong>eodem</strong></span> <span class='ocrx_word' id='word_1_195' title='bbox 855 2279 1093 2334; x_wconf 89' lang='lat' dir='ltr'><strong>Platone</strong></span> <span class='ocrx_word' id='word_1_196' title='bbox 1139 2282 1419 2336; x_wconf 86' lang='lat' dir='ltr'><strong>traditum</strong></span> <span class='ocrx_word' id='word_1_197' title='bbox 1474 2279 1716 2352; x_wconf 66' lang='lat' dir='ltr'><strong>legitur,</strong></span> <span class='ocrx_word' id='word_1_198' title='bbox 1750 2282 1929 2336; x_wconf 89' lang='lat' dir='ltr'><strong>Deum</strong></span> 
     </span>
    </p>
   </div>
   <div class='ocr_carea' id='block_1_32' title="bbox 275 2352 1928 2422">
    <p class='ocr_par' dir='ltr' id='par_1_32' title="bbox 275 2352 1928 2422">
     <span class='ocr_line' id='line_1_32' title="bbox 275 2352 1928 2422; baseline 0.001 -16"><span class='ocrx_word' id='word_1_199' title='bbox 275 2352 545 2406; x_wconf 89' lang='lat' dir='ltr'><strong>omnium</strong></span> <span class='ocrx_word' id='word_1_200' title='bbox 579 2368 771 2406; x_wconf 91' lang='lat' dir='ltr'><strong>rerum</strong></span> <span class='ocrx_word' id='word_1_201' title='bbox 806 2367 935 2406; x_wconf 89' lang='lat' dir='ltr'><strong>esse</strong></span> <span class='ocrx_word' id='word_1_202' title='bbox 967 2369 1178 2422; x_wconf 82' lang='lat' dir='ltr'><strong>regem,</strong></span> <span class='ocrx_word' id='word_1_203' title='bbox 1209 2370 1446 2408; x_wconf 87' lang='lat' dir='ltr'><strong>causam</strong></span> <span class='ocrx_word' id='word_1_204' title='bbox 1481 2361 1539 2408; x_wconf 90' lang='lat' dir='ltr'><strong>et</strong></span> <span class='ocrx_word' id='word_1_205' title='bbox 1571 2370 1928 2420; x_wconf 72' lang='lat' dir='ltr'><strong>mensuram;</strong></span> 
     </span>
    </p>
   </div>
   <div class='ocr_carea' id='block_1_33' title="bbox 278 2424 1929 2496">
    <p class='ocr_par' dir='ltr' id='par_1_33' title="bbox 278 2424 1929 2496">
     <span class='ocr_line' id='line_1_33' title="bbox 278 2424 1929 2496; baseline 0.001 -18"><span class='ocrx_word' id='word_1_206' title='bbox 278 2425 383 2496; x_wconf 90' lang='lat' dir='ltr'><strong>sed</strong></span> <span class='ocrx_word' id='word_1_207' title='bbox 418 2424 574 2496; x_wconf 88' lang='lat' dir='ltr'><strong>hunc</strong></span> <span class='ocrx_word' id='word_1_208' title='bbox 607 2424 1086 2494; x_wconf 87' lang='lat' dir='ltr'><strong>philosophorum</strong></span> <span class='ocrx_word' id='word_1_209' title='bbox 1125 2425 1288 2479; x_wconf 77' lang='lat' dir='ltr'><strong>facile</strong></span> <span class='ocrx_word' id='word_1_210' title='bbox 1321 2425 1929 2496; x_wconf 88' lang='lat' dir='ltr'><strong>principemabarba-</strong></span> 
     </span>
    </p>
   </div>
   <div class='ocr_carea' id='block_1_34' title="bbox 276 2495 1928 2566">
    <p class='ocr_par' dir='ltr' id='par_1_34' title="bbox 276 2495 1928 2566">
     <span class='ocr_line' id='line_1_34' title="bbox 276 2495 1928 2566; baseline 0.002 -18"><span class='ocrx_word' id='word_1_211' title='bbox 276 2495 363 2548; x_wconf 90' lang='lat' dir='ltr'><strong>ris</strong></span> <span class='ocrx_word' id='word_1_212' title='bbox 390 2495 669 2549; x_wconf 88' lang='lat' dir='ltr'><strong>scientias</strong></span> <span class='ocrx_word' id='word_1_213' title='bbox 705 2496 992 2548; x_wconf 89' lang='lat' dir='ltr'><strong>humanas</strong></span> <span class='ocrx_word' id='word_1_214' title='bbox 1017 2495 1527 2564; x_wconf 75' lang='lat' dir='ltr'><strong>quemadmodum</strong></span> <span class='ocrx_word' id='word_1_215' title='bbox 1552 2512 1716 2550; x_wconf 88' lang='lat' dir='ltr'><strong>veras</strong></span> <span class='ocrx_word' id='word_1_216' title='bbox 1747 2495 1928 2566; x_wconf 83' lang='lat' dir='ltr'><strong>leges,</strong></span> 
     </span>
    </p>
   </div>
   <div class='ocr_carea' id='block_1_35' title="bbox 277 2566 1931 2637">
    <p class='ocr_par' dir='ltr' id='par_1_35' title="bbox 277 2566 1931 2637">
     <span class='ocr_line' id='line_1_35' title="bbox 277 2566 1931 2637; baseline 0.001 -18"><span class='ocrx_word' id='word_1_217' title='bbox 277 2567 691 2637; x_wconf 14' lang='lat' dir='ltr'><strong>veramquelde</strong></span> <span class='ocrx_word' id='word_1_218' title='bbox 716 2570 824 2619; x_wconf 91' lang='lat' dir='ltr'><strong>Deo</strong></span> <span class='ocrx_word' id='word_1_219' title='bbox 856 2566 1246 2636; x_wconf 85' lang='lat' dir='ltr'><strong>cognitionem</strong></span> <span class='ocrx_word' id='word_1_220' title='bbox 1271 2570 1342 2619; x_wconf 80' lang='lat' dir='ltr'><strong>ab</strong></span> <span class='ocrx_word' id='word_1_221' title='bbox 1369 2568 1618 2622; x_wconf 66' lang='lat' dir='ltr'><strong>Hebraeis</strong></span> <span class='ocrx_word' id='word_1_222' title='bbox 1636 2570 1931 2637; x_wconf 87' lang='lat' dir='ltr'><strong>accepisse</strong></span> 
     </span>
    </p>
   </div>
   <div class='ocr_carea' id='block_1_36' title="bbox 282 2635 1934 2709">
    <p class='ocr_par' dir='ltr' id='par_1_36' title="bbox 282 2635 1934 2709">
     <span class='ocr_line' id='line_1_36' title="bbox 282 2635 1934 2709; baseline 0.002 -19"><span class='ocrx_word' id='word_1_223' title='bbox 282 2637 520 2709; x_wconf 85' lang='lat' dir='ltr'><strong>nullum</strong></span> <span class='ocrx_word' id='word_1_224' title='bbox 556 2635 650 2690; x_wconf 90' lang='lat' dir='ltr'><strong>ille</strong></span> <span class='ocrx_word' id='word_1_225' title='bbox 684 2641 844 2706; x_wconf 84' lang='lat' dir='ltr'><strong>putat</strong></span> <span class='ocrx_word' id='word_1_226' title='bbox 871 2635 998 2692; x_wconf 86' lang='lat' dir='ltr'><strong>esse</strong></span> <span class='ocrx_word' id='word_1_227' title='bbox 1021 2639 1328 2692; x_wconf 87' lang='lat' dir='ltr'><strong>dubitandi</strong></span> <span class='ocrx_word' id='word_1_228' title='bbox 1353 2639 1541 2694; x_wconf 87' lang='lat' dir='ltr'><strong>locum</strong></span> <span class='ocrx_word' id='word_1_229' title='bbox 1565 2635 1842 2709; x_wconf 79' lang='lat' dir='ltr'><strong>&quot;.Neque</strong></span> <span class='ocrx_word' id='word_1_230' title='bbox 1864 2655 1934 2693; x_wconf 83' lang='lat' dir='ltr'><strong>ex</strong></span> 
     </span>
    </p>
   </div>
   <div class='ocr_carea' id='block_1_37' title="bbox 288 2708 1928 2771">
    <p class='ocr_par' dir='ltr' id='par_1_37' title="bbox 288 2708 1928 2771">
     <span class='ocr_line' id='line_1_37' title="bbox 288 2708 1928 2771; baseline 0.001 -9"><span class='ocrx_word' id='word_1_231' title='bbox 288 2708 406 2762; x_wconf 86' lang='lat' dir='ltr'><strong>alio</strong></span> <span class='ocrx_word' id='word_1_232' title='bbox 460 2708 634 2771; x_wconf 84' lang='lat' dir='ltr'><strong>fonte,</strong></span> <span class='ocrx_word' id='word_1_233' title='bbox 684 2709 791 2761; x_wconf 91' lang='lat' dir='ltr'><strong>nisi</strong></span> <span class='ocrx_word' id='word_1_234' title='bbox 837 2724 901 2761; x_wconf 86' lang='lat' dir='ltr'><strong>ex</strong></span> <span class='ocrx_word' id='word_1_235' title='bbox 951 2710 1083 2771; x_wconf 89' lang='lat' dir='ltr'><strong>isto,</strong></span> <span class='ocrx_word' id='word_1_236' title='bbox 1135 2716 1238 2763; x_wconf 86' lang='lat' dir='ltr'><strong>aut</strong></span> <span class='ocrx_word' id='word_1_237' title='bbox 1288 2727 1356 2765; x_wconf 86' lang='lat' dir='ltr'><strong>ex</strong></span> <span class='ocrx_word' id='word_1_238' title='bbox 1401 2710 1594 2764; x_wconf 89' lang='lat' dir='ltr'><strong>divino</strong></span> <span class='ocrx_word' id='word_1_239' title='bbox 1644 2708 1928 2765; x_wconf 85' lang='lat' dir='ltr'><strong>instinctu</strong></span> 
     </span>
    </p>
   </div>
   <div class='ocr_carea' id='block_1_38' title="bbox 292 2779 1933 2850">
    <p class='ocr_par' dir='ltr' id='par_1_38' title="bbox 292 2779 1933 2850">
     <span class='ocr_line' id='line_1_38' title="bbox 292 2779 1933 2850; baseline 0.004 -19"><span class='ocrx_word' id='word_1_240' title='bbox 292 2779 673 2850; x_wconf 19' lang='lat' dir='ltr'><strong>haustumﬂid</strong></span> <span class='ocrx_word' id='word_1_241' title='bbox 718 2786 934 2850; x_wconf 85' lang='lat' dir='ltr'><strong>censet,</strong></span> <span class='ocrx_word' id='word_1_242' title='bbox 968 2782 1120 2850; x_wconf 91' lang='lat' dir='ltr'><strong>quod</strong></span> <span class='ocrx_word' id='word_1_243' title='bbox 1173 2780 1257 2835; x_wconf 91' lang='lat' dir='ltr'><strong>vel</strong></span> <span class='ocrx_word' id='word_1_244' title='bbox 1311 2782 1683 2836; x_wconf 84' lang='lat' dir='ltr'><strong>Antisthenes</strong></span> <span class='ocrx_word' id='word_1_245' title='bbox 1729 2783 1933 2838; x_wconf 89' lang='lat' dir='ltr'><strong>docuit</strong></span> 
     </span>
    </p>
   </div>
   <div class='ocr_carea' id='block_1_39' title="bbox 305 2849 1928 2924">
    <p class='ocr_par' dir='ltr' id='par_1_39' title="bbox 305 2849 1928 2924">
     <span class='ocr_line' id='line_1_39' title="bbox 305 2849 1928 2924; baseline 0.002 -20"><span class='ocrx_word' id='word_1_246' title='bbox 305 2851 475 2924; x_wconf 83' lang='lat' dir='ltr'><strong>Deum</strong></span> <span class='ocrx_word' id='word_1_247' title='bbox 512 2849 648 2924; x_wconf 83' lang='lat' dir='ltr'><strong>nulli</strong></span> <span class='ocrx_word' id='word_1_248' title='bbox 682 2849 922 2924; x_wconf 82' lang='lat' dir='ltr'><strong>similem</strong></span> <span class='ocrx_word' id='word_1_249' title='bbox 942 2849 1285 2924; x_wconf 74' lang='lat' dir='ltr'><strong>eximagine</strong></span> <span class='ocrx_word' id='word_1_250' title='bbox 1317 2853 1551 2923; x_wconf 84' lang='lat' dir='ltr'><strong>agnosci</strong></span> <span class='ocrx_word' id='word_1_251' title='bbox 1588 2871 1698 2908; x_wconf 93' lang='lat' dir='ltr'><strong>non</strong></span> <span class='ocrx_word' id='word_1_252' title='bbox 1734 2870 1928 2924; x_wconf 88' lang='lat' dir='ltr'><strong>posse;</strong></span> 
     </span>
    </p>
   </div>
   <div class='ocr_carea' id='block_1_40' title="bbox 293 2921 1933 2994">
    <p class='ocr_par' dir='ltr' id='par_1_40' title="bbox 293 2921 1933 2994">
     <span class='ocr_line' id='line_1_40' title="bbox 293 2921 1933 2994; baseline 0.004 -20"><span class='ocrx_word' id='word_1_253' title='bbox 293 2922 378 2974; x_wconf 87' lang='lat' dir='ltr'><strong>vel</strong></span> <span class='ocrx_word' id='word_1_254' title='bbox 411 2921 559 2990; x_wconf 93' lang='lat' dir='ltr'><strong>quod</strong></span> <span class='ocrx_word' id='word_1_255' title='bbox 590 2921 908 2994; x_wconf 76' lang='lat' dir='ltr'><strong>Xenophon</strong></span> <span class='ocrx_word' id='word_1_256' title='bbox 934 2923 1170 2992; x_wconf 87' lang='lat' dir='ltr'><strong>scripsit</strong></span> <span class='ocrx_word' id='word_1_257' title='bbox 1195 2921 1440 2989; x_wconf 79' lang='lat' dir='ltr'><strong>Deum,a</strong></span> <span class='ocrx_word' id='word_1_258' title='bbox 1461 2942 1576 2994; x_wconf 90' lang='lat' dir='ltr'><strong>quo</strong></span> <span class='ocrx_word' id='word_1_259' title='bbox 1599 2921 1796 2979; x_wconf 80' lang='lat' dir='ltr'><strong>omnia</strong></span> <span class='ocrx_word' id='word_1_260' title='bbox 1817 2921 1933 2980; x_wconf 89' lang='lat' dir='ltr'><strong>mo-</strong></span> 
     </span>
    </p>
   </div>
   <div class='ocr_carea' id='block_1_41' title="bbox 286 2993 1928 3066">
    <p class='ocr_par' dir='ltr' id='par_1_41' title="bbox 286 2993 1928 3066">
     <span class='ocr_line' id='line_1_41' title="bbox 286 2993 1928 3066; baseline 0.004 -23"><span class='ocrx_word' id='word_1_261' title='bbox 286 2997 492 3066; x_wconf 82' lang='lat' dir='ltr'><strong>ventur</strong></span> <span class='ocrx_word' id='word_1_262' title='bbox 525 2993 603 3066; x_wconf 82' lang='lat' dir='ltr'><strong>vel</strong></span> <span class='ocrx_word' id='word_1_263' title='bbox 635 2995 1300 3066; x_wconf 27' lang='lat' dir='ltr'><strong>consistuntpmagnuni</strong></span> <span class='ocrx_word' id='word_1_264' title='bbox 1347 3002 1403 3050; x_wconf 89' lang='lat' dir='ltr'><strong>et</strong></span> <span class='ocrx_word' id='word_1_265' title='bbox 1454 2993 1745 3066; x_wconf 84' lang='lat' dir='ltr'><strong>potentem</strong></span> <span class='ocrx_word' id='word_1_266' title='bbox 1779 3013 1928 3062; x_wconf 88' lang='lat' dir='ltr'><strong>esse,</strong></span> 
     </span>
    </p>
   </div>
   <div class='ocr_carea' id='block_1_42' title="bbox 281 3064 1928 3138">
    <p class='ocr_par' dir='ltr' id='par_1_42' title="bbox 281 3064 1928 3138">
     <span class='ocr_line' id='line_1_42' title="bbox 281 3064 1928 3138; baseline 0.004 -22"><span class='ocrx_word' id='word_1_267' title='bbox 281 3064 381 3138; x_wconf 76' lang='lat' dir='ltr'><strong>sed</strong></span> <span class='ocrx_word' id='word_1_268' title='bbox 414 3064 746 3138; x_wconf 15' lang='lat' dir='ltr'><strong>q_ualformla</strong></span> <span class='ocrx_word' id='word_1_269' title='bbox 781 3065 876 3132; x_wconf 87' lang='lat' dir='ltr'><strong>sit,</strong></span> <span class='ocrx_word' id='word_1_270' title='bbox 901 3064 1043 3138; x_wconf 87' lang='lat' dir='ltr'><strong>nulli</strong></span> <span class='ocrx_word' id='word_1_271' title='bbox 1069 3064 1403 3136; x_wconf 78' lang='lat' dir='ltr'><strong>cognitum;</strong></span> <span class='ocrx_word' id='word_1_272' title='bbox 1429 3064 1513 3121; x_wconf 75' lang='lat' dir='ltr'><strong>vel</strong></span> <span class='ocrx_word' id='word_1_273' title='bbox 1546 3069 1697 3138; x_wconf 92' lang='lat' dir='ltr'><strong>quod</strong></span> <span class='ocrx_word' id='word_1_274' title='bbox 1726 3068 1928 3122; x_wconf 85' lang='lat' dir='ltr'><strong>Clean-</strong></span> 
     </span>
    </p>
   </div>
   <div class='ocr_carea' id='block_1_43' title="bbox 276 3134 1932 3205">
    <p class='ocr_par' dir='ltr' id='par_1_43' title="bbox 276 3134 1932 3205">
     <span class='ocr_line' id='line_1_43' title="bbox 276 3134 1932 3205; baseline 0.003 -17"><span class='ocrx_word' id='word_1_275' title='bbox 276 3134 406 3189; x_wconf 90' lang='lat' dir='ltr'><strong>thes</strong></span> <span class='ocrx_word' id='word_1_276' title='bbox 438 3135 667 3189; x_wconf 89' lang='lat' dir='ltr'><strong>Stoicus</strong></span> <span class='ocrx_word' id='word_1_277' title='bbox 694 3137 735 3169; x_wconf 70' lang='grc'><strong>³⁸</strong></span> <span class='ocrx_word' id='word_1_278' title='bbox 760 3137 960 3205; x_wconf 90' lang='lat' dir='ltr'><strong>paucis</strong></span> <span class='ocrx_word' id='word_1_279' title='bbox 1009 3134 1371 3192; x_wconf 76' lang='lat' dir='ltr'><strong>carminibus</strong></span> <span class='ocrx_word' id='word_1_280' title='bbox 1404 3134 1594 3192; x_wconf 82' lang='lat' dir='ltr'><strong>veram</strong></span> <span class='ocrx_word' id='word_1_281' title='bbox 1633 3139 1730 3192; x_wconf 89' lang='lat' dir='ltr'><strong>Dei</strong></span> <span class='ocrx_word' id='word_1_282' title='bbox 1763 3144 1932 3194; x_wconf 89' lang='lat' dir='ltr'><strong>natu-</strong></span> 
     </span>
    </p>
   </div>
   <div class='ocr_carea' id='block_1_44' title="bbox 279 3205 1938 3280">
    <p class='ocr_par' dir='ltr' id='par_1_44' title="bbox 279 3205 1938 3280">
     <span class='ocr_line' id='line_1_44' title="bbox 279 3205 1938 3280; baseline 0.004 -21"><span class='ocrx_word' id='word_1_283' title='bbox 279 3222 404 3260; x_wconf 87' lang='lat' dir='ltr'><strong>ram</strong></span> <span class='ocrx_word' id='word_1_284' title='bbox 439 3205 773 3280; x_wconf 85' lang='lat' dir='ltr'><strong>luculenter</strong></span> <span class='ocrx_word' id='word_1_285' title='bbox 801 3209 1129 3278; x_wconf 86' lang='lat' dir='ltr'><strong>expressit;</strong></span> <span class='ocrx_word' id='word_1_286' title='bbox 1163 3209 1249 3264; x_wconf 93' lang='lat' dir='ltr'><strong>vel</strong></span> <span class='ocrx_word' id='word_1_287' title='bbox 1282 3212 1432 3272; x_wconf 89' lang='lat' dir='ltr'><strong>quod</strong></span> <span class='ocrx_word' id='word_1_288' title='bbox 1473 3210 1804 3280; x_wconf 66' lang='lat' dir='ltr'><strong>Pythagorae</strong></span> <span class='ocrx_word' id='word_1_289' title='bbox 1846 3227 1938 3265; x_wconf 90' lang='lat' dir='ltr'><strong>se-</strong></span> 
     </span>
    </p>
   </div>
   <div class='ocr_carea' id='block_1_45' title="bbox 275 3277 1940 3348">
    <p class='ocr_par' dir='ltr' id='par_1_45' title="bbox 275 3277 1940 3348">
     <span class='ocr_line' id='line_1_45' title="bbox 275 3277 1940 3348; baseline 0.002 -16"><span class='ocrx_word' id='word_1_290' title='bbox 275 3281 538 3334; x_wconf 88' lang='lat' dir='ltr'><strong>ctatores</strong></span> <span class='ocrx_word' id='word_1_291' title='bbox 590 3277 782 3348; x_wconf 82' lang='lat' dir='ltr'><strong>palam</strong></span> <span class='ocrx_word' id='word_1_292' title='bbox 839 3277 1228 3348; x_wconf 89' lang='lat' dir='ltr'><strong>tradiderunt,</strong></span> <span class='ocrx_word' id='word_1_293' title='bbox 1279 3281 1461 3335; x_wconf 90' lang='lat' dir='ltr'><strong>Deum</strong></span> <span class='ocrx_word' id='word_1_294' title='bbox 1513 3277 1595 3334; x_wconf 87' lang='lat' dir='ltr'><strong>ita</strong></span> <span class='ocrx_word' id='word_1_295' title='bbox 1645 3277 1828 3336; x_wconf 76' lang='lat' dir='ltr'><strong>unum</strong></span> <span class='ocrx_word' id='word_1_296' title='bbox 1881 3285 1940 3335; x_wconf 90' lang='lat' dir='ltr'><strong>et</strong></span> 
     </span>
    </p>
   </div>
   <div class='ocr_carea' id='block_1_46' title="bbox 275 3351 1938 3420">
    <p class='ocr_par' dir='ltr' id='par_1_46' title="bbox 275 3351 1938 3420">
     <span class='ocr_line' id='line_1_46' title="bbox 275 3351 1938 3420; baseline 0.003 -18"><span class='ocrx_word' id='word_1_297' title='bbox 275 3365 513 3418; x_wconf 85' lang='lat' dir='ltr'><strong>semper</strong></span> <span class='ocrx_word' id='word_1_298' title='bbox 563 3365 709 3415; x_wconf 87' lang='lat' dir='ltr'><strong>esse,</strong></span> <span class='ocrx_word' id='word_1_299' title='bbox 745 3356 808 3404; x_wconf 92' lang='lat' dir='ltr'><strong>ut</strong></span> <span class='ocrx_word' id='word_1_300' title='bbox 838 3356 999 3406; x_wconf 88' lang='lat' dir='ltr'><strong>totus</strong></span> <span class='ocrx_word' id='word_1_301' title='bbox 1031 3351 1107 3404; x_wconf 93' lang='lat' dir='ltr'><strong>sit</strong></span> <span class='ocrx_word' id='word_1_302' title='bbox 1139 3353 1194 3406; x_wconf 93' lang='lat' dir='ltr'><strong>in</strong></span> <span class='ocrx_word' id='word_1_303' title='bbox 1229 3357 1350 3406; x_wconf 90' lang='lat' dir='ltr'><strong>toto</strong></span> <span class='ocrx_word' id='word_1_304' title='bbox 1397 3353 1640 3420; x_wconf 89' lang='lat' dir='ltr'><strong>mundo,</strong></span> <span class='ocrx_word' id='word_1_305' title='bbox 1672 3352 1938 3407; x_wconf 88' lang='lat' dir='ltr'><strong>omnium</strong></span> 
     </span>
    </p>
   </div>
   <div class='ocr_carea' id='block_1_47' title="bbox 273 3421 1651 3490">
    <p class='ocr_par' dir='ltr' id='par_1_47' title="bbox 273 3421 1651 3490">
     <span class='ocr_line' id='line_1_47' title="bbox 273 3421 1651 3490; baseline 0.001 -16"><span class='ocrx_word' id='word_1_306' title='bbox 273 3425 527 3487; x_wconf 86' lang='lat' dir='ltr'><strong>creator,</strong></span> <span class='ocrx_word' id='word_1_307' title='bbox 562 3426 746 3490; x_wconf 90' lang='lat' dir='ltr'><strong>pater,</strong></span> <span class='ocrx_word' id='word_1_308' title='bbox 781 3438 968 3488; x_wconf 88' lang='lat' dir='ltr'><strong>mens,</strong></span> <span class='ocrx_word' id='word_1_309' title='bbox 1003 3421 1308 3486; x_wconf 91' lang='lat' dir='ltr'><strong>animatio,</strong></span> <span class='ocrx_word' id='word_1_310' title='bbox 1345 3427 1402 3477; x_wconf 89' lang='lat' dir='ltr'><strong>et</strong></span> <span class='ocrx_word' id='word_1_311' title='bbox 1433 3427 1651 3477; x_wconf 92' lang='lat' dir='ltr'><strong>motus.</strong></span> 
     </span>
    </p>
   </div>
   <div class='ocr_carea' id='block_1_48' title="bbox 346 3492 1938 3564">
    <p class='ocr_par' dir='ltr' id='par_1_48' title="bbox 346 3492 1938 3564">
     <span class='ocr_line' id='line_1_48' title="bbox 346 3492 1938 3564; baseline 0.001 -19"><span class='ocrx_word' id='word_1_312' title='bbox 346 3492 496 3556; x_wconf 88' lang='lat' dir='ltr'><strong>Quid</strong></span> <span class='ocrx_word' id='word_1_313' title='bbox 523 3509 657 3546; x_wconf 87' lang='lat' dir='ltr'><strong>vero</strong></span> <span class='ocrx_word' id='word_1_314' title='bbox 681 3493 831 3561; x_wconf 86' lang='lat' dir='ltr'><strong>quod</strong></span> <span class='ocrx_word' id='word_1_315' title='bbox 868 3510 980 3548; x_wconf 91' lang='lat' dir='ltr'><strong>non</strong></span> <span class='ocrx_word' id='word_1_316' title='bbox 1017 3494 1189 3549; x_wconf 90' lang='lat' dir='ltr'><strong>modo</strong></span> <span class='ocrx_word' id='word_1_317' title='bbox 1223 3493 1627 3564; x_wconf 88' lang='lat' dir='ltr'><strong>philosophos,</strong></span> <span class='ocrx_word' id='word_1_318' title='bbox 1658 3494 1754 3547; x_wconf 91' lang='lat' dir='ltr'><strong>sed</strong></span> <span class='ocrx_word' id='word_1_319' title='bbox 1776 3493 1938 3562; x_wconf 90' lang='lat' dir='ltr'><strong>ipsos</strong></span> 
     </span>
    </p>
   </div>
   <div class='ocr_carea' id='block_1_49' title="bbox 269 3563 1938 3636">
    <p class='ocr_par' dir='ltr' id='par_1_49' title="bbox 269 3563 1938 3636">
     <span class='ocr_line' id='line_1_49' title="bbox 269 3563 1938 3636; baseline 0.002 -20"><span class='ocrx_word' id='word_1_320' title='bbox 269 3563 455 3616; x_wconf 88' lang='lat' dir='ltr'><strong>etiam</strong></span> <span class='ocrx_word' id='word_1_321' title='bbox 482 3569 704 3636; x_wconf 84' lang='lat' dir='ltr'><strong>poetas,</strong></span> <span class='ocrx_word' id='word_1_322' title='bbox 731 3565 840 3618; x_wconf 88' lang='lat' dir='ltr'><strong>etsi</strong></span> <span class='ocrx_word' id='word_1_323' title='bbox 873 3565 927 3618; x_wconf 91' lang='lat' dir='ltr'><strong>in</strong></span> <span class='ocrx_word' id='word_1_324' title='bbox 952 3565 1166 3619; x_wconf 84' lang='lat' dir='ltr'><strong>fabulis</strong></span> <span class='ocrx_word' id='word_1_325' title='bbox 1191 3563 1475 3636; x_wconf 87' lang='lat' dir='ltr'><strong>falsisque</strong></span> <span class='ocrx_word' id='word_1_326' title='bbox 1500 3565 1938 3620; x_wconf 86' lang='lat' dir='ltr'><strong>narrationibus</strong></span> 
     </span>
    </p>
   </div>
   <div class='ocr_carea' id='block_1_50' title="bbox 266 3635 1934 3708">
    <p class='ocr_par' dir='ltr' id='par_1_50' title="bbox 266 3635 1934 3708">
     <span class='ocr_line' id='line_1_50' title="bbox 266 3635 1934 3708; baseline 0.002 -21"><span class='ocrx_word' id='word_1_327' title='bbox 266 3635 588 3708; x_wconf 76' lang='lat' dir='ltr'><strong>cantaridis</strong></span> <span class='ocrx_word' id='word_1_328' title='bbox 621 3635 738 3690; x_wconf 92' lang='lat' dir='ltr'><strong>fere</strong></span> <span class='ocrx_word' id='word_1_329' title='bbox 765 3652 998 3708; x_wconf 86' lang='lat' dir='ltr'><strong>semper</strong></span> <span class='ocrx_word' id='word_1_330' title='bbox 1027 3635 1706 3708; x_wconf 27' lang='lat' dir='ltr'><strong>occupatos,’aliqnando</strong></span> <span class='ocrx_word' id='word_1_331' title='bbox 1741 3642 1934 3690; x_wconf 90' lang='lat' dir='ltr'><strong>tamen</strong></span> 
     </span>
    </p>
   </div>
   <div class='ocr_carea' id='block_1_51' title="bbox 265 3706 1938 3778">
    <p class='ocr_par' dir='ltr' id='par_1_51' title="bbox 265 3706 1938 3778">
     <span class='ocr_line' id='line_1_51' title="bbox 265 3706 1938 3778; baseline 0.002 -19"><span class='ocrx_word' id='word_1_332' title='bbox 265 3722 426 3778; x_wconf 19' lang='lat' dir='ltr'><strong>veral</strong></span> <span class='ocrx_word' id='word_1_333' title='bbox 443 3707 514 3760; x_wconf 92' lang='lat' dir='ltr'><strong>de</strong></span> <span class='ocrx_word' id='word_1_334' title='bbox 550 3711 658 3760; x_wconf 88' lang='lat' dir='ltr'><strong>Deo</strong></span> <span class='ocrx_word' id='word_1_335' title='bbox 683 3706 962 3761; x_wconf 72' lang='lat' dir='ltr'><strong>cecinisse</strong></span> <span class='ocrx_word' id='word_1_336' title='bbox 985 3708 1289 3778; x_wconf 88' lang='lat' dir='ltr'><strong>perspicue</strong></span> <span class='ocrx_word' id='word_1_337' title='bbox 1307 3706 1673 3764; x_wconf 87' lang='lat' dir='ltr'><strong>demonstrat</strong></span> <span class='ocrx_word' id='word_1_338' title='bbox 1691 3711 1712 3762; x_wconf 71' lang='grc' dir='ltr'><strong><em>Ρ</em></strong></span> <span class='ocrx_word' id='word_1_339' title='bbox 1733 3708 1938 3762; x_wconf 88' lang='lat' dir='ltr'><strong>Testes</strong></span> 
     </span>
    </p>
   </div>
   <div class='ocr_carea' id='block_1_52' title="bbox 265 3775 1935 3850">
    <p class='ocr_par' dir='ltr' id='par_1_52' title="bbox 265 3775 1935 3850">
     <span class='ocr_line' id='line_1_52' title="bbox 265 3775 1935 3850; baseline 0.001 -19"><span class='ocrx_word' id='word_1_340' title='bbox 265 3775 493 3850; x_wconf 84' lang='lat' dir='ltr'><strong>etenim</strong></span> <span class='ocrx_word' id='word_1_341' title='bbox 521 3779 760 3832; x_wconf 83' lang='lat' dir='ltr'><strong>Aratum</strong></span> <span class='ocrx_word' id='word_1_342' title='bbox 790 3775 1224 3849; x_wconf 86' lang='lat' dir='ltr'><strong>Hesiodumque</strong></span> <span class='ocrx_word' id='word_1_343' title='bbox 1247 3781 1389 3834; x_wconf 86' lang='lat' dir='ltr'><strong>citat</strong></span> <span class='ocrx_word' id='word_1_344' title='bbox 1412 3781 1594 3850; x_wconf 73' lang='lat' dir='ltr'><strong>&quot;,qui</strong></span> <span class='ocrx_word' id='word_1_345' title='bbox 1621 3784 1797 3834; x_wconf 88' lang='lat' dir='ltr'><strong>Deum</strong></span> <span class='ocrx_word' id='word_1_346' title='bbox 1826 3780 1935 3832; x_wconf 93' lang='lat' dir='ltr'><strong>im-</strong></span> 
     </span>
    </p>
   </div>
   <div class='ocr_carea' id='block_1_53' title="bbox 268 3849 1938 3919">
    <p class='ocr_par' dir='ltr' id='par_1_53' title="bbox 268 3849 1938 3919">
     <span class='ocr_line' id='line_1_53' title="bbox 268 3849 1938 3919; baseline 0.001 -16"><span class='ocrx_word' id='word_1_347' title='bbox 268 3849 437 3919; x_wconf 90' lang='lat' dir='ltr'><strong>perio</strong></span> <span class='ocrx_word' id='word_1_348' title='bbox 451 3851 769 3904; x_wconf 87' lang='lat' dir='ltr'><strong>suoomnia</strong></span> <span class='ocrx_word' id='word_1_349' title='bbox 783 3850 1084 3905; x_wconf 90' lang='lat' dir='ltr'><strong>continere</strong></span> <span class='ocrx_word' id='word_1_350' title='bbox 1099 3851 1401 3906; x_wconf 84' lang='lat' dir='ltr'><strong>afﬁrmant</strong></span> <span class='ocrx_word' id='word_1_351' title='bbox 1427 3849 1647 3906; x_wconf 85' lang='lat' dir='ltr'><strong>Deinde</strong></span> <span class='ocrx_word' id='word_1_352' title='bbox 1661 3868 1796 3905; x_wconf 92' lang='lat' dir='ltr'><strong>vero</strong></span> <span class='ocrx_word' id='word_1_353' title='bbox 1814 3866 1938 3904; x_wconf 90' lang='lat' dir='ltr'><strong>rur-</strong></span> 
     </span>
    </p>
   </div>
   <div class='ocr_carea' id='block_1_54' title="bbox 264 3919 1939 3994">
    <p class='ocr_par' dir='ltr' id='par_1_54' title="bbox 264 3919 1939 3994">
     <span class='ocr_line' id='line_1_54' title="bbox 264 3919 1939 3994; baseline 0.001 -20"><span class='ocrx_word' id='word_1_354' title='bbox 264 3935 409 3974; x_wconf 88' lang='lat' dir='ltr'><strong>sum</strong></span> <span class='ocrx_word' id='word_1_355' title='bbox 439 3919 672 3994; x_wconf 80' lang='lat' dir='ltr'><strong>Hesiodi</strong></span> <span class='ocrx_word' id='word_1_356' title='bbox 699 3927 873 3992; x_wconf 89' lang='lat' dir='ltr'><strong>atque</strong></span> <span class='ocrx_word' id='word_1_357' title='bbox 897 3923 1070 3976; x_wconf 89' lang='lat' dir='ltr'><strong>etiam</strong></span> <span class='ocrx_word' id='word_1_358' title='bbox 1099 3923 1406 3992; x_wconf 89' lang='lat' dir='ltr'><strong>Sophoclis</strong></span> <span class='ocrx_word' id='word_1_359' title='bbox 1437 3929 1492 3977; x_wconf 92' lang='lat' dir='ltr'><strong>et</strong></span> <span class='ocrx_word' id='word_1_360' title='bbox 1521 3921 1734 3994; x_wconf 89' lang='lat' dir='ltr'><strong>Orphei</strong></span> <span class='ocrx_word' id='word_1_361' title='bbox 1766 3922 1939 3977; x_wconf 89' lang='lat' dir='ltr'><strong>refert</strong></span> 
     </span>
    </p>
   </div>
   <div class='ocr_carea' id='block_1_55' title="bbox 271 3992 1938 4064">
    <p class='ocr_par' dir='ltr' id='par_1_55' title="bbox 271 3992 1938 4064">
     <span class='ocr_line' id='line_1_55' title="bbox 271 3992 1938 4064; baseline 0.001 -18"><span class='ocrx_word' id='word_1_362' title='bbox 271 3992 862 4064; x_wconf 16' lang='lat' dir='ltr'><strong>carminal3°,quibus</strong></span> <span class='ocrx_word' id='word_1_363' title='bbox 885 4011 1066 4048; x_wconf 89' lang='lat' dir='ltr'><strong>unum</strong></span> <span class='ocrx_word' id='word_1_364' title='bbox 1095 3995 1379 4048; x_wconf 86' lang='lat' dir='ltr'><strong>duntaxat</strong></span> <span class='ocrx_word' id='word_1_365' title='bbox 1413 3992 1938 4064; x_wconf 46' lang='lat' dir='ltr'><strong>Deum—solumque</strong></span> 
     </span>
    </p>
   </div>
   <div class='ocr_carea' id='block_1_56' title="bbox 262 4063 1938 4136">
    <p class='ocr_par' dir='ltr' id='par_1_56' title="bbox 262 4063 1938 4136">
     <span class='ocr_line' id='line_1_56' title="bbox 262 4063 1938 4136; baseline 0.002 -20"><span class='ocrx_word' id='word_1_366' title='bbox 262 4063 780 4136; x_wconf 85' lang='lat' dir='ltr'><strong>immortalem,ac</strong></span> <span class='ocrx_word' id='word_1_367' title='bbox 813 4081 1007 4119; x_wconf 89' lang='lat' dir='ltr'><strong>rerum</strong></span> <span class='ocrx_word' id='word_1_368' title='bbox 1042 4065 1306 4120; x_wconf 89' lang='lat' dir='ltr'><strong>omnium</strong></span> <span class='ocrx_word' id='word_1_369' title='bbox 1343 4068 1702 4121; x_wconf 88' lang='lat' dir='ltr'><strong>conditorem</strong></span> <span class='ocrx_word' id='word_1_370' title='bbox 1741 4063 1938 4136; x_wconf 85' lang='lat' dir='ltr'><strong>aperte</strong></span> 
     </span>
    </p>
   </div>
   <div class='ocr_carea' id='block_1_57' title="bbox 269 4135 1938 4205">
    <p class='ocr_par' dir='ltr' id='par_1_57' title="bbox 269 4135 1938 4205">
     <span class='ocr_line' id='line_1_57' title="bbox 269 4135 1938 4205; baseline 0.001 -16"><span class='ocrx_word' id='word_1_371' title='bbox 269 4135 766 4205; x_wconf 82' lang='lat' dir='ltr'><strong>pronuntiarunt.</strong></span> <span class='ocrx_word' id='word_1_372' title='bbox 801 4136 923 4191; x_wconf 87' lang='lat' dir='ltr'><strong>Huc</strong></span> <span class='ocrx_word' id='word_1_373' title='bbox 954 4137 1130 4193; x_wconf 87' lang='lat' dir='ltr'><strong>etiam</strong></span> <span class='ocrx_word' id='word_1_374' title='bbox 1161 4143 1324 4192; x_wconf 86' lang='lat' dir='ltr'><strong>vocat</strong></span> <span class='ocrx_word' id='word_1_375' title='bbox 1354 4135 1938 4205; x_wconf 84' lang='lat' dir='ltr'><strong>Menandrum,Euri-</strong></span> 
     </span>
    </p>
   </div>
   <div class='ocr_carea' id='block_1_58' title="bbox 323 4207 1935 4278">
    <p class='ocr_par' dir='ltr' id='par_1_58' title="bbox 323 4207 1935 4278">
     <span class='ocr_line' id='line_1_58' title="bbox 323 4207 1935 4278; baseline 0.001 -18"><span class='ocrx_word' id='word_1_376' title='bbox 323 4207 485 4260; x_wconf 84' lang='lat' dir='ltr'><strong>idem</strong></span> <span class='ocrx_word' id='word_1_377' title='bbox 518 4211 575 4260; x_wconf 89' lang='lat' dir='ltr'><strong>et</strong></span> <span class='ocrx_word' id='word_1_378' title='bbox 608 4211 919 4262; x_wconf 85' lang='lat' dir='ltr'><strong>Homerum</strong></span> <span class='ocrx_word' id='word_1_379' title='bbox 942 4209 1124 4278; x_wconf 70' lang='lat' dir='ltr'><strong>3‘,qui</strong></span> <span class='ocrx_word' id='word_1_380' title='bbox 1157 4210 1424 4264; x_wconf 83' lang='lat' dir='ltr'><strong>versibus</strong></span> <span class='ocrx_word' id='word_1_381' title='bbox 1463 4209 1588 4263; x_wconf 86' lang='lat' dir='ltr'><strong>suis</strong></span> <span class='ocrx_word' id='word_1_382' title='bbox 1629 4209 1768 4263; x_wconf 78' lang='lat' dir='ltr'><strong>deos</strong></span> <span class='ocrx_word' id='word_1_383' title='bbox 1805 4208 1935 4262; x_wconf 90' lang='lat' dir='ltr'><strong>irri-</strong></span> 
     </span>
    </p>
   </div>
   <div class='ocr_carea' id='block_1_59' title="bbox 303 4279 1941 4348">
    <p class='ocr_par' dir='ltr' id='par_1_59' title="bbox 303 4279 1941 4348">
     <span class='ocr_line' id='line_1_59' title="bbox 303 4279 1941 4348; baseline 0.002 -17"><span class='ocrx_word' id='word_1_384' title='bbox 303 4292 430 4340; x_wconf 85' lang='lat' dir='ltr'><strong>ere,</strong></span> <span class='ocrx_word' id='word_1_385' title='bbox 468 4294 573 4332; x_wconf 91' lang='lat' dir='ltr'><strong>nec</strong></span> <span class='ocrx_word' id='word_1_386' title='bbox 605 4279 736 4333; x_wconf 88' lang='lat' dir='ltr'><strong>sine</strong></span> <span class='ocrx_word' id='word_1_387' title='bbox 769 4280 997 4348; x_wconf 90' lang='lat' dir='ltr'><strong>probris</strong></span> <span class='ocrx_word' id='word_1_388' title='bbox 1047 4285 1102 4333; x_wconf 91' lang='lat' dir='ltr'><strong>et</strong></span> <span class='ocrx_word' id='word_1_389' title='bbox 1151 4280 1480 4335; x_wconf 87' lang='lat' dir='ltr'><strong>maledictis</strong></span> <span class='ocrx_word' id='word_1_390' title='bbox 1532 4280 1841 4335; x_wconf 84' lang='lat' dir='ltr'><strong>exsibilare</strong></span> <span class='ocrx_word' id='word_1_391' title='bbox 1883 4284 1941 4334; x_wconf 88' lang='lat' dir='ltr'><strong>et</strong></span> 
     </span>
    </p>
   </div>
   <div class='ocr_carea' id='block_1_60' title="bbox 271 4348 1296 4421">
    <p class='ocr_par' dir='ltr' id='par_1_60' title="bbox 271 4348 1296 4421">
     <span class='ocr_line' id='line_1_60' title="bbox 271 4348 1296 4421; baseline 0 -16"><span class='ocrx_word' id='word_1_392' title='bbox 271 4348 646 4421; x_wconf 82' lang='lat' dir='ltr'><strong>proscribere</strong></span> <span class='ocrx_word' id='word_1_393' title='bbox 675 4349 917 4406; x_wconf 89' lang='lat' dir='ltr'><strong>minime</strong></span> <span class='ocrx_word' id='word_1_394' title='bbox 940 4351 1102 4406; x_wconf 90' lang='lat' dir='ltr'><strong>veriti</strong></span> <span class='ocrx_word' id='word_1_395' title='bbox 1136 4357 1296 4406; x_wconf 90' lang='lat' dir='ltr'><strong>sunt.</strong></span> 
     </span>
    </p>
   </div>
   <div class='ocr_carea' id='block_1_61' title="bbox 337 4419 1934 4493">
    <p class='ocr_par' dir='ltr' id='par_1_61' title="bbox 337 4419 1934 4493">
     <span class='ocr_line' id='line_1_61' title="bbox 337 4419 1934 4493; baseline 0.003 -22"><span class='ocrx_word' id='word_1_396' title='bbox 337 4419 604 4493; x_wconf 74' lang='lat' dir='ltr'><strong>Posthaac</strong></span> <span class='ocrx_word' id='word_1_397' title='bbox 636 4429 828 4476; x_wconf 86' lang='lat' dir='ltr'><strong>autem</strong></span> <span class='ocrx_word' id='word_1_398' title='bbox 861 4427 1064 4478; x_wconf 74' lang='lat' dir='ltr'><strong>contra</strong></span> <span class='ocrx_word' id='word_1_399' title='bbox 1095 4440 1353 4493; x_wconf 75' lang='lat' dir='ltr'><strong>paganos</strong></span> <span class='ocrx_word' id='word_1_400' title='bbox 1383 4422 1581 4476; x_wconf 88' lang='lat' dir='ltr'><strong>divina</strong></span> <span class='ocrx_word' id='word_1_401' title='bbox 1612 4421 1836 4476; x_wconf 87' lang='lat' dir='ltr'><strong>Veteris</strong></span> <span class='ocrx_word' id='word_1_402' title='bbox 1869 4438 1934 4475; x_wconf 88' lang='lat' dir='ltr'><strong>ac</strong></span> 
     </span>
    </p>
   </div>
   <div class='ocr_carea' id='block_1_62' title="bbox 2041 429 3698 500">
    <p class='ocr_par' dir='ltr' id='par_1_62' title="bbox 2041 429 3698 500">
     <span class='ocr_line' id='line_1_62' title="bbox 2041 429 3698 500; baseline 0.009 -20"><span class='ocrx_word' id='word_1_403' title='bbox 2041 433 2288 498; x_wconf 86' lang='lat' dir='ltr'><strong>patrem,</strong></span> <span class='ocrx_word' id='word_1_404' title='bbox 2324 429 2424 500; x_wconf 91' lang='lat' dir='ltr'><strong>qui</strong></span> <span class='ocrx_word' id='word_1_405' title='bbox 2459 445 2693 500; x_wconf 86' lang='lat' dir='ltr'><strong>summa</strong></span> <span class='ocrx_word' id='word_1_406' title='bbox 2725 447 2968 500; x_wconf 87' lang='lat' dir='ltr'><strong>prorsus</strong></span> <span class='ocrx_word' id='word_1_407' title='bbox 2993 437 3050 487; x_wconf 88' lang='lat' dir='ltr'><strong>et</strong></span> <span class='ocrx_word' id='word_1_408' title='bbox 3081 434 3407 490; x_wconf 90' lang='lat' dir='ltr'><strong>incredibili</strong></span> <span class='ocrx_word' id='word_1_409' title='bbox 3440 436 3698 495; x_wconf 88' lang='lat' dir='ltr'><strong>bonitate</strong></span> 
     </span>
    </p>
   </div>
   <div class='ocr_carea' id='block_1_63' title="bbox 2040 499 3691 579">
    <p class='ocr_par' dir='ltr' id='par_1_63' title="bbox 2040 499 3691 579">
     <span class='ocr_line' id='line_1_63' title="bbox 2040 499 3691 579; baseline 0.008 -27"><span class='ocrx_word' id='word_1_410' title='bbox 2040 499 2384 579; x_wconf 70' lang='lat' dir='ltr'><strong>eos__aeterna</strong></span> <span class='ocrx_word' id='word_1_411' title='bbox 2421 499 2691 579; x_wconf 75' lang='lat' dir='ltr'><strong>felicitate</strong></span> <span class='ocrx_word' id='word_1_412' title='bbox 2721 499 2902 572; x_wconf 80' lang='lat' dir='ltr'><strong>gratis</strong></span> <span class='ocrx_word' id='word_1_413' title='bbox 2953 509 3007 557; x_wconf 90' lang='lat' dir='ltr'><strong>et</strong></span> <span class='ocrx_word' id='word_1_414' title='bbox 3058 504 3169 558; x_wconf 90' lang='lat' dir='ltr'><strong>cito</strong></span> <span class='ocrx_word' id='word_1_415' title='bbox 3223 507 3404 579; x_wconf 85' lang='lat' dir='ltr'><strong>beare</strong></span> <span class='ocrx_word' id='word_1_416' title='bbox 3442 507 3691 579; x_wconf 90' lang='lat' dir='ltr'><strong>volebat,</strong></span> 
     </span>
    </p>
   </div>
   <div class='ocr_carea' id='block_1_64' title="bbox 2040 571 3690 644">
    <p class='ocr_par' dir='ltr' id='par_1_64' title="bbox 2040 571 3690 644">
     <span class='ocr_line' id='line_1_64' title="bbox 2040 571 3690 644; baseline 0.008 -21"><span class='ocrx_word' id='word_1_417' title='bbox 2040 571 2241 644; x_wconf 83' lang='lat' dir='ltr'><strong>audire</strong></span> <span class='ocrx_word' id='word_1_418' title='bbox 2263 573 2680 644; x_wconf 87' lang='lat' dir='ltr'><strong>detrectantes,</strong></span> <span class='ocrx_word' id='word_1_419' title='bbox 2715 571 2842 627; x_wconf 79' lang='lat' dir='ltr'><strong>Sese</strong></span> <span class='ocrx_word' id='word_1_420' title='bbox 2867 579 3076 644; x_wconf 85' lang='lat' dir='ltr'><strong>sponte</strong></span> <span class='ocrx_word' id='word_1_421' title='bbox 3125 592 3233 630; x_wconf 88' lang='lat' dir='ltr'><strong>sua</strong></span> <span class='ocrx_word' id='word_1_422' title='bbox 3281 577 3340 631; x_wconf 89' lang='lat' dir='ltr'><strong>in</strong></span> <span class='ocrx_word' id='word_1_423' title='bbox 3394 571 3690 638; x_wconf 79' lang='lat' dir='ltr'><strong>infernum</strong></span> 
     </span>
    </p>
   </div>
   <div class='ocr_carea' id='block_1_65' title="bbox 2040 642 2633 712">
    <p class='ocr_par' dir='ltr' id='par_1_65' title="bbox 2040 642 2633 712">
     <span class='ocr_line' id='line_1_65' title="bbox 2040 642 2633 712; baseline 0.005 -17"><span class='ocrx_word' id='word_1_424' title='bbox 2040 642 2364 712; x_wconf 70' lang='lat' dir='ltr'><strong>praecipites</strong></span> <span class='ocrx_word' id='word_1_425' title='bbox 2396 644 2633 698; x_wconf 88' lang='lat' dir='ltr'><strong>dabant.</strong></span> 
     </span>
    </p>
   </div>
   <div class='ocr_carea' id='block_1_66' title="bbox 2113 712 3684 777">
    <p class='ocr_par' dir='ltr' id='par_1_66' title="bbox 2113 712 3684 777">
     <span class='ocr_line' id='line_1_66' title="bbox 2113 712 3684 777; baseline 0.006 -11"><span class='ocrx_word' id='word_1_426' title='bbox 2113 714 2327 768; x_wconf 90' lang='lat' dir='ltr'><strong>Vanam</strong></span> <span class='ocrx_word' id='word_1_427' title='bbox 2363 715 2614 768; x_wconf 89' lang='lat' dir='ltr'><strong>subinde</strong></span> <span class='ocrx_word' id='word_1_428' title='bbox 2642 713 2687 746; x_wconf 84' lang='grc'><strong>³³</strong></span> <span class='ocrx_word' id='word_1_429' title='bbox 2719 718 2776 767; x_wconf 90' lang='lat' dir='ltr'><strong>et</strong></span> <span class='ocrx_word' id='word_1_430' title='bbox 2808 712 3072 769; x_wconf 83' lang='lat' dir='ltr'><strong>frivolam</strong></span> <span class='ocrx_word' id='word_1_431' title='bbox 3121 731 3323 770; x_wconf 91' lang='lat' dir='ltr'><strong>eorum</strong></span> <span class='ocrx_word' id='word_1_432' title='bbox 3352 720 3565 774; x_wconf 87' lang='lat' dir='ltr'><strong>evertit</strong></span> <span class='ocrx_word' id='word_1_433' title='bbox 3596 739 3684 777; x_wconf 91' lang='lat' dir='ltr'><strong>re-</strong></span> 
     </span>
    </p>
   </div>
   <div class='ocr_carea' id='block_1_67' title="bbox 2039 785 3688 856">
    <p class='ocr_par' dir='ltr' id='par_1_67' title="bbox 2039 785 3688 856">
     <span class='ocr_line' id='line_1_67' title="bbox 2039 785 3688 856; baseline 0.005 -18"><span class='ocrx_word' id='word_1_434' title='bbox 2039 786 2437 854; x_wconf 86' lang='lat' dir='ltr'><strong>sponsionem,</strong></span> <span class='ocrx_word' id='word_1_435' title='bbox 2456 785 2554 856; x_wconf 92' lang='lat' dir='ltr'><strong>qui</strong></span> <span class='ocrx_word' id='word_1_436' title='bbox 2579 785 2850 840; x_wconf 85' lang='lat' dir='ltr'><strong>traditam</strong></span> <span class='ocrx_word' id='word_1_437' title='bbox 2869 803 2902 838; x_wconf 91' lang='lat' dir='ltr'><strong>a</strong></span> <span class='ocrx_word' id='word_1_438' title='bbox 2923 786 3188 853; x_wconf 89' lang='lat' dir='ltr'><strong>patribus</strong></span> <span class='ocrx_word' id='word_1_439' title='bbox 3221 789 3344 842; x_wconf 90' lang='lat' dir='ltr'><strong>suis</strong></span> <span class='ocrx_word' id='word_1_440' title='bbox 3376 799 3688 848; x_wconf 89' lang='lat' dir='ltr'><strong>consuetu-</strong></span> 
     </span>
    </p>
   </div>
   <div class='ocr_carea' id='block_1_68' title="bbox 2038 857 3690 932">
    <p class='ocr_par' dir='ltr' id='par_1_68' title="bbox 2038 857 3690 932">
     <span class='ocr_line' id='line_1_68' title="bbox 2038 857 3690 932; baseline 0.007 -24"><span class='ocrx_word' id='word_1_441' title='bbox 2038 857 2233 932; x_wconf 73' lang='lat' dir='ltr'><strong>dinem</strong></span> <span class='ocrx_word' id='word_1_442' title='bbox 2265 857 2732 932; x_wconf 77' lang='lat' dir='ltr'><strong>labefactandam</strong></span> <span class='ocrx_word' id='word_1_443' title='bbox 2763 873 2892 932; x_wconf 87' lang='lat' dir='ltr'><strong>esse</strong></span> <span class='ocrx_word' id='word_1_444' title='bbox 2917 859 3483 932; x_wconf 53' lang='lat' dir='ltr'><strong>negabant.Quanta&#39;</strong></span> <span class='ocrx_word' id='word_1_445' title='bbox 3508 865 3690 932; x_wconf 85' lang='lat' dir='ltr'><strong>enim,</strong></span> 
     </span>
    </p>
   </div>
   <div class='ocr_carea' id='block_1_69' title="bbox 2039 927 3692 998">
    <p class='ocr_par' dir='ltr' id='par_1_69' title="bbox 2039 927 3692 998">
     <span class='ocr_line' id='line_1_69' title="bbox 2039 927 3692 998; baseline 0.005 -17"><span class='ocrx_word' id='word_1_446' title='bbox 2039 927 2192 981; x_wconf 91' lang='lat' dir='ltr'><strong>Deus</strong></span> <span class='ocrx_word' id='word_1_447' title='bbox 2221 929 2391 994; x_wconf 91' lang='lat' dir='ltr'><strong>bone,</strong></span> <span class='ocrx_word' id='word_1_448' title='bbox 2425 929 2480 981; x_wconf 94' lang='lat' dir='ltr'><strong>in</strong></span> <span class='ocrx_word' id='word_1_449' title='bbox 2515 929 2785 991; x_wconf 89' lang='lat' dir='ltr'><strong>diversis,</strong></span> <span class='ocrx_word' id='word_1_450' title='bbox 2812 927 3022 998; x_wconf 65' lang='lat' dir='ltr'><strong>inquit,</strong></span> <span class='ocrx_word' id='word_1_451' title='bbox 3047 931 3175 984; x_wconf 68' lang='lat' dir='ltr'><strong>vitae</strong></span> <span class='ocrx_word' id='word_1_452' title='bbox 3205 931 3478 987; x_wconf 68' lang='lat' dir='ltr'><strong>humanas</strong></span> <span class='ocrx_word' id='word_1_453' title='bbox 3510 927 3692 990; x_wconf 58' lang='lat' dir='ltr'><strong>aetati;</strong></span> 
     </span>
    </p>
   </div>
   <div class='ocr_carea' id='block_1_70' title="bbox 2041 999 3692 1077">
    <p class='ocr_par' dir='ltr' id='par_1_70' title="bbox 2041 999 3692 1077">
     <span class='ocr_line' id='line_1_70' title="bbox 2041 999 3692 1077; baseline 0.005 -25"><span class='ocrx_word' id='word_1_454' title='bbox 2041 1001 2149 1077; x_wconf 87' lang='lat' dir='ltr'><strong>_bus</strong></span> <span class='ocrx_word' id='word_1_455' title='bbox 2181 1000 2332 1077; x_wconf 69' lang='lat' dir='ltr'><strong>fiunt</strong></span> <span class='ocrx_word' id='word_1_456' title='bbox 2362 999 2840 1077; x_wconf 76' lang='lat' dir='ltr'><strong>immutationes!</strong></span> <span class='ocrx_word' id='word_1_457' title='bbox 2875 1001 2988 1053; x_wconf 85' lang='lat' dir='ltr'><strong>Cur</strong></span> <span class='ocrx_word' id='word_1_458' title='bbox 3004 1005 3692 1077; x_wconf 78' lang='lat' dir='ltr'><strong>ergo,pergitille,impii</strong></span> 
     </span>
    </p>
   </div>
   <div class='ocr_carea' id='block_1_71' title="bbox 2038 1069 3691 1140">
    <p class='ocr_par' dir='ltr' id='par_1_71' title="bbox 2038 1069 3691 1140">
     <span class='ocr_line' id='line_1_71' title="bbox 2038 1069 3691 1140; baseline 0.005 -17"><span class='ocrx_word' id='word_1_459' title='bbox 2038 1069 2309 1124; x_wconf 87' lang='lat' dir='ltr'><strong>homines</strong></span> <span class='ocrx_word' id='word_1_460' title='bbox 2340 1087 2372 1124; x_wconf 89' lang='lat' dir='ltr'><strong>a</strong></span> <span class='ocrx_word' id='word_1_461' title='bbox 2405 1070 2562 1124; x_wconf 85' lang='lat' dir='ltr'><strong>vitiis</strong></span> <span class='ocrx_word' id='word_1_462' title='bbox 2610 1072 2678 1124; x_wconf 91' lang='lat' dir='ltr'><strong>ad</strong></span> <span class='ocrx_word' id='word_1_463' title='bbox 2735 1071 3028 1140; x_wconf 82' lang='lat' dir='ltr'><strong>pietatem,</strong></span> <span class='ocrx_word' id='word_1_464' title='bbox 3058 1069 3097 1124; x_wconf 75' lang='grc' dir='ltr'><strong>εἱ</strong></span> <span class='ocrx_word' id='word_1_465' title='bbox 3133 1069 3353 1128; x_wconf 71' lang='lat' dir='ltr'><strong>nefario</strong></span> <span class='ocrx_word' id='word_1_466' title='bbox 3404 1069 3691 1132; x_wconf 76' lang='lat' dir='ltr'><strong>idolorum</strong></span> 
     </span>
    </p>
   </div>
   <div class='ocr_carea' id='block_1_72' title="bbox 2038 1141 3692 1215">
    <p class='ocr_par' dir='ltr' id='par_1_72' title="bbox 2038 1141 3692 1215">
     <span class='ocr_line' id='line_1_72' title="bbox 2038 1141 3692 1215; baseline 0.005 -21"><span class='ocrx_word' id='word_1_467' title='bbox 2038 1141 2197 1195; x_wconf 89' lang='lat' dir='ltr'><strong>cultu</strong></span> <span class='ocrx_word' id='word_1_468' title='bbox 2231 1143 2529 1215; x_wconf 21' lang='lat' dir='ltr'><strong>adlveram</strong></span> <span class='ocrx_word' id='word_1_469' title='bbox 2573 1141 2939 1215; x_wconf 88' lang='lat' dir='ltr'><strong>religionem,</strong></span> <span class='ocrx_word' id='word_1_470' title='bbox 2974 1146 3102 1197; x_wconf 86' lang='lat' dir='ltr'><strong>sine</strong></span> <span class='ocrx_word' id='word_1_471' title='bbox 3134 1161 3248 1215; x_wconf 90' lang='lat' dir='ltr'><strong>qua</strong></span> <span class='ocrx_word' id='word_1_472' title='bbox 3281 1145 3478 1201; x_wconf 90' lang='lat' dir='ltr'><strong>nullus</strong></span> <span class='ocrx_word' id='word_1_473' title='bbox 3530 1155 3692 1202; x_wconf 66' lang='lat' dir='ltr'><strong>aiter-</strong></span> 
     </span>
    </p>
   </div>
   <div class='ocr_carea' id='block_1_73' title="bbox 2039 1211 3696 1283">
    <p class='ocr_par' dir='ltr' id='par_1_73' title="bbox 2039 1211 3696 1283">
     <span class='ocr_line' id='line_1_73' title="bbox 2039 1211 3696 1283; baseline 0.005 -17"><span class='ocrx_word' id='word_1_474' title='bbox 2039 1229 2174 1266; x_wconf 90' lang='lat' dir='ltr'><strong>nam</strong></span> <span class='ocrx_word' id='word_1_475' title='bbox 2215 1211 2484 1283; x_wconf 82' lang='lat' dir='ltr'><strong>salutem</strong></span> <span class='ocrx_word' id='word_1_476' title='bbox 2539 1214 2818 1283; x_wconf 89' lang='lat' dir='ltr'><strong>consequi</strong></span> <span class='ocrx_word' id='word_1_477' title='bbox 2871 1215 3102 1283; x_wconf 87' lang='lat' dir='ltr'><strong>poterit,</strong></span> <span class='ocrx_word' id='word_1_478' title='bbox 3137 1211 3409 1271; x_wconf 77' lang='lat' dir='ltr'><strong>accedere</strong></span> <span class='ocrx_word' id='word_1_479' title='bbox 3462 1235 3696 1274; x_wconf 87' lang='lat' dir='ltr'><strong>recusa-</strong></span> 
     </span>
    </p>
   </div>
   <div class='ocr_carea' id='block_1_74' title="bbox 2041 1282 3694 1358">
    <p class='ocr_par' dir='ltr' id='par_1_74' title="bbox 2041 1282 3694 1358">
     <span class='ocr_line' id='line_1_74' title="bbox 2041 1282 3694 1358; baseline 0.004 -21"><span class='ocrx_word' id='word_1_480' title='bbox 2041 1282 2336 1358; x_wconf 61' lang='lat' dir='ltr'><strong>bunt‘fEt</strong></span> <span class='ocrx_word' id='word_1_481' title='bbox 2368 1284 2425 1337; x_wconf 90' lang='lat' dir='ltr'><strong>id</strong></span> <span class='ocrx_word' id='word_1_482' title='bbox 2455 1284 2690 1353; x_wconf 88' lang='lat' dir='ltr'><strong>quidem</strong></span> <span class='ocrx_word' id='word_1_483' title='bbox 2731 1282 2809 1358; x_wconf 8' lang='lat' dir='ltr'><strong>mut</strong></span> <span class='ocrx_word' id='word_1_484' title='bbox 2855 1282 3098 1355; x_wconf 83' lang='lat' dir='ltr'><strong>paganis</strong></span> <span class='ocrx_word' id='word_1_485' title='bbox 3147 1288 3377 1343; x_wconf 83' lang='lat' dir='ltr'><strong>facilius</strong></span> <span class='ocrx_word' id='word_1_486' title='bbox 3427 1291 3694 1358; x_wconf 88' lang='lat' dir='ltr'><strong>suadeat,</strong></span> 
     </span>
    </p>
   </div>
   <div class='ocr_carea' id='block_1_75' title="bbox 2039 1355 3698 1426">
    <p class='ocr_par' dir='ltr' id='par_1_75' title="bbox 2039 1355 3698 1426">
     <span class='ocr_line' id='line_1_75' title="bbox 2039 1355 3698 1426; baseline 0.004 -16"><span class='ocrx_word' id='word_1_487' title='bbox 2039 1356 2296 1410; x_wconf 87' lang='lat' dir='ltr'><strong>ostendit</strong></span> <span class='ocrx_word' id='word_1_488' title='bbox 2339 1371 2539 1409; x_wconf 87' lang='lat' dir='ltr'><strong>eorum</strong></span> <span class='ocrx_word' id='word_1_489' title='bbox 2593 1355 2981 1426; x_wconf 71' lang='lat' dir='ltr'><strong>presbyteros,</strong></span> <span class='ocrx_word' id='word_1_490' title='bbox 3013 1358 3056 1412; x_wconf 80' lang='lat'><strong>5</strong></span> <span class='ocrx_word' id='word_1_491' title='bbox 3093 1359 3331 1414; x_wconf 89' lang='lat' dir='ltr'><strong>sordida</strong></span> <span class='ocrx_word' id='word_1_492' title='bbox 3378 1369 3534 1416; x_wconf 87' lang='lat' dir='ltr'><strong>veste</strong></span> <span class='ocrx_word' id='word_1_493' title='bbox 3584 1355 3698 1418; x_wconf 81' lang='lat' dir='ltr'><strong>diis</strong></span> 
     </span>
    </p>
   </div>
   <div class='ocr_carea' id='block_1_76' title="bbox 2039 1426 3694 1501">
    <p class='ocr_par' dir='ltr' id='par_1_76' title="bbox 2039 1426 3694 1501">
     <span class='ocr_line' id='line_1_76' title="bbox 2039 1426 3694 1501; baseline 0.005 -22"><span class='ocrx_word' id='word_1_494' title='bbox 2039 1426 2460 1501; x_wconf 76' lang='lat' dir='ltr'><strong>sacrificantes,</strong></span> <span class='ocrx_word' id='word_1_495' title='bbox 2497 1426 2676 1480; x_wconf 91' lang='lat' dir='ltr'><strong>videri</strong></span> <span class='ocrx_word' id='word_1_496' title='bbox 2697 1427 2853 1501; x_wconf 89' lang='lat' dir='ltr'><strong>_deos</strong></span> <span class='ocrx_word' id='word_1_497' title='bbox 2886 1427 3082 1501; x_wconf 85' lang='lat' dir='ltr'><strong>potius</strong></span> <span class='ocrx_word' id='word_1_498' title='bbox 3115 1428 3334 1501; x_wconf 87' lang='lat' dir='ltr'><strong>lugere,</strong></span> <span class='ocrx_word' id='word_1_499' title='bbox 3369 1448 3546 1501; x_wconf 90' lang='lat' dir='ltr'><strong>quam</strong></span> <span class='ocrx_word' id='word_1_500' title='bbox 3594 1450 3694 1488; x_wconf 90' lang='lat' dir='ltr'><strong>co-</strong></span> 
     </span>
    </p>
   </div>
   <div class='ocr_carea' id='block_1_77' title="bbox 2039 1497 3698 1573">
    <p class='ocr_par' dir='ltr' id='par_1_77' title="bbox 2039 1497 3698 1573">
     <span class='ocr_line' id='line_1_77' title="bbox 2039 1497 3698 1573; baseline 0.005 -22"><span class='ocrx_word' id='word_1_501' title='bbox 2039 1497 2189 1573; x_wconf 85' lang='lat' dir='ltr'><strong>lere;</strong></span> <span class='ocrx_word' id='word_1_502' title='bbox 2214 1503 2268 1551; x_wconf 88' lang='lat' dir='ltr'><strong>et</strong></span> <span class='ocrx_word' id='word_1_503' title='bbox 2291 1497 2522 1573; x_wconf 83' lang='lat' dir='ltr'><strong>illorum</strong></span> <span class='ocrx_word' id='word_1_504' title='bbox 2549 1497 2814 1567; x_wconf 90' lang='lat' dir='ltr'><strong>sepulcra</strong></span> <span class='ocrx_word' id='word_1_505' title='bbox 2836 1497 3034 1573; x_wconf 84' lang='lat' dir='ltr'><strong>potius</strong></span> <span class='ocrx_word' id='word_1_506' title='bbox 3062 1497 3322 1556; x_wconf 79' lang='lat' dir='ltr'><strong>indicare</strong></span> <span class='ocrx_word' id='word_1_507' title='bbox 3345 1497 3523 1573; x_wconf 76' lang='lat' dir='ltr'><strong>quam</strong></span> <span class='ocrx_word' id='word_1_508' title='bbox 3549 1510 3698 1559; x_wconf 90' lang='lat' dir='ltr'><strong>tem-</strong></span> 
     </span>
    </p>
   </div>
   <div class='ocr_carea' id='block_1_78' title="bbox 2041 1569 3700 1646">
    <p class='ocr_par' dir='ltr' id='par_1_78' title="bbox 2041 1569 3700 1646">
     <span class='ocr_line' id='line_1_78' title="bbox 2041 1569 3700 1646; baseline 0.005 -25"><span class='ocrx_word' id='word_1_509' title='bbox 2041 1570 2150 1646; x_wconf 52' lang='lat' dir='ltr'><strong>pla</strong></span> <span class='ocrx_word' id='word_1_510' title='bbox 2171 1569 2456 1646; x_wconf 50' lang='lat' dir='ltr'><strong>venerari,</strong></span> <span class='ocrx_word' id='word_1_511' title='bbox 2481 1574 2842 1646; x_wconf 78' lang='lat' dir='ltr'><strong>Quapropter</strong></span> <span class='ocrx_word' id='word_1_512' title='bbox 2872 1571 3104 1646; x_wconf 82' lang='lat' dir='ltr'><strong>eosdem</strong></span> <span class='ocrx_word' id='word_1_513' title='bbox 3141 1569 3393 1646; x_wconf 58' lang='lat' dir='ltr'><strong>gentiles</strong></span> <span class='ocrx_word' id='word_1_514' title='bbox 3418 1580 3481 1629; x_wconf 88' lang='lat' dir='ltr'><strong>ut</strong></span> <span class='ocrx_word' id='word_1_515' title='bbox 3505 1577 3700 1646; x_wconf 88' lang='lat' dir='ltr'><strong>priora</strong></span> 
     </span>
    </p>
   </div>
   <div class='ocr_carea' id='block_1_79' title="bbox 2041 1639 3698 1711">
    <p class='ocr_par' dir='ltr' id='par_1_79' title="bbox 2041 1639 3698 1711">
     <span class='ocr_line' id='line_1_79' title="bbox 2041 1639 3698 1711; baseline 0.005 -18"><span class='ocrx_word' id='word_1_516' title='bbox 2041 1640 2257 1693; x_wconf 88' lang='lat' dir='ltr'><strong>delicta</strong></span> <span class='ocrx_word' id='word_1_517' title='bbox 2308 1639 2639 1711; x_wconf 75' lang='lat' dir='ltr'><strong>paenitendo</strong></span> <span class='ocrx_word' id='word_1_518' title='bbox 2687 1643 2982 1711; x_wconf 87' lang='lat' dir='ltr'><strong>currigant</strong></span> <span class='ocrx_word' id='word_1_519' title='bbox 3027 1643 3094 1707; x_wconf 76' lang='lat'><strong>3‘,</strong></span> <span class='ocrx_word' id='word_1_520' title='bbox 3125 1639 3182 1697; x_wconf 80' lang='lat' dir='ltr'><strong>et</strong></span> <span class='ocrx_word' id='word_1_521' title='bbox 3233 1645 3304 1698; x_wconf 90' lang='lat' dir='ltr'><strong>ad</strong></span> <span class='ocrx_word' id='word_1_522' title='bbox 3352 1645 3454 1700; x_wconf 90' lang='lat' dir='ltr'><strong>Dei</strong></span> <span class='ocrx_word' id='word_1_523' title='bbox 3497 1639 3698 1702; x_wconf 83' lang='lat' dir='ltr'><strong>confu-</strong></span> 
     </span>
    </p>
   </div>
   <div class='ocr_carea' id='block_1_80' title="bbox 2040 1710 3704 1788">
    <p class='ocr_par' dir='ltr' id='par_1_80' title="bbox 2040 1710 3704 1788">
     <span class='ocr_line' id='line_1_80' title="bbox 2040 1710 3704 1788; baseline 0.004 -23"><span class='ocrx_word' id='word_1_524' title='bbox 2040 1713 2206 1788; x_wconf 61' lang='lat' dir='ltr'><strong>giant</strong></span> <span class='ocrx_word' id='word_1_525' title='bbox 2241 1710 2729 1788; x_wconf 76' lang='lat' dir='ltr'><strong>misericordiam,</strong></span> <span class='ocrx_word' id='word_1_526' title='bbox 2751 1710 2862 1766; x_wconf 91' lang='lat' dir='ltr'><strong>non</strong></span> <span class='ocrx_word' id='word_1_527' title='bbox 2891 1713 3016 1766; x_wconf 87' lang='lat' dir='ltr'><strong>sine</strong></span> <span class='ocrx_word' id='word_1_528' title='bbox 3040 1713 3394 1784; x_wconf 87' lang='lat' dir='ltr'><strong>quibusdam</strong></span> <span class='ocrx_word' id='word_1_529' title='bbox 3429 1716 3704 1788; x_wconf 90' lang='lat' dir='ltr'><strong>eloquen-</strong></span> 
     </span>
    </p>
   </div>
   <div class='ocr_carea' id='block_1_81' title="bbox 2042 1782 3701 1858">
    <p class='ocr_par' dir='ltr' id='par_1_81' title="bbox 2042 1782 3701 1858">
     <span class='ocr_line' id='line_1_81' title="bbox 2042 1782 3701 1858; baseline 0.005 -22"><span class='ocrx_word' id='word_1_530' title='bbox 2042 1784 2132 1858; x_wconf 74' lang='lat' dir='ltr'><strong>tiae</strong></span> <span class='ocrx_word' id='word_1_531' title='bbox 2165 1782 2428 1838; x_wconf 86' lang='lat' dir='ltr'><strong>ﬂosculis</strong></span> <span class='ocrx_word' id='word_1_532' title='bbox 2460 1782 2673 1858; x_wconf 90' lang='lat' dir='ltr'><strong>it_erum</strong></span> <span class='ocrx_word' id='word_1_533' title='bbox 2709 1789 3006 1853; x_wconf 80' lang='lat' dir='ltr'><strong>provocat,</strong></span> <span class='ocrx_word' id='word_1_534' title='bbox 3039 1782 3341 1856; x_wconf 84' lang='lat' dir='ltr'><strong>Deumque</strong></span> <span class='ocrx_word' id='word_1_535' title='bbox 3375 1782 3570 1858; x_wconf 79' lang='lat' dir='ltr'><strong>ipsum</strong></span> <span class='ocrx_word' id='word_1_536' title='bbox 3603 1806 3701 1844; x_wconf 85' lang='lat' dir='ltr'><strong>eos</strong></span> 
     </span>
    </p>
   </div>
   <div class='ocr_carea' id='block_1_82' title="bbox 2041 1853 3703 1923">
    <p class='ocr_par' dir='ltr' id='par_1_82' title="bbox 2041 1853 3703 1923">
     <span class='ocr_line' id='line_1_82' title="bbox 2041 1853 3703 1923; baseline 0.004 -15"><span class='ocrx_word' id='word_1_537' title='bbox 2041 1854 2467 1923; x_wconf 86' lang='lat' dir='ltr'><strong>alloquentem,</strong></span> <span class='ocrx_word' id='word_1_538' title='bbox 2499 1853 2932 1922; x_wconf 88' lang='lat' dir='ltr'><strong>hortantem,et</strong></span> <span class='ocrx_word' id='word_1_539' title='bbox 2962 1860 3188 1910; x_wconf 61' lang='lat' dir='ltr'><strong>eterna:</strong></span> <span class='ocrx_word' id='word_1_540' title='bbox 3222 1853 3516 1914; x_wconf 72' lang='lat' dir='ltr'><strong>fclicitatis</strong></span> <span class='ocrx_word' id='word_1_541' title='bbox 3549 1863 3703 1915; x_wconf 88' lang='lat' dir='ltr'><strong>bona</strong></span> 
     </span>
    </p>
   </div>
   <div class='ocr_carea' id='block_1_83' title="bbox 2043 1925 3703 1997">
    <p class='ocr_par' dir='ltr' id='par_1_83' title="bbox 2043 1925 3703 1997">
     <span class='ocr_line' id='line_1_83' title="bbox 2043 1925 3703 1997; baseline 0.003 -17"><span class='ocrx_word' id='word_1_542' title='bbox 2043 1925 2126 1980; x_wconf 89' lang='lat' dir='ltr'><strong>eis</strong></span> <span class='ocrx_word' id='word_1_543' title='bbox 2161 1925 2532 1995; x_wconf 83' lang='lat' dir='ltr'><strong>pollicentem</strong></span> <span class='ocrx_word' id='word_1_544' title='bbox 2565 1926 2630 1994; x_wconf 85' lang='grc'><strong>³⁸,</strong></span> <span class='ocrx_word' id='word_1_545' title='bbox 2655 1927 2809 1981; x_wconf 91' lang='lat' dir='ltr'><strong>haud</strong></span> <span class='ocrx_word' id='word_1_546' title='bbox 2835 1927 3200 1997; x_wconf 79' lang='lat' dir='ltr'><strong>ineleganter</strong></span> <span class='ocrx_word' id='word_1_547' title='bbox 3222 1930 3703 1987; x_wconf 87' lang='lat' dir='ltr'><strong>inducit.Auctor</strong></span> 
     </span>
    </p>
   </div>
   <div class='ocr_carea' id='block_1_84' title="bbox 2042 1998 3698 2081">
    <p class='ocr_par' dir='ltr' id='par_1_84' title="bbox 2042 1998 3698 2081">
     <span class='ocr_line' id='line_1_84' title="bbox 2042 1998 3698 2081; baseline 0.004 -31"><span class='ocrx_word' id='word_1_548' title='bbox 2042 1999 2250 2081; x_wconf 39' lang='lat' dir='ltr'><strong>itaque.</strong></span> <span class='ocrx_word' id='word_1_549' title='bbox 2269 2001 2326 2051; x_wconf 90' lang='lat' dir='ltr'><strong>et</strong></span> <span class='ocrx_word' id='word_1_550' title='bbox 2355 1998 2680 2081; x_wconf 37' lang='lat' dir='ltr'><strong>suasori-eis</strong></span> <span class='ocrx_word' id='word_1_551' title='bbox 2710 2005 2818 2079; x_wconf 72' lang='lat' dir='ltr'><strong>est,</strong></span> <span class='ocrx_word' id='word_1_552' title='bbox 2840 1998 3088 2052; x_wconf 91' lang='lat' dir='ltr'><strong>utnulla</strong></span> <span class='ocrx_word' id='word_1_553' title='bbox 3119 2001 3468 2081; x_wconf 81' lang='lat' dir='ltr'><strong>interposita</strong></span> <span class='ocrx_word' id='word_1_554' title='bbox 3495 2002 3698 2058; x_wconf 89' lang='lat' dir='ltr'><strong>incon-</strong></span> 
     </span>
    </p>
   </div>
   <div class='ocr_carea' id='block_1_85' title="bbox 2041 2066 3696 2139">
    <p class='ocr_par' dir='ltr' id='par_1_85' title="bbox 2041 2066 3696 2139">
     <span class='ocr_line' id='line_1_85' title="bbox 2041 2066 3696 2139; baseline 0.004 -17"><span class='ocrx_word' id='word_1_555' title='bbox 2041 2068 2306 2123; x_wconf 65' lang='lat' dir='ltr'><strong>sideratae</strong></span> <span class='ocrx_word' id='word_1_556' title='bbox 2367 2066 2818 2123; x_wconf 88' lang='lat' dir='ltr'><strong>consultationis</strong></span> <span class='ocrx_word' id='word_1_557' title='bbox 2873 2066 3431 2139; x_wconf 83' lang='lat' dir='ltr'><strong>procrastinatione,</strong></span> <span class='ocrx_word' id='word_1_558' title='bbox 3473 2089 3696 2128; x_wconf 87' lang='lat' dir='ltr'><strong>morem</strong></span> 
     </span>
    </p>
   </div>
   <div class='ocr_carea' id='block_1_86' title="bbox 2041 2139 3697 2211">
    <p class='ocr_par' dir='ltr' id='par_1_86' title="bbox 2041 2139 3697 2211">
     <span class='ocr_line' id='line_1_86' title="bbox 2041 2139 3697 2211; baseline 0.004 -18"><span class='ocrx_word' id='word_1_559' title='bbox 2041 2139 2125 2193; x_wconf 89' lang='lat' dir='ltr'><strong>illi</strong></span> <span class='ocrx_word' id='word_1_560' title='bbox 2157 2142 2402 2210; x_wconf 84' lang='lat' dir='ltr'><strong>gerant;</strong></span> <span class='ocrx_word' id='word_1_561' title='bbox 2437 2155 2542 2211; x_wconf 85' lang='lat' dir='ltr'><strong>nec</strong></span> <span class='ocrx_word' id='word_1_562' title='bbox 2573 2140 2812 2194; x_wconf 88' lang='lat' dir='ltr'><strong>audiant</strong></span> <span class='ocrx_word' id='word_1_563' title='bbox 2845 2141 3099 2211; x_wconf 85' lang='lat' dir='ltr'><strong>amplius</strong></span> <span class='ocrx_word' id='word_1_564' title='bbox 3146 2143 3397 2198; x_wconf 84' lang='lat' dir='ltr'><strong>factores</strong></span> <span class='ocrx_word' id='word_1_565' title='bbox 3447 2145 3697 2199; x_wconf 85' lang='lat' dir='ltr'><strong>simula-</strong></span> 
     </span>
    </p>
   </div>
   <div class='ocr_carea' id='block_1_87' title="bbox 2042 2209 3695 2283">
    <p class='ocr_par' dir='ltr' id='par_1_87' title="bbox 2042 2209 3695 2283">
     <span class='ocr_line' id='line_1_87' title="bbox 2042 2209 3695 2283; baseline 0.005 -20"><span class='ocrx_word' id='word_1_566' title='bbox 2042 2209 2295 2283; x_wconf 76' lang='lat' dir='ltr'><strong>crorUm,</strong></span> <span class='ocrx_word' id='word_1_567' title='bbox 2326 2216 2382 2263; x_wconf 91' lang='lat' dir='ltr'><strong>et</strong></span> <span class='ocrx_word' id='word_1_568' title='bbox 2414 2209 2691 2283; x_wconf 75' lang='lat' dir='ltr'><strong>lapidum</strong></span> <span class='ocrx_word' id='word_1_569' title='bbox 2742 2209 3098 2281; x_wconf 85' lang='lat' dir='ltr'><strong>adoratores,</strong></span> <span class='ocrx_word' id='word_1_570' title='bbox 3132 2215 3231 2283; x_wconf 92' lang='lat' dir='ltr'><strong>qui</strong></span> <span class='ocrx_word' id='word_1_571' title='bbox 3298 2215 3695 2270; x_wconf 83' lang='lat' dir='ltr'><strong>Alexandrum</strong></span> 
     </span>
    </p>
   </div>
   <div class='ocr_carea' id='block_1_88' title="bbox 2043 2280 3695 2351">
    <p class='ocr_par' dir='ltr' id='par_1_88' title="bbox 2043 2280 3695 2351">
     <span class='ocr_line' id='line_1_88' title="bbox 2043 2280 3695 2351; baseline 0.004 -15"><span class='ocrx_word' id='word_1_572' title='bbox 2043 2281 2342 2350; x_wconf 86' lang='lat' dir='ltr'><strong>Magnum,</strong></span> <span class='ocrx_word' id='word_1_573' title='bbox 2377 2280 2642 2351; x_wconf 89' lang='lat' dir='ltr'><strong>aliosque</strong></span> <span class='ocrx_word' id='word_1_574' title='bbox 2674 2283 2940 2337; x_wconf 89' lang='lat' dir='ltr'><strong>homines</strong></span> <span class='ocrx_word' id='word_1_575' title='bbox 2981 2284 3038 2337; x_wconf 90' lang='lat' dir='ltr'><strong>in</strong></span> <span class='ocrx_word' id='word_1_576' title='bbox 3086 2280 3330 2340; x_wconf 79' lang='lat' dir='ltr'><strong>deorum</strong></span> <span class='ocrx_word' id='word_1_577' title='bbox 3383 2303 3695 2342; x_wconf 89' lang='lat' dir='ltr'><strong>numerum</strong></span> 
     </span>
    </p>
   </div>
   <div class='ocr_carea' id='block_1_89' title="bbox 2044 2351 3696 2415">
    <p class='ocr_par' dir='ltr' id='par_1_89' title="bbox 2044 2351 3696 2415">
     <span class='ocr_line' id='line_1_89' title="bbox 2044 2351 3696 2415; baseline 0.005 -9"><span class='ocrx_word' id='word_1_578' title='bbox 2044 2359 2258 2407; x_wconf 88' lang='lat' dir='ltr'><strong>relerre</strong></span> <span class='ocrx_word' id='word_1_579' title='bbox 2289 2351 2416 2406; x_wconf 88' lang='lat' dir='ltr'><strong>ausi</strong></span> <span class='ocrx_word' id='word_1_580' title='bbox 2471 2359 2628 2408; x_wconf 90' lang='lat' dir='ltr'><strong>sunt.</strong></span> <span class='ocrx_word' id='word_1_581' title='bbox 2664 2353 2778 2409; x_wconf 88' lang='lat' dir='ltr'><strong>Hos</strong></span> <span class='ocrx_word' id='word_1_582' title='bbox 2829 2353 2985 2408; x_wconf 89' lang='lat' dir='ltr'><strong>enim</strong></span> <span class='ocrx_word' id='word_1_583' title='bbox 3034 2357 3285 2411; x_wconf 73' lang='lat' dir='ltr'><strong>artifices</strong></span> <span class='ocrx_word' id='word_1_584' title='bbox 3335 2363 3391 2412; x_wconf 89' lang='lat' dir='ltr'><strong>et</strong></span> <span class='ocrx_word' id='word_1_585' title='bbox 3440 2360 3696 2415; x_wconf 90' lang='lat' dir='ltr'><strong>cultores</strong></span> 
     </span>
    </p>
   </div>
   <div class='ocr_carea' id='block_1_90' title="bbox 2042 2423 3696 2500">
    <p class='ocr_par' dir='ltr' id='par_1_90' title="bbox 2042 2423 3696 2500">
     <span class='ocr_line' id='line_1_90' title="bbox 2042 2423 3696 2500; baseline 0.003 -21"><span class='ocrx_word' id='word_1_586' title='bbox 2042 2424 2490 2500; x_wconf 82' lang='lat' dir='ltr'><strong>simulacrorum</strong></span> <span class='ocrx_word' id='word_1_587' title='bbox 2525 2423 2954 2500; x_wconf 75' lang='lat' dir='ltr'><strong>iniquissimos,</strong></span> <span class='ocrx_word' id='word_1_588' title='bbox 2974 2431 3030 2480; x_wconf 88' lang='lat' dir='ltr'><strong>et</strong></span> <span class='ocrx_word' id='word_1_589' title='bbox 3052 2428 3314 2500; x_wconf 65' lang='lat' dir='ltr'><strong>daemone</strong></span> <span class='ocrx_word' id='word_1_590' title='bbox 3347 2429 3472 2500; x_wconf 89' lang='lat' dir='ltr'><strong>ipso</strong></span> <span class='ocrx_word' id='word_1_591' title='bbox 3504 2431 3696 2484; x_wconf 87' lang='lat' dir='ltr'><strong>infeli-</strong></span> 
     </span>
    </p>
   </div>
   <div class='ocr_carea' id='block_1_91' title="bbox 2043 2496 3696 2557">
    <p class='ocr_par' dir='ltr' id='par_1_91' title="bbox 2043 2496 3696 2557">
     <span class='ocr_line' id='line_1_91' title="bbox 2043 2496 3696 2557; baseline 0.005 -9"><span class='ocrx_word' id='word_1_592' title='bbox 2043 2497 2228 2550; x_wconf 90' lang='lat' dir='ltr'><strong>cioros</strong></span> <span class='ocrx_word' id='word_1_593' title='bbox 2273 2511 2400 2550; x_wconf 90' lang='lat' dir='ltr'><strong>esse</strong></span> <span class='ocrx_word' id='word_1_594' title='bbox 2457 2497 2733 2550; x_wconf 89' lang='lat' dir='ltr'><strong>ostendit.</strong></span> <span class='ocrx_word' id='word_1_595' title='bbox 2779 2496 2952 2550; x_wconf 85' lang='lat' dir='ltr'><strong>Nulla</strong></span> <span class='ocrx_word' id='word_1_596' title='bbox 2999 2499 3292 2553; x_wconf 84' lang='lat' dir='ltr'><strong>enimvero</strong></span> <span class='ocrx_word' id='word_1_597' title='bbox 3342 2496 3696 2557; x_wconf 65' lang='lat' dir='ltr'><strong>perversitas</strong></span> 
     </span>
    </p>
   </div>
   <div class='ocr_carea' id='block_1_92' title="bbox 2044 2568 3691 2641">
    <p class='ocr_par' dir='ltr' id='par_1_92' title="bbox 2044 2568 3691 2641">
     <span class='ocr_line' id='line_1_92' title="bbox 2044 2568 3691 2641; baseline 0.005 -21"><span class='ocrx_word' id='word_1_598' title='bbox 2044 2571 2234 2641; x_wconf 83' lang='lat' dir='ltr'><strong>potest</strong></span> <span class='ocrx_word' id='word_1_599' title='bbox 2279 2582 2420 2641; x_wconf 79' lang='lat' dir='ltr'><strong>esse</strong></span> <span class='ocrx_word' id='word_1_600' title='bbox 2447 2568 2664 2641; x_wconf 81' lang='lat' dir='ltr'><strong>major,</strong></span> <span class='ocrx_word' id='word_1_601' title='bbox 2699 2583 2874 2641; x_wconf 83' lang='lat' dir='ltr'><strong>quam</strong></span> <span class='ocrx_word' id='word_1_602' title='bbox 2907 2584 3107 2623; x_wconf 90' lang='lat' dir='ltr'><strong>eorum</strong></span> <span class='ocrx_word' id='word_1_603' title='bbox 3143 2570 3244 2640; x_wconf 91' lang='lat' dir='ltr'><strong>qui</strong></span> <span class='ocrx_word' id='word_1_604' title='bbox 3277 2568 3477 2626; x_wconf 85' lang='lat' dir='ltr'><strong>colunt</strong></span> <span class='ocrx_word' id='word_1_605' title='bbox 3512 2572 3691 2641; x_wconf 91' lang='lat' dir='ltr'><strong>idola,</strong></span> 
     </span>
    </p>
   </div>
   <div class='ocr_carea' id='block_1_93' title="bbox 2041 2637 3690 2713">
    <p class='ocr_par' dir='ltr' id='par_1_93' title="bbox 2041 2637 3690 2713">
     <span class='ocr_line' id='line_1_93' title="bbox 2041 2637 3690 2713; baseline 0.005 -23"><span class='ocrx_word' id='word_1_606' title='bbox 2041 2639 2272 2707; x_wconf 85' lang='lat' dir='ltr'><strong>quando</strong></span> <span class='ocrx_word' id='word_1_607' title='bbox 2323 2637 2560 2713; x_wconf 81' lang='lat' dir='ltr'><strong>quidem</strong></span> <span class='ocrx_word' id='word_1_608' title='bbox 2614 2638 2826 2713; x_wconf 74' lang='lat' dir='ltr'><strong>nullus</strong></span> <span class='ocrx_word' id='word_1_609' title='bbox 2861 2641 3064 2713; x_wconf 84' lang='lat' dir='ltr'><strong>artifex</strong></span> <span class='ocrx_word' id='word_1_610' title='bbox 3093 2637 3380 2713; x_wconf 36' lang='lat' dir='ltr'><strong>3&quot;(neque</strong></span> <span class='ocrx_word' id='word_1_611' title='bbox 3428 2637 3690 2713; x_wconf 79' lang='lat' dir='ltr'><strong>Phidias,</strong></span> 
     </span>
    </p>
   </div>
   <div class='ocr_carea' id='block_1_94' title="bbox 2042 2708 3692 2788">
    <p class='ocr_par' dir='ltr' id='par_1_94' title="bbox 2042 2708 3692 2788">
     <span class='ocr_line' id='line_1_94' title="bbox 2042 2708 3692 2788; baseline 0.004 -25"><span class='ocrx_word' id='word_1_612' title='bbox 2042 2727 2232 2788; x_wconf 77' lang='lat' dir='ltr'><strong>neque</strong></span> <span class='ocrx_word' id='word_1_613' title='bbox 2265 2716 2306 2760; x_wconf 80' lang='grc' dir='ltr'>Α</span> <span class='ocrx_word' id='word_1_614' title='bbox 2321 2708 2516 2788; x_wconf 81' lang='lat' dir='ltr'><strong>pelles,</strong></span> <span class='ocrx_word' id='word_1_615' title='bbox 2547 2725 2736 2788; x_wconf 83' lang='lat' dir='ltr'><strong>neque</strong></span> <span class='ocrx_word' id='word_1_616' title='bbox 2750 2709 2906 2788; x_wconf 74' lang='lat' dir='ltr'><strong>ullus</strong></span> <span class='ocrx_word' id='word_1_617' title='bbox 2925 2708 3412 2788; x_wconf 51' lang='lat' dir='ltr'><strong>aliusspiran&#39;tem</strong></span> <span class='ocrx_word' id='word_1_618' title='bbox 3429 2708 3692 2788; x_wconf 84' lang='lat' dir='ltr'><strong>unquam</strong></span> 
     </span>
    </p>
   </div>
   <div class='ocr_carea' id='block_1_95' title="bbox 2042 2780 3696 2851">
    <p class='ocr_par' dir='ltr' id='par_1_95' title="bbox 2042 2780 3696 2851">
     <span class='ocr_line' id='line_1_95' title="bbox 2042 2780 3696 2851; baseline 0.005 -18"><span class='ocrx_word' id='word_1_619' title='bbox 2042 2780 2359 2851; x_wconf 86' lang='lat' dir='ltr'><strong>imaginem</strong></span> <span class='ocrx_word' id='word_1_620' title='bbox 2396 2780 2480 2834; x_wconf 88' lang='lat' dir='ltr'><strong>vel</strong></span> <span class='ocrx_word' id='word_1_621' title='bbox 2517 2785 2772 2834; x_wconf 89' lang='lat' dir='ltr'><strong>statuam</strong></span> <span class='ocrx_word' id='word_1_622' title='bbox 2810 2781 3029 2836; x_wconf 83' lang='lat' dir='ltr'><strong>fecerit.</strong></span> <span class='ocrx_word' id='word_1_623' title='bbox 3065 2780 3139 2837; x_wconf 79' lang='lat' dir='ltr'><strong>At</strong></span> <span class='ocrx_word' id='word_1_624' title='bbox 3166 2801 3297 2838; x_wconf 91' lang='lat' dir='ltr'><strong>cum</strong></span> <span class='ocrx_word' id='word_1_625' title='bbox 3333 2780 3696 2842; x_wconf 62' lang='lat' dir='ltr'><strong>solum&#39;Ver-</strong></span> 
     </span>
    </p>
   </div>
   <div class='ocr_carea' id='block_1_96' title="bbox 2041 2851 3698 2930">
    <p class='ocr_par' dir='ltr' id='par_1_96' title="bbox 2041 2851 3698 2930">
     <span class='ocr_line' id='line_1_96' title="bbox 2041 2851 3698 2930; baseline 0.005 -25"><span class='ocrx_word' id='word_1_626' title='bbox 2041 2851 2179 2930; x_wconf 76' lang='lat' dir='ltr'><strong>bum</strong></span> <span class='ocrx_word' id='word_1_627' title='bbox 2215 2851 2724 2930; x_wconf 30' lang='lat' dir='ltr'><strong>divinu-mhFilius</strong></span> <span class='ocrx_word' id='word_1_628' title='bbox 2747 2852 2870 2930; x_wconf 75' lang='lat' dir='ltr'><strong>Dei,</strong></span> <span class='ocrx_word' id='word_1_629' title='bbox 2893 2858 3105 2930; x_wconf 83' lang='lat' dir='ltr'><strong>et_vera</strong></span> <span class='ocrx_word' id='word_1_630' title='bbox 3136 2854 3233 2909; x_wconf 90' lang='lat' dir='ltr'><strong>Dei</strong></span> <span class='ocrx_word' id='word_1_631' title='bbox 3270 2856 3698 2930; x_wconf 16' lang='lat' dir='ltr'><strong>Patrislimago,</strong></span> 
     </span>
    </p>
   </div>
   <div class='ocr_carea' id='block_1_97' title="bbox 2039 2922 3699 2997">
    <p class='ocr_par' dir='ltr' id='par_1_97' title="bbox 2039 2922 3699 2997">
     <span class='ocr_line' id='line_1_97' title="bbox 2039 2922 3699 2997; baseline 0.005 -22"><span class='ocrx_word' id='word_1_632' title='bbox 2039 2923 2225 2997; x_wconf 89' lang='lat' dir='ltr'><strong>vivam</strong></span> <span class='ocrx_word' id='word_1_633' title='bbox 2278 2923 2366 2976; x_wconf 89' lang='lat' dir='ltr'><strong>sui</strong></span> <span class='ocrx_word' id='word_1_634' title='bbox 2411 2923 2466 2977; x_wconf 93' lang='lat' dir='ltr'><strong>in</strong></span> <span class='ocrx_word' id='word_1_635' title='bbox 2506 2922 2753 2997; x_wconf 81' lang='lat' dir='ltr'><strong>homine</strong></span> <span class='ocrx_word' id='word_1_636' title='bbox 2786 2924 3102 2995; x_wconf 82' lang='lat' dir='ltr'><strong>imaginem</strong></span> <span class='ocrx_word' id='word_1_637' title='bbox 3156 2928 3529 2997; x_wconf 86' lang='lat' dir='ltr'><strong>expresserit,</strong></span> <span class='ocrx_word' id='word_1_638' title='bbox 3563 2922 3699 2984; x_wconf 67' lang='lat' dir='ltr'><strong>hinc</strong></span> 
     </span>
    </p>
   </div>
   <div class='ocr_carea' id='block_1_98' title="bbox 2041 2993 3705 3070">
    <p class='ocr_par' dir='ltr' id='par_1_98' title="bbox 2041 2993 3705 3070">
     <span class='ocr_line' id='line_1_98' title="bbox 2041 2993 3705 3070; baseline 0.005 -23"><span class='ocrx_word' id='word_1_639' title='bbox 2041 2994 2237 3070; x_wconf 81' lang='lat' dir='ltr'><strong>arguit</strong></span> <span class='ocrx_word' id='word_1_640' title='bbox 2266 3010 2399 3070; x_wconf 88' lang='lat' dir='ltr'><strong>eum</strong></span> <span class='ocrx_word' id='word_1_641' title='bbox 2435 2993 2622 3070; x_wconf 81' lang='lat' dir='ltr'><strong>solum</strong></span> <span class='ocrx_word' id='word_1_642' title='bbox 2651 2993 3413 3070; x_wconf 74' lang='lat' dir='ltr'><strong>adorandum,pravanique</strong></span> <span class='ocrx_word' id='word_1_643' title='bbox 3434 3001 3586 3055; x_wconf 88' lang='lat' dir='ltr'><strong>idola</strong></span> <span class='ocrx_word' id='word_1_644' title='bbox 3605 3018 3705 3055; x_wconf 92' lang='lat' dir='ltr'><strong>co-</strong></span> 
     </span>
    </p>
   </div>
   <div class='ocr_carea' id='block_1_99' title="bbox 2050 3065 3704 3142">
    <p class='ocr_par' dir='ltr' id='par_1_99' title="bbox 2050 3065 3704 3142">
     <span class='ocr_line' id='line_1_99' title="bbox 2050 3065 3704 3142; baseline 0.005 -24"><span class='ocrx_word' id='word_1_645' title='bbox 2050 3065 2204 3142; x_wconf 76' lang='lat' dir='ltr'><strong>lendi</strong></span> <span class='ocrx_word' id='word_1_646' title='bbox 2237 3073 2290 3119; x_wconf 90' lang='lat' dir='ltr'><strong>et</strong></span> <span class='ocrx_word' id='word_1_647' title='bbox 2323 3065 2603 3142; x_wconf 77' lang='lat' dir='ltr'><strong>adorandi</strong></span> <span class='ocrx_word' id='word_1_648' title='bbox 2656 3065 3152 3142; x_wconf 10' lang='lat' dir='ltr'><strong>consuetudinem?</strong></span> <span class='ocrx_word' id='word_1_649' title='bbox 3181 3065 3375 3142; x_wconf 83' lang='lat' dir='ltr'><strong>sacris</strong></span> <span class='ocrx_word' id='word_1_650' title='bbox 3422 3073 3704 3142; x_wconf 90' lang='lat' dir='ltr'><strong>baptismi</strong></span> 
     </span>
    </p>
   </div>
   <div class='ocr_carea' id='block_1_100' title="bbox 2052 3136 3703 3214">
    <p class='ocr_par' dir='ltr' id='par_1_100' title="bbox 2052 3136 3703 3214">
     <span class='ocr_line' id='line_1_100' title="bbox 2052 3136 3703 3214; baseline 0.004 -23"><span class='ocrx_word' id='word_1_651' title='bbox 2052 3138 2226 3214; x_wconf 79' lang='lat' dir='ltr'><strong>undis</strong></span> <span class='ocrx_word' id='word_1_652' title='bbox 2258 3151 2393 3214; x_wconf 35' lang='lat' dir='ltr'><strong>esse.</strong></span> <span class='ocrx_word' id='word_1_653' title='bbox 2415 3136 2833 3214; x_wconf 73' lang='lat' dir='ltr'><strong>sepeliendam.</strong></span> <span class='ocrx_word' id='word_1_654' title='bbox 2868 3139 3020 3214; x_wconf 68' lang='lat' dir='ltr'><strong>Etid</strong></span> <span class='ocrx_word' id='word_1_655' title='bbox 3045 3141 3292 3214; x_wconf 78' lang='lat' dir='ltr'><strong>quidem</strong></span> <span class='ocrx_word' id='word_1_656' title='bbox 3349 3136 3558 3214; x_wconf 76' lang='lat' dir='ltr'><strong>pagani</strong></span> <span class='ocrx_word' id='word_1_657' title='bbox 3587 3145 3703 3200; x_wconf 89' lang='lat' dir='ltr'><strong>nisi</strong></span> 
     </span>
    </p>
   </div>
   <div class='ocr_carea' id='block_1_101' title="bbox 2047 3208 3701 3277">
    <p class='ocr_par' dir='ltr' id='par_1_101' title="bbox 2047 3208 3701 3277">
     <span class='ocr_line' id='line_1_101' title="bbox 2047 3208 3701 3277; baseline 0.004 -13"><span class='ocrx_word' id='word_1_658' title='bbox 2047 3209 2163 3264; x_wconf 90' lang='lat' dir='ltr'><strong>cito</strong></span> <span class='ocrx_word' id='word_1_659' title='bbox 2197 3208 2504 3277; x_wconf 85' lang='lat' dir='ltr'><strong>perﬁciant</strong></span> <span class='ocrx_word' id='word_1_660' title='bbox 2535 3209 2598 3270; x_wconf 84' lang='grc'><strong>³⁷,</strong></span> <span class='ocrx_word' id='word_1_661' title='bbox 2634 3224 2697 3261; x_wconf 92' lang='lat' dir='ltr'><strong>ac</strong></span> <span class='ocrx_word' id='word_1_662' title='bbox 2731 3209 2884 3262; x_wconf 92' lang='lat' dir='ltr'><strong>sicut</strong></span> <span class='ocrx_word' id='word_1_663' title='bbox 2923 3208 3189 3263; x_wconf 68' lang='lat' dir='ltr'><strong>Ninivitac</strong></span> <span class='ocrx_word' id='word_1_664' title='bbox 3243 3208 3522 3267; x_wconf 64' lang='lat' dir='ltr'><strong>anteacta;</strong></span> <span class='ocrx_word' id='word_1_665' title='bbox 3568 3215 3701 3270; x_wconf 63' lang='lat' dir='ltr'><strong>vitm</strong></span> 
     </span>
    </p>
   </div>
   <div class='ocr_carea' id='block_1_102' title="bbox 2048 3280 3702 3352">
    <p class='ocr_par' dir='ltr' id='par_1_102' title="bbox 2048 3280 3702 3352">
     <span class='ocr_line' id='line_1_102' title="bbox 2048 3280 3702 3352; baseline 0.004 -19"><span class='ocrx_word' id='word_1_666' title='bbox 2048 3280 2467 3348; x_wconf 79' lang='lat' dir='ltr'><strong>pmniieant,eo</strong></span> <span class='ocrx_word' id='word_1_667' title='bbox 2489 3280 2689 3352; x_wconf 71' lang='lat' dir='ltr'><strong>minus</strong></span> <span class='ocrx_word' id='word_1_668' title='bbox 2720 3281 2886 3332; x_wconf 88' lang='lat' dir='ltr'><strong>venia</strong></span> <span class='ocrx_word' id='word_1_669' title='bbox 2917 3282 3078 3349; x_wconf 87' lang='lat' dir='ltr'><strong>digni</strong></span> <span class='ocrx_word' id='word_1_670' title='bbox 3111 3288 3434 3352; x_wconf 83' lang='lat' dir='ltr'><strong>erunt.quo</strong></span> <span class='ocrx_word' id='word_1_671' title='bbox 3469 3284 3702 3340; x_wconf 87' lang='lat' dir='ltr'><strong>facilius</strong></span> 
     </span>
    </p>
   </div>
   <div class='ocr_carea' id='block_1_103' title="bbox 2048 3350 3700 3425">
    <p class='ocr_par' dir='ltr' id='par_1_103' title="bbox 2048 3350 3700 3425">
     <span class='ocr_line' id='line_1_103' title="bbox 2048 3350 3700 3425; baseline 0.003 -22"><span class='ocrx_word' id='word_1_672' title='bbox 2048 3356 2370 3425; x_wconf 84' lang='lat' dir='ltr'><strong>potuerunt</strong></span> <span class='ocrx_word' id='word_1_673' title='bbox 2396 3355 2452 3403; x_wconf 91' lang='lat' dir='ltr'><strong>et</strong></span> <span class='ocrx_word' id='word_1_674' title='bbox 2487 3350 2669 3425; x_wconf 83' lang='lat' dir='ltr'><strong>Deum</strong></span> <span class='ocrx_word' id='word_1_675' title='bbox 2703 3366 3074 3419; x_wconf 87' lang='lat' dir='ltr'><strong>cognoscere,</strong></span> <span class='ocrx_word' id='word_1_676' title='bbox 3108 3350 3410 3425; x_wconf 74' lang='lat' dir='ltr'><strong>et_veram</strong></span> <span class='ocrx_word' id='word_1_677' title='bbox 3465 3355 3700 3425; x_wconf 86' lang='lat' dir='ltr'><strong>religio—</strong></span> 
     </span>
    </p>
   </div>
   <div class='ocr_carea' id='block_1_104' title="bbox 2049 3421 3701 3490">
    <p class='ocr_par' dir='ltr' id='par_1_104' title="bbox 2049 3421 3701 3490">
     <span class='ocr_line' id='line_1_104' title="bbox 2049 3421 3701 3490; baseline 0.003 -15"><span class='ocrx_word' id='word_1_678' title='bbox 2049 3437 2181 3475; x_wconf 88' lang='lat' dir='ltr'><strong>nem</strong></span> <span class='ocrx_word' id='word_1_679' title='bbox 2217 3421 2556 3490; x_wconf 86' lang='lat' dir='ltr'><strong>amplexari.</strong></span> <span class='ocrx_word' id='word_1_680' title='bbox 2594 3422 2875 3483; x_wconf 77' lang='lat' dir='ltr'><strong>Quocirca</strong></span> <span class='ocrx_word' id='word_1_681' title='bbox 2907 3438 3005 3476; x_wconf 90' lang='lat' dir='ltr'><strong>eos</strong></span> <span class='ocrx_word' id='word_1_682' title='bbox 3035 3422 3236 3476; x_wconf 83' lang='lat' dir='ltr'><strong>sedulo</strong></span> <span class='ocrx_word' id='word_1_683' title='bbox 3272 3431 3486 3488; x_wconf 89' lang='lat' dir='ltr'><strong>monet,</strong></span> <span class='ocrx_word' id='word_1_684' title='bbox 3522 3421 3608 3490; x_wconf 64' lang='lat' dir='ltr'><strong>ut,</strong></span> <span class='ocrx_word' id='word_1_685' title='bbox 3629 3428 3701 3481; x_wconf 89' lang='lat' dir='ltr'><strong>ad</strong></span> 
     </span>
    </p>
   </div>
   <div class='ocr_carea' id='block_1_105' title="bbox 2049 3491 3700 3567">
    <p class='ocr_par' dir='ltr' id='par_1_105' title="bbox 2049 3491 3700 3567">
     <span class='ocr_line' id='line_1_105' title="bbox 2049 3491 3700 3567; baseline 0.004 -21"><span class='ocrx_word' id='word_1_686' title='bbox 2049 3494 2283 3567; x_wconf 76' lang='lat' dir='ltr'><strong>saniora</strong></span> <span class='ocrx_word' id='word_1_687' title='bbox 2316 3491 2732 3567; x_wconf 85' lang='lat' dir='ltr'><strong>redeuntes,_in</strong></span> <span class='ocrx_word' id='word_1_688' title='bbox 2763 3491 2921 3567; x_wconf 85' lang='lat' dir='ltr'><strong>idola</strong></span> <span class='ocrx_word' id='word_1_689' title='bbox 2954 3509 3082 3567; x_wconf 75' lang='lat' dir='ltr'><strong>qua:</strong></span> <span class='ocrx_word' id='word_1_690' title='bbox 3115 3493 3284 3567; x_wconf 82' lang='lat' dir='ltr'><strong>nihil</strong></span> <span class='ocrx_word' id='word_1_691' title='bbox 3311 3495 3468 3550; x_wconf 87' lang='lat' dir='ltr'><strong>aliud</strong></span> <span class='ocrx_word' id='word_1_692' title='bbox 3524 3513 3700 3567; x_wconf 86' lang='lat' dir='ltr'><strong>quam</strong></span> 
     </span>
    </p>
   </div>
   <div class='ocr_carea' id='block_1_106' title="bbox 2052 3563 3692 3638">
    <p class='ocr_par' dir='ltr' id='par_1_106' title="bbox 2052 3563 3692 3638">
     <span class='ocr_line' id='line_1_106' title="bbox 2052 3563 3692 3638; baseline 0.004 -21"><span class='ocrx_word' id='word_1_693' title='bbox 2052 3563 2274 3634; x_wconf 81' lang='lat' dir='ltr'><strong>lapides</strong></span> <span class='ocrx_word' id='word_1_694' title='bbox 2307 3568 2467 3627; x_wconf 89' lang='lat' dir='ltr'><strong>sunt,</strong></span> <span class='ocrx_word' id='word_1_695' title='bbox 2501 3563 2907 3638; x_wconf 16' lang='lat' dir='ltr'><strong>excoleridalet</strong></span> <span class='ocrx_word' id='word_1_696' title='bbox 2939 3565 3234 3638; x_wconf 78' lang='lat' dir='ltr'><strong>adoranda</strong></span> <span class='ocrx_word' id='word_1_697' title='bbox 3268 3563 3596 3638; x_wconf 76' lang='lat' dir='ltr'><strong>facultates,</strong></span> <span class='ocrx_word' id='word_1_698' title='bbox 3619 3569 3692 3624; x_wconf 77' lang='lat' dir='ltr'><strong>vi~</strong></span> 
     </span>
    </p>
   </div>
   <div class='ocr_carea' id='block_1_107' title="bbox 2047 3635 3280 3705">
    <p class='ocr_par' dir='ltr' id='par_1_107' title="bbox 2047 3635 3280 3705">
     <span class='ocr_line' id='line_1_107' title="bbox 2047 3635 3280 3705; baseline 0.003 -17"><span class='ocrx_word' id='word_1_699' title='bbox 2047 3641 2287 3705; x_wconf 87' lang='lat' dir='ltr'><strong>tamque</strong></span> <span class='ocrx_word' id='word_1_700' title='bbox 2320 3651 2484 3688; x_wconf 90' lang='lat' dir='ltr'><strong>suam</strong></span> <span class='ocrx_word' id='word_1_701' title='bbox 2518 3651 2630 3689; x_wconf 92' lang='lat' dir='ltr'><strong>non</strong></span> <span class='ocrx_word' id='word_1_702' title='bbox 2666 3635 2920 3704; x_wconf 86' lang='lat' dir='ltr'><strong>amplius</strong></span> <span class='ocrx_word' id='word_1_703' title='bbox 2952 3636 3280 3692; x_wconf 85' lang='lat' dir='ltr'><strong>insumant.</strong></span> 
     </span>
    </p>
   </div>
   <div class='ocr_carea' id='block_1_108' title="bbox 2119 3705 3704 3784">
    <p class='ocr_par' dir='ltr' id='par_1_108' title="bbox 2119 3705 3704 3784">
     <span class='ocr_line' id='line_1_108' title="bbox 2119 3705 3704 3784; baseline 0.006 -26"><span class='ocrx_word' id='word_1_704' title='bbox 2119 3705 2290 3759; x_wconf 91' lang='lat' dir='ltr'><strong>Nulla</strong></span> <span class='ocrx_word' id='word_1_705' title='bbox 2319 3705 2533 3784; x_wconf 83' lang='lat' dir='ltr'><strong>quippe</strong></span> <span class='ocrx_word' id='word_1_706' title='bbox 2565 3715 2807 3784; x_wconf 82' lang='lat' dir='ltr'><strong>deorum</strong></span> <span class='ocrx_word' id='word_1_707' title='bbox 2842 3707 3158 3784; x_wconf 80' lang='lat' dir='ltr'><strong>simulacra</strong></span> <span class='ocrx_word' id='word_1_708' title='bbox 3185 3711 3704 3784; x_wconf 81' lang='lat' dir='ltr'><strong>etel&#39;tigies,neque</strong></span> 
     </span>
    </p>
   </div>
   <div class='ocr_carea' id='block_1_109' title="bbox 2047 3777 3704 3854">
    <p class='ocr_par' dir='ltr' id='par_1_109' title="bbox 2047 3777 3704 3854">
     <span class='ocr_line' id='line_1_109' title="bbox 2047 3777 3704 3854; baseline 0.004 -22"><span class='ocrx_word' id='word_1_709' title='bbox 2047 3777 2410 3854; x_wconf 84' lang='lat' dir='ltr'><strong>ctia_m_area,</strong></span> <span class='ocrx_word' id='word_1_710' title='bbox 2445 3777 2568 3845; x_wconf 90' lang='lat' dir='ltr'><strong>iris,</strong></span> <span class='ocrx_word' id='word_1_711' title='bbox 2601 3778 2746 3854; x_wconf 87' lang='lat' dir='ltr'><strong>dies,</strong></span> <span class='ocrx_word' id='word_1_712' title='bbox 2782 3779 3022 3843; x_wconf 87' lang='lat' dir='ltr'><strong>mensis,</strong></span> <span class='ocrx_word' id='word_1_713' title='bbox 3048 3797 3261 3840; x_wconf 79' lang='lat' dir='ltr'><strong>annus.</strong></span> <span class='ocrx_word' id='word_1_714' title='bbox 3289 3789 3346 3836; x_wconf 91' lang='lat' dir='ltr'><strong>et</strong></span> <span class='ocrx_word' id='word_1_715' title='bbox 3363 3777 3704 3854; x_wconf 55' lang='lat' dir='ltr'><strong>tempus,“</strong></span> 
     </span>
    </p>
   </div>
   <div class='ocr_carea' id='block_1_110' title="bbox 2048 3849 3703 3926">
    <p class='ocr_par' dir='ltr' id='par_1_110' title="bbox 2048 3849 3703 3926">
     <span class='ocr_line' id='line_1_110' title="bbox 2048 3849 3703 3926; baseline 0.004 -23"><span class='ocrx_word' id='word_1_716' title='bbox 2048 3849 2290 3926; x_wconf 79' lang='lat' dir='ltr'><strong>proinde</strong></span> <span class='ocrx_word' id='word_1_717' title='bbox 2325 3865 2429 3926; x_wconf 82' lang='lat' dir='ltr'><strong>nec</strong></span> <span class='ocrx_word' id='word_1_718' title='bbox 2451 3851 2767 3926; x_wconf 71' lang='lat' dir='ltr'><strong>eaquibus</strong></span> <span class='ocrx_word' id='word_1_719' title='bbox 2786 3866 2985 3926; x_wconf 80' lang='lat' dir='ltr'><strong>eorum</strong></span> <span class='ocrx_word' id='word_1_720' title='bbox 3022 3867 3302 3926; x_wconf 83' lang='lat' dir='ltr'><strong>mensura</strong></span> <span class='ocrx_word' id='word_1_721' title='bbox 3332 3849 3703 3926; x_wconf 69' lang='lat' dir='ltr'><strong>definitur“,</strong></span> 
     </span>
    </p>
   </div>
   <div class='ocr_carea' id='block_1_111' title="bbox 2048 3919 3701 3996">
    <p class='ocr_par' dir='ltr' id='par_1_111' title="bbox 2048 3919 3701 3996">
     <span class='ocr_line' id='line_1_111' title="bbox 2048 3919 3701 3996; baseline 0.004 -23"><span class='ocrx_word' id='word_1_722' title='bbox 2048 3919 2322 3996; x_wconf 84' lang='lat' dir='ltr'><strong>nimiru_m</strong></span> <span class='ocrx_word' id='word_1_723' title='bbox 2347 3919 2664 3996; x_wconf 25' lang='lat' dir='ltr'><strong>soletlun‘a</strong></span> <span class='ocrx_word' id='word_1_724' title='bbox 2690 3921 2768 3974; x_wconf 88' lang='lat' dir='ltr'><strong>dii</strong></span> <span class='ocrx_word' id='word_1_725' title='bbox 2800 3920 2917 3975; x_wconf 91' lang='lat' dir='ltr'><strong>ullo</strong></span> <span class='ocrx_word' id='word_1_726' title='bbox 2953 3923 3187 3996; x_wconf 78' lang='lat' dir='ltr'><strong>penitus</strong></span> <span class='ocrx_word' id='word_1_727' title='bbox 3221 3925 3392 3979; x_wconf 89' lang='lat' dir='ltr'><strong>modo</strong></span> <span class='ocrx_word' id='word_1_728' title='bbox 3427 3925 3538 3979; x_wconf 90' lang='lat' dir='ltr'><strong>dici</strong></span> <span class='ocrx_word' id='word_1_729' title='bbox 3565 3919 3701 3996; x_wconf 51' lang='lat' dir='ltr'><strong>pos;</strong></span> 
     </span>
    </p>
   </div>
   <div class='ocr_carea' id='block_1_112' title="bbox 2048 3991 3698 4064">
    <p class='ocr_par' dir='ltr' id='par_1_112' title="bbox 2048 3991 3698 4064">
     <span class='ocr_line' id='line_1_112' title="bbox 2048 3991 3698 4064; baseline 0.003 -19"><span class='ocrx_word' id='word_1_730' title='bbox 2048 3997 2203 4047; x_wconf 89' lang='lat' dir='ltr'><strong>sunt.</strong></span> <span class='ocrx_word' id='word_1_731' title='bbox 2237 3992 2317 4045; x_wconf 89' lang='lat' dir='ltr'><strong>Ex</strong></span> <span class='ocrx_word' id='word_1_732' title='bbox 2347 3992 2564 4062; x_wconf 91' lang='lat' dir='ltr'><strong>quibus</strong></span> <span class='ocrx_word' id='word_1_733' title='bbox 2596 3991 2692 4046; x_wconf 88' lang='lat' dir='ltr'><strong>ille</strong></span> <span class='ocrx_word' id='word_1_734' title='bbox 2726 3998 2879 4046; x_wconf 92' lang='lat' dir='ltr'><strong>recte</strong></span> <span class='ocrx_word' id='word_1_735' title='bbox 2911 3991 3133 4064; x_wconf 83' lang='lat' dir='ltr'><strong>colligit</strong></span> <span class='ocrx_word' id='word_1_736' title='bbox 3174 3993 3344 4063; x_wconf 84' lang='lat' dir='ltr'><strong>longe</strong></span> <span class='ocrx_word' id='word_1_737' title='bbox 3393 3991 3698 4050; x_wconf 72' lang='lat' dir='ltr'><strong>absurdio-</strong></span> 
     </span>
    </p>
   </div>
   <div class='ocr_carea' id='block_1_113' title="bbox 2049 4064 3698 4137">
    <p class='ocr_par' dir='ltr' id='par_1_113' title="bbox 2049 4064 3698 4137">
     <span class='ocr_line' id='line_1_113' title="bbox 2049 4064 3698 4137; baseline 0.003 -21"><span class='ocrx_word' id='word_1_738' title='bbox 2049 4080 2165 4137; x_wconf 83' lang='lat' dir='ltr'><strong>rem</strong></span> <span class='ocrx_word' id='word_1_739' title='bbox 2201 4080 2329 4137; x_wconf 77' lang='lat' dir='ltr'><strong>esse</strong></span> <span class='ocrx_word' id='word_1_740' title='bbox 2355 4080 2558 4137; x_wconf 87' lang='lat' dir='ltr'><strong>eorum</strong></span> <span class='ocrx_word' id='word_1_741' title='bbox 2593 4064 2951 4137; x_wconf 75' lang='lat' dir='ltr'><strong>opinionem,</strong></span> <span class='ocrx_word' id='word_1_742' title='bbox 2983 4065 3078 4134; x_wconf 91' lang='lat' dir='ltr'><strong>qui</strong></span> <span class='ocrx_word' id='word_1_743' title='bbox 3113 4069 3347 4119; x_wconf 77' lang='lat' dir='ltr'><strong>Pmnam</strong></span> <span class='ocrx_word' id='word_1_744' title='bbox 3384 4072 3440 4120; x_wconf 88' lang='lat' dir='ltr'><strong>et</strong></span> <span class='ocrx_word' id='word_1_745' title='bbox 3469 4067 3698 4137; x_wconf 84' lang='lat' dir='ltr'><strong>Suppli-</strong></span> 
     </span>
    </p>
   </div>
   <div class='ocr_carea' id='block_1_114' title="bbox 2045 4135 3700 4201">
    <p class='ocr_par' dir='ltr' id='par_1_114' title="bbox 2045 4135 3700 4201">
     <span class='ocr_line' id='line_1_114' title="bbox 2045 4135 3700 4201; baseline 0.003 -12"><span class='ocrx_word' id='word_1_746' title='bbox 2045 4136 2224 4195; x_wconf 89' lang='lat' dir='ltr'><strong>cium.</strong></span> <span class='ocrx_word' id='word_1_747' title='bbox 2258 4135 2560 4189; x_wconf 88' lang='lat' dir='ltr'><strong>Justitiam</strong></span> <span class='ocrx_word' id='word_1_748' title='bbox 2596 4145 2651 4189; x_wconf 88' lang='lat' dir='ltr'><strong>et</strong></span> <span class='ocrx_word' id='word_1_749' title='bbox 2682 4135 2978 4197; x_wconf 90' lang='lat' dir='ltr'><strong>Nemesin,</strong></span> <span class='ocrx_word' id='word_1_750' title='bbox 3031 4137 3255 4201; x_wconf 86' lang='lat' dir='ltr'><strong>Furias,</strong></span> <span class='ocrx_word' id='word_1_751' title='bbox 3309 4135 3562 4201; x_wconf 20' lang='lat' dir='ltr'><strong>Parcas,‘</strong></span> <span class='ocrx_word' id='word_1_752' title='bbox 3595 4135 3700 4194; x_wconf 84' lang='lat' dir='ltr'><strong>Fa-</strong></span> 
     </span>
    </p>
   </div>
   <div class='ocr_carea' id='block_1_115' title="bbox 2047 4207 3698 4278">
    <p class='ocr_par' dir='ltr' id='par_1_115' title="bbox 2047 4207 3698 4278">
     <span class='ocr_line' id='line_1_115' title="bbox 2047 4207 3698 4278; baseline 0.003 -19"><span class='ocrx_word' id='word_1_753' title='bbox 2047 4214 2190 4271; x_wconf 88' lang='lat' dir='ltr'><strong>lum,</strong></span> <span class='ocrx_word' id='word_1_754' title='bbox 2227 4207 2693 4278; x_wconf 78' lang='lat' dir='ltr'><strong>Rempublicam,</strong></span> <span class='ocrx_word' id='word_1_755' title='bbox 2723 4207 3002 4268; x_wconf 83' lang='lat' dir='ltr'><strong>Gloriam,</strong></span> <span class='ocrx_word' id='word_1_756' title='bbox 3035 4207 3268 4262; x_wconf 90' lang='lat' dir='ltr'><strong>Plutum</strong></span> <span class='ocrx_word' id='word_1_757' title='bbox 3303 4226 3402 4263; x_wconf 89' lang='lat' dir='ltr'><strong>seu</strong></span> <span class='ocrx_word' id='word_1_758' title='bbox 3438 4211 3698 4276; x_wconf 88' lang='lat' dir='ltr'><strong>divitias,</strong></span> 
     </span>
    </p>
   </div>
   <div class='ocr_carea' id='block_1_116' title="bbox 2045 4278 3698 4348">
    <p class='ocr_par' dir='ltr' id='par_1_116' title="bbox 2045 4278 3698 4348">
     <span class='ocr_line' id='line_1_116' title="bbox 2045 4278 3698 4348; baseline 0.005 -20"><span class='ocrx_word' id='word_1_759' title='bbox 2045 4278 2492 4342; x_wconf 75' lang='lat' dir='ltr'><strong>Verecundiam,</strong></span> <span class='ocrx_word' id='word_1_760' title='bbox 2528 4284 2824 4345; x_wconf 86' lang='lat' dir='ltr'><strong>Amorem,</strong></span> <span class='ocrx_word' id='word_1_761' title='bbox 2865 4279 3162 4348; x_wconf 88' lang='lat' dir='ltr'><strong>Venerem,</strong></span> <span class='ocrx_word' id='word_1_762' title='bbox 3199 4280 3506 4344; x_wconf 83' lang='lat' dir='ltr'><strong>Somnum,</strong></span> <span class='ocrx_word' id='word_1_763' title='bbox 3543 4282 3698 4336; x_wconf 89' lang='lat' dir='ltr'><strong>Mor-</strong></span> 
     </span>
    </p>
   </div>
   <div class='ocr_carea' id='block_1_117' title="bbox 2046 4349 3701 4420">
    <p class='ocr_par' dir='ltr' id='par_1_117' title="bbox 2046 4349 3701 4420">
     <span class='ocr_line' id='line_1_117' title="bbox 2046 4349 3701 4420; baseline 0.004 -19"><span class='ocrx_word' id='word_1_764' title='bbox 2046 4356 2186 4414; x_wconf 85' lang='lat' dir='ltr'><strong>tem,</strong></span> <span class='ocrx_word' id='word_1_765' title='bbox 2224 4349 2515 4420; x_wconf 79' lang='lat' dir='ltr'><strong>Enyonem</strong></span> <span class='ocrx_word' id='word_1_766' title='bbox 2557 4367 2658 4404; x_wconf 88' lang='lat' dir='ltr'><strong>seu</strong></span> <span class='ocrx_word' id='word_1_767' title='bbox 2694 4351 3010 4413; x_wconf 81' lang='lat' dir='ltr'><strong>Bellonam,</strong></span> <span class='ocrx_word' id='word_1_768' title='bbox 3047 4352 3315 4418; x_wconf 84' lang='lat' dir='ltr'><strong>Martem,</strong></span> <span class='ocrx_word' id='word_1_769' title='bbox 3348 4355 3616 4407; x_wconf 82' lang='lat' dir='ltr'><strong>Cometes</strong></span> <span class='ocrx_word' id='word_1_770' title='bbox 3644 4359 3701 4409; x_wconf 91' lang='lat' dir='ltr'><strong>et</strong></span> 
     </span>
    </p>
   </div>
   <div class='ocr_carea' id='block_1_118' title="bbox 2049 4422 3695 4494">
    <p class='ocr_par' dir='ltr' id='par_1_118' title="bbox 2049 4422 3695 4494">
     <span class='ocr_line' id='line_1_118' title="bbox 2049 4422 3695 4494; baseline 0.005 -22"><span class='ocrx_word' id='word_1_771' title='bbox 2049 4425 2360 4494; x_wconf 77' lang='lat' dir='ltr'><strong>Fortunam</strong></span> <span class='ocrx_word' id='word_1_772' title='bbox 2396 4422 2535 4494; x_wconf 88' lang='lat' dir='ltr'><strong>deos</strong></span> <span class='ocrx_word' id='word_1_773' title='bbox 2565 4439 2692 4476; x_wconf 89' lang='lat' dir='ltr'><strong>esse</strong></span> <span class='ocrx_word' id='word_1_774' title='bbox 2723 4423 2941 4477; x_wconf 88' lang='lat' dir='ltr'><strong>frustra</strong></span> <span class='ocrx_word' id='word_1_775' title='bbox 2970 4422 3404 4478; x_wconf 85' lang='lat' dir='ltr'><strong>existimabant.</strong></span> <span class='ocrx_word' id='word_1_776' title='bbox 3436 4425 3611 4494; x_wconf 85' lang='lat' dir='ltr'><strong>Atqui</strong></span> <span class='ocrx_word' id='word_1_777' title='bbox 3647 4426 3695 4480; x_wconf 90' lang='lat' dir='ltr'><strong>si</strong></span> 
     </span>
    </p>
   </div>
   <div class='ocr_carea' id='block_1_119' title="bbox 260 4481 3699 4564">
    <p class='ocr_par' dir='ltr' id='par_1_119' title="bbox 260 4481 3699 4564">
     <span class='ocr_line' id='line_1_119' title="bbox 260 4481 3699 4564; baseline 0.002 -20"><span class='ocrx_word' id='word_1_778' title='bbox 260 4490 412 4546; x_wconf 85' lang='lat' dir='ltr'><strong>Novi</strong></span> <span class='ocrx_word' id='word_1_779' title='bbox 443 4493 618 4546; x_wconf 89' lang='lat' dir='ltr'><strong>etiam</strong></span> <span class='ocrx_word' id='word_1_780' title='bbox 653 4494 1011 4549; x_wconf 85' lang='lat' dir='ltr'><strong>Testamenti</strong></span> <span class='ocrx_word' id='word_1_781' title='bbox 1046 4481 1391 4549; x_wconf 77' lang='lat' dir='ltr'><strong>auctoritate</strong></span> <span class='ocrx_word' id='word_1_782' title='bbox 1425 4494 1928 4564; x_wconf 86' lang='lat' dir='ltr'><strong>pugnat,manife-</strong></span> <span class='ocrx_word' id='word_1_783' title='bbox 1965 4481 2009 4544; x_wconf 88' lang='lat' dir='ltr'><strong>D</strong></span> <span class='ocrx_word' id='word_1_784' title='bbox 2044 4492 2271 4545; x_wconf 87' lang='lat' dir='ltr'><strong>nullum</strong></span> <span class='ocrx_word' id='word_1_785' title='bbox 2306 4509 2373 4546; x_wconf 86' lang='lat' dir='ltr'><strong>ex</strong></span> <span class='ocrx_word' id='word_1_786' title='bbox 2408 4493 2721 4557; x_wconf 87' lang='lat' dir='ltr'><strong>eis,inquit</strong></span> <span class='ocrx_word' id='word_1_787' title='bbox 2751 4495 3038 4558; x_wconf 87' lang='lat' dir='ltr'><strong>Clemens,</strong></span> <span class='ocrx_word' id='word_1_788' title='bbox 3059 4511 3247 4564; x_wconf 80' lang='lat' dir='ltr'><strong>neque</strong></span> <span class='ocrx_word' id='word_1_789' title='bbox 3281 4495 3401 4549; x_wconf 91' lang='lat' dir='ltr'><strong>ulla</strong></span> <span class='ocrx_word' id='word_1_790' title='bbox 3434 4481 3623 4560; x_wconf 71' lang='lat' dir='ltr'><strong>imago</strong></span> <span class='ocrx_word' id='word_1_791' title='bbox 3642 4504 3699 4552; x_wconf 89' lang='lat' dir='ltr'><strong>et</strong></span> 
     </span>
    </p>
   </div>
   <div class='ocr_carea' id='block_1_120' title="bbox 261 4565 1927 4635">
    <p class='ocr_par' dir='ltr' id='par_1_120' title="bbox 261 4565 1927 4635">
     <span class='ocr_line' id='line_1_120' title="bbox 261 4565 1927 4635; baseline 0.001 -18"><span class='ocrx_word' id='word_1_792' title='bbox 261 4569 549 4632; x_wconf 86' lang='lat' dir='ltr'><strong>stumque</strong></span> <span class='ocrx_word' id='word_1_793' title='bbox 583 4565 719 4618; x_wconf 89' lang='lat' dir='ltr'><strong>facit</strong></span> <span class='ocrx_word' id='word_1_794' title='bbox 749 4581 948 4620; x_wconf 89' lang='lat' dir='ltr'><strong>sacros</strong></span> <span class='ocrx_word' id='word_1_795' title='bbox 979 4565 1139 4620; x_wconf 90' lang='lat' dir='ltr'><strong>illius</strong></span> <span class='ocrx_word' id='word_1_796' title='bbox 1171 4571 1681 4632; x_wconf 86' lang='lat' dir='ltr'><strong>auctores,sancto</strong></span> <span class='ocrx_word' id='word_1_797' title='bbox 1711 4565 1927 4635; x_wconf 85' lang='lat' dir='ltr'><strong>Spiritu</strong></span> 
     </span>
    </p>
   </div>
   <div class='ocr_carea' id='block_1_121' title="bbox 261 4635 1930 4708">
    <p class='ocr_par' dir='ltr' id='par_1_121' title="bbox 261 4635 1930 4708">
     <span class='ocr_line' id='line_1_121' title="bbox 261 4635 1930 4708; baseline 0.001 -20"><span class='ocrx_word' id='word_1_798' title='bbox 261 4635 522 4696; x_wconf 78' lang='lat' dir='ltr'><strong>amatos,</strong></span> <span class='ocrx_word' id='word_1_799' title='bbox 557 4635 676 4689; x_wconf 92' lang='lat' dir='ltr'><strong>ullo</strong></span> <span class='ocrx_word' id='word_1_800' title='bbox 720 4635 942 4707; x_wconf 91' lang='lat' dir='ltr'><strong>absque</strong></span> <span class='ocrx_word' id='word_1_801' title='bbox 991 4638 1300 4692; x_wconf 87' lang='lat' dir='ltr'><strong>verborum</strong></span> <span class='ocrx_word' id='word_1_802' title='bbox 1355 4640 1504 4701; x_wconf 90' lang='lat' dir='ltr'><strong>fuco,</strong></span> <span class='ocrx_word' id='word_1_803' title='bbox 1541 4642 1820 4708; x_wconf 87' lang='lat' dir='ltr'><strong>apparatu</strong></span> <span class='ocrx_word' id='word_1_804' title='bbox 1852 4641 1930 4708; x_wconf 73' lang='lat' dir='ltr'><strong>rt</strong></span> 
     </span>
    </p>
   </div>
   <div class='ocr_carea' id='block_1_122' title="bbox 263 4707 1931 4779">
    <p class='ocr_par' dir='ltr' id='par_1_122' title="bbox 263 4707 1931 4779">
     <span class='ocr_line' id='line_1_122' title="bbox 263 4707 1931 4779; baseline 0.001 -19"><span class='ocrx_word' id='word_1_805' title='bbox 263 4711 620 4761; x_wconf 84' lang='lat' dir='ltr'><strong>ornamento</strong></span> <span class='ocrx_word' id='word_1_806' title='bbox 650 4724 794 4760; x_wconf 60' lang='lat' dir='ltr'><strong>verre</strong></span> <span class='ocrx_word' id='word_1_807' title='bbox 828 4725 939 4762; x_wconf 87' lang='lat' dir='ltr'><strong>non</strong></span> <span class='ocrx_word' id='word_1_808' title='bbox 976 4709 1148 4762; x_wconf 81' lang='lat' dir='ltr'><strong>modo</strong></span> <span class='ocrx_word' id='word_1_809' title='bbox 1181 4707 1705 4779; x_wconf 81' lang='lat' dir='ltr'><strong>religionisjecisse</strong></span> <span class='ocrx_word' id='word_1_810' title='bbox 1728 4707 1931 4762; x_wconf 84' lang='lat' dir='ltr'><strong>funda-</strong></span> 
     </span>
    </p>
   </div>
   <div class='ocr_carea' id='block_1_123' title="bbox 265 4779 1931 4842">
    <p class='ocr_par' dir='ltr' id='par_1_123' title="bbox 265 4779 1931 4842">
     <span class='ocr_line' id='line_1_123' title="bbox 265 4779 1931 4842; baseline 0.001 -10"><span class='ocrx_word' id='word_1_811' title='bbox 265 4783 490 4842; x_wconf 89' lang='lat' dir='ltr'><strong>menta,</strong></span> <span class='ocrx_word' id='word_1_812' title='bbox 528 4779 626 4832; x_wconf 82' lang='lat' dir='ltr'><strong>sed</strong></span> <span class='ocrx_word' id='word_1_813' title='bbox 663 4779 932 4834; x_wconf 88' lang='lat' dir='ltr'><strong>homines</strong></span> <span class='ocrx_word' id='word_1_814' title='bbox 980 4780 1153 4835; x_wconf 86' lang='lat' dir='ltr'><strong>etiam</strong></span> <span class='ocrx_word' id='word_1_815' title='bbox 1203 4798 1233 4834; x_wconf 90' lang='lat' dir='ltr'><strong>a</strong></span> <span class='ocrx_word' id='word_1_816' title='bbox 1283 4780 1440 4835; x_wconf 90' lang='lat' dir='ltr'><strong>vitiis</strong></span> <span class='ocrx_word' id='word_1_817' title='bbox 1492 4786 1549 4834; x_wconf 88' lang='lat' dir='ltr'><strong>et</strong></span> <span class='ocrx_word' id='word_1_818' title='bbox 1596 4779 1931 4834; x_wconf 83' lang='lat' dir='ltr'><strong>idololatria</strong></span> 
     </span>
    </p>
   </div>
   <div class='ocr_carea' id='block_1_124' title="bbox 264 4851 1932 4918">
    <p class='ocr_par' dir='ltr' id='par_1_124' title="bbox 264 4851 1932 4918">
     <span class='ocr_line' id='line_1_124' title="bbox 264 4851 1932 4918; baseline 0.001 -16"><span class='ocrx_word' id='word_1_819' title='bbox 264 4864 572 4911; x_wconf 79' lang='lat' dir='ltr'><strong>evocasse,</strong></span> <span class='ocrx_word' id='word_1_820' title='bbox 604 4865 821 4918; x_wconf 86' lang='lat' dir='ltr'><strong>eosque</strong></span> <span class='ocrx_word' id='word_1_821' title='bbox 853 4852 1074 4906; x_wconf 92' lang='lat' dir='ltr'><strong>sanctis</strong></span> <span class='ocrx_word' id='word_1_822' title='bbox 1105 4852 1386 4907; x_wconf 90' lang='lat' dir='ltr'><strong>imbuisse</strong></span> <span class='ocrx_word' id='word_1_823' title='bbox 1419 4851 1546 4906; x_wconf 68' lang='lat' dir='ltr'><strong>vitae</strong></span> <span class='ocrx_word' id='word_1_824' title='bbox 1585 4867 1932 4918; x_wconf 72' lang='lat' dir='ltr'><strong>morumque</strong></span> 
     </span>
    </p>
   </div>
   <div class='ocr_carea' id='block_1_125' title="bbox 264 4921 1932 4993">
    <p class='ocr_par' dir='ltr' id='par_1_125' title="bbox 264 4921 1932 4993">
     <span class='ocr_line' id='line_1_125' title="bbox 264 4921 1932 4993; baseline 0.002 -20"><span class='ocrx_word' id='word_1_825' title='bbox 264 4921 582 4993; x_wconf 65' lang='lat' dir='ltr'><strong>praeceptis</strong></span> <span class='ocrx_word' id='word_1_826' title='bbox 608 4926 665 4975; x_wconf 89' lang='lat' dir='ltr'><strong>et</strong></span> <span class='ocrx_word' id='word_1_827' title='bbox 696 4922 1006 4977; x_wconf 88' lang='lat' dir='ltr'><strong>institutis.</strong></span> <span class='ocrx_word' id='word_1_828' title='bbox 1037 4924 1195 4986; x_wconf 88' lang='lat' dir='ltr'><strong>Quod</strong></span> <span class='ocrx_word' id='word_1_829' title='bbox 1232 4924 1466 4993; x_wconf 89' lang='lat' dir='ltr'><strong>quidem</strong></span> <span class='ocrx_word' id='word_1_830' title='bbox 1522 4923 1592 4977; x_wconf 86' lang='lat' dir='ltr'><strong>ab</strong></span> <span class='ocrx_word' id='word_1_831' title='bbox 1640 4939 1706 4977; x_wconf 87' lang='lat' dir='ltr'><strong>eo</strong></span> <span class='ocrx_word' id='word_1_832' title='bbox 1756 4923 1932 4976; x_wconf 88' lang='lat' dir='ltr'><strong>variis</strong></span> 
     </span>
    </p>
   </div>
   <div class='ocr_carea' id='block_1_126' title="bbox 262 4990 1928 5065">
    <p class='ocr_par' dir='ltr' id='par_1_126' title="bbox 262 4990 1928 5065">
     <span class='ocr_line' id='line_1_126' title="bbox 262 4990 1928 5065; baseline 0.002 -22"><span class='ocrx_word' id='word_1_833' title='bbox 262 4990 521 5065; x_wconf 49' lang='lat' dir='ltr'><strong>Sibylla,</strong></span> <span class='ocrx_word' id='word_1_834' title='bbox 554 4991 843 5056; x_wconf 68' lang='lat' dir='ltr'><strong>Jeremiaa,</strong></span> <span class='ocrx_word' id='word_1_835' title='bbox 879 4995 1062 5059; x_wconf 67' lang='lat' dir='ltr'><strong>Isaiae,</strong></span> <span class='ocrx_word' id='word_1_836' title='bbox 1099 4990 1333 5065; x_wconf 75' lang='lat' dir='ltr'><strong>Moysis,</strong></span> <span class='ocrx_word' id='word_1_837' title='bbox 1359 5002 1554 5050; x_wconf 81' lang='lat' dir='ltr'><strong>Arnus.</strong></span> <span class='ocrx_word' id='word_1_838' title='bbox 1581 4993 1928 5057; x_wconf 88' lang='lat' dir='ltr'><strong>Salomonis,</strong></span> 
     </span>
    </p>
   </div>
   <div class='ocr_carea' id='block_1_127' title="bbox 263 5061 1925 5136">
    <p class='ocr_par' dir='ltr' id='par_1_127' title="bbox 263 5061 1925 5136">
     <span class='ocr_line' id='line_1_127' title="bbox 263 5061 1925 5136; baseline 0.002 -22"><span class='ocrx_word' id='word_1_839' title='bbox 263 5061 528 5136; x_wconf 80' lang='lat' dir='ltr'><strong>Davidis,</strong></span> <span class='ocrx_word' id='word_1_840' title='bbox 554 5069 728 5134; x_wconf 86' lang='lat' dir='ltr'><strong>atque</strong></span> <span class='ocrx_word' id='word_1_841' title='bbox 750 5065 924 5120; x_wconf 88' lang='lat' dir='ltr'><strong>etiam</strong></span> <span class='ocrx_word' id='word_1_842' title='bbox 959 5061 1215 5136; x_wconf 76' lang='lat' dir='ltr'><strong>Apostoli</strong></span> <span class='ocrx_word' id='word_1_843' title='bbox 1251 5066 1608 5121; x_wconf 81' lang='lat' dir='ltr'><strong>testimoniis</strong></span> <span class='ocrx_word' id='word_1_844' title='bbox 1630 5066 1843 5119; x_wconf 88' lang='lat' dir='ltr'><strong>mirum</strong></span> <span class='ocrx_word' id='word_1_845' title='bbox 1869 5064 1925 5117; x_wconf 91' lang='lat' dir='ltr'><strong>in</strong></span> 
     </span>
    </p>
   </div>
   <div class='ocr_carea' id='block_1_128' title="bbox 265 5134 1932 5206">
    <p class='ocr_par' dir='ltr' id='par_1_128' title="bbox 265 5134 1932 5206">
     <span class='ocr_line' id='line_1_128' title="bbox 265 5134 1932 5206; baseline 0.002 -19"><span class='ocrx_word' id='word_1_846' title='bbox 265 5134 510 5206; x_wconf 83' lang='lat' dir='ltr'><strong>modum</strong></span> <span class='ocrx_word' id='word_1_847' title='bbox 563 5137 846 5206; x_wconf 88' lang='lat' dir='ltr'><strong>probatur</strong></span> <span class='ocrx_word' id='word_1_848' title='bbox 891 5138 957 5189; x_wconf 66' lang='grc'><strong>³³.</strong></span> <span class='ocrx_word' id='word_1_849' title='bbox 992 5134 1169 5192; x_wconf 83' lang='lat' dir='ltr'><strong>Addit</strong></span> <span class='ocrx_word' id='word_1_850' title='bbox 1217 5154 1278 5192; x_wconf 91' lang='lat' dir='ltr'><strong>se</strong></span> <span class='ocrx_word' id='word_1_851' title='bbox 1324 5138 1516 5191; x_wconf 86' lang='lat' dir='ltr'><strong>adhuc</strong></span> <span class='ocrx_word' id='word_1_852' title='bbox 1564 5153 1736 5206; x_wconf 90' lang='lat' dir='ltr'><strong>posse</strong></span> <span class='ocrx_word' id='word_1_853' title='bbox 1785 5136 1932 5190; x_wconf 90' lang='lat' dir='ltr'><strong>alios</strong></span> 
     </span>
    </p>
   </div>
   <div class='ocr_carea' id='block_1_129' title="bbox 264 5203 1930 5278">
    <p class='ocr_par' dir='ltr' id='par_1_129' title="bbox 264 5203 1930 5278">
     <span class='ocr_line' id='line_1_129' title="bbox 264 5203 1930 5278; baseline 0.002 -20"><span class='ocrx_word' id='word_1_854' title='bbox 264 5203 366 5260; x_wconf 91' lang='lat' dir='ltr'><strong>inn</strong></span> <span class='ocrx_word' id='word_1_855' title='bbox 380 5224 410 5260; x_wconf 93' lang='lat' dir='ltr'><strong>u</strong></span> <span class='ocrx_word' id='word_1_856' title='bbox 423 5203 612 5262; x_wconf 86' lang='lat' dir='ltr'><strong>meros</strong></span> <span class='ocrx_word' id='word_1_857' title='bbox 629 5209 920 5274; x_wconf 85' lang='lat' dir='ltr'><strong>conjicere</strong></span> <span class='ocrx_word' id='word_1_858' title='bbox 935 5211 1272 5264; x_wconf 88' lang='lat' dir='ltr'><strong>earumdem</strong></span> <span class='ocrx_word' id='word_1_859' title='bbox 1289 5209 1408 5264; x_wconf 91' lang='lat' dir='ltr'><strong>Scri</strong></span> <span class='ocrx_word' id='word_1_860' title='bbox 1421 5215 1518 5278; x_wconf 90' lang='lat' dir='ltr'><strong>ptu</strong></span> <span class='ocrx_word' id='word_1_861' title='bbox 1532 5203 1726 5262; x_wconf 78' lang='lat' dir='ltr'><strong>rarum</strong></span> <span class='ocrx_word' id='word_1_862' title='bbox 1751 5207 1930 5278; x_wconf 91' lang='lat' dir='ltr'><strong>locos,</strong></span> 
     </span>
    </p>
   </div>
   <div class='ocr_carea' id='block_1_130' title="bbox 262 5277 1931 5349">
    <p class='ocr_par' dir='ltr' id='par_1_130' title="bbox 262 5277 1931 5349">
     <span class='ocr_line' id='line_1_130' title="bbox 262 5277 1931 5349; baseline 0.001 -18"><span class='ocrx_word' id='word_1_863' title='bbox 262 5279 488 5346; x_wconf 89' lang='lat' dir='ltr'><strong>quibus</strong></span> <span class='ocrx_word' id='word_1_864' title='bbox 528 5281 676 5333; x_wconf 85' lang='lat' dir='ltr'><strong>Deus</strong></span> <span class='ocrx_word' id='word_1_865' title='bbox 710 5279 980 5334; x_wconf 89' lang='lat' dir='ltr'><strong>homines</strong></span> <span class='ocrx_word' id='word_1_866' title='bbox 1032 5282 1102 5335; x_wconf 88' lang='lat' dir='ltr'><strong>ad</strong></span> <span class='ocrx_word' id='word_1_867' title='bbox 1159 5282 1371 5349; x_wconf 87' lang='lat' dir='ltr'><strong>impios</strong></span> <span class='ocrx_word' id='word_1_868' title='bbox 1408 5277 1647 5334; x_wconf 85' lang='lat' dir='ltr'><strong>deorum</strong></span> <span class='ocrx_word' id='word_1_869' title='bbox 1685 5277 1931 5333; x_wconf 89' lang='lat' dir='ltr'><strong>idololo-</strong></span> 
     </span>
    </p>
   </div>
   <div class='ocr_carea' id='block_1_131' title="bbox 264 5350 1932 5420">
    <p class='ocr_par' dir='ltr' id='par_1_131' title="bbox 264 5350 1932 5420">
     <span class='ocr_line' id='line_1_131' title="bbox 264 5350 1932 5420; baseline 0.003 -20"><span class='ocrx_word' id='word_1_870' title='bbox 264 5363 522 5420; x_wconf 86' lang='lat' dir='ltr'><strong>rumque</strong></span> <span class='ocrx_word' id='word_1_871' title='bbox 553 5351 748 5405; x_wconf 90' lang='lat' dir='ltr'><strong>cultus</strong></span> <span class='ocrx_word' id='word_1_872' title='bbox 782 5352 1129 5419; x_wconf 89' lang='lat' dir='ltr'><strong>rejiciendos</strong></span> <span class='ocrx_word' id='word_1_873' title='bbox 1147 5358 1204 5406; x_wconf 88' lang='lat' dir='ltr'><strong>et</strong></span> <span class='ocrx_word' id='word_1_874' title='bbox 1221 5369 1412 5408; x_wconf 88' lang='lat' dir='ltr'><strong>veram</strong></span> <span class='ocrx_word' id='word_1_875' title='bbox 1448 5350 1789 5419; x_wconf 89' lang='lat' dir='ltr'><strong>religionem</strong></span> <span class='ocrx_word' id='word_1_876' title='bbox 1811 5367 1932 5405; x_wconf 91' lang='lat' dir='ltr'><strong>am-</strong></span> 
     </span>
    </p>
   </div>
   <div class='ocr_carea' id='block_1_132' title="bbox 265 5419 1932 5491">
    <p class='ocr_par' dir='ltr' id='par_1_132' title="bbox 265 5419 1932 5491">
     <span class='ocr_line' id='line_1_132' title="bbox 265 5419 1932 5491; baseline 0.004 -21"><span class='ocrx_word' id='word_1_877' title='bbox 265 5419 638 5488; x_wconf 86' lang='lat' dir='ltr'><strong>plectendam</strong></span> <span class='ocrx_word' id='word_1_878' title='bbox 667 5424 920 5478; x_wconf 90' lang='lat' dir='ltr'><strong>mirabili</strong></span> <span class='ocrx_word' id='word_1_879' title='bbox 950 5424 1309 5491; x_wconf 81' lang='lat' dir='ltr'><strong>benignitate</strong></span> <span class='ocrx_word' id='word_1_880' title='bbox 1329 5425 1624 5490; x_wconf 82' lang='lat' dir='ltr'><strong>admonet,</strong></span> <span class='ocrx_word' id='word_1_881' title='bbox 1644 5423 1932 5488; x_wconf 88' lang='lat' dir='ltr'><strong>obsecrat,</strong></span> 
     </span>
    </p>
   </div>
   <div class='ocr_carea' id='block_1_133' title="bbox 264 5495 1935 5565">
    <p class='ocr_par' dir='ltr' id='par_1_133' title="bbox 264 5495 1935 5565">
     <span class='ocr_line' id='line_1_133' title="bbox 264 5495 1935 5565; baseline 0.002 -20"><span class='ocrx_word' id='word_1_882' title='bbox 264 5497 468 5559; x_wconf 74' lang='lat' dir='ltr'><strong>instat,</strong></span> <span class='ocrx_word' id='word_1_883' title='bbox 498 5499 687 5565; x_wconf 89' lang='lat' dir='ltr'><strong>urget,</strong></span> <span class='ocrx_word' id='word_1_884' title='bbox 714 5495 1064 5551; x_wconf 88' lang='lat' dir='ltr'><strong>obtestatur.</strong></span> <span class='ocrx_word' id='word_1_885' title='bbox 1091 5497 1241 5551; x_wconf 89' lang='lat' dir='ltr'><strong>Tum</strong></span> <span class='ocrx_word' id='word_1_886' title='bbox 1264 5496 1477 5551; x_wconf 87' lang='lat' dir='ltr'><strong>deinde</strong></span> <span class='ocrx_word' id='word_1_887' title='bbox 1508 5500 1714 5550; x_wconf 91' lang='lat' dir='ltr'><strong>auctor</strong></span> <span class='ocrx_word' id='word_1_888' title='bbox 1735 5499 1935 5550; x_wconf 91' lang='lat' dir='ltr'><strong>noster</strong></span> 
     </span>
    </p>
   </div>
   <div class='ocr_carea' id='block_1_134' title="bbox 338 5708 1590 5786">
    <p class='ocr_par' dir='ltr' id='par_1_134' title="bbox 338 5708 1590 5786">
     <span class='ocr_line' id='line_1_134' title="bbox 338 5708 1590 5786; baseline 0.022 -26"><span class='ocrx_word' id='word_1_889' title='bbox 338 5708 385 5743; x_wconf 69' lang='grc'><strong>³⁸</strong></span> <span class='ocrx_word' id='word_1_890' title='bbox 421 5711 716 5786; x_wconf 28' lang='lat' dir='ltr'><strong>pagis-5,</strong></span> <span class='ocrx_word' id='word_1_891' title='bbox 774 5712 817 5746; x_wconf 68' lang='grc'><strong>³⁷</strong></span> <span class='ocrx_word' id='word_1_892' title='bbox 860 5729 990 5786; x_wconf 71' lang='lat' dir='ltr'><strong>pag-</strong></span> <span class='ocrx_word' id='word_1_893' title='bbox 1051 5713 1138 5767; x_wconf 73' lang='grc'><strong>46·</strong></span> <span class='ocrx_word' id='word_1_894' title='bbox 1219 5714 1264 5749; x_wconf 76' lang='grc'><strong>³⁸</strong></span> <span class='ocrx_word' id='word_1_895' title='bbox 1318 5729 1449 5786; x_wconf 68' lang='grc' dir='ltr'><strong>βδε·</strong></span> <span class='ocrx_word' id='word_1_896' title='bbox 1502 5713 1590 5767; x_wconf 69' lang='grc'><strong>47·</strong></span> 
     </span>
    </p>
   </div>
   <div class='ocr_carea' id='block_1_135' title="bbox 1672 5710 2038 5782">
    <p class='ocr_par' dir='ltr' id='par_1_135' title="bbox 1672 5710 2038 5782">
     <span class='ocr_line' id='line_1_135' title="bbox 1672 5710 2038 5782; baseline 0.003 -18"><span class='ocrx_word' id='word_1_897' title='bbox 1672 5711 1716 5747; x_wconf 78' lang='grc'><strong>²⁹</strong></span> <span class='ocrx_word' id='word_1_898' title='bbox 1767 5727 1898 5782; x_wconf 87' lang='lat' dir='ltr'><strong>pag.</strong></span> <span class='ocrx_word' id='word_1_899' title='bbox 1950 5710 2038 5766; x_wconf 82' lang='grc'><strong>48.</strong></span> 
     </span>
    </p>
   </div>
   <div class='ocr_carea' id='block_1_136' title="bbox 2042 4564 3698 4639">
    <p class='ocr_par' dir='ltr' id='par_1_136' title="bbox 2042 4564 3698 4639">
     <span class='ocr_line' id='line_1_136' title="bbox 2042 4564 3698 4639; baseline 0.002 -21"><span class='ocrx_word' id='word_1_900' title='bbox 2042 4570 2240 4639; x_wconf 85' lang='lat' dir='ltr'><strong>statua</strong></span> <span class='ocrx_word' id='word_1_901' title='bbox 2260 4564 2334 4617; x_wconf 89' lang='lat' dir='ltr'><strong>sit</strong></span> <span class='ocrx_word' id='word_1_902' title='bbox 2358 4569 2529 4632; x_wconf 83' lang='lat' dir='ltr'><strong>Deus,</strong></span> <span class='ocrx_word' id='word_1_903' title='bbox 2553 4569 2607 4618; x_wconf 89' lang='lat' dir='ltr'><strong>et</strong></span> <span class='ocrx_word' id='word_1_904' title='bbox 2627 4566 3112 4639; x_wconf 27' lang='lat' dir='ltr'><strong>qiiged‘amiamen</strong></span> <span class='ocrx_word' id='word_1_905' title='bbox 3140 4567 3196 4620; x_wconf 91' lang='lat' dir='ltr'><strong>in</strong></span> <span class='ocrx_word' id='word_1_906' title='bbox 3234 4583 3339 4639; x_wconf 88' lang='lat' dir='ltr'><strong>nos</strong></span> <span class='ocrx_word' id='word_1_907' title='bbox 3369 4566 3566 4639; x_wconf 89' lang='lat' dir='ltr'><strong>divina</strong></span> <span class='ocrx_word' id='word_1_908' title='bbox 3600 4586 3698 4639; x_wconf 90' lang='lat' dir='ltr'><strong>po-</strong></span> 
     </span>
    </p>
   </div>
   <div class='ocr_carea' id='block_1_137' title="bbox 2043 4635 3696 4707">
    <p class='ocr_par' dir='ltr' id='par_1_137' title="bbox 2043 4635 3696 4707">
     <span class='ocr_line' id='line_1_137' title="bbox 2043 4635 3696 4707; baseline 0.003 -18"><span class='ocrx_word' id='word_1_909' title='bbox 2043 4635 2223 4689; x_wconf 89' lang='lat' dir='ltr'><strong>tentia</strong></span> <span class='ocrx_word' id='word_1_910' title='bbox 2253 4641 2547 4707; x_wconf 78' lang='lat' dir='ltr'><strong>ccrnatnr,</strong></span> <span class='ocrx_word' id='word_1_911' title='bbox 2580 4637 2716 4706; x_wconf 90' lang='lat' dir='ltr'><strong>quid</strong></span> <span class='ocrx_word' id='word_1_912' title='bbox 2755 4636 2910 4690; x_wconf 87' lang='lat' dir='ltr'><strong>aliud</strong></span> <span class='ocrx_word' id='word_1_913' title='bbox 2947 4644 3236 4707; x_wconf 84' lang='lat' dir='ltr'><strong>superest,</strong></span> <span class='ocrx_word' id='word_1_914' title='bbox 3271 4637 3380 4692; x_wconf 88' lang='lat' dir='ltr'><strong>nisi</strong></span> <span class='ocrx_word' id='word_1_915' title='bbox 3417 4645 3480 4692; x_wconf 87' lang='lat' dir='ltr'><strong>ut</strong></span> <span class='ocrx_word' id='word_1_916' title='bbox 3513 4635 3696 4694; x_wconf 79' lang='lat' dir='ltr'><strong>unum</strong></span> 
     </span>
    </p>
   </div>
   <div class='ocr_carea' id='block_1_138' title="bbox 2040 4706 3700 4781">
    <p class='ocr_par' dir='ltr' id='par_1_138' title="bbox 2040 4706 3700 4781">
     <span class='ocr_line' id='line_1_138' title="bbox 2040 4706 3700 4781; baseline 0.005 -23"><span class='ocrx_word' id='word_1_917' title='bbox 2040 4722 2243 4760; x_wconf 89' lang='lat' dir='ltr'><strong>verum</strong></span> <span class='ocrx_word' id='word_1_918' title='bbox 2273 4706 2541 4781; x_wconf 83' lang='lat' dir='ltr'><strong>etsolum</strong></span> <span class='ocrx_word' id='word_1_919' title='bbox 2574 4724 2701 4761; x_wconf 87' lang='lat' dir='ltr'><strong>esse</strong></span> <span class='ocrx_word' id='word_1_920' title='bbox 2733 4707 2916 4781; x_wconf 83' lang='lat' dir='ltr'><strong>Deum</strong></span> <span class='ocrx_word' id='word_1_921' title='bbox 2944 4706 3372 4764; x_wconf 79' lang='lat' dir='ltr'><strong>confiteamur?</strong></span> <span class='ocrx_word' id='word_1_922' title='bbox 3403 4711 3542 4765; x_wconf 89' lang='lat' dir='ltr'><strong>Orat</strong></span> <span class='ocrx_word' id='word_1_923' title='bbox 3563 4727 3700 4781; x_wconf 82' lang='lat' dir='ltr'><strong>ergo</strong></span> 
     </span>
    </p>
   </div>
   <div class='ocr_carea' id='block_1_139' title="bbox 2043 4778 3701 4850">
    <p class='ocr_par' dir='ltr' id='par_1_139' title="bbox 2043 4778 3701 4850">
     <span class='ocr_line' id='line_1_139' title="bbox 2043 4778 3701 4850; baseline 0.004 -19"><span class='ocrx_word' id='word_1_924' title='bbox 2043 4785 2105 4831; x_wconf 92' lang='lat' dir='ltr'><strong>ut</strong></span> <span class='ocrx_word' id='word_1_925' title='bbox 2137 4778 2368 4850; x_wconf 78' lang='lat' dir='ltr'><strong>pagani.</strong></span> <span class='ocrx_word' id='word_1_926' title='bbox 2402 4795 2431 4831; x_wconf 88' lang='lat' dir='ltr'><strong>a</strong></span> <span class='ocrx_word' id='word_1_927' title='bbox 2463 4795 2668 4832; x_wconf 90' lang='lat' dir='ltr'><strong>somno</strong></span> <span class='ocrx_word' id='word_1_928' title='bbox 2707 4780 2944 4833; x_wconf 90' lang='lat' dir='ltr'><strong>tandem</strong></span> <span class='ocrx_word' id='word_1_929' title='bbox 2997 4781 3248 4845; x_wconf 80' lang='lat' dir='ltr'><strong>excitati,</strong></span> <span class='ocrx_word' id='word_1_930' title='bbox 3283 4781 3440 4836; x_wconf 90' lang='lat' dir='ltr'><strong>hunc</strong></span> <span class='ocrx_word' id='word_1_931' title='bbox 3490 4778 3701 4850; x_wconf 87' lang='lat' dir='ltr'><strong>Deum,</strong></span> 
     </span>
    </p>
   </div>
   <div class='ocr_carea' id='block_1_140' title="bbox 2041 4848 3701 4925">
    <p class='ocr_par' dir='ltr' id='par_1_140' title="bbox 2041 4848 3701 4925">
     <span class='ocr_line' id='line_1_140' title="bbox 2041 4848 3701 4925; baseline 0.005 -23"><span class='ocrx_word' id='word_1_932' title='bbox 2041 4848 2215 4904; x_wconf 84' lang='lat' dir='ltr'><strong>idolis</strong></span> <span class='ocrx_word' id='word_1_933' title='bbox 2236 4849 2479 4918; x_wconf 86' lang='lat' dir='ltr'><strong>aliisque</strong></span> <span class='ocrx_word' id='word_1_934' title='bbox 2502 4850 2652 4904; x_wconf 82' lang='lat' dir='ltr'><strong>fictis</strong></span> <span class='ocrx_word' id='word_1_935' title='bbox 2668 4851 3012 4906; x_wconf 90' lang='lat' dir='ltr'><strong>numinibus</strong></span> <span class='ocrx_word' id='word_1_936' title='bbox 3031 4848 3701 4925; x_wconf 83' lang='lat' dir='ltr'><strong>repudiatis,aliquando</strong></span> 
     </span>
    </p>
   </div>
   <div class='ocr_carea' id='block_1_141' title="bbox 2042 4925 2417 4990">
    <p class='ocr_par' dir='ltr' id='par_1_141' title="bbox 2042 4925 2417 4990">
     <span class='ocr_line' id='line_1_141' title="bbox 2042 4925 2417 4990; baseline -0.011 -13"><span class='ocrx_word' id='word_1_937' title='bbox 2042 4925 2417 4990; x_wconf 86' lang='lat' dir='ltr'><strong>cognoscant.</strong></span> 
     </span>
    </p>
   </div>
   <div class='ocr_carea' id='block_1_142' title="bbox 2116 4991 3698 5060">
    <p class='ocr_par' dir='ltr' id='par_1_142' title="bbox 2116 4991 3698 5060">
     <span class='ocr_line' id='line_1_142' title="bbox 2116 4991 3698 5060; baseline 0.004 -15"><span class='ocrx_word' id='word_1_938' title='bbox 2116 4994 2277 5046; x_wconf 90' lang='lat' dir='ltr'><strong>Ilunc</strong></span> <span class='ocrx_word' id='word_1_939' title='bbox 2313 5008 2478 5060; x_wconf 83' lang='lat' dir='ltr'><strong>porro</strong></span> <span class='ocrx_word' id='word_1_940' title='bbox 2516 4991 2719 5055; x_wconf 92' lang='lat' dir='ltr'><strong>Deum,</strong></span> <span class='ocrx_word' id='word_1_941' title='bbox 2747 4991 2990 5046; x_wconf 90' lang='lat' dir='ltr'><strong>minime</strong></span> <span class='ocrx_word' id='word_1_942' title='bbox 3013 4997 3208 5047; x_wconf 88' lang='lat' dir='ltr'><strong>autem</strong></span> <span class='ocrx_word' id='word_1_943' title='bbox 3251 4999 3336 5049; x_wconf 85' lang='lat' dir='ltr'><strong>tot</strong></span> <span class='ocrx_word' id='word_1_944' title='bbox 3367 4996 3698 5051; x_wconf 66' lang='lat' dir='ltr'><strong>daemonum</strong></span> 
     </span>
    </p>
   </div>
   <div class='ocr_carea' id='block_1_143' title="bbox 2042 5064 3702 5136">
    <p class='ocr_par' dir='ltr' id='par_1_143' title="bbox 2042 5064 3702 5136">
     <span class='ocr_line' id='line_1_143' title="bbox 2042 5064 3702 5136; baseline 0.004 -21"><span class='ocrx_word' id='word_1_945' title='bbox 2042 5064 2098 5116; x_wconf 93' lang='lat' dir='ltr'><strong>in</strong></span> <span class='ocrx_word' id='word_1_946' title='bbox 2134 5070 2287 5117; x_wconf 87' lang='lat' dir='ltr'><strong>terra</strong></span> <span class='ocrx_word' id='word_1_947' title='bbox 2320 5064 2710 5117; x_wconf 63' lang='lat' dir='ltr'><strong>habitantium</strong></span> <span class='ocrx_word' id='word_1_948' title='bbox 2747 5064 3062 5136; x_wconf 75' lang='lat' dir='ltr'><strong>myriades.</strong></span> <span class='ocrx_word' id='word_1_949' title='bbox 3088 5067 3270 5120; x_wconf 88' lang='lat' dir='ltr'><strong>totius</strong></span> <span class='ocrx_word' id='word_1_950' title='bbox 3295 5072 3584 5121; x_wconf 87' lang='lat' dir='ltr'><strong>terrarum</strong></span> <span class='ocrx_word' id='word_1_951' title='bbox 3618 5085 3702 5122; x_wconf 94' lang='lat' dir='ltr'><strong>or-</strong></span> 
     </span>
    </p>
   </div>
   <div class='ocr_carea' id='block_1_144' title="bbox 2041 5136 3706 5210">
    <p class='ocr_par' dir='ltr' id='par_1_144' title="bbox 2041 5136 3706 5210">
     <span class='ocr_line' id='line_1_144' title="bbox 2041 5136 3706 5210; baseline 0.004 -23"><span class='ocrx_word' id='word_1_952' title='bbox 2041 5136 2132 5187; x_wconf 79' lang='lat' dir='ltr'><strong>bis</strong></span> <span class='ocrx_word' id='word_1_953' title='bbox 2167 5136 2471 5210; x_wconf 76' lang='lat' dir='ltr'><strong>dominum</strong></span> <span class='ocrx_word' id='word_1_954' title='bbox 2523 5152 2653 5189; x_wconf 89' lang='lat' dir='ltr'><strong>esse</strong></span> <span class='ocrx_word' id='word_1_955' title='bbox 2705 5136 3091 5210; x_wconf 84' lang='lat' dir='ltr'><strong>demonstrat.</strong></span> <span class='ocrx_word' id='word_1_956' title='bbox 3127 5140 3408 5193; x_wconf 85' lang='lat' dir='ltr'><strong>Homines</strong></span> <span class='ocrx_word' id='word_1_957' title='bbox 3440 5139 3638 5210; x_wconf 89' lang='lat' dir='ltr'><strong>itaque</strong></span> <span class='ocrx_word' id='word_1_958' title='bbox 3673 5157 3706 5193; x_wconf 91' lang='lat' dir='ltr'><strong>a</strong></span> 
     </span>
    </p>
   </div>
   <div class='ocr_carea' id='block_1_145' title="bbox 2047 5206 3704 5272">
    <p class='ocr_par' dir='ltr' id='par_1_145' title="bbox 2047 5206 3704 5272">
     <span class='ocr_line' id='line_1_145' title="bbox 2047 5206 3704 5272; baseline 0.003 -12"><span class='ocrx_word' id='word_1_959' title='bbox 2047 5213 2156 5261; x_wconf 88' lang='lat' dir='ltr'><strong>Deo</strong></span> <span class='ocrx_word' id='word_1_960' title='bbox 2191 5206 2366 5261; x_wconf 80' lang='lat' dir='ltr'><strong>creati</strong></span> <span class='ocrx_word' id='word_1_961' title='bbox 2394 5207 2456 5272; x_wconf 77' lang='lat'><strong>3°,</strong></span> <span class='ocrx_word' id='word_1_962' title='bbox 2492 5224 2624 5260; x_wconf 87' lang='lat' dir='ltr'><strong>cum</strong></span> <span class='ocrx_word' id='word_1_963' title='bbox 2659 5213 2824 5261; x_wconf 58' lang='lat' dir='ltr'><strong>terra</strong></span> <span class='ocrx_word' id='word_1_964' title='bbox 2860 5208 3150 5263; x_wconf 87' lang='lat' dir='ltr'><strong>fructibus</strong></span> <span class='ocrx_word' id='word_1_965' title='bbox 3202 5210 3482 5264; x_wconf 91' lang='lat' dir='ltr'><strong>continuo</strong></span> <span class='ocrx_word' id='word_1_966' title='bbox 3533 5206 3704 5265; x_wconf 80' lang='lat' dir='ltr'><strong>alan-</strong></span> 
     </span>
    </p>
   </div>
   <div class='ocr_carea' id='block_1_146' title="bbox 2042 5279 3706 5345">
    <p class='ocr_par' dir='ltr' id='par_1_146' title="bbox 2042 5279 3706 5345">
     <span class='ocr_line' id='line_1_146' title="bbox 2042 5279 3706 5345; baseline 0.004 -15"><span class='ocrx_word' id='word_1_967' title='bbox 2042 5283 2160 5344; x_wconf 88' lang='lat' dir='ltr'><strong>tur,</strong></span> <span class='ocrx_word' id='word_1_968' title='bbox 2194 5285 2280 5331; x_wconf 91' lang='lat' dir='ltr'><strong>tot</strong></span> <span class='ocrx_word' id='word_1_969' title='bbox 2309 5284 2458 5332; x_wconf 88' lang='lat' dir='ltr'><strong>certe</strong></span> <span class='ocrx_word' id='word_1_970' title='bbox 2491 5279 2782 5342; x_wconf 69' lang='lat' dir='ltr'><strong>tantisque</strong></span> <span class='ocrx_word' id='word_1_971' title='bbox 2827 5280 2955 5345; x_wconf 85' lang='lat' dir='ltr'><strong>ejus</strong></span> <span class='ocrx_word' id='word_1_972' title='bbox 3009 5281 3310 5336; x_wconf 77' lang='lat' dir='ltr'><strong>beneficiis</strong></span> <span class='ocrx_word' id='word_1_973' title='bbox 3360 5283 3572 5345; x_wconf 75' lang='lat' dir='ltr'><strong>affecti,</strong></span> <span class='ocrx_word' id='word_1_974' title='bbox 3607 5283 3706 5337; x_wconf 89' lang='lat' dir='ltr'><strong>de-</strong></span> 
     </span>
    </p>
   </div>
   <div class='ocr_carea' id='block_1_147' title="bbox 2043 5349 3706 5423">
    <p class='ocr_par' dir='ltr' id='par_1_147' title="bbox 2043 5349 3706 5423">
     <span class='ocr_line' id='line_1_147' title="bbox 2043 5349 3706 5423; baseline 0.004 -19"><span class='ocrx_word' id='word_1_975' title='bbox 2043 5349 2183 5404; x_wconf 83' lang='lat' dir='ltr'><strong>bent</strong></span> <span class='ocrx_word' id='word_1_976' title='bbox 2203 5366 2403 5423; x_wconf 87' lang='lat' dir='ltr'><strong>eorum</strong></span> <span class='ocrx_word' id='word_1_977' title='bbox 2429 5366 2745 5419; x_wconf 85' lang='lat' dir='ltr'><strong>agnoscere</strong></span> <span class='ocrx_word' id='word_1_978' title='bbox 2770 5353 3203 5423; x_wconf 75' lang='lat' dir='ltr'><strong>auctorem.8ed</strong></span> <span class='ocrx_word' id='word_1_979' title='bbox 3225 5353 3706 5423; x_wconf 83' lang='lat' dir='ltr'><strong>pagani,illornm</strong></span> 
     </span>
    </p>
   </div>
   <div class='ocr_carea' id='block_1_148' title="bbox 2045 5421 3705 5495">
    <p class='ocr_par' dir='ltr' id='par_1_148' title="bbox 2045 5421 3705 5495">
     <span class='ocr_line' id='line_1_148' title="bbox 2045 5421 3705 5495; baseline 0.004 -21"><span class='ocrx_word' id='word_1_980' title='bbox 2045 5437 2284 5495; x_wconf 70' lang='lat' dir='ltr'><strong>prorsus</strong></span> <span class='ocrx_word' id='word_1_981' title='bbox 2317 5421 2718 5484; x_wconf 85' lang='lat' dir='ltr'><strong>immemores,</strong></span> <span class='ocrx_word' id='word_1_982' title='bbox 2744 5429 2800 5475; x_wconf 89' lang='lat' dir='ltr'><strong>et</strong></span> <span class='ocrx_word' id='word_1_983' title='bbox 2829 5421 2980 5495; x_wconf 81' lang='lat' dir='ltr'><strong>sicut</strong></span> <span class='ocrx_word' id='word_1_984' title='bbox 3009 5423 3188 5478; x_wconf 90' lang='lat' dir='ltr'><strong>Niobe</strong></span> <span class='ocrx_word' id='word_1_985' title='bbox 3226 5421 3509 5495; x_wconf 85' lang='lat' dir='ltr'><strong>Lothique</strong></span> <span class='ocrx_word' id='word_1_986' title='bbox 3541 5443 3705 5494; x_wconf 84' lang='lat' dir='ltr'><strong>uxor,</strong></span> 
     </span>
    </p>
   </div>
   <div class='ocr_carea' id='block_1_149' title="bbox 2044 5492 3708 5563">
    <p class='ocr_par' dir='ltr' id='par_1_149' title="bbox 2044 5492 3708 5563">
     <span class='ocr_line' id='line_1_149' title="bbox 2044 5492 3708 5563; baseline 0.005 -17"><span class='ocrx_word' id='word_1_987' title='bbox 2044 5492 2238 5546; x_wconf 90' lang='lat' dir='ltr'><strong>omnis</strong></span> <span class='ocrx_word' id='word_1_988' title='bbox 2271 5508 2482 5547; x_wconf 88' lang='lat' dir='ltr'><strong>sensus</strong></span> <span class='ocrx_word' id='word_1_989' title='bbox 2523 5497 2811 5563; x_wconf 88' lang='lat' dir='ltr'><strong>expertes,</strong></span> <span class='ocrx_word' id='word_1_990' title='bbox 2841 5493 3022 5563; x_wconf 90' lang='lat' dir='ltr'><strong>impio</strong></span> <span class='ocrx_word' id='word_1_991' title='bbox 3055 5511 3168 5549; x_wconf 92' lang='lat' dir='ltr'><strong>non</strong></span> <span class='ocrx_word' id='word_1_992' title='bbox 3203 5495 3394 5551; x_wconf 90' lang='lat' dir='ltr'><strong>solum</strong></span> <span class='ocrx_word' id='word_1_993' title='bbox 3416 5492 3589 5553; x_wconf 45' lang='lat' dir='ltr'><strong>&#39;cultu</strong></span> <span class='ocrx_word' id='word_1_994' title='bbox 3626 5492 3708 5554; x_wconf 55' lang='lat' dir='ltr'><strong>feé</strong></span> 
     </span>
    </p>
   </div>
   <div class='ocr_carea' id='block_1_150' title="bbox 2119 5707 3709 5788">
    <p class='ocr_par' dir='ltr' id='par_1_150' title="bbox 2119 5707 3709 5788">
     <span class='ocr_line' id='line_1_150' title="bbox 2119 5707 3709 5788; baseline 0.005 -26"><span class='ocrx_word' id='word_1_995' title='bbox 2119 5709 2167 5788; x_wconf 70' lang='lat'><strong>3_°_</strong></span> <span class='ocrx_word' id='word_1_996' title='bbox 2212 5725 2344 5780; x_wconf 86' lang='lat' dir='ltr'><strong>pag.</strong></span> <span class='ocrx_word' id='word_1_997' title='bbox 2379 5707 2488 5788; x_wconf 41' lang='grc' dir='ltr'><strong>ἐς).</strong></span> <span class='ocrx_word' id='word_1_998' title='bbox 2545 5707 2607 5788; x_wconf 23' lang='grc' dir='ltr'><strong>’ξι</strong></span> <span class='ocrx_word' id='word_1_999' title='bbox 2658 5710 3060 5788; x_wconf 40' lang='grc' dir='ltr'><strong>ριίε.μ50.ῌ¹¹2</strong></span> <span class='ocrx_word' id='word_1_1000' title='bbox 3108 5727 3263 5788; x_wconf 77' lang='lat' dir='ltr'><strong>pag._</strong></span> <span class='ocrx_word' id='word_1_1001' title='bbox 3290 5713 3381 5769; x_wconf 91' lang='grc'><strong>51.</strong></span> <span class='ocrx_word' id='word_1_1002' title='bbox 3434 5718 3492 5770; x_wconf 92' lang='lat' dir='ltr'><strong>et</strong></span> <span class='ocrx_word' id='word_1_1003' title='bbox 3541 5731 3709 5788; x_wconf 90' lang='lat' dir='ltr'><strong>seqq.</strong></span> 
     </span>
    </p>
   </div>
   <div class='ocr_carea' id='block_1_151' title="bbox 271 5773 1931 5858">
    <p class='ocr_par' dir='ltr' id='par_1_151' title="bbox 271 5773 1921 5858">
     <span class='ocr_line' id='line_1_151' title="bbox 271 5773 1921 5858; baseline -0.009 -6"><span class='ocrx_word' id='word_1_1004' title='bbox 271 5773 316 5811; x_wconf 73' lang='grc'><strong>³³</strong></span> <span class='ocrx_word' id='word_1_1005' title='bbox 351 5773 602 5853; x_wconf 65' lang='grc' dir='ltr'><strong>Ρδὲζ.’57.</strong></span> <span class='ocrx_word' id='word_1_1006' title='bbox 678 5783 724 5817; x_wconf 80' lang='grc'><strong>³⁴</strong></span> <span class='ocrx_word' id='word_1_1007' title='bbox 755 5773 886 5856; x_wconf 69' lang='lat' dir='ltr'><strong>pag.</strong></span> <span class='ocrx_word' id='word_1_1008' title='bbox 919 5773 990 5838; x_wconf 77' lang='lat'><strong>58</strong></span> <span class='ocrx_word' id='word_1_1009' title='bbox 1019 5789 1076 5840; x_wconf 89' lang='lat' dir='ltr'><strong>et</strong></span> <span class='ocrx_word' id='word_1_1010' title='bbox 1105 5801 1229 5857; x_wconf 88' lang='lat' dir='ltr'><strong>seq.</strong></span> <span class='ocrx_word' id='word_1_1011' title='bbox 1308 5773 1352 5820; x_wconf 72' lang='grc' dir='ltr'><strong>έ⁶</strong></span> <span class='ocrx_word' id='word_1_1012' title='bbox 1383 5773 1516 5858; x_wconf 67' lang='lat' dir='ltr'><strong>pag.</strong></span> <span class='ocrx_word' id='word_1_1013' title='bbox 1551 5786 1642 5839; x_wconf 83' lang='lat'><strong>61.</strong></span> <span class='ocrx_word' id='word_1_1014' title='bbox 1719 5773 1921 5856; x_wconf 68' lang='lat' dir='ltr'><strong>“pag.</strong></span> 
     </span>
    </p>
   </div>
   <div class='ocr_carea' id='block_1_152' title="bbox 2047 5773 3288 5858">
    <p class='ocr_par' dir='ltr' id='par_1_152' title="bbox 2125 5773 3288 5856">
     <span class='ocr_line' id='line_1_152' title="bbox 2125 5773 3288 5856; baseline 0.003 -20"><span class='ocrx_word' id='word_1_1015' title='bbox 2125 5783 2167 5815; x_wconf 76' lang='grc'><strong>³⁷</strong></span> <span class='ocrx_word' id='word_1_1016' title='bbox 2200 5773 2336 5853; x_wconf 70' lang='lat' dir='ltr'><strong>pag.</strong></span> <span class='ocrx_word' id='word_1_1017' title='bbox 2371 5782 2464 5836; x_wconf 87' lang='lat'><strong>63.</strong></span> <span class='ocrx_word' id='word_1_1018' title='bbox 2544 5781 2588 5816; x_wconf 80' lang='grc'><strong>³⁸</strong></span> <span class='ocrx_word' id='word_1_1019' title='bbox 2618 5773 2766 5854; x_wconf 53' lang='lat' dir='ltr'><strong>pag.&quot;</strong></span> <span class='ocrx_word' id='word_1_1020' title='bbox 2785 5783 2876 5838; x_wconf 75' lang='grc'><strong>64.</strong></span> <span class='ocrx_word' id='word_1_1021' title='bbox 2958 5784 3002 5818; x_wconf 83' lang='grc'><strong>³⁹</strong></span> <span class='ocrx_word' id='word_1_1022' title='bbox 3030 5773 3163 5856; x_wconf 77' lang='lat' dir='ltr'><strong>pag.</strong></span> <span class='ocrx_word' id='word_1_1023' title='bbox 3185 5773 3288 5840; x_wconf 56' lang='grc' dir='ltr'><strong>δῦ.</strong></span> 
     </span>
    </p>
   </div>
  </div>
