4052 6154
1112 230 1188 281 ΙΝ
1225 229 1670 284 CLEMENTEM
1707 225 1924 282 ALEX.
1963 230 2034 280 D.
2075 225 2167 280 LE
2205 227 2504 280 NOURRY
2540 226 3012 282 DISSERTATIO
3049 229 3094 280 Ι.
3716 223 3836 280 804

2161 363 2294 402 cum
2330 347 2449 403 sint
2480 347 2699 416 omnia,
2734 347 2818 401 vir
2848 346 3182 419 religiosus,
3215 347 3316 403 Dei
3343 347 3595 418 amicus,
3619 349 3838 406 omnia

2161 436 2292 475 cum
2315 419 2414 474 illo
2428 419 2767 475 communia
2789 419 3133 490 habebithx
3154 420 3370 490 quibus
3390 420 3662 476 Clemens
3677 438 3834 477 con-

2158 490 2339 546 cludit
2371 494 2562 546 solum
2597 491 3021 554 Christianum,
3057 493 3156 564 qui
3209 493 3460 565 pius_est
3490 497 3547 547 et
3579 493 3833 565 religio-

2157 579 2282 628 sus,
2307 580 2436 618 esse
2456 562 3184 634 divitem,temperantem,
3210 562 3465 620 similem
3493 565 3627 632 Deo,
3652 562 3831 635 ej‘us-

2157 651 2269 706 que
2299 634 2641 706 imaginem.
2672 635 2934 702 Denique
2974 651 3304 690 sermonem
3355 652 3531 690 suum
3583 634 3831 704 longius

2158 706 2398 761 forsitan
2435 709 2800 778 produxisse,
2835 707 2884 760 si
2916 712 3110 762 tamen
3144 723 3341 761 sermo
3389 709 3460 761 de
3510 707 3654 773 vita,
3687 725 3830 778 quas

2156 779 2383 832 nullum
2423 779 2829 860 habet‘ﬁuem,
2860 778 3114 860 longqu
3129 779 3371 860 produci
3397 785 3615 850 potest,
3648 787 3827 860 post:

2154 866 2326 920 quam
2357 851 2556 921 paucis
2591 849 2688 904 ille
2716 849 3038 918 excusavit,
3072 851 3120 905 6
3153 849 3668 922 nullum'prorsus'
3700 851 3823 906 sibi

2153 922 2460 976 dubitandi
2494 926 2683 977 locum
2709 938 2836 977 esse
2859 922 2961 986 ait,
2987 923 3126 992 quin
3165 921 3498 993 gentiles’id
3532 923 3690 994 quod
3726 928 3825 978 est

2151 994 2545 1065 pirmstantius,
2581 994 2804 1048 scilicet
2852 993 3031 1048 vitam
3083 994 3278 1065 potius
3328 1009 3504 1064 quam
3558 1001 3821 1050 mortem

403 231 510 287 803

406 372 520 423 ras,
555 355 715 428 ligna
742 359 799 428 et
829 353 1061 428 lapides
1079 351 1344 416 adorant,
1368 349 1469 428 sed
1519 348 1825 428 graculum
1869 347 2047 403 etiam
2076 355 2131 419 Α

405 433 461 483 et
493 420 728 484 corvum
764 426 864 481 Dei
889 420 1133 478 'nuntios
1163 437 1293 476 esse
1338 421 1449 474 sibi
1500 422 1642 476 adeo
1693 420 1868 475 stulte
1918 437 2046 490 per-

404 503 742 562 suaserunt,
777 501 840 552 ut
889 495 1176 556 homines,
1210 491 1310 563 qui
1360 491 1490 546 illos
1541 492 1610 545 ad
1656 491 1950 562 justitiam
1993 495 2049 547 et

406 573 678 644 pietatem
710 571 938 644 vocant,
972 564 1378 620 cnudelissime
1418 572 1860 644 persequantur.
1895 565 2047 628 Quo-

405 636 558 697 circa
589 636 1147 711 epiritalem’eorum
1201 652 1333 711 cum
1383 636 1724 711 caecitatem,
1758 641 1882 711 tum
1916 651 2045 690 sur-

402 707 665 776 ditatem,
687 713 838 783 quod
861 710 1096 783 quidem
1119 707 1404 783 malorum
1431 707 2045 783 omniummaximum

399 791 509 849 est,
544 801 609 838 eo
640 779 819 856 magis
853 779 1118 856 deplorat
1145 781 1211 846 ‘0,
1245 795 1360 856 quo
1387 779 1534 856 ipsis
1567 779 2044 856 facilium-prom-

397 857 672 926 ptiusque
705 850 778 908 sit
807 854 877 907 ad
915 850 1009 906 Dei
1043 852 1340 926 pervenire
1370 850 2041 926 cognitionemiUYerum

397 921 510 982 non
531 921 701 980 secus
723 943 788 980 ac
811 921 1110 995 serpentes
1132 922 1748 995 incantationibus,ita
1770 921 1852 974 illi
1878 922 2044 976 obvio

395 998 606 1054 lumini
638 997 858 1060 oculos,
883 993 1171 1064 auresque
1196 994 1402 1047 divinae
1426 993 1570 1058 voci,
1598 1009 2042 1064 nunquaminon

435 1070 756 1135 ersonanti,
789 1084 1022 1140 semper
1052 1063 1386 1140 occludunt.
1415 1065 1609 1118 Monet
1633 1063 1772 1134 ergo
1808 1063 2040 1140 ut_Ver-

435 1087 756 1135 ersonanu,
789 1087 1022 1140 semper
1052 1087 1386 1121 οῠειυαυηι.
1415 1087 1609 1118 ινιυυδι
1633 1087 1772 1134 δι·δο
1809 1087 1871 1118 υι
1911 1087 2040 1118 γειν-

395 1087 535 1197 gum
557 1141 814 1196 divinum
841 1141 1040 1194 audire
1069 1154 1180 1192 non
1205 1137 1460 1208 amplius
1482 1141 1770 1201 recusent,
1787 1137 1909 1208 sed,
1929 1135 2041 1205 pri-

395 1214 534 1268 stini
579 1215 792 1267 erroris
842 1211 1209 1283 pmnitentes,
1247 1209 1360 1262 Deo
1395 1208 1632 1283 credant
1685 1213 1742 1262 et
1787 1207 2037 1283 Christo,

394 1285 512 1352 qui,
545 1283 720 1339 homo
769 1278 974 1341 factus.
1012 1288 1068 1336 et
1109 1285 1398 1352 mortuus,
1431 1278 1592 1352 solus
1643 1295 1709 1333 ex
1763 1279 2038 1333 omnibus

393 1349 733 1411 hominibus
775 1355 926 1410 Deus
973 1359 1079 1408 est.
1113 1351 1221 1417 Qui
1268 1352 1424 1406 enim
1474 1349 1641 1404 illum
1694 1367 1822 1405 vere
1880 1367 2036 1420 quaa-

392 1434 531 1482 runt
559 1428 628 1494 ιι,
655 1429 901 1498 ejusque
935 1430 1137 1494 parent
1177 1423 1428 1495 legibus,
1459 1422 1577 1476 vita
1627 1426 1845 1477 aeterna
1892 1423 2036 1492 ipsis

391 1515 615 1554 merces
646 1499 756 1554 erit
787 1497 840 1551 et
871 1497 1144 1569 pretium.

464 1570 682 1625 Divinis
706 1562 1056 1640 porro-illius
1075 1563 1361 1640 institutis
1383 1562 1860 1635 quandoquidem
1888 1562 2033 1640 nihil

390 1640 562 1710 plane
613 1636 838 1712 aequius
897 1647 988 1694 est
1037 1644 1091 1692 et
1123 1637 1445 1712 sanctius;
1505 1651 1709 1712 omnes
1777 1636 2033 1705 profecto

2148 1064 2366 1136 eligant
2396 1072 2450 1120 et
2480 1065 2937 1136 amplectantur.

2712 1161 3119 1218 ARTICULUS
3163 1163 3229 1218 ll.

2147 1252 2219 1305 De
2253 1251 2416 1318 huius
2473 1251 2608 1306 libri
2654 1256 2899 1317 auctore,
2933 1256 3118 1317 aelate,
3151 1252 3332 1316 titulo,
3366 1261 3719 1321 argumento,
3754 1271 3824 1308 ac

2217 1325 2384 1378 totius
2431 1327 2612 1394 aperis
2670 1324 2966 1387 divisione,
3015 1324 3316 1393 elegantia,
3375 1324 3714 1392 eruditione,
3764 1331 3818 1381 et

2217 1395 2611 1466 manuscripm
2639 1395 2934 1450 codicibus.

2215 1489 2452 1546 Librum
2487 1491 2644 1546 hunc
2693 1493 2765 1546 ab
2814 1508 2904 1560 eo,
2935 1491 3108 1561 cujus
3156 1492 3386 1547 nomine
3435 1493 3811 1560 inscribitur,

2147 1567 2346 1618 nostro
2391 1563 2616 1619 scilicet
2661 1563 3413 1634 ClementeAlexandrino,
3451 1567 3634 1622 fuisse
3683 1568 3807 1621 eui-

2142 1637 2264 1688 tum
2316 1634 2493 1708 nulla,
2525 1651 2684 1708 sane,
2721 1651 2792 1708 ne
2839 1633 3086 1689 minima
3138 1633 3408 1705 quidem,
3431 1641 3622 1708 potest
3671 1654 3809 1693 esse

387 1705 589 1767 eorum
624 1705 1091 1799 praevaricatores
1121 1707 1493 1799 belluisJ,quse
1514 1705 1660 1760 nihil
1692 1715 1894 1760 contra
1913 1714 2028 1789 sta-
2063 1735 2109 1799 B
2144 1707 2554 1799 controversia.
2585 1707 2669 1761 Illi
2693 1706 2846 1760 enim
2881 1722 2994 1788 non
3019 1708 3100 1799 ‘ab
3133 1708 3410 1799 omjnibus
3431 1705 3621 1799 scium
3645 1711 3807 1791 auti-

389 1789 482 1838 tas
514 1777 730 1840 natura
763 1801 879 1838 suae
906 1783 1058 1851 leges
1088 1785 1291 1853 agunt,
1311 1778 1769 1853 deterioresesse
1790 1777 2028 1833 convin-

388 1861 620 1910 cuntur.
657 1856 915 1926 Paganos
949 1849 1921 1926 igitur'vehementenadhortatur,
1944 1855 2025 1916 ut,

387 1927 643 1997 antiquis
669 1920 1073 1991 erroribusﬂn
1123 1923 1336 1997 quibus
1367 1920 2025 1997 tamdiu_vcrsa_tiis_unt,

383 1993 616 2054 tandem
650 1993 1158 2069 depositis,veram
1187 1995 1572 2069 proﬁteantur
1591 1993 1802 2046 Christi
1830 1993 2024 2069 ﬁdem.

383 2074 599 2125 Omnes
616 2065 906 2140 siquidem
941 2069 1068 2138 ejus
1099 2065 1370 2136 discipuli
1394 2065 1546 2140 leges
1566 2081 1887 2140 suas,quas
1904 2065 2026 2140 Cie:

386 2157 551 2196 mens
579 2135 776 2196 noster
798 2135 1202 2196 sanctissimas
1225 2135 1354 2192 esse
1375 2137 1597 2206 probat,
1623 2152 1734 2190 non
1756 2137 1910 2191 sicut
1929 2135 2028 2190 alii

385 2212 584 2284 populi
611 2213 710 2267 uni
743 2214 976 2268 cuidam
1008 2228 1076 2265 ex
1102 2208 1328 2284 (irasciaa
1346 2207 1745 2284 sapientibus,
1766 2207 2025 2284 sediipsi-

385 2277 504 2356 inet
533 2285 648 2340 Deo
680 2289 948 2356 acceptas
983 2282 1309 2356 referebant
1340 2280 1404 2356 ᾖ
1426 2279 1621 2356 Neque
1654 2277 1748 2356 ille
1781 2278 1890 2332 sibi
1920 2277 2024 2332 cb-

374 2355 476 2423 jici
501 2357 718 2426 patitur
748 2350 846 2410 eas
878 2371 1006 2410 esse
1038 2354 1323 2426 duriores.
1343 2350 1610 2426 Christus
1629 2351 1844 2426 quippe
1867 2367 2025 2426 surn-

382 2422 477 2482 mo
501 2422 563 2482 et
592 2428 959 2483 divinissimo
992 2423 1409 2494 redemptionis
1443 2423 1712 2494 humanae
1744 2422 2024 2494 beneﬁcio

381 2500 529 2553 dura
558 2516 799 2569 quaeque
845 2506 900 2553 et
947 2514 1156 2568 aspera
1185 2492 1594 2569 coinplanavit.
1633 2492 1792 2569 Unde
1823 2501 2026 2569 auctor

380 2565 589 2624 uoster
609 2565 908 2625 concludit
951 2565 1139 2640 neque
1181 2566 1681 2640 At_henas,_neque
1723 2565 2023 2640 graeciam,

382 2657 571 2712 neque
590 2641 832 2708 loniam,
855 2646 956 2696 aut
976 2634 1702 2712 ph'ilosoph‘os,sed_solum
1727 2634 2022 2690 Christum

381 2707 765 2778 audiendum,
796 2707 1050 2782 eique'et
1080 2707 1565 2782 ejus'discipuiis,
1587 2707 2022 2782 veritateman-

377 2785 814 2845 nuntiantibus.
847 2778 1172 2838 habendam
1227 2781 1421 2833 ﬁdem.
1457 2778 1523 2831 Et
1571 2794 1703 2832 vero
1749 2778 2024 2832 omnibus

377 2855 746 2926 ethnicorum
780 2856 1114 2926 sapientum
1157 2852 1401 2922 legibus,
1436 2865 1607 2926 quam
1661 2850 1829 2926 longe
1880 2866 2021 2926 prae-

379 2925 665 2981 stantiora
722 2919 866 2981 sint'
898 2924 1110 2978 Christi
1169 2919 1482 2993 praecepta,
1529 2919 1751 2993 liquido
1805 2923 2019 2993 aperit,

380 2998 751 3068 ostenditque
773 2997 836 3065 ⁸³,
861 2991 1377 3068 Christumfverum
1404 2991 2018 3068 essejustitiaa_so_l_em,

379 3064 726 3140 qui,l'ugatis
749 3064 1010 3123 errorum
1037 3066 1311 3140 tenebris,
1343 3064 2017 3140 morte_quecruciafﬁ§a,

378 3135 632 3195 divinam
670 3141 838 3196 nobis
872 3138 1264 3193 hazreditatem
1320 3136 1481 3206 ultro
1523 3135 1876 3206 impertitur.
1914 3135 2018 3190 Pro

371 3212 552 3266 tantis
583 3218 776 3267 autem
811 3210 1109 3266 beneﬁciis
1151 3206 1292 3262 nihil
1327 3209 1409 3262 ait
1439 3205 1509 3262 ab
1542 3205 1788 3277 ipsomet
1817 3207 2018 3261 eodem

371 3283 601 3338 Christo
654 3283 933 3354 postulari
986 3281 1166 3354 aliud,
1201 3279 1332 3354 ni_si_
1365 3286 1425 3332 ut
1476 3295 1672 3354 verum
1721 3278 2017 3354 pietatem,

369 3349 751 3426 debitumque
784 3355 895 3426 ipsi
928 3352 1153 3409 cultum
1184 3349 1885 3426 exhibeamus._Clemens
1909 3349 2014 3404 ita-

369 3443 480 3495 que
512 3421 754 3497 paga'nis
787 3421 998 3497 suadet
1031 3431 1113 3491 ut,
1147 3424 1348 3477 audita
1395 3421 1607 3497 Christi
1657 3438 1820 3497 voce,
1849 3437 2017 3497 nemo

368 3492 750 3553 obsordescat
782 3496 1075 3568 amplius;
1128 3497 1227 3568 sed
1261 3508 1466 3547 omnes
1497 3492 1708 3546 divinis
1739 3492 2017 3568 salutari-

370 3569 601 3638 busque
631 3569 788 3623 illius
821 3566 1111 3622 mandatis
1142 3567 1756 3638 obtemperent,atque
1787 3566 1868 3638 ad
1889 3567 2016 3638 ejus

369 3636 678 3694 classicum
704 3639 918 3708 singuli
952 3639 1208 3693 ccelestia
1233 3639 1362 3708 ejus
1385 3636 1616 3708 capiant
1638 3653 1819 3700 arma,
1844 3637 2014 3690 tidem

369 3711 592 3766 scilicet
619 3707 1004 3780 etjustttiam.
1025 3711 1122 3764 liis
1144 3707 1294 3764 enim
1323 3707 1499 3762 armis
1523 3707 1774 3780 quisque
1797 3712 2015 3762 certam

371 3799 404 3838 a
435 3779 707 3853 spiritali"
741 3783 904 3836 hoste
952 3781 1274 3853 victoriam
1303 3779 1662 3853 reportatiit;
1717 3794 1846 3831 cum
1906 3781 2014 3853 Deo

367 3850 523 3910 enim
553 3859 946 3911 conversatus.
979 3869 1233 3923 eumque
1263 3851 1833 3915 imitatus,aeternam
1859 3850 2013 3903 salu-

368 3931 486 3983 tem
516 3931 906 3995 consequetur
935 3927 1001 3978 Η.

437 3998 522 4051 Ad
556 4015 623 4052 ea
653 3991 822 4066 porro
853 3999 1103 4068 ipsemet
1129 3992 1554 4068 _Cliris_tus,_qui
1587 3991 1643 4045 in
1678 3996 2015 4068 regenerato

367 4068 602 4123 homine
625 4062 962 4134 sacrum,'iu
988 4083 1102 4137 quo
1127 4065 1278 4119 Deus
1303 4063 1544 4137 habitet.
1568 4067 1680 4137 tem
1694 4062 1850 4137 plum
1875 4064 2011 4116 aedi-

366 4141 522 4201 ﬁcat,
556 4140 686 4195 illos
717 4133 947 4211 semper
987 4133 1252 4193 hortatur
1283 4142 1339 4190 et
1369 4134 1593 4188 incitat.
1630 4136 1706 4188 At
1750 4133 2013 4188 Clemens

365 4214 683 4281 prudenter
723 4219 921 4266 monet
968 4211 1333 4281 voluptates,
1359 4222 1718 4281 pravaruque
1758 4221 2013 4281 consue-

362 4277 628 4338 tudinem
647 4290 927 4353 tanquam
945 4277 1264 4335 immanem
1280 4278 1631 4353 Charybdim
1651 4277 2010 4345 tugieudam,

362 4371 646 4425 sacroque
695 4351 884 4410 crucis
935 4353 1092 4423 ligno
1142 4351 1582 4425 inhaerendum;
1614 4354 1844 4425 quoad
1898 4367 2010 4402 eu:-

361 4420 569 4503 lestetri
606 4433 836 4503 [ortum
871 4420 1166 4503 possimus
1197 4420 1506 4503 appclipre.
1545 4420 1627 4503 ibi
1662 4424 2008 4503 autemnon

359 4477 836 4568 i‘cve‘disnarrripli—us
871 4477 1318 4564 lDiae—chiorgiis
1367 4493 1429 4568 ’θῇ
1464 4492 1560 4568 sed
1613 4492 2011 4568 sanctissimis
2045 4477 2088 4540 D

360 4569 573 4623 initiati
609 4563 923 4640 mysteriis,
948 4569 1102 4622 circa
1134 4563 1290 4631 eum,
1318 4563 1416 4640 qui
1438 4563 1615 4640 solus
1643 4563 1796 4617 Deus
1830 4568 1886 4617 et
1914 4563 2008 4618 in-

359 4642 594 4712 genitus
625 4637 734 4702 est,
769 4641 1137 4712 choros_cum
1173 4637 1396 4712 angelis
1419 4637 1722 4712 ducemus.

432 4712 748 4778 Postquam
782 4729 914 4767 vero
944 4709 1210 4766 Clemens
1234 4709 1527 4763 Christum
1558 4706 2006 4778 induxit,_paga-

360 4801 466 4838 nos
499 4776 702 4838 omnes
739 4789 799 4838 ut
831 4783 900 4838 ad
937 4799 997 4836 se
1021 4782 1255 4835 veniant
1276 4779 1605 4833 hortantem
1635 4779 1699 4838 ⁸⁸.
1729 4776 1998 4848 pollicen-

357 4861 594 4926 temque
629 4856 745 4909 fore
779 4860 842 4909 ut
871 4853 1002 4926 illos
1033 4851 1263 4926 similes
1431 4850 1666 4912 efﬁciat,
1693 4855 1814 4902 tum
1868 4866 2000 4926 con-

353 4921 519 4980 tinuo
558 4927 791 4981 eosdem
845 4925 1077 4991 excitat,
1105 4928 1169 4978 ut
1199 4924 1266 4977 ad
1303 4921 1468 4974 illum
1503 4927 1829 4983 accurrant,
1865 4922 2008 4974 ﬁant

355 4998 624 5054 homines
658 4998 735 5066 pii
768 5002 823 5051 et
854 4995 1133 5068 religiosi,
1168 4996 1236 5068 ad
1276 4994 1520 5047 honesta
1552 4998 1606 5068 et
1630 4998 1842 5068 sancta
1867 5009 2004 5068 una-

351 5087 467 5140 gno
493 5062 753 5125 ferantur
785 5062 1146 5140 animovtuec
1181 5067 1250 5120 iis
1285 5080 1542 5140 unquam
1592 5062 2003 5129 idololatrian),

355 5136 632 5206 dedecus,
669 5148 840 5212 atque
889 5139 1243 5212 impietatem
1282 5136 1593 5212 deinceps
1624 5141 2004 5212 anteponunt.

350 5214 615 5268 Cultores
650 5206 940 5282 siquidem
975 5206 1235 5265 veritatis
1282 5207 1462 5282 Deum
1493 5206 1629 5261 totis
1660 5207 1880 5260 viribus
1916 5225 2007 5282 se-

351 5287 450 5356 qui
482 5287 608 5349 ".et
645 5279 869 5354 seipsos
896 5288 1062 5356 totos
1086 5281 1148 5356 rei
1182 5281 1549 5356 permittere,
1577 5295 1641 5331 ac
1683 5283 1801 5333 toto
1834 5279 2004 5356 corde.

347 5349 515 5413 illum
546 5349 786 5428 diligere
817 5349 1403 5411 debent.Amicorum
1431 5349 1646 5422 quippe
1670 5350 2007 5405 communia

424 5499 470 5533 to
500 5517 628 5569 pag.
677 5501 766 5553 66,
844 5499 886 5535 ιι
924 5513 1052 5568 ρας,
1101 5498 1192 5552 67,
1270 5495 1316 5530 ⁴²
1345 5494 1580 5569 pag.§8
1615 5499 1670 5548 et
1695 5509 1836 5569 seq.

1913 5493 1959 5526 ⁴³
1993 5508 2124 5563 pag.
2174 5493 2238 5546 71
2293 5497 2348 5547 et
2391 5495 2487 5547 72.
2564 5495 2608 5528 “

2140 1779 2273 1846 quis
2321 1779 2621 1833 codicibus
2673 1777 3115 1846 manuscriptis,
3151 1779 3249 1832 sed
3285 1795 3318 1831 a
3345 1780 3574 1835 cunctis
3613 1781 3800 1836 etiam

2137 1850 2453 1918 cujuslibet
2511 1849 2693 1904 astatis
2745 1851 3154 1920 scriptoribus,
3190 1850 3439 1906 Eusebio
3487 1851 3550 1917 ⁸⁸,
3588 1853 3795 1907 lliero-

2139 1937 2311 1992 nymo
2337 1922 2401 1995 ‘9,
2441 1922 2652 1995 Cyrillo
2683 1919 3408 1995 Alexandrino_‘°,_Photio
3441 1923 3505 1995 "7,
3539 1923 3796 1995 aliisque

2140 1991 2512 2061 pestmodum
2547 1994 2875 2046 innumeris
2906 1991 3290 2047 invictissime
3312 1994 3616 2050 asseritur.
3641 1991 3792 2061 Quid

2138 2080 2268 2117 vero
2328 2065 2478 2136 quod
2536 2067 2594 2118 et
2651 2063 2918 2120 Clemens
2975 2065 3225 2134 ipsemet
3269 2081 3330 2136 se
3375 2066 3790 2135 bujuscelibri

2137 2135 2434 2208 auctorem
2468 2141 2664 2208 aperte
2687 2137 2880 2206 prodit
2901 2139 2958 2190 et
2979 2135 3316 2208 denuntiat?
3337 2136 3469 2191 Haec
3489 2137 3788 2208 siquidem

2137 2215 2276 2260 sunt
2303 2206 2463 2260 illius
2495 2207 2610 2260 alia
2641 2208 2700 2260 in
2733 2208 3070 2262 Stromatum
3099 2207 3265 2262 libris
3299 2209 3472 2262 verba
3497 2209 3542 2242 ⁵³
3565 2206 3587 2264 “;
3637 2233 3663 2258 α
3688 2213 3786 2264 At-

2136 2295 2244 2346 que
2267 2279 2388 2333 hac
2407 2281 2476 2332 de
2493 2286 2823 2351 Graecorum
2857 2279 3094 2351 quidem
3129 2278 3277 2333 falsa
3309 2279 3592 2351 religione
3615 2282 3780 2350 satis,

2135 2359 2194 2402 ut
2238 2350 2999 2426 arbit.ror,_ostendimus_in
3032 2350 3182 2426 libro
3232 2351 3326 2420 qui
3379 2350 3601 2426 dicitur
3643 2357 3784 2426 Προ-

2133 2421 2438 2493 τρεπτικός,
2471 2421 2703 2493 abunde
2743 2420 3025 2493 adhibitis
3073 2422 3329 2493 iistquaa
3379 2439 3461 2493 eo
3495 2420 3784 2493 faciebant

2134 2489 2422 2567 historiis.
2461 2515 2486 2540 υ
2519 2492 2625 2567 Kai
2650 2492 2773 2565 περὶ
2799 2493 2903 2567 Δμὲν
2931 2497 3028 2554 τῆς
3075 2489 3411 2560 Ἑλλήνικῆς
3445 2491 3781 2567 δςισιδαιμο-

2131 2562 2246 2640 νίᾳς
2299 2565 2529 2640 ἱκανῶς,-
2569 2562 2743 2640 uiuat,
2797 2562 2848 2618 ἐν
2905 2567 2985 2640 τῷ
3045 2568 3432 2640 Προτρεπτιξῷ
3491 2562 3786 2640 ἐπιγραφο-

2136 2632 2280 2706 μένῳ
2328 2638 2464 2712 ἡμῖν
2515 2625 2665 2708 λόγῲ
2715 2625 3127 2712 τὶαρςστήῖταμέν
3179 2625 3515 2712 δὶαμτάκόρῳς,
3687 2625 3780 2694 δὶα-

2129 2708 2450 2782 τεπβιέγοῦσῃ
2506 2707 3024 2782 σνᾳγκαταχρώμενοι
3059 2707 3329 2782 Δἱςνιτορῖᾳγ.
3369 2707 3624 2782 γὈυὶὺυέ
3685 2713 3782 2767 ille

2129 2779 2320 2833 verbis
2353 2779 2506 2834 hunc
2537 2779 2818 2834 libruma
2846 2795 2907 2833 se
2958 2779 3243 2838 scriptum
3299 2781 3474 2836 fuisse
3519 2800 3632 2838 non
3687 2801 3785 2838 so—

2129 2797 2320 2833 verois
2353 2797 2506 2834 nunc
2537 2797 2751 2834 uorum
2786 2798 2818 2833 a
2846 2797 2907 2833 se
2958 2797 3069 2832 seri
3120 2797 3243 2834 tum
3299 2797 3474 2836 tuisse
3519 2800 3632 2838 non
3687 2801 3774 2838 so-

2129 2849 2250 2904 lum
2300 2857 2569 2924 testatur,
2605 2852 2706 2905 sed
2758 2849 2992 2906 titulum
3035 2797 3217 2913 illius,
3249 2855 3308 2924 et
3341 2860 3774 2924 argumentum,

2130 2923 2392 3047 qluodtin
2442 2940 2509 2978 eo
2560 2940 2757 2978 revera
2806 2928 3108 2988 tractatur,
3157 2923 3312 2978 haud
3372 2923 3607 2979 obscure
3662 2927 3767 2979 de-

2130 3011 2159 3047 c
2189 3011 2285 3046 ara
2321 3037 2331 3047 .

2130 2999 2331 3050 clarat.

2203 3066 2383 3120 Nemo
2414 3068 2609 3119 autem
2637 3070 2738 3120 aut
2769 3064 3017 3119 nimium
3053 3069 3458 3132 morosus,aut
3484 3063 3636 3119 male
3666 3082 3769 3120 sa-

2132 3153 2217 3190 nes
2269 3138 2484 3191 mentis
2515 3137 2688 3191 homo
2724 3137 2892 3192 nobis
2921 3135 3159 3204 objiciet
3207 3135 3386 3191 alium
3431 3137 3773 3207 quemdam,

2129 3223 2305 3276 quam
2353 3225 2512 3272 eum,
2545 3209 2616 3263 de
2665 3225 2780 3278 quo
2831 3208 3230 3278 disputamus,
3262 3206 3474 3262 librum
3528 3209 3599 3262 ab
3649 3206 3778 3276 ipso

2127 3281 2443 3347 Clemente,
2473 3279 2721 3347 aliisque
2773 3280 3022 3334 laudatis
3073 3281 3413 3334 auctoribus
3460 3279 3778 3348 designari.

2127 3351 2272 3406 Nam
2309 3351 2589 3406 Eusebius
2612 3352 2674 3417 ⁵³,
2701 3351 2946 3422 Cyrillus
2969 3349 3400 3422 Alexandrinus
3421 3351 3486 3422 '5,
3511 3357 3571 3405 et
3591 3351 3782 3406 Theo-

2125 3423 2364 3478 doretus
2396 3424 2457 3488 ⁵⁸,
2490 3422 2712 3492 prolixa
2745 3421 2902 3476 illius
2932 3423 3258 3492 fragmenta
3291 3421 3528 3487 Graecis,
3564 3428 3627 3476 ut
3658 3422 3780 3477 ﬁeri

2126 3495 2361 3558 assolet,
2413 3495 2652 3548 totidem
2705 3495 2899 3548 verbis
2948 3493 3290 3548 retulerunt.
3343 3493 3508 3549 Unde
3559 3501 3776 3558 autem,

2126 3582 2342 3636 quaeso,
2376 3581 2442 3619 ea
2476 3565 2802 3636 potuissent
2833 3566 3246 3627 transcribere.
3281 3565 3390 3620 nisi
3439 3581 3509 3619 ex
3557 3583 3692 3620 vero
3723 3572 3778 3621 et

2123 3638 2379 3704 genuino
2405 3636 2670 3707 hujusce
2701 3637 2891 3707 Operis
2923 3637 3263 3706 exemplari.
3289 3637 3462 3706 cujus
3491 3637 3552 3691 in
3588 3637 3778 3693 fronte

2125 3710 2277 3764 haud
2341 3706 2510 3779 falso,
2545 3706 2891 3779 inscriptum
2951 3709 3268 3764 Clementis
3327 3708 3510 3763 nostri
3562 3725 3775 3764 nomen

2123 3778 2521 3851 agnoverant?

2199 3854 2273 3905 De
2296 3851 2472 3918 hujus
2495 3850 2692 3918 itaque
2721 3849 2915 3922 operis
2934 3853 3112 3922 aetate
3132 3853 3299 3922 certo
3321 3854 3378 3904 et
3398 3850 3636 3922 deﬁnite
3667 3851 3742 3906 ali
3763 3883 3774 3892 -

2122 3923 2262 3992 quid
2292 3928 2549 3977 statuere
2578 3921 3068 3993 longeitifﬁcilius
3089 3921 3401 3993 videbitur.
3422 3921 3595 3976 Nulla
3617 3924 3772 3977 enim

2122 3994 2422 4063 temporis,
2457 4009 2572 4062 quo
2603 3993 2674 4047 ab
2697 3992 2938 4047 auctore
2968 4009 3076 4047 suo
3109 3992 3284 4047 fuerit
3309 3993 3554 4060 editum,
3580 3993 3639 4047 in
3672 3994 3774 4050 illo

2121 4066 2368 4134 vestigia
2398 4068 2736 4119 occurrunt.
2763 4064 2840 4118 Ex
2863 4063 2994 4118 aliis
3025 4070 3220 4118 tamen
3253 4065 3380 4132 ejus
3415 4064 3772 4122 lucubratio-

2122 4133 2299 4191 nibus
2351 4137 2502 4189 haud
2557 4138 2804 4190 obscure
2845 4135 3197 4205 colligimus,
3230 4133 3374 4189 illud
3411 4152 3444 4189 a
3475 4136 3774 4193 Clemente

2123 4213 2291 4262 antea
2326 4208 2506 4261 fuisse
2536 4210 2957 4274 conscriptum,
2981 4223 3156 4278 quam
3183 4207 3308 4261 suis
3328 4208 3669 4262 Slromalum
3702 4209 3770 4262 li—

2123 4280 2244 4333 bris
2295 4279 2565 4334 ultimam
2616 4295 2854 4332 manum
2905 4279 3258 4349 admoveret.
3295 4279 3356 4332 In
3410 4279 3502 4333 his
3533 4281 3772 4349 quippe.

2122 4350 2204 4404 uti
2244 4353 2416 4421 paulo
2450 4368 2628 4421 supra
2653 4351 2928 4412 vidimus,
2956 4348 3057 4404 illa
3085 4374 3110 4398 ‹‹
3147 4350 3216 4404 ad
3249 4356 3452 4419 gentes
3486 4348 3774 4405 Admoni-

2123 4424 2202 4476 tio
2239 4443 2265 4473 ι
2299 4423 2533 4476 disertis
2566 4423 2756 4476 verbis
2800 4421 2871 4476 ab
2920 4422 3044 4488 ipso
3093 4421 3324 4475 citetur.
3355 4425 3499 4476 Ante
3549 4440 3773 4479 annum

2121 4509 2256 4564 ergo
2293 4495 2413 4552 194,
2448 4493 2601 4546 circa
2633 4509 2804 4564 quem
2838 4493 3141 4562 peritiores
3173 4492 3383 4564 critici.
3411 4499 3476 4547 ut
3507 4493 3661 4548 infra
3693 4495 3777 4549 di-

2120 4563 2302 4627 cetur,
2341 4565 2518 4620 libros
2560 4563 2898 4619 Stromatum
2928 4565 2999 4619 ab
3030 4568 3229 4619 eodem
3263 4563 3557 4620 Clemente
3587 4566 3776 4621 divul-

2119 4643 2285 4706 gatos
2317 4654 2444 4691 esse
2473 4637 2834 4695 existimant.
2861 4637 2978 4689 haec
3011 4634 3141 4706 ipsa
3173 4656 3201 4684 ‹‹
3223 4636 3292 4691 ad
3327 4641 3528 4706 gentes
3559 4641 3777 4692 Admo-

2120 4709 2264 4762 nitio
2299 4729 2322 4757 ν
2361 4707 2652 4776 publicam
2691 4708 2983 4778 prodierat
3014 4706 3072 4762 in
3105 4707 3317 4762 lucem.

2193 4779 2397 4833 Utrum
2432 4795 2564 4833 vero
2610 4779 2709 4833 illa
2751 4779 2940 4834 tribus
2985 4795 3217 4850 quoque
3263 4778 3560 4850 Paedagogi
3605 4778 3774 4836 libris

2121 4851 2428 4918 przeiverit,
2457 4850 2612 4905 nulla
2645 4868 2785 4905 sane
2807 4855 2964 4905 esset
2985 4851 3288 4904 dubitandi
3315 4849 3483 4915 ratio,
3509 4851 3556 4904 si
3583 4853 3774 4920 prima

2120 4921 2350 4975 illorum
2405 4922 2654 4993 phrasis,
2690 4940 2816 4994 quae
2867 4924 2923 4976 in
2978 4922 3203 4976 Herveti
3251 4921 3464 4994 legitur
3492 4923 3771 4985 editione.

2119 4995 2189 5045 ab
2227 4994 2476 5064 ipsemet
2495 4993 2795 5050 Clemente
2829 5009 2958 5046 vere
2993 4995 3246 5063 profecta
3279 4993 3462 5048 fuisse
3494 4995 3768 5065 probare-

2119 5072 2234 5118 tur.
2269 5066 2376 5119 Sed
2430 5083 2560 5119 cum
2614 5082 2701 5130 ea,
2732 5073 2796 5120 ut
2845 5069 3045 5135 postea
3094 5065 3380 5129 dicemus,
3415 5065 3473 5120 in
3526 5072 3774 5133 utroque

2119 5143 2319 5190 nostro
2352 5137 2547 5190 codice
2576 5138 2767 5190 Graeca
2803 5153 2976 5190 manu
3030 5145 3262 5190 exaralo
3311 5153 3423 5190 non
3478 5144 3771 5201 occurrat,

2117 5215 2164 5261 et
2196 5210 2249 5260 in
2280 5207 2410 5262 aliis
2431 5209 2790 5262 editionihus
2813 5213 2877 5261 ut
2900 5207 3100 5278 spuria
3123 5212 3179 5262 et
3202 5207 3530 5262 adulterina
3565 5209 3772 5263 merito

2117 5281 2333 5347 reiecta
2365 5279 2461 5344 sit,
2499 5278 2639 5333 nihil
2687 5280 2820 5332 inde
2870 5279 3007 5333 certi
3061 5278 3298 5334 omnino
3347 5285 3404 5333 et
3450 5279 3772 5334 indubitati

2116 5351 2238 5404 erui
2273 5368 2442 5420 posse
2474 5351 2850 5406 arbitramur.
2890 5350 3132 5404 Pbotius
3166 5356 3363 5406 tamen
3397 5350 3551 5406 hanc
3588 5351 3774 5407 Admo-

2639 5511 2766 5562 pag.
2820 5495 2909 5545 73.
2988 5494 3032 5527 ⁸³
3066 5508 3198 5564 pag.
3245 5494 3333 5547 74.
3415 5495 3458 5529 ⁴⁶
3491 5511 3623 5560 pag.
3676 5495 3768 5548 75.

348 5571 392 5604 ‘7
428 5563 553 5638 pag.
578 5563 675 5624 '76.
753 5570 796 5603 ⁸⁸
829 5563 1027 5622 Ιὶι).’νι”
1051 5569 1289 5626 Histor..
1323 5563 1449 5635 cap.
1495 5565 1665 5638 |73._et
1695 5565 1795 5618 lib.
1834 5582 1873 5618 ιι
1905 5563 2022 5618 Praa

2138 5581 2346 5638 iviangq
2381 5581 2512 5638 cap.
2541 5567 2579 5620 3
2610 5571 2666 5638 et
2695 5566 2751 5638 (ἲ)ἐ
2776 5564 2970 5638 ριυιίὺῇ.
3003 5563 3080 5630 1v,
3121 5566 3387 5638 cap.A16.
3463 5565 3508 5638 f9
3540 5566 3657 5638 lib.
3701 5567 3772 5622 de

350 5635 560 5708 Script.
595 5639 797 5696 eccles.
829 5645 886 5694 et
917 5657 1001 5710 ep.
1039 5641 1109 5692 84
1140 5641 1208 5693 ad
1244 5639 1436 5707 Magn.
1514 5636 1558 5671 ⁶⁰
1587 5636 1688 5690 lib.
1721 5653 1855 5692 xvui
1891 5645 2046 5710 cunt.
2079 5635 2322 5710 Julian”

993 5711 1037 5744 ⁸⁸
1069 5709 1244 5781 lib."
1276 5706 1458 5780 Priep.
1495 5723 1726 5777 evang,
1760 5723 1887 5778 cap.
1921 5707 1954 5759 3
1986 5710 2043 5762 et
2072 5707 2143 5775 6;
2180 5706 2282 5762 lib.
2335 5725 2413 5781 1v,
2463 5725 2513 5763 c.
2551 5709 2636 5763 16.
2715 5709 2759 5743 ⁵⁸
2789 5709 2916 5764 loco
2965 5708 3059 5764 cit.
3138 5707 3183 5743 ⁸⁸
3213 5708 3294 5763 De
3341 5709 3520 5764 Graec.
3576 5710 3766 5766 all‘ect.

351 5711 588 5773 Strom.,
623 5726 756 5783 pag.
788 5713 914 5783 711.

355 5780 832 5851 ουηηά.,ἐθι·ω.
870 5782 955 5848 10,
994 5791 1125 5850 pag.
1159 5780 1284 5833 632.

2361 5651 2416 5706 p.
2448 5637 2573 5692 342.
2653 5637 2694 5672 ⁸¹
2727 5634 3028 5699 Biblioth.,
3080 5634 3210 5692 cod;
3262 5636 3382 5691 110.
3461 5637 3506 5672 ³³
3538 5636 3638 5694 lib.
3691 5655 3770 5693 vn
