4052 6154
352 166 460 223 819
1060 174 1135 227 IN
1171 173 1615 226 CLEMENTEM
1652 174 1866 226 ALEX.
1908 177 1975 228 D.
2016 175 2108 228 LE
2148 172 2444 228 NOURRY
2482 172 2966 225 DISSERTATIO
3006 172 3050 223 Ι.
3694 170 3794 224 820

354 310 491 351 vero
524 294 623 366 qui
646 293 707 350 in
734 292 924 350 aetatis
947 297 1084 367 sunt
1108 294 1347 367 ﬂore,ad
1380 293 1695 367 prandium
1721 293 1883 349 nullo
1907 311 2005 364 po-
2038 298 2090 363 Α
2122 298 2310 367 grates
2342 294 2392 348 ei
2420 291 2701 367 debemus
2728 293 3318 367 rependere.Demum
3341 295 3571 367 auctor
3602 295 3797 367 noster

356 373 444 435 tu,
477 364 557 423 ad
583 383 809 422 omnem
846 366 1073 420 modico
1103 366 1262 431 vino,
1284 365 1526 419 senibus
1551 366 1725 436 paulo
1753 366 2007 436 uberius,
2122 364 2373 423 Breviter
2404 366 2674 419 edisserit
2724 382 2850 434 quas
2882 364 3213 421 Christiano
3264 366 3512 422 cantica
3564 370 3627 420 et
3668 365 3794 419 har-

360 440 463 495 sed
500 439 649 494 nulli
682 454 942 510 unquam
978 438 1103 491 sine
1151 436 1551 491 moderatione
1585 437 1663 492 uti
1699 438 2008 508 permittit.
2120 438 2318 494 monia
2351 440 2640 510 permissa
2672 437 2810 510 sint.

363 510 511 567 Illud
545 511 724 578 enim,
757 508 856 566 sed
890 524 1043 579 aqua
1071 524 1303 581 semper
1329 510 1899 579 temperatum,sicut
1918 528 2010 564 sa-
2192 508 2375 581 Negat
2403 526 2537 563 vero
2556 509 2743 581 etiam
2775 508 2836 561 in
2867 508 3145 563 conviviis
3164 508 3517 564 Christiano
3544 508 3798 581 absurde

366 582 532 637 citati
566 583 892 654 proficuum
926 586 1036 649 est,
1068 579 1152 634 ita
1184 581 1495 654 immodice
1529 586 1791 652 potatum
1827 582 2011 652 pluri-
2122 579 2371 645 ridendi,
2402 582 2490 636 vel
2519 580 2647 635 aliis
2680 582 2868 654 risum
2904 582 3170 634 movendi
3203 582 3407 654 datam
3447 597 3591 654 esse
3622 580 3795 654 facul-

365 670 483 721 ma,
516 650 642 723 quae
675 654 749 708 ab
780 670 845 708 eo
878 657 1281 721 recensentur,
1313 650 1545 707 damna
1582 658 1759 723 atque
1790 650 2013 709 incom-
2121 658 2300 709 tatem
2330 654 2396 707 υ.
2424 652 2759 725 Etenimilli
2783 652 3005 725 urbane
3028 659 3258 707 tantum
3284 670 3347 707 ac
3380 652 3596 724 lepide
3620 650 3796 725 loqui,

367 727 538 797 moda
570 725 736 780 affert
767 730 823 780 et
850 725 1148 797 importat.
1209 725 1291 777 Illi
1345 741 1514 794 porro
1554 726 1928 797 ebriosorum
1958 729 2016 779 et
2122 743 2187 781 ac
2221 740 2526 797 nunquam
2556 724 2667 779 nisi
2702 724 3067 797 convenienti
3100 730 3390 797 tempore,
3411 731 3489 797 et
3512 725 3798 797 modeste,

363 795 821 852 temulentorum
856 795 1165 851 hominum
1198 802 1363 866 gesta
1394 796 1599 866 paucis
1629 797 1757 851 ideo
1790 797 2016 853 descri-
2124 795 2486 868 honesteque
2515 812 2649 850 cum
2684 796 3325 868 severitateridere,vel
3359 796 3579 867 potius
3604 796 3797 850 subri-

367 868 471 935 bit,
502 876 565 922 ut
592 884 798 924 omnes
831 869 902 922 ab
933 869 1235 940 ebrietate,
1284 883 1461 936 quam
1506 885 1674 922 sacra
1718 869 2017 940 Scriptura

367 940 664 1011 prohiberi
696 940 973 1006 ostendit,
1001 939 1232 994 facilius
1254 939 2018 1003 dehortetur.Quamo’brem

370 1012 667 1068 subnectit
695 1029 727 1066 a
767 1012 1017 1078 Christo,
1065 1011 1296 1084 tametsi
1341 1027 1577 1081 aquam,
1611 1013 1751 1066 dum
1795 1014 2019 1084 nuptiis

369 1084 700 1151 interesset,
734 1084 1048 1139 mutaverit
1080 1083 1138 1137 in
1171 1083 1479 1149 vinum,ea
1508 1089 1706 1138 tamen
1738 1083 2019 1139 immuta-

370 1156 528 1211 tione
561 1156 803 1212 minime
835 1157 1068 1226 quidem
1104 1156 1454 1226 permissam
1500 1156 1864 1224 ebrietatem,
1916 1156 2020 1210 sed

370 1228 571 1297 vitam,
600 1244 787 1299 aqueo
816 1227 1031 1282 veteris
1072 1226 1219 1299 legis
1269 1226 1471 1299 sensui
1531 1228 1818 1296 sanguine
1864 1228 2022 1281 illius

375 1300 593 1365 datam,
652 1298 966 1370 allegorice
1049 1298 1354 1352 declarari.
1417 1298 1747 1354 Praescribit
1816 1299 2025 1354 deinde

375 1378 663 1443 quantum
683 1369 805 1426 vini
829 1372 1020 1427 hieme
1052 1375 1152 1424 aut
1183 1369 1295 1434 alio
1317 1377 1578 1441 tempore
1607 1372 1926 1425 bibendum
1948 1372 2027 1426 sit

376 1447 652 1514 vetatque
683 1460 755 1498 ne
800 1443 959 1514 vina
986 1443 1253 1497 ardentia
1287 1458 1371 1514 Aac
1422 1444 1678 1510 fumosa,
1711 1447 1766 1497 et
1797 1460 1865 1497 ex
1895 1443 2028 1498 aliis

377 1512 812 1586 longefdissitis
843 1513 1202 1586 regionibus,
1232 1512 1494 1586 advecta,
1545 1515 1756 1586 Chium
1787 1514 2030 1586 scilicet

383 1585 709 1651 Ariusium,
739 1584 1045 1651 Thasium,
1078 1584 1381 1653 Lesbium,
1427 1585 1739 1651 Creticum,
1775 1585 2028 1657 Syracu-

2126 872 2263 925 dere
2293 866 2637 924 con—cessum
2666 868 2937 921 est.Hinc
2969 866 3125 922 risus
3154 866 3589 937 immodestos,
3624 868 3797 923 lasci-

2125 958 2225 996 vos
2258 946 2315 995 et
2346 956 2619 1012 procaces
2652 957 2685 994 a
2710 939 3046 993 Christiana
3094 940 3399 1010 republica
3454 940 3677 1010 procul
3708 957 3797 994 ar-

2129 1011 2651 1070 cendos’declarat.
2675 1012 2869 1079 Neque
2899 1016 3094 1066 tamen
3126 1013 3548 1067 Christianum
3588 1011 3799 1066 idcirco

2129 1086 2359 1168 tristem
2390 1100 2517 1168 esse
2548 1083 2895 1168 vult,sed‘ea
2927 1084 3212 1168 modestia
3244 1083 3801 1168 etgravitateprm

2130 1159 2322 1213 ditum
2358 1161 2420 1209 ut
2451 1172 2639 1226 neque
2671 1155 2730 1209 in
2762 1156 3053 1222 obscenis,
3087 1155 3174 1210 vel
3225 1155 3481 1211 cuilibet
3538 1156 3800 1211 molestis

2132 1231 2525 1297 rebus,neque
2557 1227 2726 1300 omni
2747 1233 3239 1300 tempore,neque
3273 1230 3433 1300 apud
3474 1227 3801 1300 quoslibet,

2132 1301 2249 1357 nisi
2281 1301 2426 1353 forte
2461 1298 2731 1353 nonnulli
2766 1302 3024 1353 seniores
3058 1299 3276 1370 aliquid
3311 1298 3579 1355 venuste
3612 1307 3671 1355 et
3699 1301 3803 1354 fes-

2136 1374 2251 1427 tive
2281 1370 2550 1437 dixerint,
2584 1370 2681 1425 ille
2713 1372 3030 1425 subrideat.
3071 1371 3260 1426 Facile
3286 1374 3451 1427 enim
3489 1388 3567 1426 ex
3600 1373 3804 1427 immo-

2136 1445 2264 1500 dico
2297 1442 2418 1516 risu
2450 1448 2655 1516 manat
2684 1443 3009 1514 turpitudo,
3044 1444 3195 1497 sicut
3225 1444 3283 1497 in
3324 1444 3468 1499 vino
3503 1445 3801 1516 improbo-

2138 1533 2268 1572 rum
2298 1514 2610 1569 hominum
2644 1530 2835 1569 mores
2866 1519 3291 1584 agnoscuntur.

2212 1587 2396 1641 Multo
2429 1587 2829 1659 igiturmagis
2861 1586 3051 1659 eidem
3074 1586 3441 1659 Christiano,
3472 1587 3677 1659 pergit
3705 1603 3800 1642 au-

388 1658 997 1740 sium,.Men-desium,.
1018 1657 1289 1740 Naxiumf,
1342 1657 1630 1740 Italicum,
1663 1657 1892 1740 anulla
1919 1676 2030 1740 un»
2065 1673 2112 1740 B
2142 1665 2266 1714 ctor
2294 1662 2492 1740 noster
2522 1657 3088 1740 23,_viﬂtandi.ohsceni
3114 1675 3441 1740 sermones,
3477 1657 3801 1740 turpiaque

384 1745 563 1801 quam
578 1729 815 1785 homine
839 1730 1232 1801 requirantur.
1250 1728 1537 1801 Omnibus
1560 1729 1853 1801 siquidem
1879 1730 2033 1785 indi-

388 1800 539 1873 gena
568 1801 701 1856 vina
728 1802 999 1873 sufﬁcere
1038 1800 1239 1856 definit
1270 1817 1282 1853 :
1320 1800 1433 1855 nisi
1487 1801 1633 1856 forte
1679 1800 1885 1872 aliqui,
1919 1819 2036 1857 non

391 1871 562 1929 secus
589 1889 654 1927 ac
669 1873 833 1927 stulti
848 1871 1195 1945 Parthorum
1212 1886 1603 1945 reges,secum
1619 1873 1801 1928 velint
1824 1871 2035 1945 aquam

392 1959 628 2015 quoque
658 1949 976 2016 asportare.
1012 1944 1204 1999 Monet
1235 1944 1483 1997 subinde
1532 1949 1753 2016 quanta
1786 1944 2037 2001 bibendo

390 2033 521 2072 esse
552 2015 783 2087 debeat,
815 2016 1084 2070 Minervm
1115 2016 1290 2069 etiam
1323 2015 1606 2086 exemplo,
1642 2018 1960 2072 honestatis
1985 2024 2041 2074 et

390 2089 668 2143 decentius
699 2104 857 2142 cura.
893 2088 1161 2152 Quaedam
1194 2087 1489 2141 enimvero
1521 2096 1721 2157 gentes
1751 2088 2040 2144 bellicosze

393 2160 659 2216 ebrietati
692 2159 1000 2229 indulgent
1031 2158 1293 2229 quidem,
1334 2159 1434 2212 sed
1466 2159 1691 2229 paciﬁci
1724 2160 2039 2217 Christiani
2084 2206 2089 2213 .

396 2231 612 2288 debent
639 2232 712 2287 ad
745 2230 957 2286 Christi
987 2229 1300 2301 instar,qui
1330 2230 1536 2285 vinum
1570 2232 2041 2289 moderatissime

398 2303 687 2370 adhibuit,
718 2302 1105 2358 moderationi
1139 2318 1205 2356 ac
1245 2302 1547 2357 sobrietati
1579 2306 1834 2360 studere.
1870 2307 2041 2360 Inve-

318 2412 325 2420 -
398 2375 562 2431 hitur
582 2374 791 2429 deinde
820 2373 879 2428 in
913 2373 1191 2429 mulieres
1212 2391 1334 2444 quae
1358 2376 1460 2429 14
1490 2373 1865 2441 alabastrinis
1885 2377 2041 2432 vasis

394 2447 667 2502 indecore
700 2446 988 2513 bibentes,
1021 2444 1237 2501 collum
1261 2446 1893 2503 nudabant.Postremo
1916 2449 2039 2504 hel-

394 2519 604 2592 luones
636 2534 767 2572 cum
811 2517 1091 2592 acqphalo
1140 2523 1430 2573 errantem
1483 2517 1715 2592 stellam
1771 2525 2038 2592 antegre-

395 2591 612 2664 diente,
645 2594 701 2644 et
729 2589 1177 2664 cumAElpenore
1207 2593 1601 2664 compar_at,ac
1630 2590 1746 2646 Noe
1777 2589 2041 2664 exemplo

396 2661 736 2719 ebrietatem
770 2659 1108 2719 fugiendam
1140 2677 1270 2716 esse
1298 2659 1612 2716 concludit.

468 2732 663 2789 Palam
700 2731 956 2804 posthaec
985 2731 1124 2787 facit
1152 2734 1199 2766 2°
1242 2749 1416 2803 quam
1471 2749 1660 2787 vanus
1710 2739 1767 2788 et
1815 2733 2043 2789 inutilis

398 2806 478 2862 sit
526 2820 803 2860 vasorum
847 2808 966 2858 tam
992 2807 1402 2875 argenteorum
1438 2820 1615 2875 quam
1647 2821 1957 2860 aureorum
1992 2811 2048 2861 et

398 2892 806 2950 gemmeorum
849 2891 1040 2950 usus;
1077 2881 1133 2929 et
1182 2875 1391 2931 calices
1440 2875 1772 2943 thericleos,
1820 2878 2045 2947 antigo-

396 2946 587 3016 nides,
635 2946 1288 3019 cantharosplepistas,
1338 2952 1659 3019 psycteres,
1708 2950 2041 3019 mnochoas,

397 3024 631 3077 servatu
663 3024 868 3091 utpote
899 3018 1189 3092 difﬁciles,
1213 3028 1263 3092 et
1296 3018 1641 3092 Christianis
1671 3018 2043 3092 vetitos,proé

396 3092 490 3148 cul
508 3093 680 3163 jubet
703 3090 1152 3163 amandari.Nec
1176 3090 1389 3145 minori
1414 3091 1715 3163 severitate
1738 3090 2045 3163 argenteas

396 3162 712 3238 proscribit
746 3162 946 3231 sellas,
977 3162 1193 3234 pelves,
1228 3162 1555 3238 acetabula,
1590 3162 1886 3238 scutellas,
1909 3166 2046 3219 cati-

397 3233 506 3292 nos
523 3240 579 3291 et
602 3235 716 3291 alia
741 3252 916 3317 aurea
936 3233 1486 3317 argenteaquevasa
1504 3233 1623 3289 sive
1642 3235 1711 3289 ad
1736 3244 2047 3317 consuetos

399 3325 617 3365 mensae
646 3325 710 3363 ac
742 3308 974 3371 domus,
1008 3304 1147 3362 “sive
1196 3304 1263 3362 ad
1324 3304 1491 3374 alios,
1541 3322 1691 3376 quos
1745 3307 2049 3363 nominare

397 3381 599 3452 pudet,
648 3396 794 3435 usus
846 3380 1166 3452 destinata.
1230 3377 1441 3434 Omnia
1490 3378 1707 3452 quippe
1753 3378 1895 3439 haec.
1930 3396 2044 3434 non

395 3451 563 3508 secus
597 3468 663 3505 ac
687 3452 1002 3521 superbam
1028 3451 1292 3513 nimis,et
1312 3451 1810 3520 sumptuosiorem
1836 3453 2044 3506 domo-

396 3540 528 3579 rum
543 3540 609 3577 su
622 3520 965 3593 pellectilem
978 3521 1363 3593 ,lectulosque
1378 3521 1699 3579 molliores.
1716 3539 1848 3577 cum
1867 3540 2043 3577 sacrae

395 3595 711 3663 Scripturaa
743 3599 801 3649 et
832 3593 1095 3649 Platonis
1116 3594 1632 3660 auctoritate,tum
1662 3593 1790 3665 ipso
1823 3595 2041 3649 Christi

399 3666 621 3719 Domini
657 3665 946 3737 exemplo,
979 3665 1148 3736 plane
1202 3666 1553 3737 penitusque
1607 3667 1885 3721 damnata
1913 3683 2042 3721 esse

396 3737 871 3792 demonstrat.Ad
896 3735 1017 3791 hrrc
1038 3753 1170 3791 vero
1202 3735 1366 3792 nulla
1390 3738 1575 3804 major
1599 3752 1772 3806 quam
1797 3754 1865 3791 ex
1886 3737 2043 3792 mala

397 3807 732 3880 divitiarum
761 3808 1271 3880 administratione
1299 3812 1354 3861 et
1371 3824 1518 3880 caeca
1548 3810 1923 3880 congerendae
1945 3826 2041 3879 pe-

394 3879 578 3936 cuniae
610 3880 951 3952 cupiditate,
981 3878 1208 3936 homini
1241 3878 1525 3951 pernicies
1570 3878 1905 3951 certiusque
1925 3878 2040 3934 exi-

395 3952 547 4008 tium
580 3952 838 4008 affertur.

470 4026 515 4079 A
548 4023 896 4078 Christianis
912 4026 1104 4076 autem
1121 4020 1405 4076 conviviis
1418 4020 1824 4075 vultClemens
1845 4027 2045 4076 noster

396 4111 627 4151 omnem
664 4095 900 4165 penitus
933 4092 1197 4147 exsulare
1248 4092 1737 4165 comessationem
1768 4093 1835 4161 ",
1869 4093 2039 4148 lasci-

395 4167 575 4226 viam.
610 4165 1181 4232 inanesineptasque
1212 4164 1700 4233 pernoctationes,
1753 4165 2040 4219 temulen-

412 4237 585 4300 tiam,
636 4236 999 4307 ebrietatem,
1053 4234 1249 4307 tibias,
1318 4235 1613 4305 psalteria,
1681 4233 2041 4307 saltationes,

391 4308 637 4378 plausus
668 4305 1349 4380 :Egyptiqrum,car_icam
1374 4305 2042 4380 musicam.omnemque

391 4377 635 4451 prorsus
665 4377 791 4434 sive
816 4378 1117 4434 oculorum
1153 4377 1271 4451 sive
1322 4378 1554 4451 aurium
1607 4377 2033 4448 intemperiem.

389 4449 760 4524 Quapropter
806 4450 903 4524 ubi
956 4467 1053 4506 rex
1104 4449 1385 4524 propheta
1431 4450 1698 4524 homines
1748 4452 1818 4505 ad
1857 4453 2033 4508 Deum

389 4469 622 4524 Quapro
672 4469 760 4507 ter
806 4469 903 4506 um
956 4469 1053 4506 rex
1104 4469 1385 4521 propneta
1432 4469 1698 4506 nomines
1748 4469 1818 4505 au
1857 4469 2033 4508 neum

389 4541 534 4596 sono
567 4469 740 4592 tuhae,
776 4522 1056 4596 psalterio
1082 4527 1139 4596 et
1164 4522 1422 4594 cythera,
1442 4522 1681 4578 chordis
1705 4526 1762 4577 et
1793 4540 2033 4595 organo,

387 4595 753 4652 laudandum
779 4594 1011 4659 invitat,
1043 4594 1101 4649 id
1135 4600 1340 4667 auctor
1371 4599 1565 4667 noster
1596 4596 1841 4666 mystice
1862 4594 2036 4667 expli-

391 4669 644 4723 candum
680 4684 808 4722 esse
841 4668 1026 4722 docet.
1062 4667 1129 4721 Et
1160 4666 1394 4738 quidem
1429 4666 1476 4720 si
1507 4673 1709 4738 gentes
1743 4666 2032 4738 quaedam,

389 4756 532 4811 qurs
554 4739 650 4795 ille
681 4739 1029 4795 nominatim
1044 4737 1608 4811 appellat,nonnu|la
1631 4740 1771 4811 dum
1796 4740 2032 4809 bellige-

389 4810 615 4880 rantur,
638 4812 918 4866 adhibent
949 4812 1391 4876 instrumenta;
1447 4810 1764 4867 Christiani
1814 4828 1952 4865 sane
2002 4829 2034 4867 e

384 4883 676 4939 contrario
709 4900 942 4953 semper
986 4882 1209 4953 pacifici
1244 4899 1360 4939 uno
1407 4883 1621 4937 debent
1673 4881 1757 4936 uti
1807 4881 2030 4937 instru-

384 4960 604 5021 mento,
642 4955 817 5010 verbo
848 4953 1072 5010 scilicet
1104 4953 1319 5021 divino,
1371 4971 1520 5023 quos
1560 4954 1707 5007 alios
1740 4953 1808 5007 ad
1844 4953 2027 5010 Deum

379 5027 767 5093 laudandum,
802 5026 1055 5098 agendas
1089 5025 1139 5098 ei
1187 5025 1427 5098 gratias,
1462 5030 1515 5080 et
1550 5024 2025 5098 honestamicum

377 5099 642 5165 proximo
665 5115 773 5154 suo
794 5096 1275 5153 consuetudinem
1299 5096 1389 5167 pic
1411 5101 1727 5167 sancteque
1753 5097 2023 5152 excitent.

375 5170 787 5228 Verumtamen
820 5171 867 5225 si
903 5169 1036 5241 quis
1067 5168 1248 5240 lyram
1270 5166 1359 5241 vel
1382 5166 1678 5239 cylharam
1716 5167 1951 5241 pulsare
1971 5173 2027 5223 et

377 5243 628 5314 psallere
661 5239 934 5314 sciverit,
966 5241 1023 5295 id
1074 5256 1185 5294 non
1238 5239 1409 5314 plane
1458 5240 1851 5314 respuendum
1897 5257 2024 5314 esse

375 5310 593 5377 uincet,
622 5316 793 5369 modo
828 5312 924 5367 ille
955 5327 1150 5382 regem
1185 5310 1526 5380 prophetam
1571 5311 1796 5365 divinas
1823 5310 2024 5367 laudes

371 5386 735 5441 decantando
767 5385 1135 5440 imitetur.At
1166 5383 1663 5454 quemadmodum
1700 5390 2019 5453 antequam

370 5457 565 5529 cibum
600 5462 1049 5529 praegustemus,
1083 5455 1236 5529 Deus
1269 5473 1299 5529 a_
1333 5455 1509 5529 nonis
1544 5454 1880 5529 laudandus
1910 5460 2018 5521 est,

370 5527 452 5581 ita
470 5534 527 5581 et
549 5526 945 5597 in‘poth,sicut
959 5527 1097 5583 olim
1123 5527 1303 5583 Graeci
1324 5528 1393 5582 ad
1413 5526 1785 5581 Hebraeorum
1810 5528 2016 5594 instar,

368 5601 425 5650 et
474 5600 609 5651 ante
657 5615 932 5654 somnum
988 5603 1220 5655 nostras
1268 5616 1373 5670 pro
1422 5600 1680 5671 acceptis
1709 5599 2015 5655 beneﬁciis

438 5765 482 5798 ²⁰
513 5777 639 5833 eap.
673 5765 726 5817 3.
806 5765 849 5800 ²¹
885 5782 1010 5835 cap.
1044 5767 1096 5819 4.
1176 5767 1222 5799 ²²
1254 5783 1380 5837 cap.
1410 5768 1463 5820 5.
1543 5768 1589 5804 ²³
1621 5784 1749 5839 cap.
1775 5769 1829 5824 6.

1907 5770 1952 5803 ²⁴
1982 5785 2110 5842 cap.
2141 5770 2196 5824 7.

2148 1731 2481 1802 spectacula
2507 1734 2608 1783 aut
2638 1730 2814 1784 facta:
2833 1728 2949 1785 imo
2971 1746 3106 1785 vero
3138 1730 3409 1801 stirpitus
3435 1728 3802 1802 amputanda

2146 1801 2277 1873 ipsa
2304 1802 2575 1857 vitiorum
2606 1802 2771 1856 radix
2800 1802 3318 1871 cupiditas.Neque
3347 1801 3570 1858 tamen
3593 1805 3652 1858 in
3679 1801 3800 1858 ullis

2148 1874 2421 1929 humanis
2467 1873 2725 1943 corporis
2761 1874 3061 1939 membris,
3097 1874 3205 1929 etsi
3255 1876 3583 1944 pudendis,
3618 1876 3719 1932 sed
3748 1874 3801 1928 in

2147 1947 2272 2002 solo
2302 1946 2444 2017 vitio
2476 1946 2766 2016 rebusque
2795 1945 3023 2000 vitiosis
3053 1945 3163 1999 sita
3195 1952 3285 2000 est
3312 1947 3660 2017 turpitudo.

2224 2018 2402 2073 Nemo
2426 2016 2667 2087 insuper
2691 2034 2724 2071 a
2748 2017 2940 2081 nobis,
2962 2016 3192 2071 tametsi
3218 2018 3289 2071 ab
3311 2018 3517 2089 aliquo
3542 2018 3800 2084 otfensis,

2149 2088 2209 2143 in
2242 2089 2501 2144 convivio
2534 2089 2762 2143 irrideri
2793 2104 3055 2158 unquam
3085 2090 3258 2144 debet
3285 2090 3331 2123 ²⁴
3365 2107 3377 2143 :
3409 2088 3468 2144 et
3504 2097 3704 2145 tacere
3724 2107 3804 2144 sa-

2149 2161 2269 2216 tius
2290 2166 2570 2231 estquam
2598 2160 2699 2214 ulli
2728 2161 3145 2216 contradicere.
3170 2164 3383 2216 Verum
3416 2163 3493 2216 ab
3527 2164 3801 2217 omnibus

2150 2234 2389 2305 omnino
2404 2232 2948 2305 conviviis‘prOpter
2968 2235 3159 2287 aetatis
3183 2233 3653 2305 imbecillitatem
3682 2250 3803 2305 pro:

2150 2303 2389 2360 hibendi
2414 2309 2552 2359 sunt
2573 2302 2974 2358 adolescentes
2999 2309 3055 2358 et
3077 2304 3557 2374 adolescentulae,
3578 2302 3802 2361 nec'ulli

2151 2392 2411 2448 unquam
2442 2376 2500 2431 in
2532 2375 2606 2430 iis
2634 2392 2767 2448 cum
2794 2374 2979 2430 aliena
3014 2392 3187 2448 uxore
3216 2379 3713 2433 accumbendum.
3745 2375 3798 2432 Si

2151 2446 2475 2505 necessitas
2505 2453 2699 2502 tamen
2734 2447 2790 2501 id
2843 2446 3120 2518 postulet,
3155 2450 3448 2519 quomodo
3480 2452 3538 2504 id
3572 2450 3717 2517 fieri,
3748 2454 3801 2503 et

2194 2520 2443 2592 rmcipue
2473 2520 2766 2593 quomodo
2799 2519 3209 2593 unusquisque
3240 2521 3361 2577 sive
3390 2522 3496 2587 vir,
3522 2522 3643 2577 sive
3674 2538 3795 2576 mu-

2176 2593 2279 2660 ier,
2314 2593 2433 2648 sive
2464 2592 2679 2657 senior,
2714 2595 2815 2646 aut
2844 2592 3061 2661 iunior,
3095 2609 3229 2648 sese
3255 2594 3313 2647 in
3345 2594 3553 2649 iisdem
3605 2593 3793 2648 convi-

2151 2665 2261 2718 viis
2289 2680 2504 2736 gerere,
2538 2662 2695 2736 loqui
2729 2667 2786 2736 e_t
2816 2679 3016 2736 vocem
3062 2680 3425 2736 componere,
3460 2683 3525 2721 ac
3555 2682 3681 2734 quae
3707 2665 3789 2717 vi-

2154 2742 2279 2808 tare
2299 2733 2538 2808 'debeat,
2572 2733 2915 2808 singulatim
2947 2733 3213 2791 accurate
3244 2733 3510 2793 Clemens
3531 2733 3781 2808 exponit.

2225 2807 2339 2861 Nec
2373 2807 2574 2861 minus
2624 2806 2778 2860 clare
2809 2807 2880 2861 de
2927 2823 3301 2874 coronarum,
3336 2808 3537 2865 ﬂorum
3567 2806 3617 2863 et
3674 2824 3781 2861 un-

2153 2884 2505 2951 guentorum
2539 2894 2649 2932 usu
2681 2879 2947 2945 disputat
2977 2879 3042 2946 ³⁸,
3075 2896 3140 2934 ac
3173 2880 3361 2951 primo
3391 2883 3611 2949 quidem
3643 2893 3773 2933 eum

2156 2950 2408 3022 minime,
2447 2951 2846 3022 necessarium
2880 2965 3010 3005 esse
3053 2950 3362 3007 convincit.
3389 2953 3464 3007 Ne
3493 2950 3614 3022 quis
3642 2964 3769 3022 vero

2161 3024 2336 3095 pedes
2354 3021 2571 3095 Christi
2591 3039 2621 3075 a
2640 3021 2884 3075 muliere
2911 3027 3120 3095 unctos
3138 3023 3489 3095 objeceret,id
3510 3020 3770 3095 mystica,

2161 3092 2456 3165 quamque
2481 3094 2606 3164 ipse
2632 3092 3385 3165 excusat,pauloprolixiori
3412 3092 3777 3164 explicatione

2155 3164 2597 3237 interpretatur.
2630 3165 2735 3237 sed
2771 3165 3003 3237 brevius
3035 3164 3180 3221 alias
3226 3166 3401 3221 diluit
3440 3165 3780 3236 obiectiones

2157 3237 2228 3291 ab
2264 3237 2637 3309 antiquorum
2672 3236 2939 3309 Hebraici
2971 3238 3169 3308 populi
3204 3255 3405 3309 regum
3443 3237 3703 3293 unctione
3731 3239 3790 3288 et

2155 3309 2449 3381 Aristippo
2483 3308 2729 3381 petitas.
2753 3308 2959 3381 Itaque
2988 3308 3400 3381 inexplebilem
3429 3309 3630 3364 merito
3661 3323 3787 3361 exa-

2154 3381 2297 3448 gitat
2324 3379 2641 3453 mulierum
2672 3379 3014 3453 libidinem,
3032 3379 3423 3453 quaetiamsi
3457 3381 3707 3453 plurima
3734 3382 3789 3431 et

2155 3453 2226 3525 ab
2258 3468 2323 3506 eo
2356 3452 2834 3525 nominibussuis
2852 3451 3143 3525 appellata
3160 3451 3473 3525 unguenta
3493 3453 3785 3519 haberent,

2154 3523 2266 3577 alia
2298 3529 2489 3578 tamen
2525 3540 2673 3578 nova
2704 3523 2762 3578 in
2797 3525 2922 3596 dies
2951 3523 3375 3594 excogitabant.
3397 3526 3475 3580 Ex
3501 3525 3597 3580 his
3625 3538 3785 3596 porro

2153 3596 2449 3676 concludit
2486 3595 2942 3676 unguentarios,
2976 3596 3313 3676 civitatibus
3362 3599 3511 3676 bene
3556 3595 3788 3676 moratis

2152 3667 2375 3739 pulsus,
2410 3666 2619 3739 debere
2648 3685 2682 3723 θ,
2728 3666 3058 3739 Christiana
3088 3668 3388 3739 republica
3437 3669 3513 3723 ita
3545 3666 3785 3736 extrudi,

2153 3738 2214 3793 ut
2235 3738 2445 3812 nullus
2474 3738 2644 3810 plane
2676 3738 2816 3812 _sive
2846 3738 3108 3812 vir,:,sive
3141 3738 3353 3795 mulier
3400 3745 3784 3812 unguentum,

2151 3811 2251 3866 sed
2274 3809 2622 3881 probitatem
2636 3809 2764 3865 vitae
2778 3813 2833 3864 et
2852 3810 3145 3882 pudicitiae
3163 3809 3787 3868 unctionem'redoleat.

2150 3882 2347 3951 Neque
2404 3882 2618 3937 idcirco
2679 3881 2897 3951 tamen,
2931 3881 3124 3951 inquit
3171 3883 3289 3950 ille,
3332 3883 3546 3939 debent
3591 3899 3789 3940 omnes

2152 3953 2529 4017 omnia,sicut
2551 3952 2813 4008 vultures
2833 3955 3502 4025 etscarahei.unguenta
3517 3957 3788 4025 rejicere;

2152 4025 2251 4097 sed
2288 4025 2380 4077 his
2415 4031 2666 4091 tantum,
2704 4042 2827 4094 quae
2855 4024 3074 4095 aliquid
3110 4024 3359 4097 possunt
3398 4024 3606 4083 afferre
3637 4026 3791 4082 utili—

2150 4095 2384 4170 tarlis,ea
2415 4112 2649 4167 semper
2680 4096 2762 4170 uti
2795 4096 2943 4167 lege,
2965 4102 3027 4151 ut
3056 4095 3285 4170 nullum
3310 4115 3574 4170 unquam
3608 4113 3791 4170 neque

2151 4169 2417 4234 odoratu,
2454 4185 2639 4234 neque
2690 4167 2839 4229 visu.
2875 4185 3061 4238 neque
3110 4169 3220 4224 alio
3253 4170 3371 4225 ullo
3413 4167 3596 4225 modo
3628 4167 3791 4226 volu-

2151 4241 2296 4316 ptati
2332 4240 2467 4294 dent
2499 4240 2716 4316 iocum.
2745 4243 3030 4316 Caeterum
3064 4239 3142 4294 ibi
3165 4242 3432 4316 ostendit
3471 4243 3786 4316 unguentis

2150 4316 2207 4366 et
2237 4310 2361 4366 oleo
2390 4312 2623 4366 morbos
2654 4312 2939 4382 quosdam
2982 4312 3215 4377 sanari;
3250 4316 3348 4369 sed
3385 4310 3667 4371 mulieres
3700 4333 3789 4372 ar-

2148 4382 2297 4460 guit,
2333 4401 2470 4460 qusi
2492 4384 2679 4438 crines
2712 4382 3147 4460 tingunt_,alque
3168 4401 3264 4442 eas
3296 4403 3421 4459 quae
3452 4392 3685 4460 ungunt
3706 4404 3790 4444 ca-

2147 4454 2549 4527 pillos,’citius
2582 4471 2892 4509 canescere
2924 4456 3305 4512 demonstrat.

2216 4527 2389 4580 Venit
2433 4528 2643 4581 deinde
2678 4527 2745 4580 ad
2794 4529 3245 4601 coronasvariis
3278 4529 3519 4584 ﬂoribus
3552 4546 3785 4601 compa-

2147 4602 2288 4658 ctas,
2325 4603 2380 4653 et
2427 4615 2627 4653 earum
2680 4614 2853 4653 usum
2905 4600 3059 4668 apud
3108 4616 3368 4670 paganos
3420 4602 3476 4654 in
3510 4600 3787 4657 conviViis

2146 4670 2710 4738 frequentissimum,
2748 4670 2890 4724 dicit
2935 4669 3264 4725 Christiano
3314 4672 3586 4727 illicitum
3638 4690 3787 4739 esse,

2144 4746 2342 4864 ulpnte
2374 4741 2463 4794 cui
2501 4741 2662 4795 nulla
2692 4742 2899 4795 florum
2930 4742 3313 4797 delectatione
3334 4743 3421 4797 vel
3455 4745 3651 4809 odore,
3689 4746 3787 4800 sed

2144 4829 2206 4864 so
2235 4830 2265 4864 ο
2299 4818 2537 4864 asuectu
2575 4814 2684 4864 l'rui
2718 4814 2906 4864 liceat.
2942 4815 3285 4864 Christianae
3330 4816 3626 4864 enimvero
3664 4834 3786 4864 mn-

2144 4814 2265 4867 snlo
2299 4818 2537 4882 aspectu
2575 4814 2684 4867 l'rui
2718 4814 2906 4868 liceat.
2942 4815 3285 4870 Christiana:
3330 4816 3626 4872 enimvero
3664 4834 3786 4872 mu-

2142 4884 2299 4937 lieris
2333 4901 2546 4938 corona
2575 4889 2664 4939 est
2692 4884 2796 4949 vir,
2831 4890 2887 4939 et
2917 4886 3023 4939 viri
3065 4887 3500 4943 matrimonium
3532 4906 3544 4955 ;
3581 4891 3788 4945 matri-

2140 4957 2319 5010 monii
2354 4961 2549 5010 autem
2584 4956 2754 5011 ﬂores
2786 4955 3053 5021 liberi,ac
3084 4957 3369 5014 universa:
3398 4959 3665 5015 Ecclesiae
3698 4977 3789 5016 co-

2138 5044 2282 5083 rona
2312 5027 2799 5083 ChristusMonet
2830 5033 3026 5084 tamen
3060 5028 3250 5086 varias
3280 5047 3406 5087 esse
3438 5031 3649 5087 ﬂorum
3676 5034 3789 5087 vir-

2136 5103 2314 5166 tutes,
2367 5116 2613 5169 quarum
2666 5099 2792 5156 alia:
2842 5099 3038 5168 utiles,
3087 5101 3216 5156 alizr
3263 5101 3440 5157 noxiae
3492 5108 3636 5159 sunt
3686 5111 3787 5160 aut

2137 5170 2496 5248 periculosae.
2530 5172 2743 5248 Verum
2802 5176 2868 5248 ut
2914 5189 3037 5227 rem
3089 5173 3266 5228 altius
3297 5180 3353 5248 et
3383 5192 3416 5230 a
3446 5191 3554 5230 sua
3594 5176 3783 5248 prima

2135 5242 2359 5320 origine
2388 5247 2627 5313 repetat,
2660 5242 2739 5296 ibi
2774 5242 3377 5320 primumquomodo,
3411 5250 3468 5320 et
3497 5264 3526 5301 a
3560 5242 3779 5320 quibus

2134 5316 2373 5385 cmperit
2400 5330 2746 5388 coronarum
2775 5331 2920 5388 usus
2949 5314 3200 5371 strictim
3229 5314 3780 5388 attingit.Qubniam

2132 5392 2329 5439 autem
2365 5386 2531 5441 falsis
2564 5386 2803 5456 diis,qui
2835 5385 3078 5442 ﬂoribus
3113 5385 3782 5456 delectabantur,conse-

2131 5463 2302 5511 cratze
2336 5458 2569 5513 fuerant
2598 5475 2842 5523 coronae,
2872 5474 2939 5513 ac
2968 5461 3178 5529 pagani
3214 5468 3476 5517 mortuos
3531 5478 3776 5519 corona-

2130 5529 2380 5602 bant,iis
2412 5530 2689 5584 omnibus
2722 5530 3055 5602 Christiano
3088 5533 3298 5602 probat
3323 5549 3451 5588 esse
3478 5533 3779 5589 abstinen-

2128 5600 2294 5657 dum.
2327 5601 2397 5656 Et
2426 5610 2577 5657 certe
2628 5618 2762 5659 cum
2812 5600 3105 5670 Christus,
3141 5609 3206 5659 ut
3251 5604 3379 5660 fuse
3431 5605 3651 5662 ibidem
3686 5607 3781 5663 ille

2275 5769 2318 5807 ³⁵
2350 5789 2477 5845 cap.
2510 5773 2564 5827 8.
