4052 6154
371 189 480 248 821

1536 198 1634 250 DE
1673 199 1934 252 TRIBUS
1972 197 2359 253 PEDAGOGI
2399 199 2652 251 LIBRIS.

3702 191 3808 248 822

370 317 650 400 esplicat,
687 315 1222 400 spi_nisncoronatus
1255 317 1448 400 fuerit,
1502 336 1616 374 non
1677 320 1841 400 decet
1909 322 2038 391 ejus
2077 325 2129 388 Α
2163 319 2377 400 ideirco
2401 319 3803 400 east-autumquaesimplicessuntetcommunes,

372 391 741 462 discipulum
768 391 1008 445 floribus
1042 393 1328 444 coronari.
1363 395 1593 446 Fatetur
1614 393 1852 461 quidem
1887 411 2034 447 non-

372 463 563 531 nulla,
598 479 726 533 quae
760 469 1040 529 recenset,
1075 463 1298 516 homini
1334 464 1500 519 utilia
1535 481 1603 517 ex
1643 465 1886 519 ﬂoribus
1932 484 2039 519 un-

371 542 596 607 guenta
627 535 937 605 componi;
974 540 1032 588 at
1065 536 1203 605 quia
1235 542 1432 590 tamen
1464 536 1820 591 Christianio
1845 539 1914 592 ad
1947 555 2040 593 ne-

369 609 814 672 necessitatem,
849 623 1151 677 nunquam
1201 624 1331 662 vero
1363 609 1432 662 ad
1469 609 1915 663 delectationem
1949 611 2035 665 fas

365 683 462 753 est
487 680 558 732 iis
594 679 709 753 uti,
735 679 868 753 hinc
902 694 1252 753 coronarum
1287 696 1459 735 usum
1497 681 1682 753 eidem
1717 681 1836 736 ullo
1862 684 2034 738 modo

367 749 549 806 licere
582 750 817 806 nenitus
850 750 1161 805 inliciatur.

445 822 710 877 Posthcec
740 822 1014 877 edisserit
1044 824 1088 856 ²⁶
1119 823 1412 894 quomodo
1444 822 1833 889 Christianus,
1871 841 2034 880 coena

363 899 633 965 peracta,
663 894 734 966 ad
769 910 1039 948 somnum
1077 896 1288 966 praevia
1337 896 1593 950 oratione
1651 913 1712 950 se
1771 899 2031 952 conferre

364 967 599 1038 debeat.
633 965 878 1020 Alectis
911 973 1109 1020 autem
1164 983 1398 1022 omnem
1459 967 1631 1038 plane
1691 968 1916 1034 luxum,
1977 976 2032 1023 et

362 1037 701 1104 mollitiem,
722 1043 778 1092 et
801 1038 1100 1108 superflua
1122 1043 1319 1093 omnia
1347 1039 1422 1093 ita
1449 1037 1706 1109 praecipit
1726 1042 2028 1105 removeri,

360 1115 430 1164 ut
463 1126 571 1164 sua
603 1114 832 1182 tantum
867 1109 1247 1181 simplicitate
1280 1129 1384 1165 nos
1416 1119 1485 1165 ab
1521 1117 1663 1164 aestu
1705 1129 1769 1166 ac
1820 1113 2029 1182 frigore

357 1185 666 1236 tueantur.
693 1181 755 1253 lu
789 1182 860 1235 iis
885 1188 1080 1236 autem
1132 1201 1337 1238 somno
1379 1184 1456 1236 ita
1492 1181 1940 1253 indulgendum,
1967 1191 2028 1240 ut

356 1253 438 1326 ab
470 1270 537 1307 eo
583 1251 750 1326 facile
781 1253 1036 1326 excitati,
1069 1258 1126 1308 et
1158 1254 1382 1326 angelis
1431 1251 1723 1325 egregoris
1776 1251 2022 1324 similes,

357 1325 437 1397 ad
473 1325 766 1397 canendas
797 1325 912 1380 Deo
947 1325 1152 1380 laudes
1186 1325 1360 1380 nectu
1393 1343 1724 1397 surgamus.
1779 1330 1864 1382 Ad
1917 1328 2023 1384 has

351 1395 559 1477 itaque
589 1396 818 1467 vigilias
845 1404 907 1477 ut
929 1395 1657 1477 Christianiprompliores
1679 1399 1800 1477 sint
1829 1404 1888 1477 et
1919 1417 2020 1471 pa-

354 1469 634 1542 ratiores,
670 1485 790 1542 eos,
826 1473 890 1522 ut
923 1469 1618 1542 somnumﬁimmodicum
1673 1471 1896 1542 fugiant
1922 1469 2020 1526 ve-

351 1538 667 1613 hemenler
685 1539 1153 1596 adhortatur.l5
1180 1541 1373 1607 Illum,
1397 1538 1922 1613 quippequihiorti
1947 1545 2020 1598 si-

349 1611 519 1665 milis
554 1615 662 1678 est,
697 1615 753 1667 et
775 1616 1071 1682 superfluo
1102 1613 1381 1668 alimento
1409 1611 1755 1680 Concitatur,
1792 1615 2017 1670 nullius

2159 393 2380 461 colligit
2410 409 2537 447 esse
2569 393 2916 448 induendas.
2953 391 3322 447 Feminarum
3380 398 3574 446 tamen
3635 392 3803 448 infir—

2151 465 2341 519 mitati
2394 471 2453 520 ut
2481 465 2769 532 consulat,
2823 465 3092 519 concedit
3141 480 3234 518 eas
3281 463 3650 518 mollioribus
3709 467 3796 521 uti

2149 537 2430 604 vestibus,
2463 538 2783 592 dummodo
2799 535 3002 592 abillis
3024 537 3196 590 luxus
3218 534 3412 591 omnis
3435 539 3794 592 amoveatur.

2143 609 2560 663 Asseveranter
2619 614 2813 664 autem
2850 610 3192 678 pronuntiat
3231 613 3424 662 vestes
3473 607 3790 679 longiores,

2145 697 2376 740 aureas.
2407 681 2644 748 sericas,
2697 680 2785 735 vel
2853 679 3028 734 nimis
3077 679 3388 734 artiﬁciose
3439 678 3794 750 elaboratas,

2144 752 2358 824 divinis
2391 753 2620 824 legibus
2638 752 2868 823 penitus
2885 751 3197 824 proscribi;
3215 756 3389 824 atque
3405 752 3608 805 eodem
3625 751 3794 821 plane

2143 823 2688 880 interdicto’vetitas
2720 841 2868 894 esse,
2890 823 3061 894 quas
3092 823 3190 877 ille
3215 823 3433 879 ibidem
3467 829 3792 888 enumerat,

2141 897 2388 950 vestium
2417 897 2728 964 tincturas,
2751 900 2807 950 et
2846 895 3038 951 solum
3082 897 3346 950 nativum
3387 899 3444 948 et
3474 895 3792 950 candidum

2139 967 2390 1023 colorem
2424 969 2816 1022 retinendum.
2873 968 3010 1022 Inde
3044 967 3225 1038 igitur
3253 983 3319 1021 ac
3370 965 3462 1021 Cei
3512 966 3789 1036 sopbistas

2138 1039 2470 1095 testimonio
2501 1040 2715 1095 evincit
2760 1037 3088 1106 mulierem,
3136 1056 3262 1109 quae
3312 1037 3494 1092 nimio
3543 1045 3788 1094 ornatus

2135 1112 2429 1183 vestisque
2462 1113 2657 1167 studio
2691 1115 2943 1178 tenetur,
2966 1118 3086 1166 tam
3104 1129 3150 1183 _a
3171 1111 3288 1183 Deo
3311 1127 3485 1183 quam
3511 1127 3544 1164 a
3573 1111 3786 1180 pudico

2135 1181 2406 1254 coniugio
2438 1185 2744 1239 excidisse.
2779 1183 2892 1237 Nec
2924 1201 2991 1238 ea
3020 1181 3147 1254 vult
3175 1182 3287 1237 sibi
3318 1182 3513 1251 objici,
3546 1184 3786 1254 quaeude

2133 1252 2425 1325 regiarum
2461 1256 2714 1310 filiarum
2746 1256 2960 1309 vestitu
2993 1253 3194 1321 David,
3221 1254 3528 1324 allegorice
3563 1252 3783 1308 intelli-

2131 1331 2339 1397 genda,
2374 1328 2431 1381 in
2471 1327 2722 1381 Psalmis
2749 1326 2978 1382 cecinit.
3007 1326 3153 1380 Nam
3186 1325 3454 1397 quamvis
3487 1327 3564 1397 in
3609 1325 3775 1379 infir-

2131 1395 2333 1453 mioris
2367 1416 2539 1454 sexus
2572 1399 2816 1470 gratiam
2838 1399 2906 1452 de
2939 1399 3135 1468 legum
3169 1395 3477 1470 severitate
3507 1395 3777 1470 Clemens

2129 1477 2326 1525 noster
2356 1468 2921 1542 aliquid‘remiserit,
2958 1473 3232 1542 praeracte
3263 1468 3646 1542 nihilominus
3668 1484 3780 1542 _ne-

2127 1548 2228 1612 gat
2261 1542 2363 1596 ulli
2397 1540 2657 1613 unquam
2693 1541 2885 1596 licitas
2924 1540 3052 1596 esse
3081 1541 3368 1612 xystides,
3401 1540 3775 1611 ephaptides,

2126 1613 2318 1684 pepla,
2354 1612 2729 1684 pretiOsiores
2761 1613 2948 1679 lanas,
2980 1618 3285 1681 vestesque
3337 1612 3513 1666 nimis
3571 1613 3778 1684 longas

347 1683 699 1769 corporivel
726 1683 933 1769 anima:
965 1699 1092 1769 esse
1124 1684 1397 1766 utilitatis
1431 1686 1536 1769 L‘qt
1593 1687 1858 1769 exemplo
1898 1686 2014 1769 pla-
2046 1705 2093 1769 Β
2205 1682 2568 1769 diffluentes.
2604 1686 2792 1769 aliam
2831 1702 2963 1769 vero
3007 1684 3555 1769 obiectionemtlei
3601 1682 3777 1769 talari

348 1771 497 1809 num
533 1754 902 1829 utique_facit
932 1761 988 1829 et
1019 1757 1416 1829 perspicuum.
1464 1757 1586 1812 Non
1610 1764 1793 1813 totam
1832 1754 2014 1829 igitur

347 1833 608 1894 noctem,
642 1825 828 1882 multo
880 1825 1078 1883 minus
1109 1825 1361 1884 interdiu
1401 1829 1805 1884 domiendum.
1856 1825 2010 1887 Cum

349 1915 491 1954 vero
523 1898 647 1953 dies
680 1898 896 1964 deficit,
930 1903 1054 1954 tum
1088 1897 1300 1955 litteris
1318 1900 1607 1967 homines,
1641 1901 1866 1956 femina:
1926 1902 2011 1958 la-

349 1969 554 2043 niﬁcio
585 1986 823 2043 operam
855 1971 995 2025 dare
1028 1971 1258 2026 debent.
1302 1973 1556 2043 Denique
1592 1991 1697 2028 nos
1741 1973 2008 2031 Clemens

346 2041 504 2116 serio
535 2041 813 2116 admonet
834 2047 1100 2098 nostrum
1126 2041 1528 2099 tantummodo
1553 2062 1764 2116 corpus
1802 2063 2007 2103 somno

343 2113 636 2189 indigere,
671 2114 918 2189 minime
948 2131 1080 2170 vero
1114 2116 1394 2189 animam,
1418 2113 1800 2189 rquippe'qute
1854 2135 2006 2173 sem-

332 2203 443 2257 per
467 2187 704 2258 cogitet,
741 2203 807 2243 ac
830 2187 968 2241 dum
997 2203 1209 2261 corpus
1239 2188 1476 2261 dormit,
1509 2187 1594 2243 ita
1617 2187 1718 2260 per
1747 2189 2004 2261 seipsam

331 2262 632 2334 operetur,
681 2263 746 2313 ut
778 2275 914 2314 vera
941 2260 1173 2314 somnia
1204 2260 1322 2314 sint
1349 2261 1557 2315 sobriae
1591 2261 1798 2315 animae
1841 2260 2006 2334 cogi-

341 2330 624 2384 tationes.

411 2404 492 2454 Ex
523 2417 588 2456 eo
620 2400 811 2456 somni
834 2405 1096 2472 tempore
1148 2408 1348 2457 auctor
1378 2407 1580 2458 noster
1603 2404 1737 2458 data
1769 2403 1896 2458 sibi
1931 2406 2001 2460 de

335 2472 809 2528 Christianorum
842 2473 1136 2528 connubio
1161 2475 1394 2529 dicendi
1419 2476 1724 2530 occasione
1764 2477 1830 2542 ’7,
1881 2494 1998 2532 ma-

340 2545 560 2618 nifeste
586 2544 757 2598 nobis
779 2545 985 2618 probat
1015 2561 1266 2618 scopum,
1292 2546 1453 2601 illius
1482 2564 1612 2602 esse
1669 2549 1994 2618 susceptio-

343 2631 484 2688 nem
506 2615 845 2683 liberorum,
869 2617 1044 2672 finem
1068 2632 1200 2671 vero
1217 2617 1370 2688 piam
1394 2620 1734 2674 eorumdem
1760 2615 1997 2675 ins—titu-

349 2686 592 2763 tionem.
621 2686 1235 2763 rQuaprOpteromnem
1262 2689 1437 2763 aliam
1470 2691 1575 2744 viri
1611 2692 1996 2763 mulierisque

352 2758 1145 2833 conjunctionem_illicitam,
1176 2761 1418 2833 impiam
1461 2767 1517 2816 et
1548 2763 1831 2819 nefariam
1866 2758 1994 2820 esse

348 2828 854 2908 concludit._Quod
885 2828 1356 2908 quidemille-ex
1397 2841 1684 2908 praecepta
1716 2854 1748 2890 a
1807 2843 1994 2908 Moyse

349 2900 564 2979 leporis
594 2906 648 2979 et
669 2901 854 2979 hienge
878 2900 1428 2979 abstinentia,haud
1448 2900 1642 2979 inepte
1660 2900 1988 2965 confirmat.

345 2971 523 3050 Plura
555 2978 742 3050 autem
779 2975 857 3029 ibi
891 2977 1173 3046 disputat,
1206 2993 1332 3048 quae
1365 2979 1436 3032 de
1467 2971 1712 3050 utroque
1735 2979 1834 3034 illo
1867 2981 1991 3036 ani-

341 3043 504 3117 mali,
538 3049 594 3100 et
623 3046 754 3101 aliis
794 3063 924 3117 qua}
973 3043 1167 3103 vocem
1203 3043 1434 3104 mutant
1476 3058 1527 3105 et
1585 3043 1860 3116 calorem,
1919 3053 1990 3109 ab

336 3115 598 3172 historiae
629 3115 915 3190 naturalis
945 3119 1327 3190 scriptoribus
1358 3123 1713 3178 referuntur.
1783 3115 1992 3180 subdit

333 3204 569 3243 omnem
604 3188 775 3267 plane
798 3191 900 3267 v_i_ri
940 3196 997 3267 et
1028 3188 1311 3267 mulieris,
1347 3192 1458 3249 nisi
1492 3212 1606 3266 quo
1639 3201 1769 3266 post
1798 3195 1992 3267 legiti-

334 3275 464 3336 mas
497 3261 794 3336 numptias
824 3261 991 3336 liberi
1026 3265 1315 3336 procreari
1341 3261 1585 3336 possint,
1609 3261 1988 3323 cbncubituin

332 3331 480 3410 i_ps_is
512 3333 978 3410 enpressissimis
1026 3331 1493 3410 'M_oysis_ve'_rbis,
1526 3331 1596 3410 et
1634 3346 1868 3410 sumpto
1919 3341 1989 3394 de

330 3404 652 3476 Sodomitis
713 3405 1002 3476 supplicio
1072 3404 1791 3466 disertissime’inhiberi:
1852 3413 1990 3467 Inde

330 3492 508 3547 porro
541 3475 764 3548 colligit
793 3475 957 3533 nefas
997 3495 1124 3533 esse
1154 3479 1296 3544 viro,
1331 3497 1460 3535 cum
1499 3498 1673 3536 uxore
1707 3500 1834 3542 sua.
1887 3489 1992 3538 aut

331 3553 640 3624 menstruo
656 3549 1383 3624 proﬂuviolaborante,aut
1411 3553 1601 3607 adhuc
1628 3561 1986 3624 prmgnanto,

327 3619 422 3693 vel
455 3637 717 3693 unquam
746 3621 930 3676 solius
961 3621 1278 3693 voluptatis
1300 3641 1475 3678 causa
1498 3619 1987 3681 rem-haberePe?

332 3691 535 3765 tulans
557 3692 748 3765 igitur
776 3691 1411 3765 libido,pluribus,qu33
1441 3697 1539 3750 ille
1571 3698 1764 3760 refert,
1791 3704 1991 3752 vocata

335 3763 701 3839 nominibus,
737 3763 1331 3839 omnino'cohibenda
1355 3774 1473 3823 est:
1511 3770 1988 3839 quandoquidem

331 3851 406 3890 ex
434 3851 522 3902 ea,
546 3836 803 3913 sicut-ex
843 3838 1228 3892 immoderato
1281 3836 1591 3894 concubitu
1622 3836 1807 3913 multi
1853 3859 1986 3913 gra-

328 3908 908 3984 vesqueLScriptura
927 3926 1091 3984 sacra
1114 3916 1287 3984 atque
1310 3913 1483 3967 etiam
1511 3908 1881 3984 philosophis
1902 3919 1986 3969 at-

330 3978 939 4047 testantibusﬁnorbi
993 3997 1057 4035 ac
1090 3978 1345 4052 plurima
1394 3978 1776 4039 nec-minima
1833 3986 1988 4041 mala

326 4055 712 4126 generantur.
745 4052 870 4126 Non
904 4052 1034 4126 ideo
1056 4057 1250 4108 tamen
1285 4057 1539 4126 nuptias,
1574 4073 1699 4126 quae
1727 4062 1838 4113 Deo
1860 4075 1988 4122 pro-

326 4123 485 4199 batae
531 4127 694 4199 sunt,
745 4124 1135 4192 damnandas,
1173 4127 1268 4180 sed
1331 4123 1675 4195 legitimum,
1704 4146 1769 4183 ac
1799 4135 1987 4199 nocte,

330 4194 598 4270 etcertis
629 4195 910 4250 duntaxat
941 4199 1326 4267 temporibus,
1368 4201 1437 4253 ad
1471 4202 1794 4270 gignendos
1835 4194 1987 4256 filios

328 4265 546 4343 debere
566 4283 706 4343 esse
731 4283 932 4322 earum
966 4265 1162 4343 usum.
1191 4270 1392 4324 Pueris
1415 4265 1611 4340 itaque
1634 4289 1697 4324 ac
1722 4274 1986 4343 senibus,

329 4337 528 4408 pergit
557 4338 849 4412 Clemens,
885 4357 1093 4395 uxores
1125 4341 1335 4398 ducere
1367 4343 1456 4397 fas
1475 4337 1587 4398 non
1621 4351 1745 4397 est:
1783 4337 1984 4412 conjui

329 4425 440 4491 ges
471 4425 604 4465 vero
628 4410 774 4464 nihil
807 4412 919 4467 nisi
954 4413 1284 4491 honestum,
1313 4420 1584 4491 castum,
1619 4421 1673 4469 et
1707 4410 1985 4491 pudicum

331 4485 493 4554 inter
523 4498 584 4536 se
616 4499 873 4552 unquam
911 4499 1082 4554 agere
1113 4485 1346 4539 debent.
1384 4487 1495 4542 Eos
1524 4503 1656 4542 vero
1684 4485 1826 4542 scite
1886 4505 1983 4542 ca-

329 4552 536 4628 stigat,
569 4554 675 4628 qui
704 4552 1003 4625 perperam
1054 4557 1344 4628 negabant
1376 4575 1409 4612 a
1457 4559 1676 4613 ratione
1734 4558 1986 4614 naturali

330 4623 558 4702 alienas
585 4623 920 4702 voluptates
960 4643 1088 4683 esse
1129 4623 1216 4702 vel
1249 4627 1505 4702 illicitas,
1531 4630 1618 4685 vel
1651 4635 1761 4686 Deo
1793 4632 1987 4702 cogni-

328 4702 449 4771 t_as.
483 4701 678 4771 Monet
707 4698 888 4769 igitur
918 4704 1144 4755 noctem
1177 4700 1348 4756 bonis
1379 4702 1653 4771 operibus
1686 4698 1985 4758 illustran-

331 4768 496 4846 dam,
532 4768 815 4846 pudorem
841 4773 1192 4846 cumtunica
1211 4790 1323 4828 non
1339 4768 1693 4843 exuendum,
1711 4774 1982 4846 iniquum

334 4839 513 4916 rebus
535 4839 808 4896 Venereis
840 4843 1017 4916 vinci,
1050 4861 1114 4899 ac
1138 4844 1342 4916 ipsam
1395 4851 1609 4901 rectam
1674 4839 1984 4912 ratio-nem,

331 4911 821 4984 moderatumque
854 4915 965 4970 cibi
996 4919 1054 4970 et
1104 4911 1282 4972 vestis
1326 4934 1499 4972 usum
1544 4917 1804 4974 salubria
1853 4936 1983 4974 esse

334 4983 801 5054 intemperantia:
836 4988 1110 5042 remedia.

400 5054 741 5126 Opportuna
763 5075 933 5128 porro
957 5059 1032 5113 ibi
1057 5057 1250 5114 oblata
1271 5060 1576 5116 occasione
1598 5066 1798 5116 contra
1828 5078 1984 5116 sum-

324 5129 573 5194 ptuosas
607 5135 794 5184 vestes
825 5130 1141 5203 invehitur,
1175 5148 1392 5202 easque
1421 5150 1454 5187 a
1475 5132 1701 5186 Christo
1729 5133 1981 5203 prohibi-

322 5208 419 5252 tas
453 5215 580 5274 esse
612 5202 891 5274 ostendit.
926 5203 1456 5274 Spartanositaque
1477 5221 1542 5258 eo
1558 5202 1793 5258 nomine
1823 5221 1981 5258 com-

327 5271 590 5343 mendat,
625 5273 777 5343 quod
837 5271 986 5328 solis
1035 5271 1440 5330 meretricibus
1498 5275 1734 5330 floridas
1793 5281 1982 5331 vestes

325 5341 940 5418 nlimronc‘esserint:
985 5351 1161 5418 atque
1212 5347 1616 5413 Athenienses,
1659 5346 1756 5418 qui
1813 5365 1984 5404 secus

323 5412 642 5495 faciebant,
680 5417 792 5472 sibi
825 5418 907 5472 ait
939 5412 1255 5495 non-posse
1313 5412 1644 5495 approbari.
1676 5412 1980 5495 'Ve‘stibus

320 5491 623 5560 enimvero
652 5504 785 5544 cum
828 5507 942 5544 non
987 5491 1102 5545 alia
1133 5491 1202 5545 de
1249 5507 1426 5546 causa
1468 5491 1728 5560 indigeat
1783 5492 1977 5558 homo,

319 5556 437 5610 nisi
468 5562 536 5634 ut
567 5576 779 5634 corpus
832 5579 1005 5616 suum
1047 5568 1336 5634 contegat,
1380 5556 1645 5634 illudque
1703 5563 1774 5618 ab
1831 5556 1980 5619 aeris

319 5644 428 5684 seu
461 5628 783 5703 frigidioris
841 5651 943 5690 seu
988 5628 1287 5690 calidioris
1327 5628 1680 5708 intemperie
1725 5639 1978 5692 tueatur.

393 5778 439 5813 ³⁵
482 5793 610 5850 cap.
661 5779 714 5835 9.
777 5782 820 5816 ³⁷
871 5797 998 5854 cap.
1059 5782 1142 5838 10.
1190 5783 1231 5820 ³⁸
1273 5799 1401 5855 cap.
1456 5784 1538 5842 ll.
1604 5784 1649 5820 ³ο
1695 5799 1823 5856 cap.
1887 5786 1972 5840 12.

2123 1757 2338 1812 Christi
2369 1758 2570 1813 tunica
2599 1759 2996 1828 desumptam,
3032 1757 3248 1811 ibidem
3301 1755 3489 1828 diluit.
3511 1755 3770 1810 Tametsi

2122 1837 2319 1884 autem
2351 1829 2622 1900 simplex,
2655 1846 2769 1884 non
2800 1827 2993 1883 tamen
3023 1829 3265 1900 sordida
3294 1827 3466 1882 debet
3494 1841 3624 1900 esse
3669 1841 3768 1900 ve-

2121 1902 2252 1968 stis,
2278 1897 2600 1972 omnesque
2622 1901 2882 1972 corporis
2913 1899 3218 1955 muliebris
3243 1903 3439 1972 partes
3461 1897 3584 1953 suis
3598 1897 3769 1972 vesti-

2118 1972 2253 2039 bus,
2286 1973 2440 2028 sicut
2469 1969 2525 2027 et
2555 1969 2749 2044 caput,
2782 1971 2907 2027 velo
2939 1977 3080 2026 sunt
3110 1969 3492 2044 itategendaa,
3517 1973 3583 2024 ut
3604 1969 3767 2024 nulla

2120 2061 2383 2116 unquam
2418 2045 2575 2099 nuda
2609 2042 2908 2116 appareat,
2942 2044 3109 2097 Vetat
3141 2042 3631 2116 nihilominusne
3669 2057 3764 2094 ve-

2119 2113 2239 2170 lum
2276 2117 2414 2170 illud
2449 2117 2525 2172 sit
2557 2113 2942 2188 purpureum,
2974 2121 3074 2171 aut
3111 2113 3328 2188 quaevis
3355 2113 3566 2188 mulier
3613 2129 3756 2184 pur-

2160 2205 2294 2243 urea
2326 2189 2411 2242 vel
2443 2185 2621 2243 nimis
2653 2185 2902 2260 pretiosa
2933 2185 3272 2260 vestefqua
3288 2185 3593 2260 hominum
3619 2201 3755 2260 ocu-

2160 2205 2294 2243 urea
2326 2205 2411 2242 vel
2443 2205 2621 2243 nimis
2653 2205 2902 2260 pretiosa
2933 2205 3112 2249 veste.
3153 2205 3269 2258 qua
3289 2205 3593 2239 nominum
3619 2205 3754 2239 ocu-

2115 2205 2203 2314 ξοδ
2236 2261 2305 2316 ad
2341 2277 2402 2315 se
2433 2266 2766 2315 convertere
2797 2257 3754 2330 possit,ullibialiquandoutatur.

2187 2331 2404 2387 Dehinc
2427 2338 2622 2387 autem
2658 2330 2754 2386 ille
2782 2326 2950 2385 docet
2981 2331 3025 2364 2⁸
3056 2331 3114 2384 in
3147 2326 3559 2384 calceamentis
3591 2326 3757 2382 simi-

2112 2401 2247 2457 liter
2273 2403 2575 2458 vitandum
2600 2420 2727 2459 esse
2749 2403 2884 2458 luxu
2897 2419 2974 2470 m,
2995 2401 3302 2458 mollitiem
3317 2410 3374 2455 et
3390 2399 3753 2472 superbiam.

2109 2473 2281 2530 Jubel.
2314 2475 2494 2546 igitur
2525 2477 2684 2546 rejici
2713 2492 2862 2530 vana
2892 2491 3204 2529 aureorum
3237 2486 3759 2546 gemmeorurnque

2108 2542 2533 2613 sandaliorum,
2569 2542 2626 2602 et
2655 2547 3025 2618 crepidarum
3049 2542 3751 2618 solearumqueartificia.

2107 2618 2425 2674 Pulchrum
2459 2624 2653 2675 autem
2681 2614 2875 2673 censet
2907 2635 3036 2673 esse
3054 2617 3198 2687 viro,
3226 2617 3338 2671 nisi
3366 2614 3597 2684 militet,
3619 2614 3756 2687 nul-

2107 2689 2195 2746 los
2223 2691 2432 2746 habere
2461 2689 2707 2756 calceos,
2734 2695 2906 2760 atque
2927 2691 2975 2744 ei
2996 2685 3494 2761 quemadmodum
3521 2685 3752 2761 mulieri

2105 2761 2237 2818 illos
2271 2756 2871 2818 tantuminduendo's.
2900 2756 3118 2832 quibus
3143 2776 3348 2814 omnes
3370 2759 3606 2832 pedum,
3630 2756 3751 2812 ullo

2103 2835 2230 2890 sine
2261 2835 2414 2890 fastu
2440 2829 3222 2904 contectorum,ofi‘ensiones
3251 2829 3584 2903 propulsari
3623 2833 3751 2884 tuto

2148 2911 2341 2961 ueant.

2148 2923 2341 2961 ueant.

2104 2923 2137 2979 q
2173 2977 2396 3032 Puerile
2426 2993 2560 3032 vero
2610 2981 2667 3032 et
2723 2992 2940 3031 vanum
3001 2989 3128 3030 esse
3187 2976 3352 3045 putat
3381 2973 3426 3007 ²⁹
3481 2987 3748 3044 gemmas

2104 3049 2365 3121 quolibet
2396 3049 2590 3116 modo,
2625 3049 2745 3104 sive
2775 3065 2843 3121 ex
2875 3047 3055 3121 maris
3087 3051 3256 3121 aestu,
3290 3045 3410 3100 sive
3456 3061 3536 3121 ex_
3581 3048 3747 3098 terrea

2103 3116 2384 3177 ramentis
2416 3125 2592 3186 ortas,
2625 3121 2712 3174 vel
2744 3118 3043 3186 admirari,
3076 3119 3161 3173 vel
3196 3118 3268 3172 iis
3290 3134 3352 3172 se
3383 3121 3482 3170 aut
3505 3116 3745 3171 domum

2099 3210 2270 3248 suam
2305 3208 2531 3247 ornare.
2567 3191 2957 3254 Quamobrem
2991 3205 3292 3244 summum
3327 3186 3635 3241 mulierem
3680 3203 3747 3241 ea

2097 3266 2157 3319 in
2191 3264 2467 3318 reluxum
2495 3280 2689 3318 severe
2712 3263 2981 3334 castigat.
3006 3261 3242 3315 Fatetur
3263 3258 3403 3334 quid
3417 3274 3520 3334 em
3537 3273 3746 3328 super-

2099 3352 2234 3391 nam
2265 3335 2586 3390 Jerusalem
2615 3329 3298 3406 pretiosisconstructam
3324 3329 3618 3406 lapidibus
3634 3343 3748 3406 me-

2101 3406 2339 3472 morari,
2374 3408 2474 3460 sed
2526 3399 2641 3460 illis
2673 3410 2872 3460 ﬂorem
2923 3404 3189 3475 spiritus,
3235 3406 3296 3475 et
3353 3399 3744 3455 immortalem

2099 3483 2426 3535 creaturam
2460 3476 2778 3548 significari
2813 3472 3246 3548 contendit.Qui
3269 3476 3461 3548 autem
3479 3487 3745 3548 gemmas

2100 3556 2336 3624 propter
2367 3543 2692 3613 hominem,
2734 3553 2909 3624 atque
2942 3564 2973 3601 a
3006 3547 3145 3624 Deo,
3189 3550 3253 3599 ut
3301 3543 3643 3624 iis__fruat_ur.
3689 3546 3747 3597 et

2098 3616 2438 3687 oblectetur,
2474 3627 2698 3675 creatas
2731 3616 3001 3684 dixerint,
3047 3618 3152 3672 hos
3179 3616 3479 3672 renuntiat
3529 3616 3744 3670 divinae

2097 3692 2414 3750 voluntatis
2447 3691 2618 3763 plane
2668 3691 3022 3763 penitusque
3075 3705 3215 3763 esse
3273 3688 3527 3763 ignaros.
3588 3687 3743 3763 Deus

2097 3766 2417 3824 emimvero
2448 3759 2514 3820 ea
2547 3759 2744 3819 omnia
2777 3781 2902 3835 quae
2929 3760 3236 3816 hominum
3262 3761 3390 3816 usui
3415 3759 3744 3835 necessaria

2096 3842 2256 3902 sunt,
2288 3841 2485 3906 aperte
2507 3832 2881 3906 suppeditat;
2907 3839 3130 3900 caetera,
3156 3835 3306 3906 sicut
3328 3849 3561 3906 aurum,
3586 3832 3740 3902 quod

2096 3904 2376 3983 effodiunt
2411 3904 2682 3983 formica},
2715 3907 2967 3983 gryphes
2997 3904 3385 3983 _cus_todiun_t_,
3435 3904 3738 3983 vnel.tcrr.ze

2095 3981 2440 4046 visceribus,
2470 3982 2560 4038 vel
2587 3974 2749 4052 aquae
2767 3974 3054 4052 profundo
3086 3976 3413 4032 abscondit.
3448 3980 3522 4029 At
3543 3974 3738 4052 homi-

2097 4073 2201 4112 nes
2230 4054 2351 4107 hzec
2383 4055 2540 4108 curis
2570 4050 2950 4124 supervacuis
2981 4051 3495 4124 quaerentestvera
3537 4050 3594 4124 et
3625 4062 3739 4098 cce-

2098 4127 2268 4200 lestia
2289 4127 2441 4181 bona
2463 4117 2786 4200 negligant.
2814 4117 3093 4180 Praeterea
3108 4117 3420 4192 Apostolus
3436 4121 3602 4200 docet
3623 4133 3740 4200 non

2099 4198 2315 4257 omnia.
2351 4189 3055 4273 etiamvndbisconoessa,
3109 4189 3341 4264 semper
3388 4206 3514 4273 esse
3557 4189 3735 4273 licita.

2096 4273 2250 4328 Deus
2282 4283 2438 4342 vero,
2471 4272 2571 4342 qui
2604 4269 2801 4342 omnia
2830 4266 3473 4342 omnibuscommunia
3503 4266 3737 4342 creavit,

2096 4339 2357 4414 praecipit
2384 4332 2573 4414 primo
2605 4341 2876 4414 caelorum
2911 4337 3134 4410 inquiri
3168 4352 3436 4414 regnum,
3469 4338 3615 4414 et‘ex
3634 4332 3740 4386 bo-

2097 4409 2402 4488 nisinostri
2437 4432 2523 4480 ea,
2556 4431 2683 4484 quae
2717 4413 2884 4468 nobis
2919 4409 3245 4488 necessaria
3262 4425 3376 4488 non
3400 4409 3562 4488 sunt,
3592 4420 3740 4488 pan:

2095 4487 2332 4558 poribus
2346 4478 2810 4559 erogari;Contra
2825 4488 3018 4538 tamen
3036 4481 3333 4559 instabant
3347 4478 3538 4559 adhuc
3555 4478 3738 4559 aliqui

2096 4553 2151 4638 et
2169 4553 2668 4638 urgebant‘iCujus
2692 4572 2827 4626 ergo
2850 4559 3021 4638 erunt
3043 4569 3171 4636 sum
3185 4557 3392 4638 pt‘uos‘a
3421 4555 3479 4604 et
3510 4553 3735 4638 magnif-

2095 4631 2204 4685 fica
2236 4623 2505 4702 qumque.
2539 4623 2820 4702 siorqpés
2855 4625 2999 4681 nihil
3034 4623 3147 4679 nisi
3184 4623 3297 4702 vile
3319 4627 3375 4679 et
3421 4637 3735 4677 commune

2093 4697 2340 4758 habeant
2367 4697 2402 4758 ?'
2421 4703 2526 4757 Sed
2562 4699 2655 4754 his
2678 4698 2946 4754 Clemens
2991 4697 3306 4767 respondet
3354 4710 3557 4767 eorum
3607 4708 3736 4748 esse

2093 4775 2322 4848 debere,
2357 4774 2706 4848 quiabsque
2734 4765 3150 4848 vehementiori
3195 4765 3372 4822 animi
3423 4766 3628 4848 affectu
3679 4768 3737 4819 et

2092 4844 2434 4903 discrimine
2466 4846 2537 4919 iis
2571 4844 2652 4898 uti
2687 4845 3252 4919 possuntACaaterum
3276 4855 3343 4919 _e_a
3366 4844 3588 4905 omnia,
3610 4853 3734 4919 quae

2093 4926 2336 4976 ornatus
2367 4910 2701 4974 satietatem
2726 4913 2997 4974 afferunt.
3033 4913 3104 4967 ab
3134 4910 3408 4967 omnibus
3440 4925 3568 4965 esse
3599 4910 3737 4977 reji-

2093 4992 2319 5060 eienda,
2337 4986 2888 5063 quandoquidemin
2908 4983 3032 5063 sola
3046 4984 3254 5063 virtute
3271 4981 3543 5063 consistit
3565 4996 3736 5063 quine

2091 5050 2680 5136 bonum','pulchrum
2712 5064 2768 5116 et
2799 5057 3134 5112 honestum.
3169 5050 3734 5136 ‘Quocircaum‘ilites

2091 5123 2504 5207 increpa't,'qui
2553 5149 2694 5207 auro
2745 5145 2980 5203 quoque
3025 5127 3410 5207 ornabantur.
3466 5123 3737 5181 Mulieres

2090 5224 2224 5262 vero
2249 5203 2442 5262 acrius
2469 5203 2728 5276 corripit.
2761 5219 2909 5276 quas
2954 5215 3194 5276 cernere
3241 5203 3366 5254 erat
3393 5213 3579 5276 _auro_
3621 5213 3738 5250 non

2088 5283 2209 5334 tam
2243 5279 2436 5335 ornari
2470 5268 2643 5350 quam
2673 5268 2924 5350 onerari,
2957 5289 3021 5328 ac
3053 5272 3222 5350 sicut
3257 5269 3410 5350 apud
3457 5268 3739 5350 barbaros

2091 5351 2227 5405 olim
2264 5358 2464 5406 sontes
2487 5339 2548 5404 ἐι
2582 5363 2731 5408 reos.
2755 5345 2912 5400 aurei
2937 5339 3320 5415 compedibus
3342 5341 3549 5396 vinciri
3577 5344 3634 5394 et
3653 5339 3739 5415 _al-

2091 5421 2283 5490 ligari.
2320 5423 2455 5478 Illas
2480 5437 2648 5492 porro
2680 5417 2823 5492 dicit
2853 5418 2924 5472 ab
2957 5411 3159 5492 eodem
3175 5418 3614 5492 serpentenunc
3637 5411 3741 5466 de-

2091 5485 2228 5564 cipi,
2254 5495 2350 5565 qui
2387 5485 2664 5565 primitus
2694 5491 2869 5565 Evam
2905 5485 3461 5565 escafraudulenter
3489 5485 3739 5541 circum-

2091 5560 2680 5621 venit—Manifestum
2715 5562 2914 5632 itaque
2947 5560 3590 5632 facitcatenosaureas,
3618 5572 3740 5611 mo-

2093 5637 2259 5708 nilia,
2292 5637 2564 5708 annulos,
2597 5629 2961 5703 etreliquum
2989 5649 3221 5689 omnem
3238 5629 3737 5689 muliebrisluxus
