4052 6154
307 245 415 302 823

1024 245 1097 298 ΙΝ
1136 241 1574 297 CLEMENTEM
1614 238 1825 292 ALEX.
1867 238 1933 290 D.
1976 237 2068 290 LE
2104 238 2405 292 NOURRY
2441 236 2927 291 DISSERTATIO
2962 239 3009 291 ι.

3644 234 3755 291 824

308 372 610 435 ornatum,
641 382 775 423 cum
802 369 1105 437 poetarum
1133 380 1198 419 ac
1221 378 1400 437 sacrm
1423 360 1735 437 Scriptura
1768 363 1969 437 auclo-
2000 361 2054 425 Α
2085 374 2219 437 nem
2250 372 2385 437 vero
2418 357 2764 437 pilosumnet
2783 357 3093 437 barbatum
3126 355 3427 437 creaverit,
3442 371 3595 437 eum
3627 349 3756 437 radi

311 444 506 500 ritate.
539 431 666 495 tum
697 431 872 493 certis
903 452 973 491 ex
1004 440 1164 489 recta
1196 434 1419 489 ratione
1444 432 1641 504 petitis
1668 431 1969 504 probatio-

314 516 492 570 nibus
511 527 643 567 esse
668 508 1075 578 rejiciendum.
1112 505 1378 576 Denique
1409 503 1707 578 concludit
1736 520 1872 578 vera
1897 504 1976 557 fe-

316 585 492 640 minea
509 574 855 638 ornamenta
875 580 996 632 [ιωο
1018 594 1148 632 esse
1171 593 1182 632 ζ
1210 574 1493 632 manuum
1524 574 1788 645 quidem,
1814 574 1972 644 piam

315 670 560 714 suorum
596 656 881 708 bonorum
916 652 1162 721 pauperi
1192 648 1587 721 largitionem,
1638 664 1706 702 ac
1756 652 1975 721 rectam

2086 434 2143 485 ct
2191 427 2439 495 tonderi,
2491 428 2577 483 vel
2625 427 2756 484 aliis
2813 429 3150 483 vellendum
3203 444 3265 483 se
3310 434 3367 484 et
3418 428 3755 500 picandum

2084 502 2342 572 praebere
2373 510 2575 555 contra
2595 508 2815 556 natura
2850 502 3029 572 leges,
3061 500 3365 572 ipsiusque
3404 500 3509 555 Dei
3543 500 3756 556 volun-

2086 571 2265 628 tatem
2291 589 2420 628 esse
2451 573 2767 628 convincit.
2802 574 2881 628 Ad
2914 571 3037 627 haec
3067 588 3198 626 vero
3228 571 3465 627 etiamsi
3501 574 3608 642 pix
3655 574 3758 629 ali-

2087 661 2262 716 quem
2288 646 2547 713 juvaret,
2574 662 2691 699 non
2723 646 2855 699 ideo
2886 644 3199 699 tamenille
3219 659 3432 716 corpus
3449 660 3638 699 suum
3664 645 3752 700 in-

320 726 557 781 familie
588 715 1428 791 administrationem;pedum
1453 718 1813 791 16vero,ab
1829 718 1978 791 bene
2078 715 2240 791 juris
2269 716 2508 791 afﬁcere
2522 716 2722 791 debet,
2747 718 2847 771 sed
2884 715 3406 791 potiusAcupidatis
3445 732 3576 771 suae
3604 716 3754 786 pilos

316 797 654 853 faciendum
686 793 1050 849 alacritatem
1093 796 1151 847 et
1200 790 1669 863 progressionem
1702 790 1773 844 ad
1800 790 1977 859 justi-

316 870 460 924 tiam
487 888 502 936 ;
537 865 694 932 colli,
730 866 1012 936 pudorem
1044 870 1102 918 et
1134 861 1793 936 modestiam;_aurium,
1823 867 1975 936 cate-

317 933 537 996 cbesim
574 944 631 993 et
660 933 809 993 vera:
844 936 973 991 lidei
1000 936 1325 991 doctrinam
1357 933 1973 999 ;oculorumtandem,

317 1028 521 1069 sanam
556 1025 747 1065 rerum
770 1008 1124 1063 divinarum
1157 1005 1735 1076 contemplationem.

865 1112 1129 1169 ARTICU
1140 1112 1266 1167 LUS
1316 1114 1415 1167 III.

836 1193 1097 1264 Analysix
1129 1193 1264 1248 libri
1292 1192 1468 1248 tertii.

395 1292 727 1365 Superioris
768 1290 920 1365 libri
959 1297 1375 1365 argumentum
1419 1285 1975 1365 prosequitur-Cle-

329 1359 497 1421 mens
525 1365 662 1435 3°,et
693 1362 954 1418 ostendit
985 1359 1176 1418 veram
1209 1359 1466 1435 hominis
1483 1359 1979 1435 pulchritudinem

324 1454 456 1494 eam
486 1430 641 1500 esse,
669 1452 789 1506 qua
812 1435 1085 1505 superior
1121 1435 1327 1506 animae
1361 1430 1518 1506 illius
1550 1448 1726 1506 pars,_
1759 1430 1981 1485 scilicet

329 1511 499 1574 ratio,
535 1502 995 1579 parti-inferiori,
1029 1523 1131 1562 seu
1156 1504 1439 1575 cupidati,
1462 1502 1588 1579 quae
1615 1502 1978 1579 varias_sem-

329 1597 454 1653 per,
486 1574 644 1633 sicut
662 1583 932 1653 Proteus,
965 1578 1024 1653 in
1058 1574 1294 1653 formas
1339 1592 1401 1631 se
1433 1574 1621 1640 vertit,
1661 1574 1755 1653 ita
1791 1574 1979 1653 domi-

332 1646 537 1716 natur,
570 1655 636 1704 ut
666 1666 700 1704 a
729 1650 920 1704 Verbo
952 1648 1173 1716 divino,
1219 1650 1474 1704 humana
1521 1664 1696 1703 carne
1742 1646 1973 1711 induto,

338 1723 520 1795 probe
548 1721 861 1795 instructa,
893 1721 1130 1795 ipsimet
1165 1721 1273 1795 Deo
1297 1718 1656 1795 similisliat.
1701 1717 1981 1795 Eamdem
2016 1724 2065 1790 Β

341 1789 576 1865 quoque
605 1792 863 1848 hominis
884 1789 1382 1865 pulchritudinem
1408 1790 1659 1865 positam
1672 1805 1802 1843 esse
1820 1789 1989 1844 docet

343 1861 407 1921 in
439 1861 745 1936 cbaritate,
760 1861 899 1936 quas
920 1863 1208 1936 quidquid
1232 1861 1617 1936 superﬂuum,
1642 1862 1863 1923 fictum,
1883 1866 1942 1916 et
1961 1880 1995 1916 a

348 1953 411 1993 se
442 1935 698 1992 alienum
731 1933 842 2001 est,
864 1933 1112 2006 respuit,
1146 1951 1212 1989 ac
1242 1951 1309 2006 ea
1331 1933 1476 2006 sola,
1501 1950 1626 2004 quae
1650 1942 1803 1987 recta
1830 1938 1991 2006 sunt,

348 2006 738 2079 amplectitur.
775 2008 844 2079 Et
874 2006 932 2062 id
965 2003 1201 2079 quidem
1234 2005 1447 2079 Christi
1478 2006 1686 2075 probat
1707 2003 1989 2079 exemplo,

347 2076 590 2150 qui—nec
619 2078 833 2134 eximia
862 2083 919 2132 et
949 2078 1195 2150 pulchra
1209 2077 1371 2150 facie,
1394 2092 1499 2150 nec
1521 2092 1761 2150 corpore
1780 2076 1991 2150 formo-

348 2147 473 2218 sus,
498 2150 687 2204 solum
712 2150 921 2206 anima:
939 2147 1213 2204 omnibus
1227 2147 1767 2204 divinisvirtutibus
1782 2147 1991 2217 praedi-

346 2227 419 2278 tie
441 2221 811 2292 splendorem
847 2220 1053 2275 habuit
1081 2228 1138 2275 et
1161 2219 1679 2292 pulchritudinem.
1738 2258 1743 2263 ι

412 2289 588 2349 Nulla
635 2293 833 2362 itaque
882 2289 1317 2362 31,inquitille,
1358 2306 1644 2362 corporeae
1667 2289 1994 2362 venustatis

347 2381 491 2421 cura
523 2364 618 2419 ille
638 2360 768 2420 esse
800 2363 995 2429 debet,
1042 2360 1156 2418 nisi
1210 2372 1276 2418 ut
1305 2360 1514 2430 corpus
1573 2379 1746 2417 suum
1804 2360 1994 2416 conti-

350 2436 565 2492 nentiae
590 2436 806 2490 virtute
836 2436 1160 2490 decoretur.
1192 2436 1336 2490 Hinc
1366 2436 1437 2489 ad
1470 2433 1817 2489 muliebrem
1865 2433 1991 2487 cul-

341 2513 468 2564 tum
502 2509 801 2577 delapsus,
829 2506 999 2562 nobis
1028 2506 1197 2576 plane
1228 2512 1284 2562 et
1308 2507 1612 2577 perspicue
1635 2504 1892 2560 ostendit
1914 2505 1994 2577 fe-

346 2580 558 2647 minas,
582 2575 710 2650 quae
742 2575 1073 2650 crispandis
1128 2575 1416 2646 crinibus,
1445 2575 1631 2650 genis
1684 2575 1994 2650 ungendis,

350 2646 665 2722 pingendis
699 2646 910 2716 oculis,
932 2648 1197 2720 aliisque:
1228 2650 1427 2722 formas
1461 2646 1995 2722 lenociniisiconti-

347 2718 531 2778 nua'm
621 2725 837 2777 navant
911 2718 1172 2792 operam.
1230 2719 1519 2792 sepulcris
1567 2718 1991 2792 Egyptiorum,

342 2792 607 2850 exterius
632 2789 1448 2863 magniﬁcentiaincredibili,
1466 2789 1713 2863 interius
1730 2789 1994 2845 horribili

348 2864 728 2934 belluinaque
749 2861 1127 2934 deformitate
1156 2863 1419 2917 omnium
1443 2933 1448 2934 ί
1474 2861 1672 2917 oculos
1715 2863 1995 2933 perstrin-

389 2933 647 3002 entibus,
680 2950 810 2990 esse
844 2933 1013 3004 plane
1028 2934 1273 2990 similes.
1294 2935 1383 2988 lite
1406 2933 1877 3004 siquidem,dum
1902 2951 1993 2987 re-

389 2952 647 3002 enunus,
680 2952 810 2990 esse
844 2952 1013 3004 plane
1028 2952 1273 2990 similes.
1294 2952 1383 2988 uie
1406 2952 1877 3004 atqmuem,aum
1902 2952 1993 2987 re-

342 2952 503 3078 facta
519 3008 731 3061 domus
753 3011 809 3059 et
839 3005 1244 3070 familiaecura,
1269 3010 1387 3061 tam
1415 3007 1688 3075 turpibus
1707 3004 1996 3078 impensis

352 3076 469 3160 nou
487 3078 672 3160 "modo
702 3080 850 3133 bona
884 3079 1306 3160 facultatesque
1336 3079 1594 3160 virorum
1641 3076 1989 3160 dilapidant,
2022 3093 2065 3160 ρ

349 3150 450 3206 sed
485 3152 731 3205 formam
763 3165 997 3220 quoque
1030 3166 1198 3204 suam
1232 3152 1384 3211 l’uco,
1434 3149 1728 3217 variisque
1772 3149 1991 3203 inistio-

348 3222 525 3278 nibus
555 3224 964 3291 corrumpunt,
989 3223 1185 3289 plures
1205 3220 1315 3275 sibi
1339 3220 1711 3276 consciscunt
1737 3221 1992 3285 morbos,

345 3309 413 3349 ac
437 3292 622 3349 Deum
646 3291 1002 3348 contumelia
1033 3292 1317 3348 afﬁciunt.
1347 3292 1608 3347 Subinde
1642 3300 1847 3348 auctor
1892 3307 1991 3346 no-

341 3370 464 3420 ster
488 3364 636 3419 hanc
663 3364 1004 3420 effrenatam
1031 3363 1346 3419 mulierum
1381 3364 1683 3420 mollitiem
1708 3370 1766 3418 et
1789 3364 1991 3419 luxum

342 3436 523 3491 variis
554 3440 676 3491 tam
709 3435 1078 3491 ethnicorum
1098 3442 1399 3505 poetarum
1417 3453 1594 3506 quam
1621 3436 1826 3491 divina:
1844 3436 1993 3491 Scri-

341 3512 527 3579 pturm
544 3507 1194 3579 testimoniisacerrime
1207 3507 1634 3577 exagitat.Nam
1652 3508 1825 3577 illam]
1838 3525 1993 3563 nem-

339 3577 652 3633 admodum
708 3577 931 3639 Plutus,
985 3579 1171 3633 oculis
1230 3585 1429 3648 captaa,
1486 3596 1553 3634 eo
1609 3580 1990 3643 impudentiae

335 3651 722 3715 devenerunt,
774 3656 839 3703 ut
869 3648 1081 3704 belluis
1111 3650 1256 3720 ipsis
1306 3652 1644 3715 deteriores,
1706 3650 1813 3705 has
1872 3670 1987 3710 non

335 3720 452 3776 alio
479 3722 726 3796 consilio
742 3720 1075 3796 adhibeant
1105 3723 1393 3796 peregrini
1425 3728 1668 3796 ornatus
1702 3722 1989 3796 fallacias,

341 3809 517 3864 quam
553 3800 616 3846 ut
644 3793 716 3847 ab
742 3791 1082 3848 hominibus
1107 3791 1326 3864 Vvideri
1355 3793 1541 3864 iisque
1574 3793 1802 3863 placere
1849 3791 1989 3862 pos;

345 3863 485 3919 sint.
522 3864 671 3919 Tum
704 3864 980 3919 continuo
1018 3881 1118 3935 eas
1164 3863 1417 3921 Narcissi
1475 3865 1739 3935 exemplo
1787 3872 1846 3921 et
1902 3887 1991 3925 sa-

339 3952 572 4008 crorum
605 3935 874 4008 codicum
899 3934 1244 3992 auctoritate
1275 3936 1560 4008 coarguit,
1584 3934 1712 4007 quae
1735 3940 1990 4008 speculis

339 4007 412 4063 ad
443 4006 697 4063 fucatam
736 4007 943 4063 faciem
972 4024 1141 4063 suam
1182 4006 1689 4078 contemplandum
1720 4006 1987 4069 utuntur.

337 4079 532 4162 Neque
564 4079 1081 4162 popro'quidquam
1116 4080 1448 4162 inﬂearum.
1469 4081 1717 4162 grati-am
1782 4081 1990 4162 fecisse

339 4149 599 4222 reginam
636 4150 1011 4222 Esther.quzs
1044 4150 1308 4221 mystice,
1334 4149 1450 4213 regi
1483 4157 1545 4205 ut
1575 4150 1849 4221 placeret,
1891 4172 1989 4209 or-

337 4221 494 4285 nata,
528 4239 627 4286 pro
662 4221 1119 4291 pulchritudinis
1152 4222 1337 4291 pretio
1374 4222 1652 4289 populum
1695 4240 1870 4278 suum
1917 4228 1988 4281 ab

334 4294 502 4349 hoste
532 4293 781 4348 liberare
813 4293 1048 4347 meruit.
1084 4296 1311 4356 Quanto
1343 4310 1514 4360 porro
1562 4310 1630 4349 ex
1674 4294 1988 4354 immodico

335 4366 533 4420 formai
565 4365 726 4419 cultu
752 4369 810 4419 et
839 4370 1049 4420 ornatu
1078 4366 1341 4436 orientur
1365 4364 1539 4434 mala,
1561 4379 1871 4435 postquam
1893 4386 1987 4436 pa-

2085 787 2297 843 vellere
2328 793 2384 842 et
2410 787 2694 843 radicitus
2725 793 3051 859 amputare.
3076 787 3162 842 Ibi
3186 792 3385 842 autem
3409 792 3626 842 auctor
3650 804 3748 844 no-

2090 866 2227 923 ster,
2273 859 2531 913 oblatam
2564 864 2778 915 nactus
2809 860 3201 923 occasionem,
3235 859 3293 914 in
3326 874 3639 914 summam
3664 860 3752 915 in-

2085 932 2317 987 vehitur
2347 932 2439 985 sui
2465 934 2744 1003 temporis
2771 931 3090 995 luxuriam,
3117 946 3234 1001 qua
3262 931 3477 1003 pagani
3502 946 3751 986 suarum

2088 1002 2381 1075 permissu
2415 1002 2634 1075 legum,
2670 1003 2728 1057 in
2758 1003 2917 1058 omni
2952 1003 3127 1075 etiam
3154 1002 3344 1074 magis
3375 1003 3659 1075 projectae
3699 1007 3753 1057 et

2088 1074 2379 1130 effrenatas
2435 1074 2703 1129 libidinis
2743 1090 2954 1146 genere
3003 1074 3244 1146 impune
3300 1074 3747 1146 volutabantur.

2087 1146 2398 1202 Contendit
2427 1146 2607 1217 igitur
2639 1145 2925 1217 nec’pilos
2955 1145 3304 1213 tondeudos,
3351 1161 3459 1201 nec
3502 1145 3750 1201 barbam

2088 1219 2517 1286 deponendam,
2560 1226 2615 1272 et
2658 1227 2931 1273 neutrum
2996 1217 3316 1272 immodico
3376 1217 3751 1285 femineoque

2090 1286 2248 1344 cultu
2283 1289 2683 1344 nutriendum.
2721 1289 2786 1343 Et
2815 1290 2866 1343 id
2892 1289 3133 1359 quidem
3161 1289 3368 1360 probat
3399 1304 3525 1343 non
3558 1286 3746 1360 solum

2087 1360 2343 1416 leoniset
2373 1361 2498 1431 apri
2529 1363 2815 1432 exemplo,
2848 1358 2947 1415 sed
2981 1358 3489 1415 etiam—Gallorum
3526 1366 3587 1413 et
3617 1359 3749 1432 Scy-

2089 1435 2349 1497 tharum,
2400 1432 2501 1503 qui
2546 1431 2748 1487 luxum
2781 1432 3019 1487 omnino
3079 1433 3363 1503 fugiunt,
3399 1437 3459 1486 et
3506 1447 3750 1503 summa

2091 1509 2231 1559 sunt
2260 1502 2640 1573 frugalitatis.
2683 1503 2881 1558 Monet
2906 1510 3101 1558 tamen
3152 1502 3551 1572 Christianos,
3603 1509 3661 1558 et
3706 1502 3749 1557 si

2092 1577 2244 1630 hanc
2285 1576 2663 1630 barbarorum
2714 1577 2991 1631 virtutem
3037 1574 3252 1630 imitari
3303 1575 3592 1639 debeant,
3638 1591 3748 1629 non

2090 1647 2173 1702 eis
2204 1647 2441 1713 idcirco,
2474 1649 2630 1702 sicut
2665 1652 2722 1702 et
2765 1646 2901 1713 illis,
2950 1663 3016 1702 ac
3052 1644 3428 1717 nomadibus,
3476 1646 3571 1702 fas
3623 1661 3748 1702 esse

2096 1719 2443 1790 animalium
2468 1718 2667 1790 bibere
2694 1718 3064 1790 sanguinem.

2172 1790 2283 1845 Sed
2317 1789 2457 1860 quia
2487 1790 2566 1845 ibi
2596 1785 2865 1845 Clemens
2895 1808 2929 1845 a
2978 1788 3279 1861 proposito
3306 1785 3745 1861 paululumldi-

2103 1859 2345 1933 gressus
2366 1860 2573 1927 fuerat,
2606 1863 2675 1916 ad
2707 1861 2873 1917 illum
2898 1859 3098 1933 statim
3130 1860 3280 1916 redit
3299 1859 3367 1927 ³³,
3389 1875 3456 1915 ac
3478 1859 3744 1933 inutilem

2103 1931 2403 1990 servorum
2426 1933 2877 1999 etfamularum,
2909 1932 3256 1989 ancillarum
3295 1936 3353 1987 et
3399 1931 3743 2003 pedisequa-

2103 2021 2232 2060 rum
2264 2005 2701 2061 multitudinem
2750 2005 3091 2060 insectatur.
3131 2004 3246 2058 Nec
3293 2003 3569 2059 ferendas
3624 2017 3744 2060 esse

2103 2076 2242 2147 dicit
2274 2075 2568 2145 mulieres,
2602 2093 2730 2147 quis
2755 2077 2953 2132 domui
2982 2083 3040 2131 et
3084 2073 3374 2147 pudicitia
3416 2074 3642 2147 exitiali
3683 2073 3743 2147 il-

2099 2146 2290 2203 lorum
2322 2150 2495 2203 turba
2513 2145 2747 2219 stipitis,
2771 2148 2859 2203 vel
2882 2145 3180 2204 Gallorum
3204 2146 3472 2219 humeris
3496 2148 3556 2202 in
3580 2145 3737 2219 lecti:

2102 2236 2170 2275 ca
2200 2219 2464 2285 sublatae,
2512 2216 2614 2291 per
2651 2219 2897 2275 civitatis
2924 2220 3081 2275 vicos
3125 2223 3183 2273 et
3232 2216 3505 2291 plateast
3535 2218 3624 2274 vel
3669 2216 3736 2273 ad

2100 2291 2320 2362 templa
2349 2292 2421 2346 ab
2443 2289 2785 2347 hominibus
2806 2291 3227 2362 conspicienda;
3251 2289 3736 2345 circumfereban-

2102 2368 2218 2418 tur.
2252 2363 2431 2418 Multo
2462 2372 2655 2418 autem
2689 2363 2886 2418 minus
2916 2362 3327 2433 turpissimum
3368 2376 3574 2417 earum
3621 2376 3738 2416 mo-

2103 2450 2224 2490 rem
2260 2434 2492 2489 tulerari
2528 2451 2713 2505 posse,
2747 2452 2873 2506 quae
2894 2452 3029 2490 cum
3052 2434 3395 2506 meretricia
3424 2433 3735 2506 impudici-

2101 2508 2194 2561 tite
2228 2502 2613 2571 ministris,et
2636 2502 2780 2562 cum'
2805 2507 3046 2561 cinaedis
3097 2502 3558 2561 familiaritatem
3606 2520 3734 2559 con-

2103 2578 2601 2645 suetudinemque
2655 2578 2906 2649 jungere
2972 2577 3259 2634 solebant.
3316 2575 3526 2632 Deinde
3570 2576 3729 2649 alias,

2102 2650 2335 2706 etiamsi
2370 2648 2671 2716 meliores,
2695 2651 2960 2720 castigat,
2996 2664 3305 2720 quae,cnm
3331 2648 3727 2720 alveslndicas,

2102 2738 2360 2793 pavones
2417 2720 2698 2786 Medicos,
2751 2718 3061 2793 psittacos—,7
3107 2719 3469 2793 charadrios,
3504 2724 3571 2793 et
3621 2718 3727 2793 alia

2104 2789 2280 2848 etiam
2318 2798 2708 2858 monstruosa,
2736 2789 2836 2848 sed
2871 2792 3067 2863 magni
3102 2790 3271 2864 pretii
3301 2789 3573 2847 animalia
3617 2790 3725 2864 ule-

2105 2872 2255 2929 rent,
2290 2864 2441 2919 ﬁlios
2471 2881 2610 2920 suos
2641 2861 3031 2936 exponebant,
3061 2861 3470 2936 atquensenes,
3516 2861 3716 2933 orpha-

2104 2953 2211 2991 nos
2233 2942 2288 2991 et
2312 2936 2543 2997 viduas,
2577 2934 2856 2991 omnibus
2885 2936 2977 2991 his
3010 2934 3364 2989 animalibus
3387 2934 3540 3005 longe
3568 2949 3704 3002 prai-

2104 3009 2439 3074 stantiores,
2474 3025 2708 3064 summo
2731 3009 3024 3063 ducebant
3052 3004 3388 3077 despicatui.

2174 3085 2451 3134 Caeterum
2486 3097 2601 3135 non
2630 3081 2705 3134 iis
2745 3085 2973 3135 tantum
3022 3075 3220 3148 impiis
3259 3075 3606 3148 sumptibus,
3649 3088 3713 3148 ac

2106 3150 2375 3226 futilibus
2399 3151 2693 3226 tincturis,
2716 3158 2783 3226 et
2809 3142 3460 3226 emptitiis:mancipiis,
3491 3142 3716 3226 sedbel-

2104 3222 2229 3277 neis
2261 3239 2513 3291 quoque,
2538 3222 2864 3278 incredibili
2888 3216 3725 3292 magnilicentia'exstruendis,

2102 3294 2379 3349 mulieres
2410 3300 2466 3349 et
2498 3294 2601 3349 viri
2631 3294 2782 3350 bona
2810 3291 3175 3365 dissipabunt
3207 3309 3314 3347 sua
3340 3292 3403 3345 ³⁸.
3430 3291 3517 3365 Ibi
3543 3293 3729 3345 autem

2102 3366 2200 3421 ubi
2232 3367 2572 3421 communia
2601 3370 2769 3421 erant
2796 3363 3061 3436 utrisque
3085 3365 3331 3428 lavacra,
3355 3363 3734 3419 acinnumera

2100 3454 2200 3493 seu
2233 3438 2305 3493 ad
2335 3437 2669 3503 lavandum,
2700 3453 2801 3493 seu
2832 3439 2903 3492 ad
2939 3436 3289 3492 vescendum
3323 3450 3500 3490 aurea
3537 3447 3734 3503 argen-

2096 3512 2309 3580 teaque
2331 3525 2487 3572 vasa.
2521 3511 2709 3578 major
2732 3526 2873 3564 sane
2904 3508 3219 3564 mulierum
3270 3523 3451 3578 quam
3501 3505 3736 3561 athleta-

2099 3597 2231 3636 rum
2263 3581 2653 3649 impudentia,
2682 3598 2749 3636 eo
2776 3597 2965 3649 usque
3021 3584 3415 3651 processerat,
3435 3582 3503 3633 ut
3552 3590 3737 3651 eorum

2099 3654 2286 3708 servis
2318 3647 2528 3707 nudari
2562 3669 2675 3707 non
2708 3647 3142 3707 erubescerent.
3175 3650 3569 3716 Quamobrem
3615 3647 3733 3703 Cle-

2099 3740 2267 3779 mens
2298 3740 2397 3779 eas
2426 3724 2969 3795 acriterﬁobiurgat,
3003 3724 3286 3795 docetque
3309 3737 3434 3795 non
3470 3720 3639 3775 modo
3683 3720 3736 3771 in

2096 3795 2348 3859 balneis,
2382 3797 2483 3850 sed
2509 3794 2668 3851 domi
2693 3792 2894 3860 etiam,
2927 3799 2984 3849 et
3012 3795 3171 3850 omni
3202 3794 3260 3848 in
3309 3792 3437 3848 loco
3469 3807 3737 3848 verecun-

2098 3867 2255 3993 giam
2290 3874 2345 3922 et
2376 3868 2654 3937 pudorem
2688 3869 2761 3923 ab
2790 3867 3069 3923 omnibus
3101 3880 3334 3937 semper
3358 3880 3488 3921 esse
3510 3879 3739 3920 servan-

2141 3955 2265 3993 um.

2141 3955 2265 3994 um.

2171 4015 2346 4064 Porro
2379 4014 2571 4064 autem
2603 4008 2846 4074 divitiis,
2876 4007 3067 4078 inquit
3097 4007 3163 4074 ³⁸,
3196 4009 3487 4079 quantum
3528 4003 3742 4079 rationi

2097 4086 2554 4137 consentaneum
2587 4085 2678 4136 est
2706 4081 3031 4148 abundare,
3062 4083 3119 4134 et
3140 4078 3238 4135 eas
3270 4095 3387 4134 non
3409 4078 3650 4133 sordide
3694 4079 3745 4133 et

2099 4159 2460 4222 arroganter,
2483 4154 2582 4208 sed
2593 4153 2847 4223 benigne
2861 4157 2917 4207 et
2932 4149 3253 4207 liberaliter
3266 4150 3405 4223 aliis
3422 4148 3744 4223 communi-

2096 4220 2566 4279 care'debemus.
2616 4220 2783 4292 Nam,
2838 4224 2911 4279 iis
2954 4223 3236 4293 exceptis,
3286 4220 3512 4277 nullum
3579 4221 3746 4293 plane

2097 4314 2327 4352 servum
2348 4296 2501 4351 inter
2528 4300 2585 4351 et
2613 4296 2944 4360 dominum,
2967 4295 3079 4350 nisi
3102 4292 3381 4365 quodhic
3400 4292 3748 4365 imbecillior

2097 4369 2193 4431 sit,
2227 4369 2535 4423 intercedit
2565 4367 2902 4422 discrimen.
2928 4366 3074 4431 Quid
3106 4364 3243 4422 vero
3263 4364 3290 4420 ?
3319 4364 3474 4436 quod
3500 4364 3591 4421 vir
3618 4366 3744 4421 Jus-

334 4437 551 4523 tefecit,
584 4436 927 4523 angelorum
959 4442 1017 4491 et
1040 4435 1488 4491 Sichimitarum
1522 4438 1789 4523 exemplo
1821 4435 1985 4494 colli-
2022 4459 2065 4523 Ι)
2098 4445 2195 4523 tus
2226 4442 2525 4523 et_bouus,
2558 4440 2673 4522 elei
2696 4436 3253 4523 pauperinglorius,
3277 4435 3443 4492 dives
3463 4442 3520 4490 et
3541 4436 3746 4523 beatus

332 4510 601 4580 gitmalae
618 4508 924 4580 cUpiditati
956 4524 1179 4563 morem
1204 4524 1318 4563 non
1351 4524 1476 4563 esse
1499 4509 1572 4564 ab
1586 4510 1704 4566 ullo
1722 4526 1984 4581 unquam

337 4582 683 4652 gerendum.

407 4651 694 4716 Quoniam
728 4654 926 4707 autem
956 4649 1068 4705 hoc
1088 4649 1296 4705 vitium
1320 4666 1456 4722 non
1490 4650 1739 4707 feminas
1770 4652 1982 4722 solum,

333 4725 433 4778 sed
460 4723 730 4779 homines
760 4722 932 4777 etiam
970 4722 1282 4787 invaserat,
1317 4721 1455 4777 hinc
1489 4727 1545 4776 et
1575 4724 1629 4777 in
1665 4741 1762 4778 eos
1786 4721 1981 4780 ieeur;

337 4796 424 4866 git
449 4795 520 4853 3".
570 4796 669 4866 qui
702 4793 1027 4866 meretricio
1050 4809 1211 4848 more
1244 4793 1477 4855 attonsi,
1512 4795 1877 4851 tenuissimis
1922 4815 1989 4853 ac

336 4865 653 4935 perlucidis
684 4866 943 4921 vestibus
980 4865 1196 4929 induti;
1245 4881 1591 4935 comamque
1632 4867 1785 4922 sicut
1826 4868 1985 4923 femi-

336 4954 421 4993 ηεξ
456 4939 804 5003 uutrientes,
846 4937 1048 4993 eadem
1090 4937 1265 5009 etiam
1295 4941 1472 5009 atque
1522 4938 1634 4991 illze
1690 4949 1990 5009 unguenta

338 5009 594 5065 olebant.
644 5009 921 5065 Civitates
973 5025 1141 5075 porro
1190 5008 1260 5061 iis
1283 5008 1425 5062 dicit
1475 5009 1656 5063 fuisse
1700 5008 1987 5079 oppletas,

333 5082 434 5153 qui
478 5083 587 5137 hos
615 5081 981 5153 effeminatos
1007 5080 1300 5153 homines,
1327 5098 1359 5133 a
1380 5080 1634 5153 Diogene
1666 5080 1822 5137 haud
1855 5083 1985 5138 ille-

334 5150 469 5225 pide
517 5154 761 5225 irrisus,
800 5152 1091 5225 picabant,
1138 5150 1451 5225 radebant,
1504 5151 1813 5225 vellebant.
1870 5155 1985 5210 Nec

332 5223 541 5281 minori
576 5227 631 5281 id
667 5224 801 5281 aliis
834 5224 974 5280 vitio
1006 5224 1196 5289 vertit,
1233 5223 1387 5292 quod
1422 5240 1601 5279 canos
1623 5224 1771 5280 alios
1794 5226 1985 5282 colore

331 5299 662 5367 piugentes,
695 5295 1047 5365 venerabile,
1081 5295 1314 5366 ipsique
1355 5294 1470 5350 Deo
1518 5296 1711 5351 simile
1750 5299 1981 5353 senium

328 5386 536 5440 exuere
567 5388 631 5426 se
663 5369 1076 5440 pusse‘frustra
1107 5367 1566 5440 arbitrabantur.

398 5438 683 5497 Muliebre
713 5441 893 5511 igitur
923 5457 1051 5497 esse
1075 5438 1332 5496 declarat
1374 5439 1565 5493 crines
1613 5439 1848 5505 vellere,
1893 5440 1984 5495 vel

329 5526 428 5563 eos
460 5528 807 5582 componere
838 5513 905 5567 ad
942 5511 1268 5583 Speculum.
1321 5527 1386 5583 ac
1437 5529 1601 5565 suam
1672 5529 1813 5567 auro
1852 5529 1987 5567 con-

330 5587 523 5636 texere
554 5583 641 5638 vel
674 5588 851 5638 totam
898 5590 1138 5643 vestem,
1170 5582 1257 5635 vel
1290 5582 1420 5650 ejus
1456 5583 1771 5637 ﬁmbriam.
1834 5588 1984 5640 Deus

336 5652 633 5709 enimvero
664 5670 794 5709 cum
828 5655 1106 5710 feminam
1138 5652 1401 5724 glabram
1444 5653 1782 5725 laevamque,
1809 5653 1986 5711 homi-

2098 4519 2223 4568 est:
2255 4512 2344 4567 vir
2364 4518 2558 4566 autem
2594 4506 2854 4581 injustas
2888 4515 2946 4565 et
2988 4506 3290 4581 arrogans,
3333 4509 3611 4581 quamvis
3648 4506 3747 4581 Mi-

2099 4585 2191 4651 da,
2225 4584 2459 4665 Cinyra,
2489 4589 2641 4665 et_eo
2658 4580 2763 4665 qui
2795 4587 3076 4665 Laiurum
3109 4580 3393 4663 despexit,
3442 4580 3520 4635 sit
3553 4580 3746 4645 ditior,

2100 4652 2353 4724 pauper'
2378 4660 2469 4710 est
2515 4658 2573 4709 et
2620 4652 2817 4709 miser.
2871 4652 3094 4724 Divitim
3119 4653 3275 4707 enim
3309 4668 3427 4707 non
3457 4668 3635 4708 secus
3685 4666 3747 4706 ac

2099 4723 2366 4795 serpms,
2426 4726 2537 4781 nisi
2620 4731 2789 4781 caute
2828 4723 3401 4796 apprehenduntur,
3480 4724 3749 4796 mordent

2100 4794 2242 4853 sane
2274 4804 2327 4852 et
2358 4798 2681 4852 offendunt.
2715 4798 2793 4851 Ex
2823 4794 2916 4850 his
2938 4797 3135 4864 itaque
3156 4794 3424 4851 Clemens
3446 4795 3747 4852 concludit

2097 4886 2266 4924 veras
2298 4870 2532 4924 divitias
2571 4869 2630 4923 in
2664 4870 2863 4922 anima
2894 4873 3126 4922 tantum
3175 4882 3306 4922 esse
3355 4867 3523 4931 sitas,
3574 4866 3744 4922 nimi-

2099 4958 2228 4997 rum
2261 4941 2324 4995 iu
2355 4942 2592 4998 virtute.
2618 4941 2852 5006 justitia
2882 4946 2939 4993 et
2969 4943 3125 4993 recta
3155 4940 3401 4995 ratione.
3452 4940 3634 5009 Atqui
3665 4938 3746 4993 ba:

2098 5031 2231 5069 cum
2258 5029 2285 5065 a
2322 5011 2445 5066 solo
2474 5013 2599 5065 viro
2622 5012 2774 5066 bono
2807 5012 3132 5081 comparari
3162 5012 3411 5080 possint,
3446 5009 3614 5067 solus
3637 5027 3740 5065 au-

2098 5091 2215 5138 tem
2250 5083 2622 5139 Chrsitianus
2647 5084 2724 5138 sit
2755 5080 2968 5145 bonus,
2998 5082 3136 5137 inde
3162 5081 3338 5137 infert
3388 5098 3489 5139 eas
3519 5083 3594 5137 ab
3643 5080 3741 5137 illo

2098 5156 2222 5211 solo
2252 5154 2560 5223 possideri,
2595 5171 2704 5227 nec,
2728 5153 3167 5227 auferriposse,
3201 5156 3422 5227 quippe
3452 5154 3558 5226 qui
3610 5168 3743 5209 cum

2099 5227 2217 5283 illis
2250 5228 2429 5283 Deum
2462 5232 2518 5281 et
2548 5226 2750 5281 omnia
2782 5225 3099 5295 possideat.
3208 5280 3213 5286 ,

2170 5302 2560 5355 Immoderala
2587 5314 2721 5353 vero
2752 5294 3117 5352 terrenarum
3150 5313 3328 5363 opum
3379 5294 3676 5366 cupiditas
3706 5311 3750 5366 Va

2095 5372 2189 5425 17
2229 5389 2407 5441 regno
2442 5371 2538 5423 llei
2570 5369 2827 5424 extrudit
2855 5367 3153 5441 hominem
3169 5368 3321 5441 “,let
3343 5365 3511 5423 illum
3538 5368 3612 5423 ad
3634 5365 3748 5441 illi-

2096 5442 2243 5496 citas
2272 5438 2533 5505 delicias,
2566 5446 2887 5512 turpesque
2907 5445 2963 5496 et
2987 5439 3258 5512 rationali
3284 5443 3557 5512 creatura
3591 5438 3749 5512 peni-

2094 5519 2192 5568 tus
2225 5513 2493 5577 indignas
2532 5509 2880 5583 voluptates,
2931 5512 3000 5583 ad
3053 5510 3256 5566 luxum
3288 5515 3373 5583 et,
3401 5509 3743 5583 ingluviem,

2095 5596 2437 5654 certumque
2468 5580 2841 5651 naufragium
2875 5582 3056 5638 allicit
3084 5588 3141 5637 et
3178 5581 3452 5655 impellit.
3491 5580 3746 5655 Frugali-

2094 5661 2270 5713 tatem
2304 5657 2502 5729 igitur,
2534 5656 2724 5729 pergit
2754 5659 2958 5712 auctor
3004 5660 3222 5723 noster,
3274 5654 3405 5710 Elite
3453 5654 3643 5710 instar
3683 5668 3744 5708 se

400 5796 448 5831 ³ο
477 5813 601 5868 cap.
640 5798 688 5853 1.
715 5797 756 5831 ³¹
790 5813 915 5867 cap.
947 5800 1001 5854 2.
1035 5798 1081 5833 “
1113 5814 1238 5868 cap.
1273 5798 1326 5852 3.
1358 5800 1402 5833 ⁸³
1435 5816 1562 5871 cap.
1596 5802 1648 5855 4.
1680 5801 1726 5834 ⁸⁸
1751 5816 1878 5872 cap.
1910 5802 1964 5856 5.

2103 5818 2196 5873 ap.
2230 5803 2286 5858 6.
2319 5803 2363 5837 ’⁸
2393 5777 2518 5873 cap.
2547 5802 2602 5859 7.
