4052 6154
276 235 391 291 825

1442 233 1539 286 DE
1577 233 1836 288 TRIBUS
1872 233 2257 293 PEDAGOGI
2294 236 2551 293 LIBRIB.

3599 237 3709 295 8'36

279 357 428 416 ctari
461 355 773 423 debemus,
801 370 996 434 neque
1011 353 1276 434 superba
1306 357 1718 434 argenteorum
1735 371 1945 434 aureo-
1975 357 2030 426 Α
2059 356 2160 434 ait,
2195 357 2462 434 simplex,
2509 359 2752 434 munda,
2806 359 3078 434 honesta,
3135 360 3381 434 frugalis
3411 361 3708 434 achunius

276 445 534 502 rumque
567 445 844 502 vasorum
879 425 1280 502 multitudine,
1323 425 1436 502 vel,
1464 426 1638 480 turba
1691 426 1944 502 famulor-

278 519 414 558 rum
437 497 914 572 gloriari,nequo
945 497 1280 572 divitiarum
1314 500 1736 572 nostrorum,si
1770 499 1945 572 iisaf-

285 568 563 637 ﬂuam—us,
599 571 784 627 nimia
818 568 1009 626 teneri
1061 585 1201 624 cura
1248 575 1304 624 et
1333 568 1755 624 sollicitudine.
1821 571 1944 626 Illis

274 663 477 718 porro,
510 645 610 718 qui
641 641 1242 718 inde_vel_ti_rn_endam
1265 646 1618 718 _egestatem,
1653 641 1739 696 vel
1777 643 1944 713 justo

317 735 494 774 anem
528 713 846 786 aliquando
879 714 1135 768 defuisse
1166 713 1277 768 sibi
1311 729 1602 784 Opponere
1651 719 1940 786 poterant,

301 789 753 846 uculentissime
784 788 1117 856 respondet.

350 861 472 916 Nec
525 861 722 914 minus
771 853 1148 928 perspicuum
1194 853 1394 909 facit31
1425 871 1599 924 quam
1649 855 1810 912 dives
1867 857 1945 913 sit

276 932 600 1005 frugalitas
617 947 744 1005 qua
774 930 846 985 ad
877 928 1142 1005 laborem
1167 942 1428 1005 omnem,
1454 943 1718 1005 angores,
1759 928 1943 1005 mole-

275 999 428 1060 stia's
462 1009 518 1059 et
550 999 897 1058 alﬂictiones
927 1001 1218 1072 patienter
1269 999 1598 1072 tolerandas
1649 1001 1795 1072 bene
1852 1001 1940 1055 iii-

271 1075 517 1142 structi,
551 1082 782 1129 terrena
813 1070 964 1127 bona
991 1071 1373 1142 despicimus.
1399 1070 1610 1126 Subdit
1632 1071 1941 1142 plurajam

277 1165 311 1206 a
345 1164 410 1203 se
443 1141 515 1202 de
547 1147 864 1217 conjugum
899 1141 1115 1217 ofﬁciis,
1139 1149 1194 1197 et
1226 1143 1296 1217 de
1323 1141 1652 1217 Christiana
1697 1141 1942 1200 institu—

273 1221 443 1276 tione
474 1214 998 1288 fuisse’di'sputata.
1023 1214 1415 1288 Quamobrem
1440 1214 1789 1285 Penelopen,
1815 1234 1940 1286 quae

270 1285 910 1364 postdiuturnam—viri
922 1285 1246 1364 absentiam
1258 1285 1412 1364 nulli
1445 1302 1703 1364 unquam
1724 1285 1944 1364 nubere

271 1357 486 1425 voluit,
525 1361 581 1415 in
617 1359 749 1415 ﬁdei
781 1359 1132 1429 conjugalis,
1167 1363 1222 1411 et
1251 1361 1568 1428 Spartanos
1601 1357 1700 1428 qui
1726 1366 1790 1412 ut
1812 1361 1940 1414 ado-

275 1434 576 1490 lescentes
628 1433 698 1487 ab
751 1430 1030 1485 ebrietate
1078 1430 1455 1494 deterrerent,
1508 1429 1699 1498 ilotas,
1751 1430 1807 1484 id
1856 1436 1944 1487 est

271 1521 482 1562 servos
516 1520 674 1572 suos,
709 1501 984 1557 inebriari
1017 1502 1320 1571 cogebant,
1354 1500 1411 1554 in
1437 1500 1789 1569 frugalitatis
1809 1519 1941 1573 pro-

273 1577 446 1650 ponit
475 1575 830 1646 exemplum.
863 1575 1145 1650 Observat
1169 1573 1617 1650 autemntriplex
1638 1589 1790 1650 resse
1833 1575 1940 1629 ho-

273 1642 512 1704 minum
545 1642 858 1719 genus,_ex
888 1642 1422 1719 quibusnpnnulli,
1448 1644 1602 1719 sicut
1621 1645 1937 1719 Abraham,

2059 433 2314 498 tantum,
2348 431 2464 486 albi
2496 431 2720 488 scilicet
2751 431 2962 488 coloris
2992 439 3049 488 et
3103 431 3304 497 nativi,
3337 450 3367 489 a
3418 432 3706 490 fullonum

2054 501 2303 556 artiﬁcio
2334 503 2544 577 aliena,
2579 520 2861 575 personas,
2879 504 3056 572 aatali,
3076 504 3371 577 dignitati,
3391 509 3551 561 sexui
3573 512 3712 576 apta

2053 578 2111 648 et
2140 576 2490 648 conveniens
2523 593 2651 631 esse
2682 577 2872 632 debet.
2907 576 3154 632 lnaures
3180 585 3377 632 autem
3403 577 3706 648 Paedagogi

2053 643 2283 716 legibus
2313 647 2522 719 vetitas
2553 664 2686 719 ese
2709 650 2986 704 ostendit.
3018 665 3086 704 ac
3115 648 3411 704 hominem
3436 648 3534 719 qui
3566 643 3708 704 5qu

2053 733 2115 772 se
2145 717 2341 771 ornari
2371 718 2577 784 credit,
2609 718 2869 790 seipsum
2902 721 3000 774 illo
3050 720 3298 790 probare
3347 717 3703 775 inferiorem.

2051 791 2309 844 Aureum
2341 795 2537 845 tamen
2565 795 2852 846 annulum
2900 791 3134 846 mulieri
3167 791 3454 855 concedit,
3487 809 3600 846 non
3632 793 3704 846 ad

2052 867 2322 915 ornatum
2357 862 2618 932 quidem,
2651 862 2738 916 vel
2771 863 2842 918 ad
2873 862 3196 918 nobilitatis
3223 881 3341 918 suis
3363 864 3706 918 ostentatio-

2054 947 2210 998 nem,
2245 933 2344 987 sed
2379 949 2494 1002 quo
2525 949 2593 988 ea
2625 950 2752 1003 quae
2784 935 2945 989 domi
2994 937 3284 990 servanda
3341 940 3502 1003 sunt,
3551 934 3706 990 obsi-

2051 1010 2325 1074 gnentur.
2357 1005 2472 1059 Nec
2506 1005 2563 1058 in
2595 1005 2739 1060 alios
2772 1022 2915 1060 usus
2955 1007 3079 1062 viro
3137 1005 3322 1061 caelibi
3352 1023 3419 1060 ac
3471 1005 3704 1076 publico

2053 1091 2298 1157 munere
2325 1076 2591 1157 [augenti
2622 1093 2756 1157 eum
2790 1078 3094 1157 permittit.
3119 1077 3284 1157 Hunc
3307 1083 3504 1133 autem
3522 1095 3706 1157 parvo

2050 1145 2176 1219 vult
2205 1146 2369 1202 indui
2401 1145 2606 1219 digito,
2638 1145 2952 1219 nullosque
2981 1150 3042 1204 in
3071 1165 3137 1204 eo
3160 1151 3401 1205 deorum
3437 1145 3547 1204 aut
3578 1150 3702 1204 ido-

2052 1216 2267 1290 lorum,
2297 1220 2399 1273 sed
2431 1216 2740 1284 columbae,
2775 1216 2974 1290 piscis,
3027 1223 3230 1286 maris,
3279 1220 3568 1285 anchora,
3617 1220 3702 1276 vel

2051 1289 2310 1362 ejusdem
2355 1291 2588 1362 generis
2633 1289 2856 1362 efﬁgies
2900 1298 2957 1346 et
2985 1293 3156 1362 signa
3208 1292 3459 1362 insculpi
3493 1297 3549 1346 et
3603 1308 3702 1347 ex-

2053 1360 2246 1434 primi.
2270 1361 2366 1434 _lbi
2400 1379 2568 1432 porro
2598 1360 2786 1417 obiter
2826 1370 3023 1418 monet
3046 1360 3346 1420 _Clemens
3387 1360 3702 1434 quemdam

2053 1431 2448 1502 pulchriorem
2481 1434 2754 1489 vestitum
2785 1438 2843 1489 et
2867 1440 3137 1490 ornatum
3171 1431 3450 1490 uxoribus
3495 1451 3701 1490 conce-

2051 1503 2332 1575 dandum,
2367 1521 2480 1574 quo
2508 1504 2649 1560 solis
2699 1505 2861 1574 viris,
2915 1505 3159 1561 minime
3218 1523 3348 1573 vero
3407 1506 3562 1575 aliis,
3622 1506 3704 1561 ita

2051 1573 2339 1659 placeant,
2373 1573 2437 1630 ut
2456 1576 2586 1631 illos
2611 1573 2963 1659 pedetentim
2985 1577 3211 1659 possint
3237 1578 3307 1634 ad
3331 1573 3702 1659 moderatum

2050 1651 2558 1721 temperatumque
2577 1649 2804 1721 vivendi
2826 1666 3015 1721 genus
3037 1650 3348 1721 adducere.
3367 1654 3444 1703 At
3464 1665 3700 1705 omnem

273 1714 668 1797 sponte_sha_;_
699 1716 798 1797 alii
834 1714 1059 1797 verqab
1082 1714 1540 1797 aliis-admoniti,
1561 1717 1938 1797 quemadmo-
1970 1733 2016 1797 B
2049 1714 2291 1797 prorsus
2323 1714 2525 1797 luxum
2559 1726 2616 1774 et
2638 1714 2860 1797 fucum;
2894 1737 3000 1797 nec
3030 1720 3176 1776 satis
3205 1722 3484 1797 modesta
3503 1725 3559 1777 et
3590 1737 3701 1797 pu-

268 1786 417 1848 dum
453 1790 671 1846 Christi
704 1786 1005 1859 discipuli,
1053 1788 1331 1859 virtutem
1384 1791 1657 1859 quaerunt
1703 1792 1760 1842 et
1809 1805 1940 1843 am-

269 1864 589 1937 piexantur
616 1880 630 1931 ;
663 1861 764 1937 atii
797 1857 1058 1937 tandem,
1091 1858 1248 1937 ve_l_ut
1278 1857 1530 1937 pqpulus
1553 1858 1812 1937 gentilis,
1837 1877 1942 1916 nec

275 1929 458 2002 ultro,
493 1929 750 2004 nec’piis
782 1929 1288 2004 admonitionibus
1328 1929 1481 1988 ﬂecti
1531 1929 1779 2004 possunt
1813 1937 1944 2004 _aut

272 2001 522 2062 erudiri.
548 2001 914 2076 Quapropter
934 2003 1168 2076 divinius
1185 2007 1383 2076 noster
1431 2001 1942 2076 paedagogusillos

277 2085 334 2134 et
369 2078 566 2133 verbis
599 2081 656 2132 et
679 2073 972 2145 exemplis
1021 2075 1108 2130 vel
1158 2091 1190 2129 a
1231 2073 1385 2128 vitiis
1430 2073 1702 2140 revocat,”
1731 2073 1817 2129 vel
1867 2077 1938 2130 ad

279 2151 558 2205 virtutem
591 2147 957 2203 adhortatur.
991 2145 1072 2201 Ex
1113 2147 1290 2200 variis
1337 2149 1531 2202 autem
1580 2146 1940 2216 ejuscemodi

278 2221 567 2293 exemplis
600 2236 784 2274 unum
821 2218 1097 2293 Clemens
1129 2217 1940 2293 seligit,_nempe_Sodom_itaf

277 2286 722 2364 rum,'quorum
757 2291 961 2364 utique
985 2286 1282 2364 supplicio
1323 2286 1755 2364 a_lii_cautiores
1814 2290 1936 2344 ﬁeri

275 2360 514 2421 debent.
548 2364 628 2419 Ex
658 2363 822 2418 Judae
845 2361 1135 2430 siquidem
1155 2360 1400 2432 epistola
1423 2362 1787 2432 demonstrat
1815 2378 1938 2431 eos,

273 2437 376 2508 qui
411 2454 526 2492 non
561 2435 622 2490 in
655 2436 881 2500 eadem,
914 2432 1124 2508 ac_il_l_i,
1179 2431 1413 2508 peccata
1462 2431 1723 2508 prolapsi
1776 2439 1935 2504 sunt,

273 2503 738 2588 similespainas
797 2523 911 2560 non
967 2503 1248 2588 dedisse.‘
1279 2503 1591 2588 Subnectit
1632 2507 1827 2559 autem
1873 2503 1936 2562 se

276 2580 452 2651 plura
480 2573 598 2632 alia
623 2576 1081 2651 intemperantiae
1123 2573 1406 2651 _e_t_luxu_s
1456 2575 1710 2646 proferre
1763 2593 1933 2648 posse

278 2645 580 2777 Sxendipla,
612 2650 713 2704 sed
743 2645 878 2715 illis,
910 2665 981 2703 ne
1011 2645 1292 2720 prolixior
1329 2648 1427 2717 sit,
1459 2645 1614 2703 esse
1657 2645 1932 2719 superse-

321 2739 397 2777 en
443 2737 567 2776 um.

321 2737 567 2777 enuum.

359 2793 441 2847 Ad
477 2791 716 2848 balneas
747 2794 934 2844 autem
972 2794 1105 2859 post
1140 2788 1375 2860 longam
1423 2805 1586 2845 sane.
1633 2805 1930 2860 quamque

286 2863 415 2934 ipse
446 2869 701 2934 excusat,
750 2862 1172 2932 digressionem
1224 2861 1532 2934 revertitur
1557 2861 1621 2914 ³⁸.
1671 2864 1934 2934 Quatuor

280 2931 416 2990 vero
447 2936 586 2990 dicit
603 2931 984 2988 illarum’esse
1006 2949 1234 3000 causas,
1259 2931 1632 2989 munditiam.
1655 2932 1927 3001 calorem,

279 3007 615 3069 sanitatem,
646 3005 1026 3074 voluptatem.
1052 3010 1124 3058 At
1145 3005 1644 3074 quemadmodum
1665 3005 1928 3060 mulieri-

276 3077 748 3166 busmpnditiaa,
778 3093 844 3131 ac
880 3077 1022 3132 viris
1070 3075 1345 3132 sanitatis
1399 3092 1578 3166 causa
1606 3077 1928 3166 ipermis‘szs
1958 3099 2001 3166 ρ

273 3154 437 3217 sunt,
466 3151 549 3205 ita
570 3148 782 3204 caloris
807 3165 944 3218 ergo
975 3163 1364 3218 supervacuae,
1391 3164 1455 3202 ac
1487 3147 1720 3202 tandem
1767 3147 1929 3203 volu-

271 3222 456 3292 ptatis
481 3223 675 3293 gratia
705 3219 1255 3293 omnibus_omni_ne
1285 3218 1634 3293 Christianis
1686 3219 1932 3293 interdi-

273 3290 510 3349 cuntur'.
544 3297 617 3346 At
643 3308 775 3347 vero
835 3290 1111 3362 quoniam
1175 3290 1534 3362 frequentior
1591 3291 1929 3362 earumdem

270 3383 419 3420 usus
451 3364 711 3435 corporis
743 3361 896 3418 vires
928 3361 1451 3435 debilitatetsepe
1479 3361 1761 3435 dissolvit,
1795 3362 1932 3418 hinc

267 3433 762 3506 Clemens—arguit
793 3451 904 3489 non
941 3451 1174 3506 semper
1200 3433 1541 3506 lavandum,
1574 3434 1670 3488 sed
1705 3433 1927 3506 haben-

271 3512 406 3564 dam
445 3505 658 3576 aetatis,
687 3507 950 3578 corporis
982 3511 1038 3562 et
1061 3505 1346 3578 temporis
1372 3507 1679 3578 rationem,
1730 3521 1835 3578 nec
1868 3505 1928 3560 in

267 3580 502 3636 balneis
535 3579 727 3633 aliena
759 3576 1019 3648 unquam
1055 3595 1164 3648 ope
1194 3582 1248 3633 et
1274 3576 1597 3631 ministerio
1623 3577 1928 3632 utendum.

266 3650 388 3706 Nos
421 3656 616 3705 autem
643 3649 721 3705 ibi
755 3651 1030 3705 admonet
1061 3650 1233 3720 longe
1258 3648 1790 3720 praestantiusesse
1810 3648 1930 3702 ani-

267 3741 378 3778 ma
409 3739 592 3792 quam
624 3723 884 3792 corporis
912 3719 1233 3787 lavacrum,
1260 3726 1459 3792 utpote
1489 3736 1603 3791 quo
1627 3719 1789 3775 illius
1811 3736 1930 3775 sor-

262 3797 371 3850 des
402 3799 459 3848 et
491 3799 726 3864 peccata
755 3793 991 3865 penitus
1020 3792 1322 3848 eluuntur.

346 3861 734 3937 Gymnasium
757 3861 952 3936 'porro
1002 3881 1105 3921 seu
1136 3861 1396 3937 corporis
1428 3861 1928 3937 exercitationem

270 3933 416 4009 quae
437 3939 506 3992 ad
538 3937 699 3992 illius
729 3933 1043 4009 sanitatem
1080 3933 1381 4009 utilis‘est,
1411 3935 1580 3991 docet
1596 3933 1866 4009 Clemens
1880 3935 1930 4009 ἕο

265 4005 749 4080 adolescentibus
781 4025 884 4080 pro
915 4008 1124 4063 balneo
1155 4008 1445 4072 sufﬁcere,
1497 4011 1676 4080 atque
1707 4023 1740 4060 a
1785 4005 1928 4061 viris

264 4081 460 4136 eidem
497 4079 705 4136 balneo
727 4078 856 4136 esse
883 4080 1373 4152 anteponendam.
1392 4078 1664 4152 Mulieres
1691 4093 1928 4152 quoque

263 4153 420 4215 telae,
452 4158 522 4233 et_
537 4152 706 4233 lanae,
741 4149 1187 4233 aliisque“_seri_ii
1217 4167 1325 4206 suo
1357 4149 1631 4233 congruis
1651 4149 1928 4233 operibus

265 4225 524 4280 exerceri
553 4225 763 4280 debere
792 4223 1068 4280 ostendit.
1101 4224 1215 4278 Nec
1246 4230 1417 4293 turpe
1444 4223 1529 4277 eis
1562 4237 1692 4293 esse
1738 4225 1924 4291 putat,

265 4296 314 4351 si
351 4298 425 4351 ad
483 4297 825 4366 pistrinum,
873 4296 970 4350 ubi
1034 4294 1295 4349 Pittacus
1347 4292 1446 4366 rex
1501 4292 1922 4366 Mitylenorum

264 4365 554 4423 moluis’se
589 4371 793 4434 fertur,
826 4368 1129 4431 accedant,
1159 4383 1225 4420 ac
1259 4366 1314 4420 in
1347 4365 1475 4421 cibo
1507 4369 1564 4419 et
1595 4370 1733 4434 potu
1783 4365 1922 4420 viris

263 4439 396 4494 suis
429 4440 793 4524 cqnﬁciendo
825 4443 1116 4524 occupatae
1148 4439 1288 4524 sint:
1338 4440 1466 4524 Peri
1493 4453 1629 4524 etim
1689 4453 1924 4524 qpoque
1954 4461 1999 4524 Β

264 4511 576 4568 nonnullis
604 4511 744 4566 viris
773 4511 1124 4582 quandoque
1156 4509 1291 4565 licet
1321 4509 1629 4582 autrlucta,
1655 4511 1757 4562 aut
1788 4509 1924 4582 phe-

262 4585 470 4647 niuda,
504 4601 603 4639 seu
636 4579 814 4654 parvo
846 4579 1046 4652 globo,
1077 4587 1179 4654 aut
1236 4579 1614 4654 agricultura,
1642 4582 1765 4654 aut_
1789 4579 1922 4636 sal-

258 4660 384 4711 tem
415 4651 888 4710 deambulationc
918 4653 1191 4709 exerceri.
1229 4652 1374 4720 Quid
1411 4669 1566 4717 vero,
1612 4651 1768 4722 quod
1820 4668 1920 4706 eos

267 4743 484 4795 aquam
519 4726 778 4792 haurire,
810 4724 970 4795 ligna
999 4725 1265 4779 scindere
1296 4728 1353 4778 et
1389 4740 1527 4780 voce
1558 4722 1673 4778 alta
1729 4722 1920 4793 legere

266 4798 583 4870 pulchrum
597 4797 1074 4870 existimatPAtin
1090 4797 1182 4870 his
1195 4795 1707 4870 exercitationibus
1723 4812 1922 4870 quem-

264 4868 588 4927 admodum
622 4869 899 4924 omnibus
930 4868 987 4922 in
1023 4869 1218 4935 rebus,
1255 4869 1493 4923 modum
1546 4882 1775 4935 semper
1814 4868 1917 4921 ad-

263 4941 456 4998 hiberi
481 4943 670 5011 jubet.
704 4943 912 4996 Censet
943 4941 1196 5011 denique
1226 4945 1411 4996 artem
1447 4939 1846 5010 piscatoriam,
1866 4939 1916 4993 si

264 5015 457 5071 otium
486 5010 682 5078 fuerit,
712 5010 1069 5068 laudabilem
1124 5012 1362 5083 quidem
1421 5027 1569 5075 esse,
1629 5011 1727 5083 sed
1788 5026 1917 5067 eam

263 5087 440 5158 longe
471 5081 1158 5158 laudabiliorem,_sicuti'
1205 5082 1472 5158 Christus
1523 5081 1742 5152 docuit,
1802 5100 1920 5154 qua

261 5155 396 5214 non"
417 5158 625 5228 pisces,
660 5157 761 5212 sed
793 5155 1065 5228 homines
1095 5155 1424 5228 capiuntur:

333 5223 594 5286 Posthac
624 5228 723 5284 ille
753 5227 971 5300 quaein
1001 5227 1110 5300 hoc
1139 5223 1197 5282 et
1226 5225 1528 5299 superiore
1547 5223 1696 5300 libro
1729 5224 1918 5280 fusius

254 5302 560 5371 disputata
591 5297 854 5362 suntfea
882 5299 940 5354 in
973 5299 1266 5370 epitomen
1303 5297 1359 5354 et
1388 5297 1799 5371 compendium
1823 5313 1919 5371 re-

252 5368 407 5442 digit
435 5375 498 5428 ‘°.
533 5375 578 5428 A
607 5376 766 5428 veste
798 5368 1255 5442 autem'lncipit,
1288 5368 1657 5442 etrrquamvis
1714 5368 1787 5422 ab
1819 5368 1918 5423 illa

256 5440 374 5501 non
406 5462 578 5500 omne
611 5461 851 5515 prorsus
881 5459 1090 5498 aurum
1125 5440 1227 5515 aut
1251 5440 1555 5515 mollitiem
1576 5446 1794 5515 arceat,
1822 5457 1917 5515 sc:-

254 5518 396 5574 dulo
424 5512 623 5572 tamen
652 5515 922 5587 prohibet
969 5531 1041 5571 ne
1081 5514 1217 5586 quid
1253 5515 1303 5569 ei
1337 5514 1611 5587 addatur,
1644 5512 1796 5582 quod
1844 5513 1916 5567 ad

256 5589 498 5648 mollem
534 5584 1016 5658 luxuriosamque
1047 5584 1224 5642 vitam
1275 5584 1596 5658 quemlibet
1655 5600 1912 5658 unquam

255 5661 442 5736 possit
473 5659 795 5733 impellere.
830 5655 1166 5716 Christiana
1196 5655 1395 5730 itaque
1439 5656 1639 5722 vestis,
1689 5659 1755 5710 ut
1795 5655 1917 5727 ipse

331 5803 374 5838 ³⁷
406 5819 536 5876 cap.
569 5802 688 5860 8.”
717 5817 841 5871 esp.
871 5800 924 5854 9.
956 5799 1000 5835 ³⁸
1034 5815 1158 5872 cap.
1192 5800 1281 5858 40.
1312 5801 1357 5838 ⁴⁰
1386 5815 1513 5874 cap.
1549 5799 1641 5859 11.
1676 5797 1719 5833 ⁸⁸
1749 5811 1876 5870 cap.
1909 5798 1998 5854 12.

2053 1789 2554 1862 dicarornamenta
2581 1792 2908 1862 proscribit.
2936 1791 3110 1848 Porro
3141 1797 3336 1848 autem
3369 1789 3703 1848 ibidem'ille

2051 1860 2303 1935 explicat
2330 1860 2623 1932 quomodo
2652 1863 2756 1935 pili
2785 1864 3093 1934 crinesque
3125 1864 3421 1919 nutriendi
3453 1868 3509 1918 et
3540 1880 3702 1919 com-

2054 1932 2329 2006 ponendi,
2357 1939 2530 2006 atque
2551 1932 2732 1991 bar—ba
2761 1952 2794 1990 a
2823 1935 2961 1991 viris
2991 1932 3237 2003 alenda;
3280 1953 3348 1990 ac
3405 1936 3700 2004 quomodo

2053 2005 2463 2077 unusquisque
2495 2005 2556 2060 in
2587 2011 2772 2072 motu,
2813 2023 3040 2077 gressu,
3095 2008 3350 2074 incessu,
3409 2006 3702 2077 gestibus,

2052 2075 2281 2147 ﬁguris,
2315 2094 2473 2149 voce,
2505 2083 2768 2149 aspectu,
2790 2075 2968 2149 atque
2997 2075 3136 2149 erga
3152 2078 3398 2133 ancillas
3416 2075 3704 2149 'etrservos

2051 2163 2180 2201 sese
2207 2163 2406 2220 gerere
2443 2148 2667 2206 debeat.
2701 2151 2851 2205 Tum
2875 2148 3094 2205 deinde
3127 2150 3334 2220 probat
3380 2148 3704 2220 prohibitas

2049 2233 2178 2272 esse
2199 2219 2542 2291 tonstrinas,
2574 2237 2892 2291 cauponas,
2925 2219 3278 2277 tesserarum
3311 2228 3365 2276 et
3389 2219 3533 2276 lucri
3565 2237 3704 2275 cau—

2049 2306 2116 2344 sa
2137 2290 2387 2363 talorum
2409 2290 2613 2346 ludum
2634 2310 2648 2348 :
2675 2290 3010 2362 fugiendam
3036 2293 3437 2363 improborum
3461 2308 3704 2348 consue-

2045 2362 2348 2429 tudinem;
2381 2367 2436 2436 et
2457 2364 2808 2433 spectacula,
2843 2362 3146 2436 quidquid:
3192 2363 3488 2436 nonnulli
3520 2364 3698 2419 recla-

2048 2440 2227 2506 ment,
2260 2450 2389 2489 esse
2419 2435 2751 2490 interdicta.
2799 2435 3046 2491 subbasc
3097 2435 3338 2506 planum
3378 2435 3525 2506 facit
3582 2452 3700 2505 quo

2045 2504 2248 2561 habitu
2281 2512 2338 2560 et
2369 2508 2540 2562 modo
2568 2507 2707 2564 viris
2740 2504 3159 2563 etmulieribus
3179 2508 3251 2563 ad
3274 2505 3580 2562 ecclesiam
3601 2504 3698 2561 Vc-

2044 2576 2349 2648 niendum,
2381 2583 2559 2647 atque
2588 2579 2660 2634 ab
2691 2595 2760 2634 ea
2791 2581 3202 2648 recedendum,
3223 2578 3363 2648 quid
3389 2579 3445 2632 in
3471 2577 3692 2634 osculis

2042 2653 2100 2702 et
2128 2647 2584 2706 salutationibus
2612 2649 2937 2719 vitandum,
2960 2668 3026 2707 ac
3053 2647 3568 2706 vitam’Christiani
3596 2649 3697 2704 de-

2041 2719 2281 2794 bererab
2311 2722 2469 2776 omni
2506 2721 2737 2794 penitus
2769 2724 3175 2794 cujuscunque
3197 2721 3335 2777 mali
3357 2721 3693 2793 suspicione

2041 2807 2138 2846 ese
2166 2791 2410 2848 liberam
2443 2791 2798 2849 et‘solulam.

2114 2862 2265 2919 Viris
2299 2881 2468 2935 porro
2500 2881 2709 2920 suasor
2739 2870 2797 2921 et
2822 2868 3025 2921 auctor
3045 2869 3136 2920 est
3166 2865 3235 2931 ",
3261 2881 3333 2920 ne
3364 2880 3572 2920 uxores
3594 2879 3691 2918 co-

2040 2951 2165 2990 ram
2198 2935 2436 2991 famulis
2484 2938 2848 3004 osculantur,
2902 2954 3009 2993 nec
3041 2936 3197 2992 ullus
3244 2937 3399 2991 bona
3430 2940 3487 2991 et
3531 2937 3692 3005 justa

2039 3006 2406 3080 ethnicorum
2439 3014 2728 3079 praecepta
2757 3016 3016 3080 respuat,
3049 3009 3149 3064 sed
3182 3023 3381 3063 eorum
3413 3007 3555 3063 vitia
3592 3007 3694 3061 de-

2040 3076 2238 3150 clinet,
2268 3083 2326 3134 et
2355 3076 2718 3136 sanctum—se
2747 3076 3023 3136 omnibus
3062 3087 3120 3135 et
3147 3080 3551 3150 incorruptum
3594 3093 3696 3132 ex-

2043 3148 2260 3204 hibeat.
2290 3154 2506 3206 Verum
2539 3168 2673 3207 cum
2708 3150 2858 3207 mala
2891 3158 3120 3207 tantum
3144 3157 3203 3207 et
3223 3148 3460 3221 peccata
3480 3150 3693 3221 fugere

2043 3224 2099 3274 et
2129 3222 2441 3277 emendare
2473 3239 2585 3276 non
2619 3223 2892 3286 sufﬁciat,
2927 3222 3039 3278 nisi
3068 3228 3126 3278 et
3153 3220 3350 3278 omnia
3392 3220 3490 3276 Dei
3544 3237 3686 3291 prae-

2041 3300 2208 3364 cepta
2240 3293 2784 3364 impleantur,rbinc
2814 3295 3082 3349 Clemens
3121 3309 3246 3361 quae
3293 3308 3362 3346 ea
3391 3293 3510 3348 sint
3556 3296 3692 3364 ante

2041 3361 2834 3446 emnium'poniloculo§._Et
2891 3365 3095 3446 primo_
3136 3364 3375 3446 quidem
3433 3361 3691 3446 ostendit

2041 3433 2137 3488 illa
2169 3434 2278 3489 hoc
2308 3433 2606 3490 communi
2639 3436 2810 3490 effeto
2834 3451 2848 3490 :
2873 3433 2908 3486 (ἶ
2935 3436 3100 3501 Quod
3133 3433 3239 3490 tibi
3273 3451 3386 3489 non
3421 3433 3507 3487 vis
3537 3433 3685 3500 ﬁeri,

2040 3505 2207 3560 alteri
2239 3522 2353 3560 non
2389 3507 2618 3572 feceris,
2635 3528 2664 3557 »
2683 3524 2749 3562 ac
2772 3508 3004 3563 duobus
3019 3506 3194 3563 etiam
3212 3504 3515 3562 cbarilatis
3539 3521 3686 3576 prm-

2039 3577 2221 3647 ceptis
2243 3577 2566 3648 generatim
2592 3579 2900 3634 contineri.
2921 3581 3216 3642 Attamen,
3251 3583 3313 3632 ut
3333 3577 3454 3632 haec
3474 3577 3689 3632 enoda-

2041 3648 2156 3703 tius
2183 3653 2239 3703 et
2263 3649 2603 3704 distinctius
2632 3650 3017 3719 explicentur,
3037 3651 3236 3706 omnia
3265 3649 3567 3720 sigillatim
3590 3665 3686 3704 ex-

2041 3720 2204 3790 ponit
2233 3721 2415 3794 divini
2448 3720 2643 3794 nostri
2664 3722 2967 3794 Paadagogi
2998 3726 3303 3794 precepts,
3338 3726 3513 3792 atque
3568 3721 3686 3792 pri-

2041 3738 2204 3790 ponit
2233 3738 2415 3776 omni
2448 3738 2631 3776 nostri
2664 3738 2904 3794 manage
2998 3738 3303 3794 precepts,
3338 3738 3513 3792 atque
3568 3738 3682 3792 pri-

2041 3807 2209 3874 mum
2236 3793 2501 3863 quasdam
2558 3793 2740 3874 refert
2787 3793 2847 3849 in
2866 3738 3191 3874 _glecalogo
3239 3793 3582 3874 constituta,
3614 3809 3682 3874 ac

2039 3863 2250 3938 deinde
2271 3881 2348 3938 ea
2377 3882 2505 3938 quae
2537 3865 2610 3921 ab
2638 3865 2839 3938 eodem
2866 3863 3181 3938 Pwdagogo
3203 3865 3429 3938 sancite
3452 3868 3590 3938 sunt
3610 3865 3685 3938 de

2038 3935 2316 4008 orationis
2351 3934 2544 4001 modo,
2594 3938 2665 3991 de
2705 3937 2958 4008 jejunio,
3002 3934 3328 4001 sacriﬁciis,
3379 3934 3685 4008 patientia,

2038 4005 2346 4070 militibus.
2369 4008 2668 4078 iudicibus
2697 4005 3088 4076 et'divitibus;
3115 4010 3186 4064 de
3211 4005 3544 4078 reipublicm
3584 4007 3687 4078 ad-

2037 4077 2492 4151 ministratione.
2523 4081 2594 4135 de
2617 4081 3028 4151 jurejurando,
3051 4082 3121 4136 de
3165 4077 3411 4151 acceptas
3445 4077 3688 4151 injuria

2035 4149 2345 4216 oblivione,
2379 4147 2705 4214 mendacio,
2736 4147 3032 4219 superbia.
3096 4147 3532 4214 misericordia,
3557 4147 3682 4203 ira:

2034 4221 2106 4295 de
2138 4221 2454 4295 diligendis
2483 4223 2764 4293 inimicis,
2785 4225 2856 4280 de
2874 4224 3226 4280 famulorum
3251 4239 3380 4288 usu,
3401 4222 3471 4295 de
3493 4220 3686 4295 fratri-

2034 4293 2144 4348 bus
2176 4291 2617 4377 argdcndisade
2647 4291 2873 4377 agenda
2907 4296 3266 4377 penniteptia,
3306 4311 3374 4377 ac
3419 4293 3492 4377 de
3533 4291 3686 4377 el'e'e-

2034 4363 2279 4436 mosyna
2311 4366 2652 4423 hominibus
2683 4363 3088 4437 indigentibus
3118 4366 3527 4437 impertienda,
3580 4363 3685 4437 Hic

2032 4434 2210 4492 etiam
2235 4438 2394 4493 varia
2424 4439 2494 4492 de
2515 4434 2858 4494 Christianae
2881 4439 3003 4493 vitae
3031 4434 3400 4493 institutioue
3420 4453 3490 4492 ex
3515 4434 3683 4490 Pauli

2034 4507 2312 4582 Epistolis
2336 4517 2618 4582 praecepta
2640 4509 2920 4582 congerit.
2947 4511 3208 4566 Posthac
3229 4526 3361 4565 vero
3393 4506 3687 4582 subnectit

2034 4596 2096 4652 se
2132 4581 2392 4651 potuisse
2423 4581 2593 4652 plura
2624 4580 2738 4636 alia
2757 4579 2893 4652 'quas
2924 4582 2996 4638 ad
3028 4582 3353 4652 episcopos,
3384 4579 3683 4652 diaconos,

2027 4651 2236 4707 viduas
2259 4651 2522 4723 aliosque
2541 4651 2827 4723 spectant,
2843 4671 2910 4709 ex
2923 4651 3340 4723 sacrisScriptu
3350 4651 3484 4708 risI
3497 4651 3542 4705 8
3560 4666 3685 4723 pro-

2027 4723 2198 4790 ferre,
2222 4724 2321 4779 sed
2355 4721 2519 4779 deliis
2549 4721 2705 4779 aliud
2740 4721 2857 4780 fore
2888 4725 3119 4781 dicendi
3171 4721 3436 4795 tempus.
3500 4721 3685 4778 Multa

2027 4810 2265 4867 quoque
2297 4795 2353 4848 in
2388 4795 2606 4850 eisdem
2640 4796 2958 4867 Scripturis
2990 4813 3092 4867 per
3121 4797 3435 4866 aenigmata
3482 4799 3538 4867 et
3578 4810 3685 4867 pa-

2029 4864 2258 4921 rabolas
2290 4867 2508 4939 scripta
2537 4884 2666 4922 esse
2697 4864 3020 4938 proﬁtetur,
3047 4884 3143 4924 sec
3163 4864 3324 4924 adea
3346 4884 3459 4922 non
3482 4864 3684 4919 Peada-

2026 4954 2196 5010 gogo,
2231 4940 2401 5007 cujus
2444 4939 2717 5010 instituta
2756 4941 2880 5010 jam
2937 4939 3082 4995 satis
3131 4939 3500 5008 exposuerat,
3548 4951 3685 5010 esse

2027 5008 2410 5076 enucleanda,
2443 5012 2544 5067 sed
2577 5028 2611 5066 a
2639 5008 3098 5080 solo—magistro,
3144 5010 3397 5078 Christo,
3456 5008 3684 5080 scilicet

2028 5082 2296 5148 Domino,
2329 5084 2429 5154 qui
2464 5082 2601 5138 boni
2632 5083 2820 5139 Patris
2843 5079 2997 5139 bene
3017 5082 3288 5139 voluntas
3309 5089 3366 5138 et
3391 5079 3682 5154 sapientia

2027 5170 2326 5225 germana,
2349 5152 2468 5212 'nos
2496 5159 2701 5210 sancta
2731 5154 3063 5225 cognitione
3090 5153 3302 5211 imbuit
3331 5157 3426 5218 ;et
3448 5152 3507 5206 in
3528 5167 3678 5225 quo,

2026 5223 2076 5282 si
2110 5227 2404 5282 mandatis
2433 5226 2563 5295 ejus
2596 5223 2907 5282 fecerimus
2938 5226 3104 5291 satis,
3139 5243 3204 5282 ac
3233 5241 3366 5280 eum
3393 5223 3679 5295 fuerimus

2027 5297 2259 5362 imitati,
2293 5293 2524 5368 semper
2553 5298 2944 5353 manebimus.
2974 5298 3124 5354 Tum
3169 5297 3390 5368 deinde,
3405 5293 3679 5368 Clemens

2025 5368 2388 5425 Christianos
2419 5367 2792 5438 alloquendo,
2827 5369 3146 5440 plurimum
3178 5385 3278 5426 eos
3327 5367 3677 5422 adhortatur

2027 5447 2092 5496 ut
2121 5440 2382 5512 Ecclesiae
2415 5457 2723 5512 personam
2755 5440 3060 5511 impleant,
3084 5441 3154 5496 ad
3183 5457 3313 5496 eam
3343 5441 3674 5512 accurrunt,

2026 5517 2084 5568 et
2113 5507 2431 5578 Christum,
2465 5528 2639 5582 quem
2671 5507 2855 5568 variis
2877 5513 3082 5568 divine
3112 5518 3333 5568 natura;
3357 5510 3549 5568 titulis
3589 5507 3672 5565 ibi

2025 5587 2290 5657 exornat,
2316 5582 2509 5656 dignis
2540 5599 2774 5657 semper
2799 5582 3074 5657 laudibus
3091 5589 3540 5657 prosequantur.
3564 5585 3670 5638 Po-

2027 5659 2215 5712 stemo
2263 5654 2585 5727 ipsu‘mmet
2640 5655 2902 5713 divinum
2952 5654 3232 5725 Verbum,
3279 5657 3666 5729 Pedagogum
