4052 6154
403 228 514 283 875

1123 233 1198 284 IN
1235 231 1681 285 CLEMENTEM
1717 227 1936 282 ALEX.
1982 230 2040 279 D.
2086 227 2177 278 LE
2218 225 2515 280 NOURRY
2553 228 3028 286 DlSSERTATlO
3067 235 3112 284 Ι.

3725 237 3824 292 876

406 351 498 431 vis
530 351 878 431 autemth
906 349 1086 431 abid,
1116 349 1660 431 quodprobandum
1684 348 2063 431 aggredicba:
2092 348 2144 414 Α
2177 343 2310 431 bam
2351 345 2422 431 de
2467 346 2657 431 fructu
2691 347 2826 431 vitis
2859 349 3079 431 _hu_jus,
3106 367 3289 431 ’.ηοω
3338 351 3595 431 obscure
3637 353 3824 431 innuit

410 427 530 493 tur,
585 423 823 478 omnino
855 419 1213 486 sufﬁcerent,
1246 419 1382 493 data
1415 427 1612 476 tamen
1659 419 2068 493 occasionept

419 490 746 550 Encratitas
777 493 974 564 vinum
998 509 1064 547 ex
1092 508 1153 547 se
1168 491 1387 564 malum
1421 509 1550 548 esse
1578 493 1904 564 garrientes
1935 490 2070 546 efﬁ-

415 567 616 622 cacius
647 563 957 628 ret'elleret,
1010 565 1128 619 duo
1161 562 1278 619 alia
1306 562 1776 621 adversus—hunc
1805 579 2068 620 errorem

415 637 880 692 demonstranda
913 635 1182 704 suscipit.

483 709 752 764 Secunda
782 708 963 780 igitur
991 708 1119 780 ejus
1143 706 1462 780 propositio
1494 711 1604 775 est,
1638 706 1940 763 Christum
1966 724 2069 763 sa:-

410 779 566 850 pius,
612 780 752 834 dum
783 778 1023 844 viveret,
1051 779 1254 832 vinum
1299 778 1562 846 bibisse;
1596 780 1771 835 tertia
1803 795 1934 834 vero
1979 780 2062 833 vi-

413 867 553 906 num
587 851 660 905 ab
688 867 754 906 eo
786 852 844 906 in
878 851 1091 905 ultima
1122 867 1288 905 caena
1318 850 1720 906 benedictum.
1767 850 1878 906 Sed
1913 850 2065 906 hanc

415 922 799 994 posteriorem
846 922 1104 994 primum
1159 921 1251 976 his
1279 922 1504 994 probat
1557 921 1776 977 Christi
1821 921 2060 978 verbis:

413 991 442 1043 ἐι
476 993 600 1048 Non
637 991 864 1050 bibam'
888 1009 957 1048 ex
987 995 1181 1048 fructu
1237 991 1374 1048 vitis
1407 993 1610 1063 hujus,
1645 995 1830 1048 donec
1864 994 2062 1049 bibero

413 1063 612 1136 ipsum
648 1066 714 1137 in
741 1082 918 1137 regno
964 1064 1152 1119 Patris
1199 1065 1334 1137 mei.
1370 1085 1398 1114 ››
1432 1065 1649 1137 Deinde
1699 1064 1902 1120 ordine
1927 1136 1934 1137 ί
1961 1082 2062 1136 pa-

412 1135 650 1207 rumper
702 1135 1032 1203 immutata,
1066 1136 1387 1208 secundam
1423 1135 1878 1208 propositionem
1925 1135 2062 1192 hinc

411 1205 793 1280 ipse—probat,
837 1208 990 1278 quod
1019 1205 1285 1280 Christus
1315 1205 1489 1264 homo
1529 1205 1708 1264 vorax
1746 1214 1802 1264 et
1833 1214 2062 1280 potator

409 1279 528 1334 vini
561 1279 714 1350 apud
744 1281 977 1335 Judaaos
1008 1279 1280 1350 audierit.

483 1347 617 1406 Hasé
645 1357 840 1406 autem
873 1351 922 1405 si
955 1355 1105 1405 recte
1139 1347 1502 1414 distinxeris,
1530 1349 1806 1405 facillime
1839 1349 2046 1406 intelli-

411 1437 513 1494 ges
569 1422 920 1478 Clementem
945 1421 1017 1477 de
1039 1421 1398 1494 eucharistia
1455 1421 1601 1494 nihil
1635 1421 1793 1476 aliud
1826 1421 1905 1475 ibi
1937 1428 2055 1477 tra-

413 1492 570 1562 dere,
595 1510 775 1563 quam
798 1509 1014 1564 eaquae
1046 1493 1220 1548 tertia
1251 1492 1646 1564 pr0positionc
1693 1494 2051 1563 complexus,

410 1565 731 1638 orthodoxo
763 1563 1031 1620 Ecclesia
1050 1564 1309 1636 dogmati
1341 1563 1510 1636 plane
1531 1566 1936 1620 convenientia
1958 1584 2054 1638 pe-

415 1636 692 1718 nitusque
719 1640 1114 1718 consentanea
1141 1639 1302 1718 sunt.

2174 415 2470 498 Christum
2504 415 3076 498 idembenedixi'sse
3107 421 3331 498 vinum,
3363 427 3525 498 quod
3562 433 3697 498 post
3727 430 3824 484 be-

2176 487 2569 568 nedictionem
2604 490 2849 568 biberat.
2891 493 3102 568 _Nonne
3133 487 3715 568 enim,'a'rguit.ille,
3763 517 3824 557 ea

2173 560 2346 636 verba
2375 561 2673 636 Christum
2705 563 2773 636 in
2789 563 3006 636 ultima
3035 583 3220 636 cmna,
3255 560 3321 621 ac
3351 560 3605 636 proinde
3635 560 3823 625 in'eu-

2172 630 2453 709 charistia
2481 634 2941 709 vinumbibisse
2975 630 3366 709 significant?
3381 641 3495 693 Sed
3530 639 3654 695 leve
3686 640 3819 698 illud

2171 703 2776 779 et_iners_Albertiu_i
2839 703 3195 779 telumvjam
3256 711 3614 766 retudimus.
3675 712 3820 771 Nihil

2171 772 2389 844 quippe
2411 773 2692 855 _Clemens
2716 777 2808 855 his
2829 772 3593 855 verbisampliusprobare
3623 784 3816 855 voluit,

2171 861 2348 916 quam
2404 847 2620 901 factam
2674 864 2706 901 a
2735 848 2964 904 Christo
3001 851 3116 905 vini
3149 847 3655 908 benedictionem.
3717 847 3816 914 Fas

2169 921 2400 998 autem“
2427 917 2570 998 nulli
2610 935 2868 998 unquam
2927 921 3036 998 fuit
3062 939 3130 998 ex
3151 923 3347 998 _claris
3374 931 3434 980 et
3495 927 3812 998 perspicuis

2168 988 2485 1068 cujuslibet
2514 988 2817 1068 scriptoris
2857 993 3290 1068 ve_rbis_in{erre
3321 1013 3457 1050 eum
3495 988 3666 1068 plura
3694 1016 3811 1068 pro-

2169 1060 2338 1115 basse
2366 1077 2542 1131 quam
2577 1062 2820 1132 probare
2843 1063 3110 1119 voluerit.
3146 1066 3325 1121 Secus
3349 1060 3512 1121 enini
3541 1085 3608 1124 ex
3626 1060 3810 1126 aucto-

2167 1147 2301 1212 rurri
2350 1133 2818 1213 sermonibuset
2871 1137 3238 1213 argumentis
3269 1139 3629 1213 inﬁnitze_et
3668 1158 3807 1213 saepe

2165 1203 2380 1285 szepius
2430 1205 2883 1285 absurdissimze
2923 1203 3051 1261 elici
3095 1215 3335 1278 possent
3383 1203 3807 1285 conclusiones,

2164 1290 2308 1343 quas
2365 1277 2424 1327 in
2461 1280 2716 1330 mentem
2773 1277 2918 1348 ipsis
2951 1277 3252 1350 nunquam
3296 1282 3531 1338 venisse
3562 1277 3804 1340 certissii

2165 1361 2324 1398 mum
2360 1350 2470 1399 est.

2222 1418 2550 1496 _Age_v_e:-o__;
2584 1417 2726 1488 quid
2754 1419 3025 1496 prohibet
3057 1423 3383 1496 quominus
3415 1424 3616 1481 citatis
3655 1427 3804 1482 Chri-

2159 1487 2232 1568 sti
2265 1487 2455 1568 verbis
2483 1487 3328 1568 Clemensprobaveritvinum
3364 1497 3440 1568 ab
3474 1497 3604 1568 ipso
3639 1499 3803 1555 fuisse

2156 1557 2552 1640 benedictum,
2611 1557 3043 1640 quod—ipsemet
3073 1564 3339 1640 Christus
3369 1566 3430 1640 in
3459 1557 3636 1624 suum
3682 1587 3804 1625 san-

2157 1635 2394 1712 guinem
2431 1635 2561 1712 post
2595 1635 3128 1712 consecrationem,
3169 1643 3234 1712 ut
3265 1639 3529 1711 theologi
3566 1640 3800 1712 loquun-

484 1705 642 1789 Nihil
688 1724 856 1789 _ergo_
896 1709 1048 1778 quod
1087 1707 1406 1789 aderrores
1454 1705 2060 1789 surosIVel'minimurm
2094 1716 2138 1780 Β
2171 1706 2288 1789 tur,
2343 1707 2657 1789 mutatam,
2691 1711 2757 1789 et.
2793 1707 2985 1789 adhuc
3013 1705 3130 1764 vini
3163 1711 3413 1765 formam
3452 1705 3512 1766 et
3567 1705 3798 1784 speciem

415 1780 724 1846 conducat,
757 1776 893 1850 inde
913 1776 1488 1850 possuntexpiscari
1519 1776 1868 1834 Calviniana:
1888 1788 2059 1838 sectae

418 1850 634 1922 addicti
667 1847 972 1922 homines;
996 1850 1109 1922 nisi
1142 1847 1241 1903 illa
1271 1847 1490 1922 omnia,
1525 1866 1653 1921 quae
1683 1851 1828 1905 satis
1860 1859 2057 1922 aperte

415 1919 684 1978 Clemens
707 1921 996 1987 distinxit,
1017 1919 1164 1976 mira
1193 1937 1259 1977 ac
1290 1919 2056 1991 omnino'praepostera'con-

414 1993 642 2064 fusione
683 1991 1042 2064 perturbent.
1088 1991 1394 2063 Egregium
1431 1991 1720 2064 enimvero
1754 2009 1820 2064 ac
1853 1994 2054 2051 multi-

413 2063 544 2133 plex
600 2065 657 2118 in
687 2063 812 2118 rem
844 2080 1014 2118 suam
1048 2068 1462 2134 argumentum
1492 2080 1560 2118 ex
1609 2063 1702 2118 his
1743 2063 2056 2124 Clementis

411 2134 596 2190 nostri
629 2135 822 2190 verbis
851 2151 914 2190 se
946 2133 1159 2207 habere
1190 2133 1729 2207 putatAlbertinus.
1755 2135 1864 2190 Sed
1890 2155 2054 2207 aper-

410 2211 533 2261 tam
583 2207 908 2278 doctissimi
944 2205 1204 2262 auctoris
1235 2205 1419 2262 nostri
1463 2210 1713 2262 mentem
1763 2205 2051 2278 quantum

409 2281 717 2359 pervertat,
739 2277 1104 2359 sintantisper
1122 2278 1573 2359 animadvertas,
1597 2277 1796 2359 vanas;
1811 2279 1938 2359 ejus
1958 2299 2052 2336 ca-

409 2349 734 2405 villationes
766 2349 919 2404 illico
959 2349 1242 2405 dissolves
1273 2349 1708 2420 acdissipabis.
1747 2350 1925 2407 Nobis
1965 2359 2051 2408 et-

407 2420 564 2476 enim
598 2421 694 2477 ille
736 2421 938 2492 objicit
965 2421 1320 2492 Clementem
1349 2419 1427 2474 ibi
1462 2419 1574 2475 non
1607 2420 1799 2476 solum
1847 2423 2052 2479 docere

409 2492 702 2549 Christum
752 2491 820 2546 in
844 2491 1198 2548 eucharistia
1243 2494 1444 2548 vinum
1493 2497 1547 2547 et
1578 2492 1941 2549 benedixisse
1994 2503 2052 2552 et

410 2563 670 2631 bibisse;
732 2564 830 2619 sed
862 2563 984 2619 haec
1042 2566 1292 2634 ipsamet
1343 2564 1517 2618 etiam
1557 2564 1769 2620 Christi
1827 2568 2044 2624 verba:

413 2655 442 2684 ιι
471 2634 576 2716 Hic
606 2640 695 2716 est
718 2635 974 2716 sanguis
1017 2651 1270 2716 meust»
1303 2634 1617 2716 allegorice
1655 2652 1832 2716 sensu
1865 2638 2046 2716 inter-

406 2707 642 2776 pretari.
704 2710 772 2778 At
802 2706 849 2761 si
885 2707 955 2761 ab
1014 2705 1113 2778 illo
1155 2705 1469 2778 scisciteris
1502 2707 1655 2778 unde
1712 2707 1767 2760 id
1803 2711 2047 2778 probare

403 2778 610 2848 possit,
644 2777 872 2832 nullum
898 2777 1057 2833 aliud
1082 2777 1188 2832 tibi
1223 2778 1473 2848 proferet
1495 2777 1932 2847 opinionis’sua:
1955 2799 2046 2835 ar-

402 2853 786 2917 gumentum;
837 2850 947 2904 nisi
986 2848 1363 2915 Clementem,
1404 2849 1500 2902 ubi
1535 2848 1647 2904 alia
1679 2850 1798 2903 haec
1845 2852 2047 2907 citavit

400 2919 613 2993 Christi
645 2922 855 2976 verba:
883 2944 910 2970 (ι
935 2920 1058 2993 Non
1084 2920 1278 2993 bibam
1297 2937 1379 2993 ex
1412 2920 1609 2993 {ructu
1634 2921 1765 2975 vitis
1790 2920 2042 2993 hujus,»

407 2991 553 3046 nihil
587 2993 972 3064 per‘fructuin
1007 2991 1141 3064 vitis
1171 2991 1528 3064 intellexisse
1562 2991 1926 3064 aliudigua‘m
1963 2995 2046 3049 vi-

2171 1788 2525 1828 conservans
2554 1775 2766 1830 biberit
2793 1776 2820 1831 ‘I

2346 1862 2516 1926 por-ro
2551 1845 2703 1926 ul_t_ra
2747 1847 2938 1904 adhuc
2971 1851 3439 1926 progrediamur,
3471 1859 3528 1909 et
3559 1871 3686 1909 eum
3716 1853 3794 1908 Al-

2167 1915 2394 1970 bertino
2422 1915 2723 1996 liberalius
2748 1915 3008 1996 agentes,
3031 1915 3143 1996 ip'si
3177 1915 3592 1996 demus,'quod
3626 1932 3794 1981 tanto-

2166 2003 2300 2070 pere
2332 1989 2510 2070 cupit,
2539 1989 2898 2070 Clementem
2928 1989 3143 2070 d_ixisse
3173 1989 3476 2070 Christum
3510 1997 3569 2052 in
3597 1997 3791 2070 euchaf

2167 2060 2334 2140 sistis.
2365 2060 2587 2140 bibisse
2607 2062 2830 2140 vinum.
2864 2064 3287 2140 Q_uid_,_quaeso,
3333 2067 3473 2122 inde
3502 2069 3792 2139 proﬁciet?

2163 2129 2317 2206 Nihil
2349 2148 2508 2206 sane.
2542 2131 2796 2206 Tametsi
2830 2136 2988 2190 enim
3012 2129 3479 2206 id'conce’datur,
3502 2129 3690 2195 adhuc
3716 2139 3790 2193 ni-

2166 2201 2486 2284 hilominus
2516 2209 2716 2284 postea
2747 2205 3162 2284 inquirendum
3198 2210 3331 2284 erit,
3369 2201 3510 2281 quid
3541 2214 3789 2284 Clemens

2165 2294 2192 2321 ‹‹
2225 2277 2341 2328 vini
2379 2296 2406 2322 »
2465 2277 2721 2348 nomine,
2756 2277 2988 2348 an’ejus
3016 2277 3433 2348 substantiam,
3471 2282 3555 2338 vel
3613 2300 3790 2338 rema-

2164 2350 2367 2417 nentes
2399 2347 2771 2417 apparentias
2811 2347 3183 2406 intellexerit.
3216 2352 3360 2407 Cum
3396 2347 3530 2408 vero
3572 2354 3790 2408 aliunde

2162 2416 2330 2495 nobis
2362 2416 2615 2495 _cons_t_et
2654 2419 2936 2476 Clementi
2973 2423 3154 2478 fuisse
3185 2424 3425 2478 omnino
3460 2441 3786 2495 persuasum

2160 2489 2225 2564 in
2251 2487 2615 2544 eucharistize
2647 2498 3016 2548 sacramento
3041 2511 3248 2564 panem
3273 2501 3329 2549 et
3347 2487 3544 2550 vinum
3570 2498 3622 2550 in
3641 2497 3713 2552 Ch
3727 2497 3787 2550 ri-

2159 2561 2457 2638 sticorpus
2489 2567 2545 2614 et
2575 2564 2919 2638 sanguinem
2947 2561 3182 2638 mutari,
3224 2567 3626 2638 nihilqueeum
3662 2567 3782 2622 huic

2159 2631 2461 2710 sententia}
2505 2631 2827 2710 quidquam
2889 2631 3272 2710 contrarium,
3323 2631 3411 2692 vel
3452 2656 3781 2710 repugnans

2157 2702 2405 2776 scriptis
2426 2702 2740 2760 tradidisse
2767 2723 2778 2770 ;
2806 2707 2942 2776 quid
2979 2707 3132 2762 aliud
3170 2702 3370 2770 res—tat.
3407 2702 3777 2765 nisi-utveum-

2157 2773 2286 2851 dem
2350 2773 2702 2829 Clementem
2733 2773 2837 2851 illo
2873 2779 2986 2851 vini
3022 2779 3256 2835 nomine
3289 2779 3470 2835 solam
3501 2781 3609 2835 vini
3655 2799 3772 2851 spe-

2157 2845 2393 2956 cicm'et
2442 2849 2842 2917 apparen-tiam
2876 2850 3232 2907 intellexisse
3263 2858 3581 2907 constanter
3615 2845 3765 2906 diea-

2157 2931 2289 2956 mnu

2157 2931 2325 2970 IDUS!

2223 2991 2348 3061 Non
2405 2986 2660 3061 amplius
2693 2987 2893 3061 itaque
2926 2992 3253 3047 audiendus
3280 3001 3362 3048 est
3417 2992 3753 3057 Albertinus,

401 3080 545 3118 num
580 3059 625 3146 ᾖ.
653 3062 882 3154 Ch‘eisto
915 3061 1358 3154 ineucharis‘tia
1398 3059 1939 3154 potatum.‘-Ve‘r:um
1972 3083 2038 3122 ex
2067 3088 2110 3154 ρ
2156 3059 2255 3154 qui
2285 3059 2561 3154 eamdem
2581 3059 2933 3145 cantilenam
2968 3063 3758 3154 saepiusunobisinsusurrans,

399 3132 671 3206 superius
695 3133 882 3189 allatis
901 3139 956 3206 et
979 3135 1036 3188 in
1061 3151 1236 3188 suum
1258 3132 1450 3189 locum
1467 3135 1756 3189 restitutis
1779 3135 2035 3191 Clemen-

398 3205 489 3261 tis
531 3221 666 3260 cum
719 3205 1134 3277 propositionis
1164 3214 1286 3260 tum
1347 3206 1813 3278 probationibus,
1868 3208 2033 3274 nulli,

398 3278 482 3359 uti
516 3281 815 3359 putamus,
867 3278 1180 3359 obscurum
1214 3277 1468 3359 amplius
1500 3294 1624 3359 esse
1669 3283 1859 3359 potest
1916 3279 2036 3359 haec

395 3347 612 3404 Christi
636 3349 820 3420 verba
847 3365 882 3404 a
901 3347 1194 3420 Clemente
1223 3347 1337 3403 non
1370 3349 1498 3403 ideo
1516 3348 1708 3420 citari,
1742 3355 1804 3403 ut
1823 3352 2033 3420 proba-

396 3426 484 3476 ret
514 3419 810 3476 Christum
844 3420 903 3474 in
935 3419 1292 3475 cucharistia
1322 3420 1522 3475 vinum
1561 3419 1802 3487 bibisse,
1824 3419 1934 3476 sed
1971 3427 2036 3477 ut

390 3491 531 3565 illud
568 3496 768 3546 contra
800 3491 1124 3565 Encratitas
1156 3491 1226 3546 ab
1251 3507 1316 3546 eo
1339 3491 1708 3565 benedictum
1742 3498 1916 3565 atque
1945 3495 2030 3548 id-

389 3563 543 3619 circo
572 3569 781 3618 natura
809 3580 918 3619 sua
947 3564 1167 3618 bonum
1199 3567 1290 3618 est
1317 3564 1701 3618 convinceret.

465 3633 652 3689 Instat
704 3638 898 3689 tamen
928 3633 1268 3691 Albertinus
1327 3633 1752 3706 ibiClementis
1784 3650 2028 3706 scopum

391 3721 506 3778 non
538 3721 687 3778 esse,
723 3707 971 3778 ut__data
1001 3723 1175 3778 opera
1205 3705 1533 3760 Encratitas
1555 3705 1800 3778 refellat,
1836 3705 2026 3776 quan-

395 3775 707 3848 doquidcm
743 3776 888 3832 nihil
921 3775 1093 3847 plane
1125 3778 1403 3833 adversus
1427 3794 1524 3831 eos
1559 3776 1814 3848 protulit,
1849 3775 2026 3847 quam

391 3847 448 3919 id
482 3848 631 3919 quod
675 3850 746 3904 ab
779 3848 876 3904 illo
915 3849 1099 3904 obiter
1134 3854 1190 3904 et
1220 3849 1505 3904 corollarii
1542 3847 1725 3903 instar
1745 3849 1814 3919 ad
1850 3848 2026 3919 hujus

390 3917 509 3990 loci
536 3919 706 3974 tinem
757 3920 1046 3990 adjectum
1077 3927 1183 3976 est.
1216 3920 1391 3987 Esto;
1429 3920 1567 3988 quid
1602 3917 1784 3974 inde?
1829 3917 2026 3976 Nonne

391 3989 535 4045 satis
564 3996 653 4063 est.
685 3995 750 4046 ut
779 3989 1068 4056 Clemens,
1104 3997 1250 4054 orta,
1285 3991 1369 4045 uti
1399 3991 1677 4063 diximus,
1703 3992 2023 4063 occasione,

384 4062 708 4116 Encratitas
763 4063 1141 4124 coniutando,
1172 4067 1376 4116 contra
1404 4079 1604 4116 eorum
1638 4061 1905 4116 haeresim
1939 4061 2024 4117 vi?

387 4150 522 4188 num
555 4134 612 4188 in
661 4134 1017 4189 eucharistia
1047 4151 1079 4187 a
1110 4134 1334 4187 Christo
1369 4134 1739 4188 benedictum
1781 4139 2024 4189 Hemon-

386 4210 710 4275 stret;quo
759 4207 893 4260 inde
937 4204 1082 4258 nihil
1118 4221 1354 4274 prorsus
1406 4211 1608 4260 contra
1653 4209 1913 4260 nostram
1956 4207 2025 4261 de

383 4277 748 4331 eucharistiae
802 4282 1165 4330 sacramento
1198 4276 1544 4331 sententiam
1577 4278 1649 4331 ab
1680 4276 1778 4331 illo
1830 4294 2022 4333 asser-

385 4352 507 4402 tum
536 4345 925 4402 invictissime
953 4347 1418 4403 concludamus?

452 4419 692 4474 Frustra
720 4435 850 4473 vcro
894 4423 950 4474 et
983 4436 1282 4490 perperam
1321 4419 1500 4474 instat
1532 4418 1863 4490 Albertinus
1895 4418 2019 4474 Cle-

381 4496 637 4562 mentem
670 4490 770 4544 43
803 4507 917 4562 non
951 4489 1185 4545 aliunde
1211 4507 1386 4561 quam
1419 4507 1486 4545 ex
1509 4489 1866 4562 eucharistia
1898 4508 2022 4562 pro-

377 4562 516 4617 bare
563 4561 766 4616 vinum
798 4579 831 4616 a
861 4561 1088 4617 Christo
1133 4570 1414 4632 putatum.
1449 4562 1528 4616 Ex
1563 4563 1649 4617 his
1699 4561 2015 4630 enimvero,

377 4649 504 4702 quae
539 4634 663 4702 jam
709 4633 1041 4701 retulimus,
1103 4633 1342 4689 cuilibet
1383 4633 1610 4688 sincero
1666 4637 1721 4687 et
1779 4634 2018 4690 cordato

379 4704 600 4760 homini
637 4705 1013 4776 perspicuum
1052 4721 1179 4760 esse
1208 4705 1396 4774 debet,
1443 4703 1583 4761 illud
1616 4722 1649 4759 a
1698 4705 2014 4771 Clemente,

375 4793 488 4831 non
519 4792 587 4830 ex
640 4775 839 4831 allatis
872 4777 942 4832 ab
992 4777 1194 4832 eodem
1227 4776 1526 4831 Albertino
1559 4776 1748 4830 verbis
1799 4777 2012 4847 colligi,

371 4849 472 4903 sed
513 4847 651 4918 quia
680 4847 866 4902 Judaei
899 4848 1126 4904 Christo
1156 4849 1272 4902 vini
1305 4849 1733 4921 exprobrabant
1763 4849 2014 4918 potatio-

373 4936 530 4975 nem.

437 4990 855 5061 Verumtamen
881 4990 1130 5061 insurgit
1155 4989 1345 5045 adhuc
1361 4989 1699 5044 Albertinus
1721 4993 1776 5061 et
1799 4990 2015 5046 clamat

366 5061 664 5118 Christum
697 5060 755 5116 in
781 5060 1130 5117 eucharistia
1161 5062 1359 5116 vinum
1387 5061 1602 5116 bibisse
1622 5062 1727 5116 hoc
1749 5060 2011 5116 Clemen—

360 5134 439 5189 tis
491 5132 698 5189 conlici
732 5139 1122 5204 argumento:
1161 5156 1188 5183 (ί
1221 5133 1385 5187 Certo
1439 5133 1666 5199 scitote,
1701 5133 1823 5203 ipse
1870 5151 2008 5202 quo-

363 5221 477 5275 que
534 5206 668 5260 vino
702 5220 843 5260 usus
875 5212 984 5260 est.
1019 5228 1046 5254 n
1104 5206 1176 5259 At
1207 5204 1351 5259 nihil
1386 5205 1643 5275 profecto
1685 5221 1732 5275 ea
1771 5207 2011 5260 veritate

362 5274 552 5347 magis
584 5276 841 5347 alienum
877 5276 1016 5347 fingi
1051 5293 1322 5347 unquam
1355 5274 1603 5346 poterat.
1637 5274 1901 5331 Clemens
1934 5276 2008 5332 si-

360 5345 596 5417 quidem
630 5346 782 5402 nihil
806 5345 1096 5419 planehis
1125 5345 1314 5404 verbis
1347 5345 1714 5418 probandum
1747 5348 2010 5418 aggredi-

356 5421 476 5483 tur,
508 5420 611 5473 sed
653 5418 990 5489 generalem
1029 5419 1433 5475 tantummodo
1468 5419 1736 5490 proponit
1769 5419 2006 5486 thesim,

357 5504 533 5556 quam
567 5494 771 5560 postea
795 5490 1102 5560 peculiari,
1126 5491 1208 5546 uti
1241 5492 1615 5546 observatum
1649 5498 1755 5559 est,
1779 5490 2006 5546 ratione

360 5561 780 5626 comprobavit.

427 5627 551 5698 His,
596 5630 828 5684 tametsi
880 5630 1290 5698 validissimis,
1337 5632 1632 5686 rationum
1693 5632 2005 5688 momentis

354 5697 618 5754 nondum
647 5703 823 5772 plane
854 5702 1408 5772 victusAlbertinus
1442 5708 1610 5772 urget
1638 5707 1695 5756 et
1727 5703 1841 5758 ait:
1877 5703 2001 5757 Cle-

357 5783 548 5835 mens,
579 5769 715 5826 cum
751 5769 902 5824 illud
933 5769 1151 5825 Christi
1185 5772 1423 5826 eﬁatum
1455 5769 1667 5827 rei‘ert:
1699 5795 1727 5823 ‹‹
1757 5777 1883 5828 Non
1916 5775 2002 5828 bi-

2147 3130 2228 3205 ait
2266 3131 2562 3205 Clementi
2596 3134 2945 3202 sanguinem
3002 3130 3136 3190 vitis
3180 3135 3343 3190 illum
3373 3151 3512 3205 esse,
3541 3135 3606 3189 de
3652 3151 3763 3204 quo

2147 3199 2412 3278 Christus
2443 3202 2623 3278 dixit:
2662 3199 2826 3278 «Hic
2857 3212 2945 3259 est
2985 3207 3293 3278 sanguinis
3327 3199 3510 3278 meus.
3534 3199 3768 3278 metu

2146 3274 2387 3350 sanguis
2447 3273 2580 3350 vitis
2611 3279 2695 3328 cst
2727 3277 2952 3350 vinum.
2986 3273 3156 3350 Ergo,
3208 3277 3501 3350 concludit
3533 3273 3768 3350 Alberti-

2146 3359 2277 3420 nus,
2311 3346 2508 3420 vinum
2536 3346 2718 3420 juxta
2736 3346 3044 3403 Clementis
3067 3346 3412 3419 opinionem
3441 3353 3523 3404 est
3549 3348 3770 3420 sanguis

2142 3414 2379 3482 Christi,
2441 3433 2555 3492 non
2589 3417 2823 3492 quidem
2857 3436 3026 3474 verus
3058 3414 3131 3474 ac
3151 3437 3254 3492 per
3283 3439 3460 3477 venas
3501 3421 3555 3475 in
3613 3414 3773 3475 omne

2143 3502 2356 3558 corpus
2388 3485 2613 3564 “reipsa
2639 3489 2910 3561 diffusus,
2939 3491 3040 3546 sed
3072 3485 3302 3564 typicus
3334 3498 3392 3549 et
3424 3492 3668 3564 imagine
3698 3497 3771 3547 te-

2142 3557 2258 3630 nuis
2286 3574 2350 3613 ac
2381 3557 2588 3630 ﬁgura.

2210 3629 2634 3710 Verumquam
2688 3630 2892 3710 frivola
2918 3636 2978 3710 et
3011 3634 3325 3705 nugatoria
3354 3635 3433 3690 sit
3463 3634 3589 3710 haee
3613 3650 3770 3710 argu-

2139 3701 2442 3766 mentatio,
2481 3701 2606 3770 jam
2642 3718 2672 3754 a
2705 3704 2872 3758 nobis
2902 3701 3373 3762 demoristratum
3406 3712 3514 3763 est.
3550 3707 3616 3762 Ut
3643 3701 3766 3760 inde

2137 3771 2292 3848 enim
2352 3771 2571 3848 aliquid
2629 3775 3189 3848 conficiaturpprius
3221 3778 3548 3846 Albertino,
3605 3777 3767 3833 sicuti

2136 3843 2415 3910 diximus,
2445 3845 2808 3912 probandum
2837 3852 2960 3901 erat
2983 3843 3090 3902 illa
3119 3849 3331 3904 Christi
3361 3843 3542 3906 verba
3568 3866 3580 3903 :
3613 3871 3638 3898 «
3671 3848 3761 3902 Hic

2136 3919 2225 3969 est
2262 3915 2503 3984 sanguis
2538 3931 2725 3984 meus,
2759 3918 2983 3973 fructus
3013 3919 3168 3974 vitis.
3205 3942 3232 3969 »
3279 3921 3577 3976 Clemente
3619 3937 3759 3974 nun-

2135 4002 2310 4063 quam
2337 3985 2449 4063 alio
2478 4003 2650 4056 quam
2684 3987 2990 4063 allegorice
3021 4008 3199 4046 sensu
3220 3993 3428 4063 accipi.
3451 3991 3640 4048 Atille
3669 4006 3763 4045 nec

2135 4057 2193 4112 id
2246 4059 2474 4128 probat,
2520 4075 2631 4132 nec
2665 4057 2907 4132 probare
2938 4079 3196 4131 unquam
3244 4057 3451 4132 potuit.
3507 4063 3761 4128 Quinimo

2133 4145 2200 4207 ea
2229 4145 2361 4182 vero
2420 4128 2754 4207 etdittcrali
2784 4149 2960 4189 sensu
3009 4128 3080 4188 ab
3115 4133 3214 4190 illo
3245 4128 3430 4191 i'uisse
3489 4135 3764 4207 explicata

2133 4201 2303 4272 plane
2337 4199 2716 4255 convicimus.

2204 4272 2501 4326 Postremo
2536 4273 2703 4344 nobis
2735 4273 2925 4328 adhuc
2968 4276 3183 4344 regerit
3214 4275 3561 4333 Albertinus
3591 4295 3624 4332 a
3655 4275 3763 4331 Cle-

2134 4349 2328 4417 mente
2347 4348 2542 4417 nostro
2571 4343 2783 4417 ibidem
2805 4351 3000 4416 aperte
3023 4343 3325 4417 praedicari
3349 4371 3376 4396 ‹‹
3411 4349 3668 4404 fructum
3687 4347 3758 4402 vi-

2133 4417 2208 4492 tis
2233 4439 2260 4492 ›ς
2295 4416 2351 4468 in
2386 4431 2450 4468 co
2474 4413 2688 4492 Christi
2708 4413 3417 4492 pronuntia—toallegorice
3441 4420 3760 4492 significare

2131 4485 2382 4540 Verbum
2417 4502 2520 4555 pro
2554 4487 2753 4541 multis
2786 4489 3056 4554 effusum,
3091 4490 3145 4544 id
3179 4485 3286 4556 est,
3323 4495 3388 4545 ut
3418 4485 3759 4547 aithIberti-

2129 4556 2608 4633 nu_s,_mysticum
2641 4557 2812 4613 Verbi
2845 4561 3192 4633 sanguinem
3227 4578 3328 4633 pro
3361 4562 3570 4617 multis
3601 4564 3658 4617 in
3675 4577 3758 4633 re-

2129 4629 2470 4683 missionem
2506 4634 2872 4698 peccatorum
2906 4632 3156 4686 effusum
3190 4629 3390 4688 fuisse.
3426 4633 3540 4690 Sed
3575 4635 3651 4689 ibi
3679 4630 3758 4686 Al-

2129 4700 2392 4755 bertinus
2443 4699 2702 4778 solitoet
2732 4703 3112 4778 adnauseam
3137 4705 3378 4778 repetito
3401 4706 3754 4778 sophismata

2128 4787 2430 4846 perperam
2475 4770 2750 4846 abutitur.
2790 4773 3065 4846 Nunquid
3097 4770 3253 4830 enim
3277 4770 3594 4846 allegorica
3623 4791 3755 4846 quo-

2125 4843 2396 4918 rumdam
2430 4843 2742 4913 Scriptura:
2769 4843 3074 4918 verborum
3097 4843 3512 4918 interpretatio
3545 4843 3755 4918 littera-

2124 4915 2236 4969 lem
2272 4913 2505 4989 illorum
2542 4931 2781 4989 sensum
2815 4913 3753 4989 excludit?Quisnescitmultipli-

2125 5004 2246 5042 cem
2281 5001 2408 5040 esse
2438 4985 2744 5052 Scriptura}
2785 5003 3046 5056 sensum,
3075 5005 3180 5043 nec
3214 5007 3418 5055 unum,
3452 4991 3539 5046 uti
3586 4985 3696 5058 iam
3725 5005 3754 5041 a

2123 5059 2292 5113 nobis
2308 5058 2679 5129 observatum
2696 5061 2806 5124 est,
2824 5076 3083 5129 unquam
3118 5061 3190 5115 ab
3206 5060 3319 5116 alio
3335 5063 3614 5117 extrudi?
3638 5060 3753 5118 Cle-

2122 5147 2288 5215 mens
2316 5128 2514 5215 igitur,
2548 5129 2784 5182 tametsi
2815 5128 3035 5215 Christi
3066 5132 3314 5215 stratum
3336 5132 3750 5215 allegoricein:

2120 5204 2559 5272 terprctaretur,
2593 5217 2706 5255 non
2741 5206 2910 5272 negat
2941 5206 3137 5257 tamen
3172 5203 3317 5258 illud
3348 5210 3404 5260 et
3435 5203 3666 5261 litterali
3695 5205 3746 5257 et

2122 5277 2522 5346 nativohsensu
2559 5287 2726 5346 posse
2757 5288 2836 5346 _ac
2859 5274 3034 5346 deber
3083 5273 3352 5346 intelligi.
3412 5275 3570 5330 Nihil
3627 5289 3750 5344 ergo

2119 5346 2235 5417 egit
2264 5341 2622 5417 Albertinus,
2648 5341 2792 5396 nihil
2817 5345 3138 5417 etiampaget
3159 5341 3406 5416 quilibet
3426 5341 3750 5410 Calvinista,

2120 5413 2233 5492 nisi
2264 5415 2418 5492 clare
2451 5413 2619 5469 nobis
2649 5417 2916 5492 ostendat
2947 5413 3299 5492 Clementem
3331 5434 3396 5492 ee
3429 5418 3673 5492 mystico
3698 5419 3749 5492 et

2118 5487 2427 5557 allegorico
2467 5501 2650 5560 sensu
2711 5485 2795 5542 ita
2854 5504 3086 5560 semper
3135 5485 3513 5560 explicuisse'
3547 5485 3748 5544 Christi

2115 5555 2310 5625 verba,
2369 5560 2434 5610 ut
2466 5555 2565 5610 illa
2597 5573 2898 5628 nunquam
2934 5555 3169 5614 litterali
3205 5555 3633 5628 significatione
3658 5575 3745 5613 cx-

2115 5630 2316 5702 plicari
2369 5643 2542 5702 posse
2572 5628 2656 5683 vel
2690 5630 2868 5702 semel
2917 5630 3131 5702 alicubi
3166 5628 3496 5688 tradiderit.
3530 5632 3639 5688 Sed
3695 5628 3745 5683 id

2114 5698 2336 5769 nullus,
2371 5698 2620 5773 iuti‘jam
2651 5700 2868 5773 saepius
2916 5701 3139 5757 dictum
3185 5707 3294 5769 est,
3329 5704 3596 5773 probavit
3648 5717 3749 5773 un:

2112 5789 2313 5845 quam,
2336 5774 2436 5826 aut
2455 5769 3110 5844 deinceps—probaturus
3127 5778 3236 5832 est.
3252 5769 3516 5846 Denique
3536 5769 3746 5830 nemini
