4052 6154
1101 217 1175 270 IN
1211 215 1658 268 CLEMENTEM
1700 214 1916 270 ALEX.
1959 218 2023 270 D.
2068 217 2154 268 LE
2195 215 2489 270 NOURRY
2527 213 3003 268 DISSERTATlO
3051 215 3096 265 Ι.
3693 207 3804 262 888

1776 381 2153 469 CAPUT
2222 381 2395 469 Vll.

1081 505 1167 565 De.
1201 502 1526 581 gentilium
1559 503 1875 582 theologia
1906 507 2215 585 variisque
2245 522 2460 564 eorum
2489 502 3056 583 superstitionibus.

373 213 482 269 887

965 767 1222 824 ARTICU
1237 768 1362 824 LUS
1403 769 1445 823 Ι.

392 861 464 916 De
491 857 827 916 idololatria
855 867 906 916 et
929 856 1142 928 nefarii
1172 858 1421 927 plurium
1447 860 1678 913 deorum
1709 859 1892 915 cultus
1925 861 2040 915 ori-

916 931 1049 999 gine
1082 937 1132 984 et
1155 929 1508 1001 primordiis.

2067 776 2119 840 Α
2151 775 2266 825 tem
2298 769 2621 840 alienorum
2655 783 2907 840 quoque,
2942 783 3150 839 nempe
3183 768 3244 833 ii,
3278 784 3376 838 qui
3432 767 3640 840 multis
3671 777 3804 839 post

2152 858 2249 897 eos
2284 839 2512 896 saeculis
2542 839 2913 911 exstiterunt,
2951 840 3310 911 ignoratione
3358 839 3633 895 videlicet
3687 842 3808 909 pri-

2153 930 2346 968 mavae
2380 912 2540 966 illius
2574 917 2914 972 naturas...”
2939 911 3262 967 Nonnullos
3288 911 3461 966 etiam
3498 911 3683 966 fuisse
3713 931 3808 967 ar—

2155 985 2360 1052 bitror,
2394 987 2493 1054 qui
2527 1000 2824 1038 summam
2859 982 3108 1052 alicujus
3143 988 3490 1054 potestatem
3521 983 3682 1037 omni
3715 987 3810 1039 ob-

2156 1054 2447 1111 servantia
2501 1055 2780 1119 colentes,
2839 1060 2898 1109 et
2946 1055 3206 1124 corporis
3271 1054 3450 1108 robur
3529 1054 3807 1112 laudibus

2156 1128 2480 1193 elI'erentes,
2514 1143 2579 1181 ac
2623 1126 2821 1181 forma:
2849 1133 3218 1181 venustatem
3253 1126 3634 1192 admirantes,
3669 1144 3804 1182 eum

2157 1199 2414 1265 tandem,
2450 1214 2622 1268 quem
2670 1197 3058 1262 honorabant,
3089 1197 3149 1252 in
3195 1199 3434 1252 deorum
3490 1215 3805 1253 numerum

2160 1271 2558 1340 ascripserint,
2594 1269 2663 1322 ad
2685 1269 3037 1340 ibujusmodi
3087 1270 3422 1340 impostura:
3471 1270 3804 1325 subsidium

2160 1347 2219 1397 et
2249 1339 2638 1411 patrocinium
2671 1339 2902 1411 fabulas
2935 1339 3221 1411 quasdam
3255 1347 3652 1395 assumentes.
3675 1342 3806 1397 Jam

465 1054 725 1110 Ethnicae
764 1051 1067 1122 religionis
1101 1052 1411 1126 falsitatem
1449 1069 1516 1126 ex
1551 1054 1729 1126 impio
1765 1054 2045 1110 falsorum

396 1129 638 1184 deorum
690 1126 1097 1197 idolorumque
1145 1125 1327 1192 cultu,
1361 1125 1660 1197 variisque
1709 1131 1764 1180 et
1807 1127 2046 1181 nefariis

401 1199 710 1273 gentilium
741 1196 1287 1273 superstitionibus,
1315 1196 1814 1273 quemadmodum
1847 1198 2049 1273 Christ

402 1266 574 1327 tianae
624 1266 1009 1340 professionis
1045 1266 1729 1340 _veritatem‘exgdebita
1777 1270 1896 1323 veri
1948 1269 2048 1325 Dei

403 1335 743 1398 adoratione
792 1335 1300 1411 sanctissimisque
1347 1338 1476 1408 ejus
1512 1337 1742 1411 legibus
1790 1347 1847 1394 et
1877 1341 2048 1396 insti-

403 1414 549 1469 tutis
596 1409 1035 1466 evidentissime
1090 1408 1360 1464 Clemens
1409 1408 1609 1466 noster
1666 1411 2048 1467 demonstrat.

407 1487 777 1556 Quapropter
805 1479 1272 1556 ﬂagitiosissima
1289 1485 1346 1535 et
1366 1481 1793 1556 obscenissima
1810 1500 2054 1554 quasque

409 1551 770 1629 paganorum
805 1551 1107 1629 mysteria,
1136 1556 1406 1629 atque_ea
1435 1553 1635 1620 etiam,
1661 1570 1792 1629 quia
1822 1551 1894 1608 ob
1927 1551 2051 1629 tur-

411 1623 738 1701 pitudinem
771 1623 924 1701 apud
946 1623 1092 1701 illos
1124 1623 1439 1701 secretiora
1464 1630 1650 1701 erant,
1677 1623 1824 1679 inira
1854 1627 2053 1680 erudi-

416 1694 576 1754 tione
608 1694 988 1769 perscrutari
1019 1698 1076 1749 et
1096 1695 1602 1769 retegereidcirco
1639 1712 1751 1750 non
1783 1702 2013 1751 veretur
2039 1717 2051 1763 ;

417 1777 482 1825 ut
527 1765 881 1824 exsecranda
929 1765 1163 1837 illorum
1211 1765 1582 1837 turpitudine
1629 1773 1762 1822 ante
1793 1770 2054 1823 omnium

422 1839 619 1897 oculos
639 1838 848 1910 posita,
881 1840 937 1890 et
957 1837 1029 1892 ab
1051 1835 1124 1891 iis
1145 1835 1468 1910 sicut'olim
1494 1840 1565 1894 ab
1587 1838 1737 1909 ipso,
1764 1846 1827 1894 ut
1859 1845 2059 1894 narrat

422 1908 734 1976 Eusebius,
764 1908 955 1981 plane
1011 1908 1784 1981 cognita,runumquemque
1837 1910 2058 1966 salubri

422 1983 649 2055 pudore
679 1979 994 2055 suffusum,
1027 1979 1100 2033 ab
1119 1979 1239 2055 hac
1262 1980 1452 2055 impia
1501 1979 1797 2055 religione
1829 1983 2061 2037 facilius

423 2051 694 2115 avocaret
716 2067 782 2106 ac
821 2051 1221 2124 deterreret”.
1251 2051 1372 2116 Quo
1395 2051 1906 2124 autem'turpiora
1937 2070 2061 2108 ma-

422 2131 696 2203 jorisque
733 2121 1470 2219 obscenitatislt‘ueruntilla
1492 2121 1799 2219 gentilipm
1821 2125 2062 2219 ﬂagitia,
2101 2156 2146 2219 Β
2177 2121 3000 2219 runt,.statua‘squeLinsuper
3047 2133 3355 2219 erexerpnt
3385 2127 3450 2182 θ’.
3484 2150 3512 2176 ››

428 2194 495 2259 eo
517 2194 670 2255 certe
693 2196 900 2270 potiori
921 2195 1056 2270 jure
1080 2194 1638 2270 pluressatiusesse
1677 2194 2070 2270 ,όῃςεηῐριτᾳ

427 2277 602 2345 petuo
627 2265 1218 2345 ea'omniadampare
1239 2265 1682 2345 silentio,q_uam
1709 2267 1889 2345 ullam
1925 2265 2077 2340 ipso-

426 2337 557 2402 rum
580 2341 641 2396 in
671 2338 849 2396 castis
885 2337 1352 2409 Christianorum
1379 2337 1598 2393 animis
1645 2339 1923 2409 refrigare
1949 2337 2075 2394 ine-

428 2415 704 2472 moriam.
737 2415 804 2465 Et
836 2425 942 2465 nos
975 2407 1209 2479 quidem
1244 2414 1365 2463 tam
1412 2410 1587 2479 justas
1619 2407 1845 2479 piorum
1883 2410 2076 2464 homi-

427 2503 571 2543 num
604 2479 1430 2554 sententiaesubscribendum
1457 2487 1746 2554 ac_sancto
1780 2481 2075 2554 religioso-

427 2575 542 2630 que
567 2569 769 2612 eorum
804 2551 1012 2630 studio
1027 2556 1084 2605 et
1119 2550 1415 2630 proposito
1438 2550 1916 2630 satisfaciendum
1947 2569 2078 2630 esse

426 2621 928 2700 putaremusmisi
961 2621 1129 2700 pigra
1159 2621 1563 2700 in’Clementis
1594 2623 2077 2700 nostrioperibus

429 2692 822 2763 occurrerent,
860 2692 1316 2766 quaeHervetus,
1350 2699 1647 2766 tantorum
1681 2694 1737 2748 in
1773 2692 1876 2750 illa
1915 2712 2074 2749 com-

431 2768 855 2826 mentariorum
877 2764 1284 2836 'scriptor,sibi
1315 2764 1487 2835 plane
1515 2765 1880 2836 incomperta
1897 2766 2078 2822 fuisse

434 2842 768 2898 confitetur.
801 2836 885 2891 Ne
915 2840 1001 2892 tot
1030 2834 1212 2906 igitur
1257 2834 1498 2907 tamque
1537 2834 1830 2892 salebrosa
1880 2847 1934 2892 et
1966 2839 2077 2893 dif-

431 2912 614 2968 ﬁcilia
646 2911 772 2964 loca
820 2923 1180 2979 quemquam
1209 2907 1281 2980 ab
1331 2907 1422 2962 his
1453 2907 1621 2962 libris
1667 2908 1930 2980 legendis
1961 2926 2078 2963 am-

434 2982 590 3056 plius
638 2978 926 3056 revocent,
961 2983 1063 3056 aut
1093 2994 1160 3032 ea
1206 2978 1277 3032 ab
1314 2983 1554 3056 auctpre
1603 2978 1800 3056 nostro
1851 2982 1908 3034 in
1952 2982 2078 3056 eth-

432 3049 578 3109 nicis
610 3050 907 3122 religionis
955 3049 1384 3122 odiumigratis
1433 3049 1568 3105 ficta
1615 3051 1928 3118 existimet,
1978 3051 2080 3106 illa

431 3126 654 3182 idcirco
681 3121 901 3187 omnia,
938 3122 1059 3176 sive
1091 3121 1278 3176 eidem
1312 3125 1558 3176 llcrveto
1591 3123 1832 3177 mininz-e
1863 3129 1998 3176 nota
2024 3127 2080 3176 et

429 3197 654 3270 pervia,
688 3193 966 3270 atqueab
995 3192 1144 3270 ipso
1174 3190 1328 3270 male
1356 3192 1676 3270 explicata,
1697 3194 1817 3248 sive
1847 3193 1917 3247 ab
1949 3192 2079 3270 aliis

428 3263 501 3324 ob
537 3263 807 3323 summas
840 3263 1219 3318 difﬁcultates
1251 3264 1491 3322 intacta.
1525 3269 1724 3319 notatu
1760 3271 1952 3320 tamen
1987 3265 2081 3319 di-

423 3355 678 3414 gna,pro
705 3335 863 3393 virili
894 3341 1095 3391 nostra
1126 3340 1289 3406 parte
1322 3335 1670 3408 investigare
1694 3340 1750 3392 et
1773 3335 2080 3391 enucleare

425 3411 793 3467 conabimur.

497 3483 758 3538 Primum
791 3482 985 3534 autem
1034 3476 1373 3532 idololatriae
1424 3476 1709 3547 originem
1743 3477 1800 3531 in
1835 3494 1942 3531 sua
1973 3479 2072 3532 ad-

423 3569 630 3608 versus
687 3555 891 3624 gentes
948 3548 1329 3624 ridmomlione
1377 3548 1474 3624 ubi
1526 3551 1731 3624 pandit
1778 3549 2072 3624 Clemens,

421 3623 585 3678 illam
615 3620 834 3693 septem
867 3620 1074 3693 modis,
1107 3637 1253 3693 quos
1285 3620 1343 3674 in
1378 3621 1638 3693 ejusdem
1673 3620 1806 3674 libri
1847 3621 2072 3692 analysi

424 3691 722 3766 sigillatim
745 3691 1466 3766 recensuimus,in_varias
1495 3691 1656 3746 orbis
1685 3697 1854 3766 terra
1880 3691 2075 3766 partes

425 3762 713 3820 in‘vectam
750 3765 929 3818 fuisse
951 3763 1205 3818 ostendit
1239 3763 1390 3817 3".De
1422 3762 1496 3816 iis
1527 3769 1718 3817 autem
1754 3763 1922 3832 plura
1946 3765 2071 3832 jam

426 3852 460 3891 a
491 3837 659 3893 nobis
692 3834 831 3891 alibi
861 3835 1163 3902 disputata
1195 3839 1334 3888 sunt
1363 3833 1562 3904 “,quaa
1594 3833 1728 3888 huic
1759 3833 2072 3889 Clementis

423 3909 606 3962 nostri
640 3905 898 3978 opinioni
947 3905 1139 3978 lucem
1190 3903 1464 3978 possunt:
1495 3903 1647 3958 haud
1695 3922 1928 3974 parvam
1983 3908 2068 3960 af-

423 3976 1014 4035 ferre.Verumtamen
1041 3976 1135 4030 hic
1158 3976 1605 4046 praetermittere
1622 3993 1736 4029 non
1755 3993 2071 4045 possumus

421 4051 672 4123 egregia
711 4050 977 4123 quasdam
1029 4064 1166 4123 cum
1218 4047 1487 4123 _(_}regorii
1543 4046 1908 4123 Nazianzeni,
1945 4053 2064 4123 tum

419 4118 1101 4183 Ciceronis'testimonia,
1130 4118 1344 4189 quibus
1371 4136 1457 4184 ea,
1486 4134 1612 4189 qua:
1645 4119 1715 4172 de
1746 4119 1921 4174 variis
1952 4118 2071 4174 illis

417 4192 760 4249 idololatriae
795 4190 1135 4263 primordiis
1155 4189 1424 4263 Clemens
1447 4197 1647 4244 noster
1667 4195 1922 4263 enarrat,
1958 4191 2070 4244 mi-

417 4280 549 4319 rum
582 4281 723 4320 sane
753 4260 812 4320 in
848 4263 1088 4316 modum
1121 4260 1506 4315 enucleantur
1529 4267 1587 4315 et
1619 4262 2064 4316 confirmantur.

413 4337 757 4404 Gregorium
793 4335 989 4404 itaque
1021 4332 1173 4403 apud
1207 4331 1570 4404 Christianos
1615 4331 1735 4387 haec
1785 4334 1840 4386 in
1895 4335 2069 4388 verba

415 4403 784 4478 perorantem
818 4403 1010 4478 primo
1037 4404 1350 4478 audiamus
1385 4421 1398 4458 :
1435 4426 1460 4453 ‹‹
1500 4403 1679 4478 Deum
1713 4409 1922 4478 natura
1939 4405 2064 4474 qui-

413 4475 546 4535 dem
579 4479 772 4533 omnis
805 4475 1048 4532 rationis
1077 4475 1367 4547 particeps
1408 4475 1745 4547 appetit.....
1781 4476 2067 4547 languens

415 4554 612 4606 autem
641 4549 951 4614 desiderio,
983 4565 1048 4601 ac
1083 4546 1231 4600 male
1262 4546 1485 4610 aﬁ‘ecta,
1509 4548 1927 4618 tegerrimeque
1958 4546 2066 4602 hoc

412 4622 701 4676 damnum
739 4622 950 4690 terens,
984 4619 1322 4690 secundum,
1359 4624 1421 4671 ut
1453 4617 1564 4672 dici
1616 4618 1784 4687 solet,
1828 4617 2063 4689 naviga-

412 4692 633 4748 tionem
671 4693 815 4758 init;
853 4688 1188 4745 ut'scilicet
1240 4689 1327 4744 vel
1377 4690 1444 4760 ad
1493 4705 1586 4743 res
1635 4705 1755 4755 eas,
1791 4707 1918 4760 qua:
1952 4688 2062 4744 sub

413 4763 712 4819 oculorum
745 4778 984 4819 sensum
1019 4762 1260 4823 cadunt,
1284 4759 1482 4815 oculos
1511 4761 1721 4825 flectat,
1757 4759 1822 4814 ac
1854 4777 2062 4831 quam-

414 4835 570 4906 piam
604 4851 804 4890 earum
841 4851 940 4903 pro
962 4832 1212 4906 numine
1245 4831 1396 4906 col_a_t
1427 4873 1513 4906 ..._._
1549 4832 1688 4886 Hinc
1723 4833 1818 4906 alii
1853 4832 2058 4906 solem,

2161 1410 2527 1468 vitiosissimi
2588 1410 2802 1482 quique
2859 1410 2994 1466 vitia
3050 1412 3176 1483 ipsa
3223 1413 3523 1482 faedosque
3567 1415 3809 1469 affectus

2164 1486 2302 1540 deos
2330 1500 2458 1538 esse
2507 1487 2884 1547 censuerunt,
2917 1488 3016 1538 aut
3064 1490 3215 1537 certe
3247 1484 3358 1537 sub
3399 1485 3642 1539 deorum
3701 1503 3805 1541 no—

2167 1556 2321 1610 mine
2351 1554 2676 1618 coluerunt,
2711 1553 2990 1608 nimirum
3024 1555 3261 1624 eisdem,
3284 1555 3806 1621 libidinem,temu-

2170 1627 2429 1691 tentiam,
2465 1625 2805 1697 reliquaque
2831 1626 2960 1698 ejus
2988 1626 3237 1698 generis,
3274 1642 3388 1682 non
3436 1645 3663 1698 equam
3701 1646 3803 1685 nec

2167 1699 2476 1753 honestam
2535 1698 2685 1750 hanc
2741 1697 3027 1752 scelerum
3073 1713 3314 1751 suorum
3365 1701 3802 1755 excusationem

2171 1771 2346 1843 nacti.
2382 1773 2564 1843 fitque
2594 1785 2693 1823 cos
2743 1770 2953 1843 partim
2990 1769 3046 1823 in
3074 1775 3228 1843 terra
3266 1769 3652 1840 reliquerunt,
3689 1789 3812 1843 par-

2170 1841 2272 1896 tim
2307 1839 2460 1894 infra
2487 1845 2700 1894 terram
2732 1840 3122 1904 occultarnnt,
3151 1839 3260 1894 hoc
3291 1839 3473 1895 unum
3509 1843 3654 1898 satis
3685 1839 3812 1898 con-

2170 1911 2336 1978 sulte,
2375 1912 2584 1980 partim
2636 1911 2691 1964 in
2741 1912 3420 1980 cmlumevexerunt.....
3473 1915 3552 1968 Ac
3601 1915 3808 1970 deinde

2174 1998 2275 2056 pro
2305 1979 2517 2056 erroris
2563 1981 2832 2056 libertate
2881 1989 2938 2036 et
2968 1979 3233 2056 licentia,
3275 1984 3551 2054 ﬁgmento
3603 1987 3806 2056 cuique

2175 2053 2384 2109 nomen
2419 2053 2655 2123 aliquod
2687 2054 2774 2109 vel
2805 2055 3043 2108 deorum
3077 2053 3163 2108 vel
3206 2053 3537 2110 daemonum
3591 2053 3805 2113 indide-

3563 2132 3695 2183 Ilaac
3719 2131 3807 2185 Ci-

2185 2213 2312 2252 cero
2343 2195 2401 2249 in
2454 2195 2876 2268 philosophicis
2905 2195 3032 2250 suis
3080 2198 3378 2268 operibus,
3413 2214 3478 2252 ac
3508 2203 3825 2268 praesertim

2184 2268 2243 2322 in
2280 2269 2536 2323 secundo
2567 2267 2715 2322 libro
2760 2268 2832 2322 De
2879 2276 3082 2322 natura
3120 2267 3368 2333 deorum,
3402 2267 3591 2325 multo
3641 2274 3828 2327 fusius

2186 2347 2243 2395 et
2273 2337 2638 2411 enucleatius
2673 2339 3067 2409 prosequitur.
3103 2340 3213 2394 Sed
3262 2356 3333 2394 ne
3384 2341 3656 2411 pluribus
3703 2361 3826 2398 ver—

2185 2411 2386 2484 berum
2421 2409 2607 2484 Latini
2640 2411 2903 2484 oratoris,
2936 2427 3061 2484 qum
3095 2427 3233 2464 sane
3275 2409 3627 2484 longissima
3669 2421 3826 2484 sunt,

2188 2481 2431 2536 molesta
2463 2483 2540 2535 sit
2569 2481 2903 2552 descriptio,
2933 2483 3000 2535 ad
3042 2481 3199 2551 ipsas
3233 2483 3359 2549 ejus
3393 2481 3828 2541 lucubrationes

2187 2570 2284 2608 eos
2330 2553 2621 2608 mittimus
2670 2553 2771 2624 qui
2830 2553 2950 2607 hazc
2997 2553 3290 2608 voluerint
3332 2556 3620 2612 curiosius
3666 2559 3826 2612 inda-

2227 2641 2342 2678 8P8.

2227 2641 2342 2678 are.

2186 2641 2220 2696 ἓ
2257 2696 2415 2760 Quod
2447 2694 2498 2769 si
2526 2693 2870 2769 aliquemea
2887 2693 3085 2769 etiam,
3119 2711 3304 2769 quina
3324 2698 3829 2769 sacrogSapientia:

2187 2772 2419 2820 auctore
2446 2766 2490 2800 ³ο
2521 2772 2694 2835 atque
2729 2783 2760 2820 a
2793 2766 3152 2821 Theodoreto
3174 2767 3213 2800 3‘
3240 2767 3310 2822 de
3341 2766 3682 2824 idololatriae
3717 2770 3828 2825 ori-

2188 2839 2322 2908 gine
2347 2837 2637 2906 variisque
2679 2838 2808 2908 ejus
2858 2837 3119 2891 fontibus
3167 2839 3492 2905 traduntur,
3525 2857 3657 2894 cum
3708 2838 3828 2895 Cle-

2188 2907 2403 2963 mentis
2435 2909 2619 2962 nostri
2652 2907 2823 2962 dictis
2853 2925 3199 2979 componere
3229 2927 3336 2964 non
3370 2912 3596 2980 pigeat;
3631 2927 3822 2980 quan-

2188 2985 2309 3034 tum
2344 2980 2492 3034 inter
2525 2995 2586 3033 se
2617 2982 2737 3051 sint
2783 2981 3186 3048 consonantia,
3216 2980 3373 3034 facile
3401 2982 3732 3051 perspiciet,
3758 2986 3816 3036 et

2189 3052 2405 3105 laboris
2439 3051 2526 3104 sui
2561 3050 2802 3105 minime
2833 3052 3156 3122 poenitebit.

2190 3192 2192 3195 ι
2226 3123 2476 3195 Δγει-υω
2512 3127 2721 3192 praeter
2766 3121 2988 3195 septem
3018 3123 3177 3195 illos
3211 3121 3571 3195 idololatriae
3603 3124 3826 3191 fontes,

2190 3191 2335 3248 alios
2364 3191 2644 3262 quosdam
2679 3191 2880 3248 eodem
2923 3194 2980 3247 in
3018 3193 3163 3249 libro
3195 3193 3456 3248 Clemens
3487 3194 3657 3248 nobis
3689 3211 3828 3264 ape-

2187 3265 2326 3320 ruit.
2359 3266 2443 3336 Ab
2464 3264 2635 3336 illius
2685 3265 2839 3318 enim
2887 3265 3053 3319 initio
3086 3267 3156 3320 de
3204 3264 3438 3336 Orphei,
3478 3265 3831 3335 Amphionis

2189 3340 2246 3389 et
2278 3335 2509 3390 Arionis
2541 3341 2711 3390 cantu
2737 3336 2856 3391 haec
2881 3337 3089 3392 habet:
3121 3360 3140 3384 α
3167 3335 3309 3390 Mihi
3342 3337 3538 3406 itaque
3558 3338 3834 3391 videntur

2188 3412 2245 3461 et
2272 3407 2556 3462 Thracius
2589 3406 2682 3462 ille
2713 3406 3000 3478 Orpheus,
3035 3413 3090 3462 et
3121 3408 3516 3475 Thebanus,et
3549 3408 3830 3478 Methym-

2191 3495 2348 3532 naeus
2379 3478 2504 3547 viri,
2535 3495 2655 3550 non
2681 3479 2793 3550 nisi
2829 3479 3162 3549 deceptores
3194 3479 3396 3542 fuisse,
3421 3481 3518 3550 qui
3553 3484 3830 3549 prielextu

2189 3549 2540 3605 musicm.....
2578 3549 2749 3620 primi
2797 3551 3087 3605 deduxere
3128 3551 3396 3605 homines
3430 3549 3497 3605 ad
3533 3550 3710 3618 idola,
3745 3556 3830 3605 at-

2184 3637 2297 3690 que
2330 3621 2472 3676 adeo
2508 3621 2798 3690 lapidibus
2830 3627 2885 3674 et
2914 3621 3109 3692 lignis,
3141 3621 3250 3676 hoc
3281 3622 3745 3688 est,simulacris
3776 3627 3831 3676 et

2183 3693 2736 3747 adumbrationibus
2772 3700 3058 3762 agrestem
3093 3694 3414 3748 excitavere
3443 3694 3826 3748 consuetudi-

2182 3780 2315 3818 nem
2346 3765 2408 3817 3’.
2445 3783 2470 3814 η
2508 3764 2681 3817 Vides
2715 3781 2854 3818 sane
2886 3767 3136 3836 primam
3166 3765 3512 3819 idololatrim
3543 3764 3826 3834 originem

2183 3837 2253 3888 ab
2287 3839 2524 3889 auctore
2575 3839 2774 3890 nostro
2824 3834 3032 3889 in‘tres
3081 3834 3206 3889 illos
3259 3837 3486 3890 refundi
3534 3842 3821 3902 cantores,

2181 3907 2280 3978 qui
2315 3906 2484 3976 primi
2507 3906 2748 3978 pulchro
2777 3923 2882 3960 suo
2915 3912 3087 3960 cantu
3117 3907 3432 3978 impiisque
3462 3907 3824 3962 carminibus

2185 3977 2450 4032 homines
2483 3979 2550 4031 ad
2584 3977 2867 4032 idolorum
2904 3978 3124 4032 cultum
3161 3977 3478 4037 trahentes.
3513 3996 3620 4033 sua
3653 3979 3817 4046 quasi

2181 4065 2357 4122 manu
2391 4049 2755 4122 deduxerunt
2787 4066 2799 4102 ε
2833 4047 2978 4111 Τοὺς
3026 4048 3342 4122 ἄνθρώπους
3392 4049 3480 4103 ἐπὶ
3522 4050 3590 4102 τὰ
3619 4048 3820 4103 εἴδωλα

2179 4117 2616 4193 ἐχειραγώγησαν
2644 4123 2852 4193 πρῶτοι
2865 4161 2876 4174 .

2247 4192 2354 4245 Sed
2391 4192 2537 4246 hanc
2562 4191 2920 4262 paganorum
2954 4191 3311 4261 impietatem
3341 4191 3398 4244 in
3432 4191 3632 4246 eodem
3671 4191 3815 4245 libro

2179 4262 2352 4330 paulo
2384 4264 2693 4318 enodatius
2724 4263 3120 4330 enucleat,uhi
3152 4268 3208 4318 et
3240 4262 3432 4316 cultus
3465 4265 3735 4327 deorum,
3765 4268 3818 4316 et

2179 4334 2625 4389 simulacrorum
2669 4335 3142 4404 templorumque
3194 4334 3512 4404 primordia
3564 4352 3597 4388 a
3628 4337 3817 4404 prima

2176 4421 2284 4459 sua
2329 4406 2550 4476 origine
2601 4404 2682 4459 sic
2733 4406 2940 4476 repetit
2977 4423 2989 4460 :
3025 4430 3050 4454 ‹‹
3086 4407 3256 4460 Venit
3286 4404 3426 4458 mihi
3463 4406 3520 4459 iu
3556 4412 3810 4459 mentem

2175 4476 2455 4548 admirari
2501 4477 2852 4546 quibusnam
2901 4479 3132 4530 tandem
3183 4476 3559 4548 Opinionibus
3593 4476 3814 4547 abrepti

2177 4546 2462 4615 homines,
2497 4547 2597 4618 qui
2631 4553 2769 4601 sunt
2799 4549 3044 4618 decepti,
3079 4546 3555 4618 superstitionem
3600 4554 3657 4601 et
3700 4546 3813 4601 din-

2175 4635 2416 4673 monum
2451 4619 2674 4672 cultum
2726 4619 3062 4674 induxerint
3110 4619 3470 4675 hominibus.
3505 4618 3816 4674 sceleratos

2173 4691 2468 4744 daemones
2499 4691 2621 4761 lege
2649 4688 2766 4743 lata
2798 4690 2980 4744 colere
3006 4690 3408 4761 jubenles.seu
3443 4691 3803 4754 Phoroneus,

2175 4777 2272 4817 seu
2301 4759 2680 4830 Merops,‘seu
2725 4761 2937 4829 aliquis
2988 4762 3162 4822 alius,
3207 4759 3303 4832 qui
3355 4762 3440 4814 eis
3491 4768 3811 4832 posuerunt

2172 4833 2390 4903 templa
2421 4838 2476 4886 et
2508 4833 2734 4889 altaria.
2769 4832 2940 4885 etiam
2973 4833 3256 4886 sacrificia
3303 4832 3385 4886 eis
3419 4833 3592 4902 primi
3641 4835 3809 4887 obtu-

411 4880 895 4969 ἔίῑῖἱύἷιὶἰιῖξᾞῆἷ
912 4880 1686 4974 ἒίὲἐῖιᾷὦ’τῇὀὶῐίίίι’ἁίη”ἐεὶῆξ
1715 4880 1818 4957 Elii
1849 4880 2058 4958 satis;
2094 4880 2138 4944 Ι)
2173 4880 3812 4974 iisetiamags'aiai‘gaa'.sga'gag‘iea'arisig'suiaea

409 4994 646 5049 quoque
677 4979 869 5049 ipsum
907 4993 1022 5030 una
1053 4991 1184 5029 cum
1226 4973 1458 5028 illis.....
1493 4974 1603 5028 Alii
1647 4991 1850 5029 rursus
1885 4992 2059 5046 prop-

406 5047 495 5105 ter
551 5047 951 5105 necessarium
1015 5063 1215 5110 usum,
1249 5051 1487 5106 terram,
1543 5063 1781 5114 aquam.
1839 5063 2058 5111 aerem,

409 5121 723 5191 ignem.....
761 5118 869 5174 Alii
897 5119 1151 5189 denique
1176 5116 1463 5191 quidquid
1489 5131 1556 5191 ex
1589 5117 1762 5171 rebus
1795 5123 2060 5191 aspecta-

403 5187 624 5248 bilibus
655 5197 872 5247 temere
919 5187 1067 5262 ipsis
1095 5187 1368 5253 occurrit,
1420 5187 1748 5262 coluerunt,
1783 5189 2062 5262 pulcher-

401 5264 556 5320 rima
587 5277 835 5336 queque
883 5260 1109 5327 eorum,
1145 5276 1274 5336 qua:
1306 5260 1642 5336 cernebant,
1676 5275 1779 5330 pro
1812 5260 1926 5316 diis
1958 5262 2058 5336 49

400 5336 514 5392 sibi
548 5331 1118 5392 cdnstituentesﬁec
1141 5331 1576 5400 defuerunt,qui
1601 5337 1826 5387 statuas
1857 5349 1922 5388 ac
1952 5331 2057 5401 ﬁg-

400 5413 600 5463 menta
633 5407 847 5462 divinis
889 5404 1216 5461 honoribus
1266 5403 1588 5474 atfccerint,
1623 5404 1876 5474 primum
1929 5401 2059 5474 qui-

401 5478 531 5534 dem
567 5479 1029 5551 pr0pinquorum
1064 5481 1120 5531 et
1163 5473 1748 5532 necessariorum"...
1781 5479 1913 5546 post
1949 5473 2058 5530 au-

473 5621 520 5656 “
553 5621 760 5677 Euseb.
793 5620 898 5675 lib.
931 5637 969 5674 ιι
1001 5619 1285 5691 Priapum,
1313 5618 1526 5691 cap._2,
1562 5634 1690 5689 pag.
1723 5619 1815 5672 61.

403 5697 542 5749 sert.
574 5694 629 5756 2,
664 5708 790 5763 cap.
821 5692 879 5755 6,
911 5692 939 5757 §
967 5691 1055 5744 27.
1086 5759 1110 5763 _
1132 5689 1144 5691 “
1169 5692 1215 5725 ³³
1247 5689 1414 5763 greg.
1449 5689 1582 5742 Naz.
1617 5694 1764 5763 ora}.
1814 5689 1904 5745 3/1.

403 5765 594 5820 alfect.
628 5759 842 5830 curat,
873 5775 1050 5816 serm.
1082 5759 1135 5812 3.

1927 5619 1970 5653 ³⁷
2003 5617 2248 5672 Admon.
2286 5619 2353 5672 ad
2388 5621 2544 5688 gent.
2583 5633 2634 5684 p.
2672 5616 2738 5670 16
2771 5621 2825 5672 et
2857 5633 3020 5683 seqq.

2017 5690 2062 5723 ³ο
2089 5690 2347 5762 Sapient.
2398 5705 2499 5742 xm
2547 5693 2606 5742 et
2653 5704 2764 5741 xxv.

1244 5760 1290 5792 ³³
1318 5761 1565 5814 Admon.
1591 5759 1663 5813 ad
1695 5759 1901 5831 Graia,
1931 5776 2062 5832 pag.
2093 5761 2147 5816 3.
2170 5759 2182 5762 ⁷
2524 5787 2530 5794 ·

2171 4975 2535 5046 temporibus
2571 4976 2861 5046 ﬁnxerunt
2891 4976 3049 5042 deos,
3084 4991 3233 5045 quos
3281 4975 3612 5032 adorarent.
3645 4981 3814 5030 Hunc

2169 5045 2323 5102 certe
2353 5048 2621 5100 Amorem
2657 5045 2742 5099 vel
2768 5045 3238 5117 Cupidinem,qui
3272 5047 3486 5100 dicitur
3514 5063 3644 5102 esse
3667 5049 3818 5102 inter

2169 5118 2307 5172 deos
2359 5117 2827 5187 antiquissimos,
2862 5135 3032 5173 nemo
3061 5125 3192 5172 ante
3241 5119 3558 5174 Charmum
3611 5119 3814 5179 coluit.

2171 5196 2477 5260 postquam
2509 5188 3007 5244 adolescentulum
3041 5190 3353 5259 quemdam
3389 5189 3668 5244 dilectum
3704 5190 3813 5244 sibi

2169 5261 2542 5328 obtinuisset,
2575 5260 2665 5314 cui
2713 5260 3051 5330 cupiditatis
3101 5277 3219 5315 suae
3255 5277 3497 5331 compos
3544 5278 3707 5316 aram
3755 5262 3812 5314 in

2169 5333 2478 5387 Academia
2507 5331 2916 5402 elegantiorem
2951 5333 3155 5386 erexit.
3201 5333 3281 5386 lta
3304 5332 3492 5386 morbi
3528 5333 3812 5401 intempeo

2169 5403 2422 5458 rantiam
2457 5401 2830 5472 appellarunt
2859 5405 3214 5468 Amorem,et
3245 5403 3541 5458 salubrem
3572 5403 3808 5474 Cupidi-

2167 5478 2346 5530 tatem
2378 5474 2436 5528 in
2471 5475 2710 5530 deorum
2762 5489 3076 5529 numerum
3122 5473 3394 5530 retulere.
3431 5473 3812 5530 Atheuienses

3131 5618 3175 5652 ³⁸
3205 5617 3305 5674 lib.
3339 5635 3376 5672 Il
3423 5624 3657 5688 Appar..
3693 5620 3809 5673 dis-

2877 5689 2920 5724 ³¹
2954 5689 3170 5744 Theod.
3223 5695 3360 5745 tom.
3398 5690 3464 5745 IV
3517 5690 3598 5746 De
3629 5691 3806 5746 Gripe.
