4052 6154
352 235 458 289 889

932 237 1117 288 ΑΜΕ
1154 237 1227 288 111
1269 233 1888 290 COHORTATIONEM
1924 237 2017 289 ET
2055 233 2524 289 PEDAGOGUM
2561 234 3180 291 OBSERVATIONES.

3655 227 3760 281 890

362 367 554 415 autem
592 377 695 415 nec
727 359 860 431 quis
893 362 1047 431 esset
1070 357 1308 431 quidem
1340 358 1457 431 Pan
1489 362 1785 425 noverant,
1819 359 2018 430 prius-
2047 360 2100 426 Α
2202 359 2301 412 50
2333 356 2787 431 Sedianthuam
2819 359 3064 431 Cecrops
3087 360 3211 414 Jovi
3247 373 3456 431 nomen
3489 355 3769 421 dedisset,

363 450 535 504 quam
571 432 655 487 eis
700 430 919 487 diceret
962 430 1324 504 Philppides.
1359 430 1565 504 Merito
1613 447 1748 504 ergo
1797 431 2019 484 deamo-

361 501 500 558 num
539 504 730 558 cultus
762 518 896 558 cum
931 501 1168 555 aliunde
1199 501 1449 570 cepisset
1482 501 1856 572 principium,
1888 505 2016 558 fons

357 577 468 629 fuit
499 575 696 630 stolidi
729 575 875 628 vitii.
899 573 1119 628 Deinde
1151 588 1281 626 cum
1320 589 1430 626 non
1469 573 1674 627 fuisset
1703 575 2013 642 rescissus,

359 648 460 700 sed
496 647 818 717 accepisset
868 650 1250 715 augmentum
1286 650 1341 717 et
1373 644 1902 717 magnorﬂuxisset
1932 643 2014 698 al-

359 735 482 782 veo,
522 715 739 772 multos
773 718 1068 771 daemones
1118 715 1424 770 constituit
1472 716 1810 770 sacrificans
1843 715 2014 770 heca-

361 790 619 856 tombas,
651 793 708 844 et
743 793 1062 842 conventus
1117 786 1438 852 celebrans,
1467 792 1523 841 et
1555 787 1868 842 simulacra
1899 788 2013 840 cri-

362 877 536 932 gens,
587 859 906 932 etitempla
954 858 1247 932 zedificans
1270 858 1390 932 f”._»
1432 859 1576 932 Tria
1618 859 1694 912 ibi
1746 857 2014 913 Clemens

367 927 571 986 noster
600 927 909 984 edisserit:
938 931 1127 1001 primo
1161 927 1322 983 initia
1353 928 1516 1000 impii
1549 930 1881 984 daemonum
1911 947 2012 984 seu

367 1002 648 1057 falsorum
698 1000 952 1055 deorum
986 1000 1206 1066 cultus,
1242 1004 1498 1056 secundo
1531 1002 1878 1072 templorum
1931 1001 2015 1055 eis

366 1075 714 1137 dicatorum,
741 1072 907 1126 tertio
941 1071 1194 1142 denique
1227 1071 1674 1127 simulacrorum
1707 1078 1762 1127 et
1793 1078 2014 1127 statua-

367 1161 496 1200 rum
539 1143 839 1209 originem.

438 1224 516 1268 Ac
549 1217 735 1284 primo
766 1215 1022 1283 quidem,
1061 1213 1215 1268 unde
1249 1217 1304 1267 et
1335 1230 1367 1268 a
1398 1230 1512 1284 quo
1545 1215 1874 1268 da-monnm
1910 1231 2013 1268 seu

364 1287 605 1341 deorum
639 1286 836 1339 cultus
868 1293 1056 1340 ortum
1092 1287 1339 1353 duxerit,
1367 1303 1478 1340 non
1514 1294 1706 1341 autem
1742 1292 1896 1339 certo
1924 1287 2017 1340 dc-

367 1357 556 1424 ﬂnire,
591 1373 695 1411 nec
725 1357 782 1410 id
811 1358 1043 1427 quidem
1083 1356 1179 1410 ulli
1217 1357 1426 1411 mirum
1453 1359 1629 1413 videri
1656 1359 1842 1412 debet.
1868 1358 2014 1412 Nam

365 1433 613 1498 septem,
647 1435 712 1483 ut
744 1428 916 1497 paulo
957 1433 1090 1482 ante
1125 1428 1402 1491 diximus,
1438 1427 1534 1482 ille
1579 1429 1782 1483 modos
1819 1431 2013 1495 refert,

367 1499 584 1569 quibus
610 1500 728 1554 haec
752 1499 957 1554 insana
983 1500 1302 1554 errantium
1328 1499 1661 1564 hominum,
1680 1499 1854 1554 falsos
1877 1500 2014 1555 deos

365 1570 707 1632 colentium.
731 1571 1000 1642 impietas
1025 1571 1082 1624 in
1107 1570 1366 1624 diversas
1390 1571 1593 1625 mundi
1618 1575 1810 1642 partes
1842 1572 2017 1626 variis

370 1642 571 1713 procul
617 1643 796 1696 dubio
840 1642 1219 1713 temporibus
1248 1642 1534 1712 irrupisse
1581 1642 1936 1712 perhibetur.
1970 1644 2015 1697 A

369 1711 485 1782 quo
534 1718 728 1768 autem
762 1720 816 1767 et
847 1711 1102 1784 quando,
1137 1711 1223 1767 vel
1257 1714 1353 1767 ubi
1377 1711 1542 1784 prior
1574 1711 1636 1767 ex
1673 1713 1787 1767 illis
1833 1715 2018 1784 intro-

369 1787 582 1856 ductus
615 1787 714 1848 sit,
740 1800 844 1839 nec
867 1783 971 1839 ille
1004 1784 1238 1856 quidem
1264 1785 1364 1849 ibi,
1391 1783 1493 1839 nec
1523 1784 1837 1856 quisquam
1867 1783 2018 1839 alius

367 1855 536 1911 nobis
585 1864 741 1910 certo
782 1861 838 1910 et
888 1855 1191 1927 perspicue
1219 1856 1515 1927 patefacit
1546 1855 2016 1910 demonstravit-

412 1944 500 1982 ue.
536 1927 768 1981 Scimus
800 1926 1038 1998 quidem
1073 1926 1403 1998 opinionem
1440 1928 1509 1982 de
1541 1927 1810 1998 pluribus
1841 1928 1953 1981 diis
1987 1945 2020 1981 a

412 1945 500 1982 ue.
536 1945 768 1981 Scimus
800 1945 1031 1996 quidem
1073 1945 1403 1998 opinionem
1440 1945 1509 1982 de
1541 1945 1810 1998 pluribus
1841 1945 1953 1981 aiis
1987 1945 2020 1981 a

366 1945 600 2054 gnstino
626 2003 876 2070 martyre
907 2003 964 2070 et
995 1997 1125 2070 aliis
1159 1999 1538 2069 quibusdam,
1563 2004 1628 2052 ut
1659 1998 1797 2053 alibi
1828 1999 2020 2052 obser-

367 2077 563 2125 vatum
615 2069 877 2138 est“,in
925 2069 1046 2125 haec
1093 2069 1382 2126 Geneseos
1436 2071 1610 2124 verba
1643 2085 1708 2124 τι(
1743 2071 1810 2124 Et
1857 2070 2019 2123 eritis

371 2143 521 2196 sicut
554 2141 632 2195 dii
659 2141 723 2210 ³⁵,
753 2163 781 2190 ››
814 2141 1052 2196 omnino
1104 2141 1356 2196 refundi.
1389 2140 1500 2195 Sed
1533 2142 1768 2211 quando
1818 2146 1875 2194 et
1922 2140 2020 2196 ubi

370 2213 466 2268 hic
524 2228 682 2267 error
738 2213 1159 2267 disseminatus
1217 2212 1472 2282 primum
1536 2213 1730 2278 fuerit,
1787 2229 1889 2266 nec
1949 2213 2020 2266 ab

367 2284 491 2352 illo,
526 2299 628 2338 nec
662 2283 732 2338 ab
766 2283 885 2339 ullo
927 2284 1038 2338 alio
1071 2284 1376 2339 definitum
1431 2287 1533 2338 aut
1581 2283 1903 2338 indicatum
1935 2283 2022 2338 le-

409 2372 584 2410 lmUS.

409 2373 584 2410 imus.

365 2373 400 2428 g
440 2428 508 2481 Et
539 2441 669 2479 vero
715 2425 1026 2489 Eusebius,
1064 2425 1314 2496 primam
1350 2425 1590 2477 deorum
1642 2424 1922 2496 originem
1956 2443 2024 2480 ex

371 2497 620 2568 paganis
663 2495 1074 2568 scriptoribus
1103 2495 1556 2566 diligentissime
1599 2503 2020 2566 perscrutatus,

374 2566 574 2622 narrat
601 2567 836 2639 quidem
873 2566 1195 2633 Phoenices,
1230 2583 1295 2639 ac
1336 2567 1507 2634 paulo
1541 2573 1672 2636 post
1700 2568 2018 2639 rEgyptios,

374 2640 639 2694 omnium
674 2638 894 2708 primos
947 2639 1123 2692 fuisse
1155 2638 1253 2708 qui
1289 2639 1653 2692 divinitatem
1706 2638 2024 2705 soli,’lunae

377 2717 434 2765 et
467 2709 651 2764 stellis
701 2708 1130 2777 adjudicavere,
1163 2725 1229 2763 ac
1260 2710 1481 2763 caeteris
1513 2709 1847 2764 hominibus
1893 2714 2021 2764 lue-

378 2786 519 2835 runt.
548 2781 790 2848 hujusce
812 2779 1132 2850 impietatis
1163 2785 1218 2834 et
1243 2780 1494 2846 sceleris,
1520 2780 1669 2850 ipso,
1699 2785 1762 2834 ut
1787 2781 1870 2834 ait
1900 2781 2018 2844 ille,

373 2851 660 2906 atheismo
708 2849 992 2922 gravioris
1049 2856 1312 2905 auctores
1332 2852 1395 2904 ³⁸.
1433 2849 1556 2905 8811
1593 2867 1717 2922 qqu
1758 2856 2022 2922 tempore

377 2923 679 2977 Phoenices
711 2921 793 2975 illi
845 2926 1021 2992 atque
1069 2922 1322 2993 Egyptii
1353 2920 1630 2992 ceperint
1661 2920 1818 2993 illam
1849 2920 2020 2978 astris

371 2993 736 3064 divinitatem
774 2993 1080 3064 ascribere,
1118 2991 1327 3047 nullibi
1380 2991 1503 3064 ipse
1544 2991 1712 3047 nobis
1746 2995 2016 3064 aperuit:

369 3086 399 3113 «
444 3063 815 3137 PbCenices,»
855 3063 1041 3137 verba
1085 3069 1225 3137 sunt
1273 3063 1528 3137 Eusebii,
1556 3085 1582 3112 «
1615 3066 2019 3137 et__/Egyptios

369 3136 634 3188 omnium
682 3133 999 3205 principes!
1025 3133 1155 3199 soli,
1188 3139 1246 3189 et
1275 3133 1448 3199 lunae,
1483 3151 1546 3188 ac
1597 3133 2020 3191 stellisdivini-

367 3211 544 3260 tatem
573 3203 1213 3276 itribuisse'vulgatum
1265 3211 1374 3271 est,
1403 3205 1591 3276 iisque
1637 3207 1777 3261 solis
1829 3224 2024 3262 rerum

371 3283 538 3332 ortus
569 3275 961 3346 interitusque
991 3293 1225 3332 causam
1259 3275 1616 3347 assignasse.
1641 3278 1860 3334 Deinde
1891 3297 2026 3333 vero

371 3365 499 3418 qure
535 3347 751 3418 passim
785 3352 842 3402 et
873 3347 1090 3416 ubique.
1115 3349 1417 3416 jactentur
1437 3349 1680 3402 deorum
1713 3353 1830 3403 tam
1865 3350 2028 3403 moli-

368 3420 561 3473 tiones
594 3436 768 3490 quam
820 3419 1250 3488 procreationes
1279 3419 1338 3472 in
1372 3418 1676 3490 hominum
1720 3435 1905 3488 genus
1937 3420 2025 3472 in-

367 3489 714 3545 vexisse.....
742 3490 1124 3559 Nequaquam
1154 3489 1245 3542 hic
1269 3489 1431 3543 stetit
1459 3505 1683 3553 eorum,
1704 3491 1798 3558 qui
1827 3497 2028 3560 postea

369 3563 557 3617 secuti
591 3568 749 3624 sunt,
786 3559 1090 3614 hominum
1130 3562 1198 3612 de
1241 3560 1616 3613 multitudine
1660 3559 1898 3614 deorum
1932 3578 2026 3615 er-

369 3651 502 3700 ror;
538 3634 634 3687 sed
691 3633 747 3686 in
802 3631 981 3685 altam
1033 3630 1426 3697 improbitatis
1470 3631 1802 3699 voraginem
1837 3638 2024 3698 actus,

371 3705 738 3773 impietatem
800 3703 1065 3773 peperit,
1113 3703 1240 3771 ipso
1301 3718 1533 3772 quoque
1570 3707 1822 3773 negatae
1880 3704 2024 3757 divi-

363 3771 572 3830 nitatis
639 3771 1259 3844 scelere’graviorem.
1321 3771 1524 3844 Atque
1569 3771 1752 3842 hujus
1811 3775 2027 3828 erroris

367 3847 694 3910 Phoenices,
753 3861 819 3899 ac
875 3842 1047 3915 paulo
1103 3849 1234 3915 post
1280 3842 1528 3916 IEgyptii
1579 3849 1847 3900 auctores
1903 3846 2026 3901 fue-

369 3934 432 3973 re
455 3919 519 3974 37.
549 3937 574 3968 η

447 3989 671 4042 Rursus
701 3988 896 4058 autem
931 3984 1050 4058 ille,
1085 3987 1183 4040 sed
1223 3985 1490 4058 brevius:
1520 4008 1548 4058 ᾳ
1581 3986 1815 4041 Maneat
1845 3987 2027 4058 igitur

364 4060 528 4115 hunc
559 4057 822 4114 omnium
857 4057 1115 4129 gentium
1151 4058 1221 4111 de
1255 4057 1630 4112 multitudine
1663 4057 1900 4112 deorum
1934 4075 2023 4114 er-

365 4148 556 4186 rorem
595 4147 706 4185 non
742 4127 1019 4198 nisilpost
1050 4127 1282 4199 longam
1330 4134 1566 4183 aetatum
1602 4129 1810 4183 seriem
1845 4130 2024 4184 exsti-

364 4204 534 4266 tisse,
569 4204 668 4274 qui
720 4216 916 4274 cuma
949 4199 1321 4274 Phoenicibus
1372 4205 1428 4254 et
1474 4200 1755 4270 [Egyptiis
1785 4200 2022 4274 initium

363 4271 694 4339 habuisset,
731 4272 803 4325 ab
843 4271 914 4324 iis
948 4272 1003 4324 in
1040 4271 1297 4342 reliquas
1329 4274 1702 4341 postmodum
1757 4273 2024 4327 nationes

361 4347 438 4402 ad
474 4347 631 4415 ipsos
678 4359 864 4413 usque
895 4343 1123 4415 Graecos
1171 4359 1297 4397 sese
1345 4344 1684 4413 propagavit
1705 4342 1767 4397 ³⁸.
1794 4345 2018 4415 »_Quod

362 4413 602 4485 quidem
674 4415 771 4468 ille
839 4413 1010 4483 paulo
1049 4419 1212 4485 ipost
1275 4414 1585 4484 descriptis
1654 4429 1721 4467 ex
1779 4413 2021 4470 Philone

362 4484 900 4544 Sanchoniathonis
945 4484 1136 4540 verbis
1184 4502 1418 4540 rursum
1470 4486 1685 4540 astruit
1714 4490 1769 4540 et
1800 4487 2014 4540 conﬁr-

363 4565 511 4615 mat.

436 4633 508 4684 At
542 4626 812 4698 quamvis
839 4625 1144 4692 Eusebius,
1172 4627 1423 4697 inquies,
1455 4625 1595 4680 nihil
1633 4626 1710 4680 ibi
1736 4628 1804 4681 de.
1835 4627 2024 4696 prima

369 4704 613 4757 deorum
651 4699 874 4768 origine
907 4699 1134 4764 dixerit,
1168 4715 1360 4752 nonne
1409 4699 1467 4751 in
1513 4699 1755 4752 secundi
1789 4701 2022 4753 Chroni-

360 4790 554 4829 σοι-τινι
592 4771 724 4825 libri
770 4769 1050 4840 procemio
1084 4769 1203 4840 haec
1237 4768 1815 4839 scripsisselegitur‘.’
1848 4792 1874 4819 α
1907 4773 2022 4825 Ita-

363 4862 476 4915 que
511 4844 639 4898 sine
683 4839 1234 4915 ulla_ambiguitate
1268 4841 1587 4915 Moyseset
1617 4845 1884 4915 cecrops,
1921 4842 2020 4911 qui

361 4910 592 4988 primus
626 4910 1062 4988 Atheniensium
1125 4928 1219 4965 rex
1261 4910 1392 4988 fuit;
1423 4913 1625 4988 iisdem
1661 4910 1822 4966 fuere
1869 4910 2018 4988 tem-

360 4981 882 5057 poribust...._Hic
945 4981 1174 5057 primus
1235 4982 1500 5036 omnium
1559 4986 1755 5057 Jovem
1792 4982 2020 5057 _appel-

361 5053 530 5126 lavit,
583 5054 900 5110 simulacra
960 5055 1193 5126 reperit,
1246 5071 1402 5126 aram
1463 5053 1698 5126 statuit,
1752 5053 2022 5126 victimas

361 5125 709 5192 immulavit,
753 5140 1123 5194 nequaquam
1178 5125 1513 5179 istiusmodi
1566 5126 1741 5179 rebus
1771 5125 1831 5178 in
1866 5127 2020 5180 Grae-

360 5203 451 5257 cia
509 5215 768 5269 unquam
821 5195 1043 5269 v_isis._»
1082 5196 1404 5269 Addamus,
1440 5197 1488 5251 si
1548 5195 1728 5269 lubet,
1789 5199 2017 5264 eadem,

363 5266 660 5344 quoqueia
691 5267 903 5341 Cyrillo
936 5266 1327 5323 Alexandrino
1350 5269 1394 5303 3°
1423 5273 1480 5323 et
1519 5267 1651 5322 aliis
1683 5272 1885 5338 postea
1934 5285 2020 5325 re-

360 5346 518 5400 ferri.

434 5495 479 5526 33
519 5491 765 5545 Admon.
799 5487 893 5541 ad.
927 5485 1133 5554 Gram,

367 5584 382 5619 1
420 5565 675 5633 1³11911111.
712 5573 940 5634 evang,
973 5559 1168 5634 cap.__6
1197 5563 1404 5634 et_seq.
1483 5559 1526 5592 ³⁷
1557 5559 1704 5614 Ibid.
1740 5559 1862 5633 cap.
1897 5563 1950 5622 6,
1980 5559 2030 5634 'p

362 5631 609 5698 Julian.,
646 5647 777 5701 pag.
813 5631 900 5683 10.

367 5707 510 5761 falsa
543 5703 688 5768 relig
719 5742 732 5764 ,
771 5717 900 5770 pag.
940 5701 1039 5753 130
1070 5706 1123 5754 et
1156 5702 1276 5755 131.

2127 430 2464 501 certeapud
2500 430 2792 501 zEgyptios
2815 436 2872 484 et
2896 429 3191 484 Piimnices
3214 431 3337 499 jam
3361 447 3395 484 a
3423 429 3595 498 longo
3623 434 3767 501 tem-

2125 517 2264 570 pore
2293 497 2510 571 impius
2541 497 2613 555 de
2643 497 3018 556 multitudine
3050 497 3287 556 deorum
3319 517 3478 556 error
3510 497 3765 554 invaiuc-

2126 577 2236 626 rat.
2270 571 2466 640 Neque
2510 571 2567 626 id
2610 589 2677 626 ex
2713 572 2894 642 primo
2926 574 3208 627 duntaxat
3241 571 3471 626 Eusebii
3502 571 3763 626 testimo-

2127 643 2222 697 nio
2255 642 2604 713 colligimus,
2639 645 2740 698 sed
2767 660 2835 698 ex
2864 643 3087 698 ultimis
3117 644 3314 708 etiam,
3337 660 3465 713 quae
3497 643 3766 713 citamus,

2125 714 2254 782 ejus
2284 715 2492 768 verbis.
2521 712 2665 780 Quid
2697 717 2872 781 enim,
2896 716 3106 769 amabo
3135 720 3213 782 te,
3237 712 3394 768 aliud
3426 713 3497 768 iis
3529 712 3639 767 sibi
3671 729 3764 767 vo-

2125 785 2257 850 luit,
2293 785 2403 839 nisi
2438 785 2554 840 hmo
2578 804 2609 838 a
2633 785 2879 855 Cecrope
2909 787 2964 839 in
2999 787 3274 841 Graeciam
3303 785 3480 840 fuisse
3512 783 3765 855 primum

2126 856 2500 910 introducta?
2532 856 2708 927 Atqui
2741 857 2918 912 Graeci
2968 862 3026 912 et
3072 856 3169 911 alii
3220 858 3366 911 falsa
3394 857 3764 927 deorumno-

2127 929 2306 989 mina,
2332 932 2396 980 ut
2435 928 2586 981 idem
2625 925 2928 983 Eusebius
2959 936 3164 983 auctor
3193 938 3277 983 est
3299 929 3361 996 ⁴⁰,
3396 925 3767 981 Phamicibus

2125 1003 2178 1052 et
2209 999 2491 1070 {Egyptiis
2518 1005 2753 1071 accepta
2785 1000 3128 1055 referebant.
3159 1005 3223 1053 Et
3253 1017 3384 1071 vero
3408 997 3505 1071 ubi
3540 997 3638 1071 ille
3659 996 3767 1071 cla-

2126 1071 2247 1124 rius
2279 1068 2334 1123 et
2357 1068 2675 1125 enodatius
2705 1088 2771 1124 ex
2803 1071 3309 1126 Sanchoniathone
3348 1070 3517 1124 initia
3549 1068 3770 1123 theolo-

2124 1142 2230 1213 giae
2279 1141 2619 1196 thnicum
2651 1142 2921 1212 explicat,
2958 1143 3198 1212 planum
3242 1141 3443 1211 utique
3486 1140 3620 1194 facit
3667 1139 3761 1213 diu

2125 1210 2258 1267 ante
2279 1216 2607 1267 Graecorum
2639 1210 2897 1283 tempora
2929 1210 3080 1268 hanc
3113 1213 3315 1267 falsam
3344 1210 3582 1267 deorum
3618 1210 3772 1266 mul-

2124 1285 2434 1338 titudinem
2469 1302 2500 1338 a
2530 1284 2901 1339 Phoenicibus
2932 1285 3114 1341 fuisse
3141 1285 3555 1341 introductam.

2198 1356 2409 1439 Eodem
2438 1356 2618 1439 plape
2655 1373 2830 1436 sensu
2881 1358 3203 1439 Herodotus
3234 1357 3441 1439 scribit
3469 1372 3530 1410 se
3564 1369 3770 1439 ‘nuper

2124 1426 2454 1499 atquciheri
2501 1426 2776 1499 didicisse
2806 1444 2877 1482 an
2919 1428 2997 1482 dii
3047 1445 3296 1499 semper,
3331 1427 3416 1482 vel
3462 1427 3638 1499 unde,
3666 1431 3770 1479 aut

2126 1515 2241 1567 qua
2273 1498 2407 1552 olim
2445 1498 2634 1569 specie
2664 1499 2817 1568 apud
2852 1499 3079 1554 Graecos
3111 1498 3410 1554 fuerint".
3437 1498 3606 1552 Prius
3635 1511 3767 1569 vero

2127 1571 2350 1624 dixerat
2381 1568 2675 1641 Egyptios
2705 1570 3040 1625 venditassc
3071 1586 3131 1625 se
3159 1592 3183 1619 ‹‹
3208 1572 3429 1641 primos
3460 1568 3766 1641 duodecim

2127 1641 2367 1695 deorum
2391 1638 2738 1712 cogn—omina
2767 1642 2826 1695 in
2851 1659 2959 1696 usu
2984 1638 3283 1709 habuisse,
3307 1645 3363 1695 et
3383 1641 3454 1695 ab
3476 1640 3594 1712 illis
3617 1638 3768 1712 Grie-

2128 1729 2224 1766 cos
2256 1712 2439 1766 fuisse
2464 1709 2780 1767 “mutuatos
2803 1714 2865 1768 ‘3.
2895 1735 2920 1761 ι)
2954 1714 3062 1767 Sed
3117 1714 3494 1783 quandonum
3529 1711 3582 1765 id
3617 1709 3767 1765 acci-

2129 1783 2299 1849 derit,
2334 1784 2459 1854 ipse
2492 1800 2723 1854 quoque
2754 1785 2989 1855 penitus
3018 1788 3188 1840 tacet.

2200 1853 2536 1909 Lactantius
2568 1853 2700 1909 vero
2748 1853 3009 1926 perhibet
3039 1873 3140 1911 seu
3176 1873 3207 1909 a
3239 1853 3515 1926 Melisseo
3540 1857 3769 1926 creten-

2129 1926 2282 1998 sium
2326 1942 2480 1998 rege,
2515 1931 2578 1980 ut
2624 1925 2897 1997 Didymus
2947 1927 3242 1981 memoriae
3295 1925 3550 1997 prodidit
3569 1925 3632 1992 ‘3,
3668 1939 3770 1978 seu

2129 1999 2201 2050 ab
2256 1997 2598 2068 ipso'Jove,
2646 2004 2710 2051 ut
2757 1998 2997 2051 tradidit
3043 1998 3773 2068 Evehemerustmanasse

2129 2066 2368 2122 deorum
2417 2066 2793 2123 colendorum
2845 2068 3342 2138 superstitionem.
3379 2070 3444 2122 At
3473 2066 3570 2122 ille
3600 2066 3772 2138 paulo

2130 2156 2309 2209 supra
2338 2140 2610 2193 eumdem
2639 2139 2853 2194 idcirco
2876 2135 3114 2195 damnat
3137 2139 3494 2206 Melisseum,
3518 2135 3671 2208 quOd
3706 2135 3776 2190 ri-

2130 2217 2225 2282 tus
2256 2227 2434 2266 novos
2455 2227 2872 2282 sacrorumque
2902 2228 3147 2282 pompas
3178 2210 3604 2281 excogitaverit.
3629 2212 3777 2262 Ante

2129 2281 2230 2336 illa
2262 2282 2443 2353 igitur
2472 2289 2735 2352 tempora
2785 2281 2878 2336 alii
2909 2281 3149 2337 deorum
3199 2282 3572 2338 colendorum
3608 2283 3773 2353 ritus,

2131 2350 2334 2407 eodem
2369 2350 2667 2408 Lactantio
2699 2357 2864 2419 teste,
2898 2355 3013 2423 jam
3048 2353 3182 2408 alibi
3217 2353 3609 2408 obtinuerant.
3642 2350 3778 2423 Nul-

2131 2424 2224 2478 lus
2255 2425 2451 2494 itaque
2479 2440 2548 2479 ex
2579 2423 2691 2489 his,
2727 2421 2912 2493 neque
2943 2425 3184 2480 forsitan
3217 2441 3285 2479 ex
3316 2424 3446 2480 aliis
3479 2421 3780 2492 scriptori-

2133 2496 2243 2551 bus
2276 2495 2442 2550 nobis
2494 2496 2731 2550 definite
2763 2495 3058 2566 edisserit,
3092 2497 3191 2566 qui
3223 2500 3324 2549 aut
3355 2512 3468 2566 quo
3518 2498 3778 2564 tempore

2132 2567 2420 2633 homines,
2451 2584 2484 2620 a
2513 2567 2633 2621 veri
2667 2567 2771 2620 Dei
2805 2565 2960 2621 cultu
2995 2565 3408 2627 desciscentes,
3441 2565 3586 2636 ipsis
3617 2581 3773 2619 crea-

2133 2638 2282 2692 turis
2307 2655 2515 2692 nomen
2544 2637 2667 2702 Dei,
2691 2639 2934 2708 eiusque
2962 2644 3232 2692 naturam
3257 2643 3313 2692 et
3335 2637 3585 2692 honores
3603 2637 3782 2690 ascri-

2128 2709 2318 2763 bcnda
2346 2712 2722 2764 censuerunt.

2200 2780 2475 2847 Ejusdem
2505 2788 2702 2834 tamen
2751 2779 3032 2834 Lactantii
3066 2779 3435 2848 aliorumque
3488 2777 3775 2849 plurimo-

2130 2867 2257 2903 rum
2282 2867 2410 2905 cum
2437 2852 2812 2921 antiquorum
2837 2856 2962 2905 tum
2987 2850 3374 2906 recentiorum
3399 2851 3773 2921 scriptorum,

2129 2927 2304 2991 atque
2334 2921 2391 2976 in
2433 2923 2636 2992 primis
2665 2920 2864 2993 Cyrilli
2894 2921 3262 2977 Alexandrini
3291 2921 3354 2989 ⁵³,
3389 2920 3566 2992 atque
3597 2922 3771 2976 etiam

2130 2999 2331 3062 postea
2361 2995 2546 3048 sancti
2577 2994 2814 3048 Thomas
2836 2993 2880 3027 ‘5
2909 2994 3152 3064 ejusque
3182 2998 3538 3048 sectatorum
3572 3010 3639 3047 ea
3673 2993 3776 3046 fuit

2141 3064 2356 3132 opinio,
2391 3064 2611 3119 nullam
2660 3065 2851 3135 prima
2901 3065 3104 3135 mundi
3153 3069 3342 3132 aetate,
3375 3064 3482 3117 hoc
3513 3069 3621 3130 est,
3655 3067 3787 3117 ante

2141 3135 2345 3190 diluvii
2393 3134 2680 3206 tempore,
2735 3137 2917 3189 fuisse
2978 3134 3387 3190 idololatriam.
3426 3136 3578 3206 Quid
3629 3136 3784 3188 enim

2136 3207 2468 3276 expressius
2500 3205 2555 3261 et
2583 3206 2801 3262 clarius
2846 3206 2937 3259 his
2991 3206 3276 3260 Lactantii
3321 3205 3534 3276 verbis,
3569 3206 3786 3276 quibus

2137 3275 2339 3341 Chiam,
2375 3295 2407 3331 a
2442 3278 2558 3332 Noe
2592 3283 2752 3346 patre
2785 3293 2890 3330 suo
2923 3277 3320 3346 reprobatum,
3346 3275 3483 3329 filiis
3518 3275 3641 3330 suis
3675 3276 3785 3346 pri-

2140 3365 2298 3428 mum
2333 3348 2721 3428 ignorantiam
2753 3346 3060 3428 reliquisse
3087 3346 3186 3428 Dei
3219 3346 3301 3400 sic
3333 3350 3568 3428 narrat:
3601 3368 3627 3398 α
3660 3349 3785 3427 Haec

2141 3418 2247 3472 fuit
2298 3416 2484 3488 prima
2531 3435 2696 3488 gens,
2730 3434 2856 3488 quaa
2887 3416 3094 3488 Deum,
3140 3416 3458 3488 ignoravit;
3505 3417 3782 3485 quoniam

2139 3486 2410 3559 princeps
2455 3486 2583 3557 eju‘s
2615 3494 2670 3542 et
2701 3486 2969 3542 conditor
3009 3486 3228 3542 cultuwm
3266 3486 3363 3541 Dei
3395 3505 3425 3542 a
3458 3493 3624 3559 patre
3671 3505 3783 3542 non

2138 3558 2378 3628 accepit,
2417 3560 2855 3630 maledictuspab
2887 3575 2972 3630 eo.
2998 3562 3193 3626 Itaque
3225 3558 3612 3630 ignorantiam
3647 3559 3787 3615 divi-

2138 3631 2341 3685 nitatis
2371 3631 2699 3685 minoribus
2724 3628 2847 3684 suis
2873 3628 3110 3700 reliquit
3253 3628 3465 3685 Errant
3487 3631 3665 3701 igitur
3686 3632 3784 3701 qui

2136 3703 2376 3756 deorum
2403 3701 2596 3756 cultus
2618 3703 2689 3755 ab
2715 3701 2951 3756 exordio
2978 3718 3169 3756 rerum
3195 3702 3374 3758 fuisse
3396 3705 3783 3772 contendunt,

2135 3777 2192 3828 et
2244 3773 2492 3842 priorem
2555 3789 2682 3827 esse
2738 3772 3121 3844 gentilitatem
3165 3791 3342 3844 quam
3401 3774 3499 3828 Dei
3553 3773 3783 3844 religio-

2136 3861 2266 3898 nem
2291 3845 2422 3898 WI»
2460 3844 2798 3899 Lactantius
2830 3860 2962 3914 ergo
3007 3844 3222 3915 aliique
3253 3851 3519 3900 auctores
3550 3863 3584 3900 a
3615 3846 3783 3901 nobis

2135 3917 2297 3970 citati
2330 3921 2536 3986 putant
2565 3933 2759 3988 veram
2786 3917 3082 3988 nniasDei
3117 3916 3522 3988 cognitionem,
3552 3921 3784 3988 propter

2134 3992 2417 4042 recentem
2453 3987 2766 4042 errationis
2798 3987 2998 4041 mundi
3033 3987 3402 4054 memoriam,
3434 3988 3645 4042 animis
3678 3987 3781 4042 ho-

2136 4059 2360 4112 minum
2394 4059 2470 4112 ita
2495 4058 2674 4114 fuisse
2698 4059 2967 4123 inﬁxam;
2995 4064 3056 4113 ut
3083 4064 3206 4113 tum
3230 4058 3426 4114 nullus
3453 4057 3781 4114 mortalium

2135 4147 2166 4183 a
2197 4130 2424 4184 sincero
2457 4131 2556 4184 Dei
2588 4131 2746 4185 cultu
2781 4136 2836 4184 et
2865 4131 3233 4185 veneratione
3264 4129 3556 4186 defecerit.

2204 4201 2416 4255 Verum
2450 4201 2587 4254 huic
2618 4201 2911 4256 sententiae
2944 4201 3040 4256 alii
3077 4218 3286 4271 magno
3311 4201 3547 4272 quidem
3583 4217 3784 4272 nume-

2131 4289 2218 4339 ro,
2245 4273 2344 4326 sed
2380 4289 2489 4326 non
2526 4273 2732 4327 iisdem
2768 4289 2972 4327 omnes
3002 4273 3288 4327 rationum
3315 4271 3628 4328 momentis
3660 4288 3784 4326 om-

2134 4343 2270 4398 nino
2300 4343 2684 4413 refragantur.
2711 4343 2988 4398 Nonnulli
3021 4344 3312 4414 siquidem
3341 4345 3622 4400 falsorum
3648 4345 3780 4398 deo-

2133 4432 2260 4468 rum
2296 4414 2518 4469 cultum
2575 4420 2835 4484 tempore
2873 4414 3066 4482 Enosi,
3101 4415 3202 4485 qui
3232 4415 3390 4470 Sethi
3443 4415 3599 4470 filius
3652 4415 3780 4481 fuit,

2130 4486 2350 4556 primas
2385 4487 2609 4541 radices
2640 4488 2830 4557 egisse
2869 4491 3200 4540 autumant.
3239 4487 3386 4541 Illud
3422 4493 3616 4541 autem
3648 4485 3782 4540 inde

2138 4558 2381 4628 probare
2431 4557 2718 4621 nituntur,
2754 4557 2890 4624 quia
2920 4558 3074 4628 quod
3125 4557 3180 4611 in
3215 4558 3453 4628 vulgata
3489 4559 3781 4613 Geneseos

2133 4627 2398 4683 versione
2427 4630 2496 4683 de
2524 4630 2724 4683 eodem
2749 4627 2946 4683 Enoso
2968 4627 3178 4694 legitur
3204 4645 3260 4684 :«
3286 4627 3399 4684 Iste
3421 4629 3590 4694 coepit
3619 4629 3780 4683 invo-

2132 4717 2263 4754 care
2297 4717 2503 4772 nomen
2531 4700 2761 4755 Domini
2784 4701 2847 4763 ‘7,
2870 4699 3067 4772 iiiillud
3103 4701 3438 4772 paraphrasi
3469 4699 3780 4756 Chaldaica

2132 4789 2245 4825 non
2280 4770 2428 4824 male
2472 4771 2757 4825 redditum
2801 4771 3162 4826 arbitrantur
3195 4790 3206 4827 :
3234 4770 3261 4821 «ἒ
3294 4773 3456 4827 Tunc
3486 4773 3543 4826 in
3577 4772 3782 4826 diebus

2132 4844 2258 4910 ejus
2314 4843 2771 4912 supersederunt
2818 4843 2922 4896 filii
2975 4842 3283 4898 hominum
3335 4845 3405 4897 ab
3457 4843 3779 4897 invocando

2131 4931 2340 4968 nomen
2374 4913 2682 4968 Domini.»
2713 4914 2873 4977 Quod
2908 4913 3142 4982 quidem
3189 4919 3398 4984 putant
3431 4914 3679 4970 stabiliri
3714 4931 3781 4968 ex

2131 4985 2258 5056 ipso
2290 4985 2464 5039 etiam
2493 4986 2768 5042 llebraico
2793 4990 2974 5050 textu,
2999 5001 3171 5055 quem
3197 4986 3280 5040 sic
3312 4987 3470 5040 aiunt
3497 5002 3624 5040 esse
3654 5001 3780 5039 ver-

2131 5058 2369 5110 tendum
2407 5075 2467 5111 ;‹‹
2497 5057 2657 5112 'l‘unc
2690 5058 3060 5128 profanatum
3095 5061 3184 5113 est
3211 5056 3270 5112 in
3302 5058 3625 5113 invocando
3673 5074 3779 5111 no-

2131 5145 2260 5181 men
2295 5128 2541 5182 Jehovze.
2567 5151 2592 5175 ››

2201 5199 2308 5253 Sed
2346 5198 2435 5252 his
2467 5199 2563 5253 alii
2614 5201 2811 5267 aperte
2842 5203 2897 5251 et
2930 5197 3118 5266 palam
3171 5199 3514 5267 reclamant,
3541 5203 3778 5253 conten-

2131 5270 2396 5340 duntque
2415 5270 2593 5324 alium
2614 5270 2852 5324 omnino
2871 5286 2999 5323 esse
3022 5269 3284 5325 Hebraici
3308 5276 3496 5326 textus
3515 5286 3778 5329 sensum.

2131 5357 2305 5411 quem
2343 5342 2595 5412 profecto
2637 5341 3041 5412 unusquisque
3071 5358 3142 5396 ex
3168 5342 3345 5398 variis
3375 5343 3620 5414 hujusce
3669 5342 3777 5398 loci

1168 5487 1349 5569 p.28.
1427 5487 1702 5569 “libat!
1748 5495 1994 5569 Appar,

2140 5492 2277 5569 εβῑι-
2312 5489 2373 5569 εἰι
2397 5505 2524 5569 sep;
2556 5488 2610 5549 δν
2645 5488 2790 5569 ἓελῖο
2865 5488 2910 5522 ³⁵
2941 5488 3080 5569 Gse-
3117 5506 3199 5569 "3.-
3230 5490 3279 5569 5.-
3341 5491 3404 5569 .i"
3431 5491 3651 5569 Esset);
3677 5491 3778 5547 lih-

2075 5578 2129 5629 β.
2166 5562 2250 5615 17.
2303 5559 2374 5632 7³⁸
2407 5560 2550 5632 Ibid.
2585 5577 2709 5628 cap.
2741 5561 2792 5621 9,
2825 5576 2952 5632 pag.
2989 5561 3097 5632 30.
3154 5560 3199 5594 3°
3227 5561 3397 5632 (Iyril.
3433 5562 3532 5617 lib.
3564 5580 3582 5617 1
3613 5565 3778 5620 Cont.

982 5628 1026 5663 ⁴⁰
1060 5630 1183 5682 Lib.
1219 5646 1234 5682 1
1269 5630 1453 5699 Priap.
1509 5646 1737 5701 evang,
1789 5628 1837 5686 θ’.
1892 5628 2012 5686 1Ο.’

982 5701 1039 5753 3O
1070 5706 1123 5754 et
1156 5702 1276 5755 131.
1356 5702 1401 5734 "’
1433 5701 1607 5770 Cyri].
1660 5707 1822 5758 Cont.
1875 5705 2019 5758 Julii

2136 5631 2400 5687 llei'odot.
2438 5631 2536 5683 lib.
2592 5648 2651 5697 ιι,
2703 5633 2729 5698 §
2774 5631 2863 5684 53.
2905 5628 2988 5664 7”
3021 5631 3190 5694 Ibid.,
3225 5628 3344 5694 §'/i.
3422 5634 3465 5668 ‘3
3497 5633 3620 5690 Lib.
3655 5652 3672 5689 1
3707 5639 3783 5690 De

2156 5721 2210 5770 p.
2252 5703 2335 5757 16.
2387 5707 2443 5754 et
2487 5703 2587 5758 lib.
2627 5719 2707 5770 111,
2740 5718 2794 5770 p.
2833 5703 2949 5757 110.
3028 5703 3072 5736 ⁴⁵
3104 5703 3167 5757 D.
3201 5703 3408 5760 Thom.
3441 5709 3476 5760 2
3510 5707 3563 5770 2,
3599 5723 3654 5770 q.
3686 5706 3777 5761 9i.

2156 5721 2210 5774 p.
2252 5703 2335 5757 16.
2376 5707 2443 5778 et
2487 5703 2587 5758 lib.
2627 5719 2707 5772 iu,
2740 5718 2794 5773 p.
2833 5703 2949 5757 110.
3028 5703 3072 5736 ⁴⁵
3104 5703 3167 5757 D.
3201 5703 3408 5760 Thom.
3441 5709 3476 5760 2
3510 5707 3563 5776 2,
3599 5723 3654 5778 q.
3686 5706 3777 5761 9i.

365 5783 475 5834 art.
506 5777 562 5830 2.
629 5775 673 5809 ⁸⁵
707 5775 963 5827 Lactant.
1001 5770 1104 5828 lib.
1139 5788 1180 5825 11
1214 5776 1290 5827 De
1324 5771 1472 5829 falsa
1503 5774 1694 5846 relig.,
1730 5793 1783 5847 p.
1816 5776 1942 5829 214.
2019 5776 2061 5810 ⁸⁷
2091 5770 2232 5832 Gen.
2266 5790 2342 5845 1v,
2371 5774 2462 5828 26.
