4052 6154
297 282 400 338 901

881 277 1066 332 ΑΜΕ
1106 280 1178 332 1N
1219 269 1840 333 COHORTATIONEM
1877 279 1971 332 ΕΤ
2009 280 2480 337 PEDAGOGUM
2516 281 3126 336 OBSERVATIONES.

3601 278 3714 333 902

296 407 567 464 Judzeos:
598 423 626 476 ᾳ
648 399 920 476 Salomon
956 397 1261 476 aedificavit
1293 398 1384 476 illi_
1409 399 1673 468 domum,
1707 401 1808 456 sed
1843 417 1958 457 non
1988 405 2041 472 Α
2073 402 2290 476 audent
2325 404 2384 476 in
2434 403 2693 459 ecclesiis
2717 403 2784 459 2³.
2812 424 2838 451 ››
2870 401 3230 458 Tertulliano
3277 403 3374 458 alii
3423 404 3713 476 antiquis-

299 476 574 535 Excelsus
603 475 662 528 in
700 472 1056 528 manul’actis
1089 472 1316 526 habitat
1345 471 1406 526 η.
1435 494 1455 522 ι

369 549 596 604 Novum
628 551 822 601 autem
858 543 991 598 huic
1032 543 1349 598 Clementis
1394 550 1738 614 argumento
1783 545 1961 600 robur

298 617 438 676 inde
472 617 808 685 accedebat,
842 615 998 687 quod
1033 616 1243 687 pagani
1277 615 1624 670 Christianis
1649 616 1810 670 nulla
1832 632 1961 671 esse

301 690 523 762 templa
549 689 884 762 objicerent
905 687 1460 762 exprobrarentque.
1488 689 1754 757 Ipsorum
1781 687 1960 762 enim,

300 758 452 820 teste
484 758 734 817 Minutio
769 759 978 826 Felice,
1012 758 1133 813 haec
1163 764 1288 812 erat
1320 760 1568 830 objectio
1593 765 1650 814 et
1673 760 1911 830 querela
1944 775 1958 815 :

302 857 330 885 ‹‹
364 840 480 891 Cur
506 833 703 887 nullas
734 848 867 886 aras
899 829 1136 895 habent,
1162 830 1379 900 templa
1412 829 1592 894 nulla,
1627 829 1790 886 nulla
1822 837 1961 886 nota

302 906 645 967 simulacra,
672 900 1199 974 nunquampalam
1236 901 1415 972 loqui,
1446 920 1746 973 nunquam
1781 903 1959 958 libere

305 975 648 1049 congregari
668 975 707 1009 ¹⁶
729 975 756 1030 ?
779 973 1127 1049 »Arnobiu_s
1147 989 1278 1028 vero
1306 990 1366 1049 :_«
1394 976 1463 1049 In
1489 975 1604 1049 hac
1627 975 1959 1049 consuestis

307 1045 468 1120 parte
500 1045 717 1102 crimen
756 1045 924 1120 nobis
955 1045 1278 1099 maximum
1325 1045 1641 1120 impietatis
1699 1047 1958 1120 ul'ligere,

310 1117 466 1192 quod
511 1135 697 1188 neque
743 1118 894 1171 sedes
952 1132 1151 1171 sacras
1199 1117 1963 1192 venerationisad_oll'icia

309 1186 742 1258 construamus,
787 1205 902 1243 non
966 1203 1210 1242 neorum
1271 1186 1523 1257 alicujus
1579 1187 1958 1242 simulacrum

308 1262 737 1317 constituamus
768 1262 870 1314 aut
902 1258 1172 1322 formam,
1199 1275 1310 1312 non
1343 1259 1552 1314 altaria
1586 1260 1960 1328 i'abricemus,

308 1351 424 1388 non
484 1348 615 1386 aras
651 1331 766 1385 1⁷.»
819 1329 1078 1400 Denique
1127 1335 1191 1384 ut
1249 1330 1641 1396 Lactantium,
1700 1330 1963 1401 aliosque

306 1403 848 1477 praetermittamus.
893 1418 1093 1477 nonne
1116 1401 1318 1457 Celsus
1367 1401 1730 1477 Christianos
1783 1403 1963 1472 hujus

307 1471 570 1530 criminis
600 1490 732 1545 reos
763 1473 918 1545 egit?
947 1471 1118 1540 Audi,
1146 1489 1365 1544 queeso,
1394 1473 1703 1544 Origencm
1732 1489 1780 1527 ες(
1805 1471 1965 1528 Post-

305 1547 427 1602 haec
460 1546 663 1602 Celsus
684 1544 767 1600 ait
791 1544 895 1600 nos
921 1561 1182 1611 ararum,
1204 1550 1560 1611 statuarum,
1585 1546 1966 1616 templorum-

305 1636 419 1691 que
451 1617 851 1691 dedicationes
902 1616 1132 1687 fugere;
1168 1617 1477 1691 utr_occu_lti
1511 1617 1744 1691 foederis
1769 1617 1964 1691 ‘ﬁdem

305 1687 646 1747 sanciamus
676 1687 782 1743 hac
827 1705 931 1742 seu
975 1693 1200 1742 tessera
1225 1689 1285 1741 ιε.
1315 1710 1340 1736 ››
1371 1689 1566 1758 Neque
1598 1688 1654 1742 id
1686 1688 1966 1759 Origenes

2072 475 2205 528 simi
2238 475 2507 531 Ecclesiae
2561 480 2760 528 Patres
2793 490 3005 544 magno
3036 490 3276 529 numero
3310 475 3717 546 consensuque

2073 547 2339 619 unanimi
2408 547 2724 619 concinunt
2781 550 2837 600 et
2893 546 3308 619 suifraganlur.
3373 550 3544 619 Atqui
3603 548 3713 617 has,

2069 618 2321 689 inquies,
2354 618 2631 685 ecclesiae,
2667 633 2858 672 nonne
2905 633 3039 689 vera
3070 617 3532 672 Christianorum
3566 624 3712 673 tem-

2071 688 2166 760 pla
2220 690 2331 744 dici
2393 689 2764 745 debuerunt?
2813 689 2895 742 Ad
2927 688 3077 760 haec
3131 704 3286 752 vero,
3345 706 3411 743 ex
3467 690 3719 760 ipsemet

2070 759 2359 816 Clemente
2408 767 2608 816 nostro
2657 777 2837 831 supra
2883 759 3140 831 vidimus
3187 775 3324 814 suas
3370 759 3718 815 Christianis

2072 831 2258 904 ipsius
2309 837 2568 904 tempore
2618 830 2800 904 fuisse
2838 830 3136 897 ecclesias,
3170 832 3239 886 ad
3291 847 3438 904 quas
3487 849 3721 887 summa

2070 903 2203 958 cum
2238 903 2527 959 modestia
2550 921 2662 958 non
2688 903 2880 958 solum
2905 904 3197 968 accedere,
3222 906 3322 957 sed
3349 903 3465 956 illis
3492 905 3716 969 adesse,

2071 977 2141 1030 ab
2175 975 2246 1029 iis
2270 977 2558 1039 recedere,
2581 981 2637 1031 et
2658 977 2728 1030 ad
2763 992 2871 1030 sua
2892 975 3079 1029 redire
3101 974 3406 1030 debebant.
3431 977 3553 1040 Qua
3582 991 3718 1044 ergo

2073 1047 2297 1103 ratione
2331 1047 2528 1118 negari
2579 1047 2767 1118 potuit
2797 1063 2904 1102 sua
2936 1047 3143 1116 primis
3192 1045 3534 1101 Christianae
3585 1048 3719 1102 fidei

2072 1120 2457 1174 sectatoribus
2493 1119 2670 1173 fuisse
2701 1118 2966 1190 templa?

2142 1191 2367 1261 Duplici
2420 1190 2795 1262 responsione
2823 1187 2990 1262 haud
3021 1187 3270 1262 multum
3301 1188 3558 1262 difﬁcilis
3608 1187 3714 1242 hu-

2064 1259 2251 1342 jusce
2285 1259 2812 1343 argumentationis
2873 1261 3105 1343 ‘nodus‘
3135 1261 3397 1343 solvitur.
3456 1259 3716 1314 Primum

2073 1331 2227 1387 enim
2269 1331 2380 1388 etsi
2409 1333 2719 1388 (lhristiani
2769 1332 3044 1388 ecclesias
3092 1331 3392 1400 haberent,
3425 1347 3491 1385 eo
3525 1337 3719 1386 tamen

2073 1405 2443 1477 sensurillas
2509 1404 2730 1477 templa
2795 1421 2920 1459 esse
2989 1403 3427 1477 inliciebantur,
3475 1419 3593 1477 quo
3647 1405 3718 1477 ab

2075 1476 2325 1530 ethnicis
2382 1493 2482 1546 pro
2550 1474 2916 1546 sumptuosis
2973 1481 3030 1530 et
3099 1474 3728 1546 magniﬁcentissimis,

2076 1547 2290 1618 quibus
2320 1545 2458 1602 deos
2491 1564 2650 1614 suos,
2685 1545 2748 1601 ut
2793 1564 2972 1617 supra
3003 1546 3377 1601 observatum
3400 1551 3519 1618 est,
3552 1545 3722 1616 plane

2077 1617 2956 1700 eonclusoset‘eircumeeriptos
2980 1619 3282 1700 putabant,
3305 1617 3528 1700 aedibus
3549 1633 3723 1673 usur-

2081 1690 2214 1762 pari,
2258 1689 2500 1745 solebat.
2537 1691 2757 1746 Deinde
2799 1689 2935 1746 vero
2982 1689 3158 1744 iidem
3207 1689 3524 1744 Christiani
3563 1705 3721 1762 acer-

305 1762 367 1818 in
400 1779 507 1818 sua
536 1759 771 1846 etiamsi
803 1759 958 1814 haud
981 1776 1188 1846 parum
1214 1759 1436 1840 prolira
1465 1760 1964 1846 responsione‘ne-
1998 1783 2042 1846 Β
2073 1759 2340 1846 Bissimis
2387 1763 2774 1846 saevientium
2815 1833 2830 1846 ς
2856 1763 3275 1832 imperatorum
3351 1761 3720 1846 temporibus

307 1851 502 1918 gaesa,
528 1832 629 1888 sed
657 1829 851 1902 potius
881 1829 1197 1911 concedere
1219 1831 1458 1918 omnino
1483 1831 1734 1918 videtur.
1757 1836 1834 1886 Ex
1857 1831 1964 1918 hac

305 1902 491 1987 igitur
515 1903 1313 1987 paganorummpersuasione
1361 1902 1766 1974 liquet,quam
1817 1902 1956 1987 vali«

307 1973 450 2033 d'um
481 1973 560 2031 sit
590 1973 772 2030 telum
807 1991 840 2028 a
867 1973 1163 2028 Clemente
1194 1973 1476 2029 adversus
1510 1991 1712 2029 eorum
1747 1974 1966 2044 templa

309 2049 625 2114 vibratum,
648 2051 706 2102 et
725 2063 796 2102 ex
823 2046 1542 2118 eorumdenitemplorum
1569 2046 1966 2102 destructione

308 2120 382 2176 ab
411 2137 477 2175 eo
509 2119 762 2189 deducta
794 2117 1244 2189 argumentatio.

383 2191 530 2270 Quid
580 2206 716 2262 ergo
734 2186 1043 2270 ?_.ar'gu‘es,
1086 2187 1354 2260 nunquid
1396 2186 1711 2270 Christiani
1739 2187 1966 2270 ‘primis

307 2262 580 2318 Ecclesiae
609 2259 837 2317 saeculis
867 2259 1172 2330 nulla,quo
1191 2259 1692 2331 congregarentur
1721 2259 1965 2314 divinis-

309 2352 425 2406 que
455 2332 980 2406 vacarentofﬁeiis,
1006 2331 1228 2406 templa
1259 2331 1592 2406 habebant?
1622 2331 1826 2406 Nonne
1849 2331 1966 2385 illis

308 2402 381 2460 ab
431 2405 556 2477 ipso
605 2403 893 2477 Ecclesite
926 2404 1223 2458 nascentis
1271 2402 1438 2477 initio
1477 2403 1760 2477 quaedam
1803 2410 1967 2457 erant

308 2473 471 2544 loca;
492 2477 706 2530 domus
733 2484 785 2530 et
815 2475 990 2538 aedes,
1014 2479 1210 2543 atque,
1240 2480 1305 2528 ut
1333 2473 1592 2544 loquitur
1625 2473 1860 2540 Paulus,
1881 2490 1967 2528 ec-

309 2549 501 2604 clesia:
536 2548 594 2601 in
619 2564 767 2618 quas
798 2547 870 2599 ad
895 2561 1064 2599 sacra
1095 2545 1731 2618 mysteriarperagenda
1761 2562 1966 2599 omnes

310 2616 689 2690 cogebantur,
724 2632 1004 2686 suosque,
1039 2620 1102 2690 u_t
1152 2616 1291 2690 alibi
1340 2617 1681 2690 diximus”,
1716 2619 1968 2690 agebant

311 2687 636 2745 conventus
691 2693 748 2742 et
803 2687 1094 2757 synaxes?
1133 2709 1161 2737 ‹‹
1215 2688 1726 2752 Convenientibus,
1768 2687 1968 2758 inquit

313 2761 555 2825 Paulus,
585 2759 748 2815 vobis
797 2759 853 2812 in
889 2758 1217 2824 ecclesiam,
1250 2759 1424 2813 audio
1473 2759 1835 2813 scissuras...
1866 2764 1968 2812 aut

312 2831 634 2887 Ecclesium
662 2831 759 2885 Dei
795 2830 1173 2885 contemnitis
1200 2829 1286 2883 20?
1305 2852 1332 2877 ››
1361 2833 1443 2884 Ita
1465 2830 1641 2883 etiam
1664 2829 1965 2884 Tertullia-

315 2921 429 2958 nus
461 2920 598 2958 suas
639 2902 843 2972 primis
874 2901 1224 2956 Christianis
1259 2901 1439 2955 fuisse
1471 2901 1746 2955 ecclesias
1778 2901 1965 2955 nomi-

313 2974 496 3028 natim
547 2975 730 3040 docet,
763 2973 994 3035 asserit,
1036 2977 1092 3026 et
1140 2973 1412 3042 praedicat
1443 2987 1456 3024 :
1491 2991 1511 3019 α
1543 2972 1688 3026 Tota
1735 2972 1850 3037 die,
1883 2973 1966 3026 ait

310 3044 431 3110 ille,
457 3045 527 3099 ad
552 3044 700 3098 hanc
729 3049 951 3114 partem
973 3043 1135 3097 zelus
1159 3043 1290 3097 ﬁdei
1324 3043 1638 3113 perorabit,
1663 3043 1967 3112 ingemens

305 3115 706 3172 Christianum
738 3115 809 3169 ab
850 3115 1044 3180 idolis,
1077 3114 1135 3167 in
1166 3115 1267 3170 56
1298 3115 1603 3169 ecclesiam
1636 3115 1855 3183 venire,
1886 3116 1957 3169 de

303 3187 622 3242 adversarii
667 3185 901 3240 ofﬁcina
947 3187 1006 3239 in
1057 3187 1300 3239 domum
1333 3186 1432 3240 Dei
1459 3187 1522 3240 9'.
1547 3207 1573 3234 ››
1606 3187 1676 3240 Et
1709 3186 1854 3240 libro
1887 3187 1957 3240 De

300 3259 618 3328 virginibus
648 3257 895 3312 vetandis
924 3278 943 3312 ,ο
976 3257 1138 3311 Certe
1183 3257 1243 3311 in
1285 3257 1529 3312 ecclesia
1559 3256 1959 3328 virginitatem

303 3347 478 3385 suam
531 3330 913 3394 abscondant,
948 3345 1127 3399 quam
1177 3333 1340 3382 extra
1389 3328 1696 3383 ecclesiam
1745 3329 1958 3383 celant.

299 3403 543 3456 Timent
571 3405 899 3465 extraneos,
934 3405 1306 3454 revereantur
1331 3403 1389 3454 et
1435 3400 1663 3464 fratres,
1691 3405 1791 3453 aut
1821 3417 1960 3454 con-

299 3479 534 3528 stanter
563 3473 822 3528 audeant
864 3477 922 3526 et
971 3471 1027 3526 in
1078 3471 1220 3525 vicis
1270 3471 1525 3541 virgines
1574 3471 1778 3536 videri,
1808 3471 1962 3525 sicut

1990 3618 2067 3633 _

2074 1832 2236 1889 nulla
2285 1838 2443 1888 certa
2471 1839 2528 1888 et
2557 1839 2728 1900 stata,
2764 1833 2833 1887 ad
2874 1849 3012 1888 suas
3055 1848 3308 1904 synaxes
3339 1833 3721 1904 peragendas,

2071 1905 2369 1960 habebant
2396 1904 2556 1970 loca;
2589 1906 2690 1961 sed
2725 1905 2931 1974 quovis
2963 1905 3018 1958 in
3053 1901 3198 1968 loco,
3234 1904 3292 1957 in
3321 1901 3497 1975 agris,
3528 1903 3589 1957 in
3623 1920 3722 1958 so-

2073 1976 2444 2041 litudinibus,
2497 1978 2555 2031 in
2615 1976 2891 2045 stabulis,
2953 1975 3217 2040 navibus,
3271 1975 3622 2041 carceribus,
3669 1978 3726 2028 et

2073 2064 2188 2120 quo
2222 2051 2490 2118 poterant
2520 2054 2781 2119 tempore
2803 2047 3171 2120 cogebantur.
3200 2045 3723 2120 Locupletissimus

2073 2116 2370 2174 enim—vero
2419 2123 2478 2173 et
2524 2116 2685 2174 omni
2735 2116 3069 2188 exceptione
3119 2118 3600 2188 majorhujusce
3641 2116 3723 2188 rei

2073 2191 2243 2246 testis
2275 2195 2363 2246 est
2391 2190 2725 2262 Dionysius,
2758 2187 2966 2260 qui’in
3008 2205 3127 2262 sua
3177 2187 3437 2262 paschali
3477 2187 3726 2262 epistola

2074 2263 2230 2317 hunc
2261 2262 2501 2332 scripsit
2532 2259 2588 2316 in
2625 2259 2866 2316 medum
2906 2278 2918 2314 :
2951 2280 2972 2306 α
3007 2259 3190 2315 Multa
3221 2261 3458 2330 quidem
3493 2260 3723 2332 acerba,

2073 2339 2131 2389 et
2162 2337 2295 2389 ante
2333 2331 2483 2388 hanc
2514 2333 2904 2388 calamitatem
2959 2333 3128 2386 nobis
3174 2333 3562 2402 contigerunt.
3583 2331 3725 2402 iPri-

2075 2422 2236 2460 mum
2271 2407 2426 2460 enim
2459 2422 2566 2460 nos
2616 2405 2760 2460 urbe
2803 2403 3172 2475 expulerunt.
3206 2401 3461 2471 Cumque
3512 2401 3724 2475 soliab

2075 2478 2351 2532 omnibus
2393 2478 2727 2545 fugaremur
2774 2472 2951 2546 atque
2992 2475 3480 2546 Opprimeremur,
3512 2472 3724 2546 nihilo-

2076 2548 2272 2602 minus
2331 2553 2471 2601 tunc
2521 2563 2746 2618 quoque
2808 2545 2985 2601 festos
3044 2545 3272 2616 egimus
3323 2545 3467 2600 dies.
3525 2545 3726 2618 Quivis

2074 2619 2323 2689 denique
2355 2618 2537 2686 locus,
2564 2620 2621 2672 in
2655 2617 2770 2688 quo
2802 2618 2992 2672 varias
3024 2633 3317 2671 mrumnas
3350 2617 3724 2687 pertulimus,

2076 2707 2232 2761 ager,
2283 2691 2545 2760 inquam,
2579 2690 2854 2755 solitudo,
2913 2689 3098 2752 navis,
3150 2689 3471 2754 stabulum,
3503 2703 3724 2761 carcer,

2074 2759 2262 2815 instar
2326 2759 2529 2832 templi
2589 2763 2658 2816 ad
2721 2777 2920 2816 sacros
2962 2763 3305 2832 conventus
3364 2759 3727 2832 peragendos

2076 2832 2179 2886 fuit
2200 2832 2263 2886 ³³.
2289 2853 2316 2879 »ι
2347 2833 2419 2886 At
2454 2829 2628 2886 certe
2671 2833 2720 2886 si
2761 2831 3077 2886 Christiani
3134 2829 3226 2885 his
3274 2829 3414 2885 locis
3466 2829 3724 2885 ecclesia:

2075 2919 2288 2958 nomen
2318 2902 2602 2969 indidere,
2635 2919 2702 2957 ea
2752 2909 2904 2958 certe
2946 2904 3079 2971 jure
3129 2902 3334 2956 merito
3385 2901 3723 2968 noluerunt,

2075 2991 2179 3030 nee
2208 2991 2277 3030 ea
2303 2991 2420 3044 qua
2460 2976 2718 3030 diximus
2765 2975 3214 3045 signiﬁcatione,
3250 2989 3355 3027 nec
3386 2973 3504 3028 ullo
3558 2974 3729 3044 plane

2075 3047 2247 3101 modo
2269 3045 2487 3116 templa
2511 3046 2813 3118 appellari,
2842 3063 2954 3101 uno
2976 3062 3108 3101 vero
3133 3060 3235 3099 nec
3267 3046 3477 3115 pagani
3509 3045 3730 3116 templa

1989 3151 2030 3218 α
2073 3119 2668 3218 δεξεδάξίξξὶεηξξειξῖι-

2140 3189 2444 3244 Neminem
2468 3206 2639 3260 porro
2670 3187 2814 3242 illud
2840 3203 3068 3260 movere
3089 3187 3280 3252 debet,
3301 3187 3455 3260 quod
3481 3187 3720 3260 quidam

2070 3275 2138 3313 ex
2169 3261 2362 3314 citatis
2411 3257 2748 3315 auctoribus
2797 3276 2910 3313 non
2963 3258 3150 3312 solum
3193 3257 3431 3325 templa,
3467 3257 3565 3311 sed
3621 3272 3723 3309 nee

2071 3348 2224 3393 aras,
2260 3348 2362 3385 nec
2402 3331 2609 3386 altaria
2659 3329 2880 3400 primos
2925 3329 3078 3398 apud
3135 3327 3515 3400 Christianos,
3543 3327 3726 3400 fuisse

2071 3402 2426 3456 inﬁcientur.
2461 3404 2584 3466 Quo
2615 3398 2770 3454 enim
2813 3416 2990 3454 sensu
3045 3415 3246 3452 eorum
3279 3399 3455 3452 verba
3505 3398 3725 3453 intelli-

2069 3474 2262 3544 genda
2291 3475 2429 3543 sint,
2465 3490 2498 3528 a
2530 3473 2700 3527 nobis
2731 3471 2869 3526 alibi
2910 3469 3261 3541 explicatum
3296 3474 3386 3524 est
3408 3471 3479 3524 5“.

1700 3737 2084 3833 CAPUT
2152 3739 2374 3834 VIII

1114 3893 1198 3958 De
1237 3911 1664 3976 paganorum
1702 3895 2104 3977 simulacris,
2147 3897 2379 3960 statuis
2419 3899 2487 3959 et
2527 3895 2961 3974 imaginibus.

905 4168 1313 4226 ARTICULUS
1356 4171 1397 4227 Ι.

307 4281 388 4331 De
421 4269 882 4339 simulacrorum,
912 4271 1222 4342 statuarum
1249 4271 1310 4342 et
1343 4267 1662 4342 imaginum
1691 4271 1842 4342 apud
1867 4287 1973 4342 pa-

372 4358 553 4415 ganos
610 4338 927 4415 origine,'et
971 4341 1121 4412 quod
1171 4338 1334 4415 initio
1394 4338 1970 4415 Scytazeac'z‘nacem,

375 4410 592 4471 Hrabes
623 4410 1107 4484 lapidem,Pérs$
1151 4410 1407 4484 ﬂuvium,
1439 4412 1545 4466 alii
1597 4413 1836 4480 lignum,
1873 4410 1974 4470 Ro;

375 4487 551 4542 mani
581 4482 818 4557 hastam,
838 4483 1255 4557 adorarent,_ac
1284 4482 1348 4536 de
1387 4484 1576 4555 ligneo
1606 4486 1837 4541 lunonis
1869 4486 1975 4557 Cy-

382 4558 685 4616 thaaroniae
712 4560 763 4611 et
794 4556 992 4610 Samiae
1021 4555 1350 4610 simulacro.

379 4671 718 4743 Clitarchus
749 4670 904 4740 apud
958 4669 1258 4743 Laertium
1278 4668 1323 4743 f5
1350 4669 1719 4743 testificatur
1749 4687 1977 4743 magos,

305 4742 554 4802 tametsi
601 4739 844 4798 deorum
894 4741 1080 4796 cultui
1112 4739 1538 4811 sacriﬁciisque
1593 4758 1658 4796 ac
1703 4739 1978 4813 precibus

306 4819 612 4879 vacarent,
635 4814 805 4886 signa
829 4817 1393 4886 tamen‘statuasquc
1416 4813 1778 4886 repudiasse.
1807 4817 1976 4886 Apud

306 4882 748 4945 Theodoretum
777 4887 820 4919 ²⁶
853 4901 984 4940 vero
1033 4883 1131 4938 illa
1161 4882 1550 4954 Xenophanes
1582 4885 1795 4954 arguit,
1828 4882 1978 4942 Zeno

311 4957 610 5032 prohibet,
644 4961 700 5012 et
732 4955 930 5032 _Plat_o_
964 4956 1296 5032 obscurius,
1329 4971 1435 5009 nec
1470 4955 1612 5032 _sine
1662 4955 1981 5032 timiditate

311 5026 695 5088 condemnat.
727 5028 839 5082 Sed
873 5027 966 5081 his
999 5026 1400 5097 nequidquam
1433 5026 1827 5096 obstantibus,
1857 5029 1982 5084 ubi-

313 5119 437 5175 que
477 5099 762 5175 l'abrieata
809 5103 950 5175 sunt
999 5097 1281 5175 telsorum
1320 5098 1580 5175 deorum
1636 5099 1978 5168 simulacra,

316 5169 530 5230 statua:
561 5177 618 5228 et
651 5171 959 5242 imagines.
999 5170 1199 5226 Utrum
1233 5173 1432 5242 autem
1479 5169 1580 5242 illa
1619 5186 1980 5241 paganorum

318 5243 562 5316 templis
596 5243 717 5316 sint
747 5241 943 5316 priora
980 5246 1084 5316 aut
1128 5241 1471 5316 posteriora,
1506 5241 1563 5316 in
1597 5244 1980 5311 quaestionem

320 5312 518 5390 potest
547 5315 682 5386 quis
715 5312 850 5386 jure
881 5314 1037 5390 haud
1095 5312 1266 5390 plane
1319 5312 1614 5390 immerito
1643 5330 1866 5390 vocare.
1901 5321 1984 5373 Ea

321 5383 640 5457 enimvero,
683 5383 811 5458 quae
868 5386 939 5440 de
996 5383 1352 5456 templorum
1412 5383 1750 5455 primordiis
1802 5404 1983 5461 supra

399 5531 446 5566 1⁸
471 5533 596 5587 Act.
630 5548 731 5597 v11,
763 5530 853 5600 47,
905 5530 994 5585 48.
1073 5529 1116 5564 ¹⁶
1157 5528 1367 5601 Minut.
1418 5527 1478 5582 in
1530 5527 1786 5601 Octavio,

323 5604 364 5638 ¹⁸
399 5601 632 5675 Origen.
666 5601 896 5675 lib._vni
949 5603 1146 5675 Contr.
1197 5600 1459 5675 Celsum,
1502 5616 1560 5675 p_.
1591 5601 1719 5656 521.

1802 5536 2856 5663 “philifxnmArlinath.Plldisgértégfl

1922 5623 1999 5680 1p.
2051 5624 2092 5662 ιι
2142 5623 2228 5680 Ap

326 5679 387 5748 et
417 5671 531 5728 22f
586 5675 631 5748 ³ξῄ
659 5679 740 5729 De
779 5672 944 5748 idol.,
977 5673 1145 5748 c._'_l._
1194 5672 1240 5706 ²²
1275 5674 1359 5748 De
1401 5671 1609 5740 virgin.
1645 5672 1779 5739 vel.,
1814 5692 1861 5730 e.
1899 5679 1986 5733 13.
2063 5680 2106 5713 ²³
2135 5671 2344 5735 Euseb.
2377 5671 2479 5736 lib.
2514 5696 2592 5734 vn
2641 5671 2880 5744 Hister,
2910 5695 2960 5733 c.
2992 5671 3084 5732 22.
3161 5678 3208 5712 ²⁴
3241 5678 3364 5734 Lib.
3398 5696 3417 5732 1
3448 5679 3531 5748 Ap

2008 4181 2052 4244 Ι)
2085 4175 2418 4243 retulimus,
2451 4174 2826 4245 antiquorum
2869 4175 3217 4246 scriptorum
3259 4169 3618 4246 testimonia,
3651 4171 3735 4226 sic

2085 4263 2219 4302 cum
2253 4247 2488 4318 templis
2519 4247 2836 4302 simulacra
2881 4245 3233 4316 permiscent
3264 4251 3320 4318 et
3347 4245 3733 4318 conjungunt,

2086 4323 2150 4372 ut
2182 4317 2431 4390 utraque
2461 4320 2798 4374 eorumdem
2844 4322 3149 4373 auctorum
3183 4317 3429 4388 judicio,
3464 4317 3524 4390 in
3558 4332 3738 4390 mun-

2086 4391 2227 4444 dum
2259 4386 2462 4446 eodem
2513 4407 2659 4461 pene
2693 4390 2860 4445 modo
2892 4395 2947 4444 et
2978 4386 3239 4461 tempore
3290 4386 3736 4461 introductavi—

2085 4462 2354 4516 deantur.
2388 4462 2475 4517 Ab
2514 4458 2754 4517 illorum
2813 4465 3008 4516 autem
3060 4458 3333 4531 opinione
3386 4459 3510 4529 ipse
3558 4458 3735 4531 etiam

2084 4532 2353 4589 Clemens
2386 4538 2584 4589 noster
2625 4549 2737 4588 non
2782 4531 2950 4602 longe
2983 4529 3225 4587 forsitan
3260 4531 3519 4586 abfuisse
3549 4529 3734 4585 credi-

2084 4609 2200 4673 tur,
2237 4605 2336 4659 ubi
2369 4604 2489 4659 hare
2542 4605 2778 4675 scriptis
2811 4604 3055 4658 tradidit
3089 4621 3102 4658 :
3133 4627 3153 4653 ε
3194 4603 3403 4658 Merito
3432 4618 3601 4675 ergo
3622 4602 3740 4655 dae-

2088 4693 2330 4731 menum
2361 4677 2576 4739 cultus,
2611 4673 2746 4731 cum
2790 4675 3026 4730 aliunde
3058 4675 3309 4745 cepisset
3355 4673 3736 4744 principium,

2089 4747 2219 4803 fons
2252 4748 2361 4802 fuit
2391 4747 2586 4803 stolidi
2617 4747 2855 4802 vitii.....
2880 4747 3199 4801 simulacra
3227 4746 3480 4816 erigens,
3515 4750 3570 4800 et
3600 4748 3742 4798 tem-

2089 4819 2185 4890 pla
2214 4819 2508 4874 mdiﬁeans
2530 4820 2595 4873 υ.
2616 4842 2644 4890 ί»
2674 4819 2990 4889 Postquam
3034 4817 3214 4890 igitur
3234 4889 3240 4890 γ
3263 4817 3493 4890 impius,
3521 4817 3742 4890 daemo-

2090 4885 2232 4946 num
2265 4892 2462 4946 cultus
2501 4885 2868 4956 adolevisset,
2901 4894 3040 4944 tunc
3060 4885 3367 4944 'homines‘
3388 4889 3596 4943 iisdem
3625 4885 3740 4941 diis

2090 4966 2146 5018 et
2194 4963 2578 5028 daemonibus,
2614 4979 2726 5017 non
2782 4963 2976 5017 solum
3025 4961 3311 5016 aediﬁcare
3360 4958 3604 5031 templa,
3639 4958 3739 5014 sed

2091 5033 2405 5089 simulacra
2436 5034 2612 5089 etiam
2641 5034 2861 5105 erigere
2891 5036 3213 5105 coeperunt.

2159 5105 2532 5162 Celeberrimi
2585 5104 2776 5160 tamen
2823 5104 3141 5174 scriptores
3175 5119 3387 5173 magno
3443 5117 3584 5174 sane
3633 5117 3742 5154 nu-

2093 5193 2252 5232 mero
2273 5182 2330 5233 et
2345 5194 2633 5232 consensu
2653 5178 2861 5232 docent
2876 5173 3096 5246 templa
3119 5176 3176 5230 in
3195 5176 3437 5246 deorum
3460 5173 3744 5228 honorem

2092 5249 2265 5320 longe
2314 5251 2476 5320 prius
2531 5249 2714 5305 fuisse
2743 5244 3099 5315 constructa,
3136 5262 3311 5315 quam
3363 5244 3496 5320 ullae
3541 5259 3746 5320 eorum

2093 5316 2330 5386 statuae,
2372 5321 2561 5376 ullave
2610 5321 2929 5375 simulacra
2960 5320 3110 5373 facta
3158 5333 3421 5387 unquam
3472 5316 3745 5386 fuissent.

2093 5393 2368 5448 Testatur
2398 5392 2689 5464 siquidem
2719 5392 3012 5447 Lucianus
3039 5388 3197 5444 nulla
3221 5387 3497 5461 primitus
3521 5387 3578 5442 in
3602 5390 3722 5442 tem
3739 5428 3763 5448 .

2235 5573 2256 5592 ι.
2338 5538 2380 5572 ¹⁷
2427 5536 2548 5591 Lib.
2596 5553 2655 5590 v1
2711 5537 2856 5592 Adv.
2911 5536 3068 5606 gent.
3115 5533 3268 5600 init.,
3320 5550 3377 5603 p.
3432 5534 3534 5588 189
3583 5533 3644 5587 in
3695 5533 3748 5586 4.

2235 5612 2444 5679 parat.,
2498 5607 2732 5664 dissert.
2763 5611 2818 5677 2,
2851 5623 2900 5662 c.
2931 5606 3048 5679 7,7§
3079 5607 3200 5679 15.7
3240 5607 3336 5679 2°71
3368 5605 3498 5662 Cor.
3546 5622 3627 5674 x1,
3686 5605 3754 5657 18

3538 5679 3749 5749 parat.._,

326 5745 564 5822 dissert.
597 5746 654 5809 7,
681 5762 743 5822 e:
771 5745 827 5816 8,
859 5747 886 5811 §
917 5745 968 5798 1.
1045 5744 1089 5778 ³⁵
1121 5743 1311 5800 Laert.
1346 5744 1406 5798 in
1454 5759 1723 5816 prooem,
1754 5748 1781 5813 §
1809 5749 1864 5804 6.
1944 5751 1990 5785 ²⁶
2018 5750 2332 5819 Theodor.,
2379 5756 2522 5810 tom.
2571 5751 2662 5821 IV,
2717 5768 2892 5809 serm.
2925 5751 2978 5821 4,
3029 5765 3088 5822 p.
3118 5751 3247 5806 519.
3324 5751 3368 5786 ετ
3398 5743 3646 5806 Admbn.
3679 5746 3752 5800 ad

333 5817 553 5886 Gram,
586 5833 646 5888 p.
678 5817 769 5870 28.
