4052 6154
376 208 482 262 903

1122 209 1198 260 ΙΝ
1236 206 1608 260 ΟΟΜΜΕΝΤ.
1651 205 1862 257 ALEX.
1901 206 1967 256 D.
2009 205 2016 256 l

2142 205 2434 259 NOURRY
2472 204 2948 258 DlSSERTATlO
2987 204 3034 256 ῐ.

3681 205 3785 260 904

384 332 494 404 plis
530 330 951 403 zEgyptiorum,
974 345 1119 404 quos
1152 327 1485 404 mortalium
1510 327 1771 404 omnium
1808 327 2028 404 primos
2058 332 2111 397 Α
2141 329 2321 404 loqui.
2348 329 2515 404 Prius
2545 325 2702 384 enim
2729 343 2905 397 quam
2933 324 3291 404 illorumsic
3314 325 3571 404 humana
3603 329 3793 401 efﬁgie

383 399 656 460 falsorum
677 399 918 458 deorum
947 399 1168 455 cultum
1205 399 1504 454 induxisse
1537 400 1820 469 perbibet,
1849 401 2028 454 fuisse

380 475 700 531 simulacra
733 491 746 529 :
775 495 802 524 (ι
837 473 906 526 Et
935 472 1006 526 ab
1048 471 1322 540 Egyptis,
1367 470 1580 539 inquit,
1625 470 1866 541 Assyrii,
1893 471 2026 524 doc-

382 548 596 601 trinam
655 547 725 600 de
773 543 885 598 diis
944 547 1312 613 acceperunt,
1359 547 1417 594 et
1471 557 1637 595 sacra
1694 540 2028 612 templaque

380 622 710 681 erexerunt,
746 615 804 669 in
840 613 1055 684 quibus
1087 612 1413 667 isimulacra
1443 618 1756 681 posuerunt
1806 619 1864 668 et
1910 619 2027 668 sta-

381 695 511 744 tuas
567 688 933 742 dedicarunt.
978 684 1323 754 Antiquitas
1381 691 1577 738 autem
1636 685 1810 738 etiam
1871 684 2026 754 apud

378 759 672 831 Egyptios
719 755 1359 831 absque-simulacris
1402 761 1459 808 et
1525 756 1738 810 statuis
1809 755 2030 831 templa

376 826 624 886 erant”.
652 852 677 877 κ
717 830 776 883 [n
810 826 1046 898 templis
1097 832 1291 881 autem
1327 826 1722 880 Romanorum
1775 843 1876 898 per
1928 827 2028 898 170

377 919 562 957 annos
594 900 754 954 nulla
787 897 1022 971 penitus
1065 898 1256 971 posita
1296 898 1479 952 fuisse
1509 899 1750 971 deorum
1785 897 2026 952 simula-

377 991 491 1038 cra,
547 973 636 1027 his
696 969 1044 1025 Plutarchus
1099 969 1292 1024 verbis
1353 969 1648 1023 memorize
1708 971 1962 1038 prodidit
2010 985 2022 1022 :

379 1068 406 1095 α
439 1045 628 1099 Numa
650 1043 833 1097 vetuit
856 1041 1134 1097 Romanis
1159 1041 1416 1096 hominis
1441 1040 1526 1094 vel
1553 1041 1750 1095 bestia:
1783 1042 2025 1094 t'ormam

375 1115 819 1192 tribuere_Qeo.
853 1113 1048 1192 Neque
1088 1113 1199 1192 fuit
1247 1111 1365 1192 ulla
1413 1112 1567 1192 apud
1613 1128 1710 1166 eos
1743 1117 1888 1192 ante
1938 1110 2025 1166 vel

375 1188 548 1258 picta,
582 1186 669 1240 vel
702 1186 833 1241 ﬁcta
860 1184 1211 1258 imagoDei;
1246 1184 1343 1237 sed
1379 1184 1601 1254 primos
1628 1189 1860 1258 centum
1895 1199 2022 1258 sep-

379 1254 646 1330 tuaginta
677 1274 859 1312 annos
905 1254 1123 1330 templa
1154 1259 1565 1330 exstruxerunt
1597 1254 1856 1330 etcellas
1888 1255 2024 1320 diis,

376 1325 757 1386 simulacrum
803 1343 904 1400 per
949 1325 1339 1400 id’temporis
1378 1325 1616 1400 nullum
1671 1325 2023 1400 habuerunt,

379 1404 542 1456 nefas
568 1396 839 1472 putantes
872 1397 1213 1472 augustiora
1233 1396 1556 1472 exprimere
1588 1397 2022 1462 humilioribus,

378 1468 839 1542 neque'aspirari
883 1468 1169 1524 ad’Deum
1219 1468 1387 1542 aliter
1432 1484 1609 1542 quam
1645 1475 1840 1523 mente
1887 1485 2025 1542 pos-

376 1562 439 1600 se
461 1539 526 1598 3’.
556 1567 583 1593 »
610 1539 772 1608 Quod
822 1542 1052 1610 quidem
1108 1557 1220 1594 non
1249 1539 1438 1594 solum
1474 1557 1506 1592 a
1535 1539 1758 1593 Zonara
1806 1541 1931 1593 suis
1966 1540 2022 1594 in

375 1615 686 1670 Annalibus
733 1614 1142 1668 conﬁrmatum
1195 1611 1446 1682 legimus
1473 1612 1538 1677 ³ο,
1589 1611 1688 1664 sed
1741 1626 1774 1664 a
1824 1616 2023 1665 nostro

2140 398 2582 455 formandorum
2608 417 2672 454 ac
2697 398 3122 470 pingendarum
3148 399 3318 470 etiam
3343 401 3669 470 imaginum
3697 398 3787 458 ars

2143 473 2349 526 fuisset
2380 473 2634 537 inventa,
2666 468 2780 524 non
2825 470 2993 542 pauci
3025 468 3310 542 homines,
3345 468 3488 524 teste
3535 473 3790 542 ipsemet

2135 544 2426 598 Clemente
2451 549 2672 609 nostro,
2698 540 2977 612 symbolis
3001 540 3376 610 quibusdam,
3394 557 3519 612 quae
3545 540 3606 596 in
3631 545 3787 600 nullo

2136 614 2352 686 templo
2381 614 2665 669 collocata
2693 619 2887 686 erant,
2915 613 3052 667 deos
3085 629 3223 686 suos
3255 613 3579 686 adorabant
3606 621 3666 670 et
3699 633 3789 670 ve-

2139 683 2498 740 nerabantur
2531 701 2596 738 :«
2629 688 2708 738 Ac
2739 683 2962 755 Scythae
2995 684 3252 754 quidem,
3288 684 3370 738 ait
3396 683 3514 750 ille,
3539 689 3790 756 antiqui-

2137 761 2234 811 tus
2284 758 2606 811 adorabant
2637 758 2957 823 acinacem,
2989 755 3205 828 Arabes
3256 761 3450 828 autem
3508 755 3783 828 lapidem,

2135 828 2322 882 Persae
2354 845 2484 883 vero
2509 828 2783 893 ﬂuvium;
2819 833 2874 880 et
2896 843 2966 880 ex
2987 825 3117 880 aliis
3141 827 3477 898 hominibus
3502 825 3601 898 qui
3627 837 3786 885 erant

2136 900 2328 971 adhuc
2359 900 2742 969 antiquiores,
2770 899 2963 971 lignea
2983 897 3283 971 erigebant
3309 897 3590 971 insignia,
3619 906 3674 954 et
3699 918 3783 956 co-

2135 969 2699 1042 lumnasponebant
2719 986 2785 1023 ex
2815 969 3140 1042 lapidibus;
3167 985 3294 1039 quae
3323 969 3497 1026 etiam
3535 971 3784 1042 appella-

2136 1043 2353 1097 bantur
2382 1040 2560 1110 ξόανα,
2593 1059 2658 1096 eo
2691 1041 2844 1112 quod
2878 1040 3260 1113 eraderentur
3288 1047 3346 1096 et
3394 1040 3786 1113 expolirentur

2135 1130 2202 1166 ex
2253 1114 2515 1168 materia.
2552 1114 2613 1167 In
2671 1114 2830 1167 lcaro
2881 1112 3279 1185 cer_te_imago
3314 1112 3508 1185 Diana:
3563 1115 3780 1185 lignum

2135 1190 2258 1238 erat
2299 1202 2410 1239 non
2457 1185 2842 1250 elaboratum,
2877 1189 2933 1237 et
2960 1183 3314 1238 Cithaeroniae
3363 1183 3784 1241 JunonisTbc-

2136 1256 2300 1324 spite,
2348 1263 2594 1310 truncus
2647 1257 2898 1323 excisus,
2935 1260 2992 1309 et
3040 1254 3248 1309 Samiae
3296 1255 3660 1324 Junonis,ut
3707 1259 3782 1313 ait

2133 1327 2409 1393 fEthlius,
2441 1328 2604 1398 prius
2635 1327 2867 1397 quidem
2902 1330 3024 1398 erat
3047 1325 3335 1398 tabula...
3363 1327 3565 1383 Romae
3597 1333 3778 1384 autem

2136 1396 2461 1470 antiquitus
2495 1396 2748 1453 statuam
2776 1398 2974 1452 Martis
3001 1396 3179 1470 fuisse
3204 1397 3452 1463 hastam,
3480 1399 3560 1454 ait
3582 1399 3780 1469 Varro;

2136 1468 2562 1526 cum—nondum
2606 1470 3004 1542 pervenissent
3035 1468 3288 1542 artifices
3319 1471 3389 1524 ad
3425 1470 3540 1525 hoc
3573 1468 3781 1542 specie?

2137 1559 2268 1596 sum
2295 1543 2557 1611 quidem,
2583 1543 2678 1596 sed
2709 1541 3041 1611 improbum
3069 1540 3382 1594 artiﬁcium
3404 1542 3508 1594 ³⁷.»
3538 1540 3775 1598 Rursum

2138 1621 2330 1667 autem
2366 1620 2566 1684 postea
2601 1629 2648 1665 :«
2679 1613 2812 1667 Solo
2844 1629 2982 1684 ense
3015 1613 3280 1684 apposito
3309 1618 3598 1684 tanquam
3624 1615 3779 1668 Marti

375 1687 551 1742 etiam
583 1686 872 1741 Clemente
891 1684 960 1749 3',
991 1689 1048 1738 et
1077 1683 1331 1753 posthaec
1363 1682 1717 1754 abEusebio
1751 1698 1803 1734 :«
1835 1682 2026 1738 Numa
2057 1683 2102 1747 B
2132 1682 2482 1751 sacriﬁcare,
2518 1687 2606 1738 est
2637 1691 2829 1737 autem
2878 1683 2985 1737 hoc
3035 1683 3408 1754 Scytharum,
3431 1682 3598 1740 sicut
3649 1686 3780 1741 dicit

376 1764 571 1813 autem
604 1773 703 1812 rex
734 1752 1130 1810 Romanorum
1165 1759 1289 1808 erat
1320 1753 1558 1824 quidem
1595 1752 2018 1824 Pythagoreus;

377 1847 446 1884 ex
478 1829 569 1883 bis
599 1834 792 1883 autem
848 1843 974 1898 qua:
1003 1843 1035 1881 a
1066 1826 1260 1898 Moyse
1283 1824 1524 1898 tradita
1564 1828 1718 1898 sunt
1760 1826 2021 1898 adjutus,

379 1900 680 1972 prohibuit
721 1893 1000 1972 Romanis
1033 1913 1102 1952 ne
1135 1893 1448 1972 h'omini‘ret
1481 1893 1722 1950 animali
1766 1895 2018 1950 similem

375 1967 472 2026 Dei
507 1972 762 2026 facerent
802 1969 1140 2040 imaginem.
1171 1973 1316 2040 Cum
1349 1967 1545 2040 itaque
1576 1974 1804 2021 centum
1840 1973 2020 2040 etse-

374 2043 680 2113 ptuaginta
709 2038 1112 2113 primisfannis
1143 2038 1366 2113 templa,
1392 2039 1766 2113 aediﬁcarent,
1799 2039 2019 2113 nullam

373 2111 845 2184 imaginem,'nec
887 2111 1165 2174 efﬁctam,
1201 2126 1306 2184 nec
1340 2111 1645 2184 depictam
1674 2111 2020 2184 _fecere._0c-

373 2180 525 2241 culte
554 2189 711 2241 enim
751 2185 836 2239 eis
890 2184 1178 2238 indicarat
1207 2182 1397 2236 Numa
1429 2182 1582 2250 quod
1636 2180 1713 2247 id,
1747 2182 1898 2250 quod
1933 2187 2022 2236 est.

371 2257 682 2328 optimum,
716 2273 828 2311 non
865 2253 996 2328 alia
1037 2251 1642 2328 rstione_quam__sola
1691 2259 1883 2328 mente
1917 2253 2018 2328 ulli

374 2323 509 2384 licet
553 2329 838 2398 attingere
859 2327 922 2381 ³³.
967 2349 993 2375 ‹‹
1045 2325 1432 2398 Quamobrem
1481 2323 1660 2378 Varro
1693 2325 1854 2398 apud
1904 2327 2023 2378 Au-

372 2400 674 2470 gustinum
706 2393 869 2454 "dicit
911 2420 938 2447 ‹‹
987 2398 1263 2470 antiquos
1309 2396 1602 2470 Romanos
1653 2393 1784 2470 plus
1835 2412 2021 2450 annos

373 2467 604 2527 centum
654 2474 713 2525 et
763 2467 1145 2540 septuaginta
1184 2469 1324 2522 deos
1381 2467 1506 2521 sine
1555 2467 1870 2521 simulacro
1924 2483 2018 2522 co-

373 2543 556 2598 luisse
578 2542 642 2593 ³³.
680 2564 707 2590 ››

441 2611 836 2668 Tertullianus
865 2614 1058 2664 tamen
1085 2609 1176 2662 his
1198 2607 1571 2680 temporibus
1593 2606 1751 2661 nulla
1785 2625 2020 2680 quoque

376 2685 655 2738 Romanis
685 2682 1177 2751 quemadmodum
1201 2680 1536 2751 simulacra,
1561 2679 1643 2733 ita
1665 2695 1766 2734 nec
1801 2679 2019 2750 templa

374 2757 554 2809 t'uisse
584 2750 738 2808 hunc
787 2752 1015 2806 videtur
1063 2750 1391 2819 signiﬁcare
1423 2750 1480 2803 in
1516 2751 1751 2804 modum
1788 2767 1837 2805 τα
1876 2753 1938 2804 Et
1969 2752 2018 2805 si

372 2843 406 2879 a
433 2824 622 2879 Numa
658 2829 937 2893 concepta
960 2827 1051 2876 est
1077 2821 1392 2893 curiositas
1414 2821 1843 2893 superstitiosa,
1875 2839 2018 2877 non-

371 2898 508 2951 dum
544 2900 738 2950 tamen
771 2892 869 2948 aut
912 2892 1268 2955 simulacris,
1303 2897 1403 2946 aut
1434 2892 1667 2962 templis
1700 2910 1791 2948 res
1822 2894 2020 2949 divina

372 2967 528 3038 apud
562 2965 1226 3038 Romanosconstabat,
1260 2963 1412 3033 frugi
1444 2963 1758 3038 religio,_et
1789 2982 2015 3036 paupe-

370 3035 463 3094 res
495 3038 665 3104 ritus,
700 3043 754 3092 et
785 3035 949 3092 nulla
978 3035 1260 3105 Capitolia
1289 3035 1571 3089 certantia
1600 3035 1762 3102 ccelo,
1796 3035 2016 3091 sed’te-

372 3111 621 3165 meraria
651 3110 721 3163 de
753 3108 970 3178 cespite
995 3107 1222 3174 altaria,
1246 3111 1302 3160 et
1332 3123 1472 3160 vasa
1503 3107 1693 3161 adhuc
1723 3107 1936 3175 Samia,
1961 3115 2018 3163 et

373 3183 546 3236 nidor
590 3180 778 3246 exilis,
812 3179 966 3233 Deus
1016 3179 1142 3250 ipse
1189 3194 1505 3250 nusquam.
1539 3179 1808 3232 Nondum
1859 3179 2013 3234 enim

369 3259 505 3306 tunc
536 3250 1130 3323 ingeniaiGraecorum
1163 3256 1218 3305 et
1257 3249 1594 3323 Tuscorum
1616 3250 1904 3323 ﬁngendis
1935 3251 2016 3305 si-

369 3321 648 3379 mulacris
704 3322 910 3379 Urbem
962 3321 1479 3376 inundaverunt“.
1515 3343 1542 3369 ››
1572 3322 1642 3374 At
1675 3321 1751 3374 ibi
1785 3322 1871 3376 vir
1920 3323 2017 3376 ille

366 3396 748 3450 doctissimus
795 3392 1146 3462 templorum
1182 3393 1420 3446 nomine
1453 3391 1595 3446 nihil
1647 3391 1804 3446 aliud
1859 3393 2012 3448 haud

370 3467 543 3520 dubie
566 3465 869 3536 intellexit,
892 3464 1002 3518 nisi
1027 3463 1610 3536 magniﬁcentissima
1631 3463 1727 3517 illa
1749 3465 2011 3531 zediﬁcia,

369 3537 620 3592 inﬁnitis
647 3535 982 3608 sumptibus
1006 3541 1061 3590 et
1090 3535 1376 3608 impensis
1400 3540 1754 3608 constructa,
1775 3536 2012 3608 quibus,

371 3611 433 3662 ut
455 3625 629 3678 supra
650 3605 930 3675 diximus,
947 3606 1155 3678 pagani
1176 3605 1238 3660 ut
1259 3606 1404 3660 duos
1424 3623 1563 3661 suos
1587 3605 2012 3671 circumscribi,

371 3687 425 3732 et
464 3679 823 3734 Christianos
869 3681 1100 3748 penitus
1148 3693 1344 3732 carere
1387 3679 1801 3748 Opinabantur.
1857 3679 2015 3734 Hanc

370 3753 560 3804 autem
603 3766 730 3805 esse
778 3749 1124 3804 Tertulliani
1178 3754 1431 3803 mentem
1481 3754 1538 3804 et
1587 3765 1844 3816 sensum,
1879 3750 2014 3806 inde

368 3820 556 3888 colligi
590 3827 780 3892 potest
812 3821 963 3892 quod
1011 3821 1107 3875 ille
1137 3821 1207 3874 de
1237 3819 1508 3874 omnibus
1558 3822 1875 3891 generatim
1913 3838 2015 3874 na-

368 3839 556 3888 coiugi
590 3839 780 3892 ponesn
853 3839 963 3876 uoo
1011 3839 1107 3875 me
1137 3839 1207 3874 oe
1237 3839 1508 3874 OlnnlDUS
1558 3839 1875 3891 generatim
1913 3839 2013 3874 na-

366 3893 624 3947 tionibus
673 3909 739 3947 ea
787 3839 926 3946 alibi
979 3893 1298 3962 scripserit,
1331 3892 1425 3946 57
1465 3909 1589 3961 quae
1623 3893 1692 3945 de
1731 3893 2013 3962 ngyptiis

368 3969 597 4019 tantum
631 3969 688 4019 et
720 3963 994 4019 Romanis
1038 3963 1135 4017 alii
1190 3962 1505 4032 scriptores
1557 3980 1590 4016 a
1639 3963 1805 4016 nobis
1853 3963 2014 4018 citati

365 4036 734 4090 tradiderunt
764 4052 776 4091 :
806 4057 828 4085 «
863 4033 1114 4100 Idolum,
1137 4034 1322 4104 inquit
1348 4032 1465 4101 ille,
1489 4034 1828 4102 aliquandiu
1861 4040 2013 4090 retro

368 4125 481 4161 non
513 4112 657 4171 erat,
691 4109 1033 4178 priusquam
1082 4105 1259 4173 hujus
1293 4107 1535 4178 monstri
1567 4105 1818 4178 artiﬁces
1849 4106 2013 4178 ebul-

365 4179 594 4243 lissent,
629 4177 756 4232 sola
798 4177 1017 4248 templa
1045 4182 1102 4230 et
1131 4192 1326 4230 vacuae
1358 4177 1523 4248 ardes
1552 4181 1735 4240 erant,
1772 4177 1923 4231 sicut
1953 4177 2011 4232 in

365 4249 715 4304 hodiernum
777 4249 930 4301 diem
981 4248 1336 4314 quibusdam
1401 4247 1453 4300 in
1514 4247 1654 4300 locis
1703 4249 2014 4304 vetustatis

362 4321 609 4391 vestigia
639 4323 984 4392 permanent
1000 4320 1107 4392 δέ.»
1137 4319 1219 4373 Ad
1251 4318 1507 4392 singula,
1541 4334 1756 4392 quaeso,
1789 4319 2004 4392 eruditi

364 4389 856 4446 auctoris—verba
912 4391 1214 4461 paulisper
1253 4391 1524 4461 attende.
1574 4389 1764 4444 Primo
1823 4391 2009 4445 dicit:

365 4486 391 4512 ‹‹
429 4463 798 4534 Priusquam
833 4460 1085 4534 artiﬁces
1135 4460 1506 4534 ebullissent;
1536 4481 1562 4509 ››
1595 4464 1747 4534 utse
1791 4462 1860 4534 de
1893 4469 2008 4517 sta-

364 4535 502 4596 tuis.
527 4532 634 4590 seu
665 4532 858 4603 idolis,
885 4533 1141 4588 humana
1165 4538 1266 4587 aut
1291 4533 1404 4587 alia
1425 4533 1611 4588 forma
1632 4533 1860 4594 efﬁctis,
1898 4551 2011 4587 ser-

366 4622 599 4660 monem
634 4606 819 4660 facere
849 4605 1222 4677 signiﬁcaret.
1254 4604 1518 4677 Secundo
1551 4603 1775 4677 addidit
1807 4621 1857 4677 tu
1880 4604 2012 4660 Sola

365 4677 605 4748 templa.
628 4683 684 4731 et
715 4675 1080 4730 vacuze‘aades
1102 4681 1287 4741 erant,
1308 4697 1339 4748 ξ)
1366 4681 1422 4730 et
1455 4675 1857 4748 hoe_loquendi
1894 4693 2011 4748 mo-

365 4749 438 4802 do
469 4745 689 4817 templa
736 4748 931 4802 omnia
963 4765 1094 4802 cum
1147 4746 1478 4801 simulacris
1530 4745 1668 4808 illis,
1701 4751 1826 4800 tum
1879 4747 2008 4803 aliis

365 4819 724 4888 quibuslibet
753 4835 934 4874 vacua
967 4819 1146 4873 fuisse
1176 4818 1330 4872 haud
1359 4819 1604 4873 obscure
1636 4818 1934 4874 indicavit.

435 4889 548 4945 Nec
599 4889 714 4944 alia
770 4905 908 4944 sane
948 4890 1177 4943 videtur
1226 4889 1405 4944 fuisse
1452 4889 1764 4943 Clementis
1822 4890 2008 4943 nostri

369 4977 534 5016 mens
565 4967 622 5016 et
662 4961 972 5016 sententia.
1006 4959 1228 5014 Etenim
1265 4961 1364 5013 ubi
1413 4960 1481 5012 de
1535 4960 1736 5029 primis
1767 4959 2007 5015 deorum

365 5033 600 5100 templis
633 5033 916 5102 disputat,
945 5032 1062 5087 haec
1095 5031 1369 5086 continuo
1403 5030 1707 5100 subjungit
1731 5048 1776 5084 :u
1815 5031 2009 5086 Poste-

367 5105 618 5158 rioribus
665 5104 900 5175 quidem
955 5111 1106 5158 certe
1155 5103 1517 5172 temporibus
1568 5102 1818 5156 ﬁxerunt
1847 5104 2007 5174 deos,

363 5194 513 5245 quos
545 5177 855 5230 adorarent
877 5177 939 5230 ³⁸.
966 5195 996 5227 u

432 5249 629 5319 Neque
679 5247 896 5303 dixeris
945 5247 1104 5311 illuc,
1141 5244 1224 5319 uti
1273 5243 1656 5319 exsubjerto
1705 5243 2009 5313 Cupidinis

359 5314 623 5390 exemplo
655 5320 970 5390 colligitur,
1004 5319 1073 5372 de
1108 5317 1282 5389 priori
1317 5314 1766 5372 simulacrorum
1801 5333 2010 5388 genere

2135 1757 2406 1810 Eudoxus
2437 1757 2493 1809 in
2529 1756 2786 1810 secundo
2827 1759 2902 1809 Dc
2933 1754 3163 1826 ambitu.
3197 1756 3276 1808 Ex
3324 1755 3558 1826 Scythis
3591 1764 3772 1812 autem

2132 1827 2513 1907 Seuromatae,
2548 1831 2611 1880 ut
2658 1826 2877 1907 Icesnius
2905 1825 2990 1907 ait
3031 1825 3089 1878 in
3123 1843 3295 1907 opere
3345 1825 3423 1882 De
3468 1829 3771 1907 _myslerz'is,

2132 1901 2378 1953 adorant
2429 1899 2721 1952 acinacem
2748 1898 2866 1951 ⁸⁸.»
2899 1897 3181 1952 Clementi
3229 1914 3344 1952 non
3395 1897 3590 1954 solum
3641 1902 3772 1954 sub-

2131 1970 2332 2043 scribit
2363 1969 2799 2043 Arnobius,_sed
2833 1967 3183 2043 illiusetiam
3218 1985 3485 2043 sensum,
3511 1987 3576 2026 ac
3608 1987 3771 2043 prope

2128 2042 2301 2095 verba
2350 2042 2433 2114 sic
2493 2041 2844 2114 reddidit_:(_<
2881 2039 3100 2094 Ridetis
3149 2042 3520 2114 temporibus
3572 2039 3769 2114 priscis

2130 2117 2338 2167 Persas
2392 2113 2633 2166 fluvium
2689 2111 2959 2176 coluisse,
2996 2111 3356 2166 memorialia
3406 2119 3472 2167 ut
3522 2111 3773 2168 indicant

2131 2186 2368 2254 scripta,
2406 2184 2715 2238 informem
2751 2183 2966 2237 Arabes
2993 2182 3277 2256 lapidein,
3312 2184 3609 2239 acinacem
3643 2186 3768 2256 Scy-

2130 2253 2267 2309 thiie
2301 2256 2586 2327 nationes,
2618 2272 2813 2309 rarum
2851 2271 2950 2324 pro
2982 2253 3184 2327 Cinxia
3214 2255 3523 2327 Thespios,
3559 2253 3764 2327 lignum

2132 2328 2346 2381 lcarios
2382 2344 2482 2396 pro
2507 2326 2690 2380 Diana
2720 2327 3072 2393 indolatum,
3097 2325 3524 2382 Pessimuntios
3555 2325 3764 2381 silicem

2129 2416 2233 2522 piro
2264 2400 2436 2452 deum
2488 2403 2692 2463 matre,
2728 2414 2830 2468 pro
2864 2397 3046 2451 Marte
3096 2396 3391 2451 Romanos
3436 2398 3679 2467 hastam,
3710 2407 3765 2452 ut

2180 2472 2407 2522 arronis
2439 2469 2703 2522 indicant
2736 2475 2936 2522 Musa:
2969 2475 3137 2522 atque
3179 2476 3239 2522 ut
3276 2468 3526 2522 IEthlius
3556 2487 3761 2522 memo-

2180 2472 2407 2524 arronis
2439 2469 2703 2524 indicant
2736 2475 2936 2529 Mum;
2969 2475 3137 2537 atque
3179 2476 3239 2522 ut
3276 2468 3526 2523 IEthlius
3556 2487 3761 2524 memo-

2129 2549 2237 2606 rat,
2272 2547 2405 2596 ante
2445 2557 2619 2595 usum
2653 2540 3145 2611 disciplinamque
3199 2540 3464 2595 ﬁctorum
3514 2543 3760 2612 pluteum

2127 2613 2357 2667 Samios
2389 2630 2489 2682 pro
2520 2616 2750 2667 Junone
2770 2613 2832 2666 3°.
2861 2633 2887 2659 ››

2200 2685 2258 2738 Si
2291 2680 2423 2754 quis
2454 2692 2650 2739 autem
2691 2683 2800 2738 ista
2832 2680 3172 2753 singulatim
3208 2683 3541 2754 expendere
3569 2681 3755 2754 volue-

2128 2755 2222 2820 rit,
2258 2752 2323 2808 is'
2349 2755 2536 2825 primo
2585 2752 2956 2810 Ammianum
3011 2752 3412 2825 Marcellinum
3459 2755 3526 2808 de
3570 2753 3753 2824 gladio

2128 2823 2762 2881 Martis—disserentem
2797 2826 2994 2880 audiat
3029 2842 3041 2879 :
3073 2846 3094 2874 ι
3128 2823 3292 2878 Alani
3345 2841 3512 2896 penes
3560 2823 3751 2878 Omnes

2126 2903 2267 2951 sunt
2300 2897 2595 2967 pulchri...
2629 2914 2732 2952 nec
2771 2896 3056 2966 templum
3100 2897 3251 2966 apud
3284 2913 3390 2967 eos,
3408 2897 3620 2956 visitur,
3651 2901 3748 2948 aut

2126 2965 2461 3034 delubrum,
2509 2985 2613 3024 nec
2669 2965 2971 3038 tugurium
3019 2965 3250 3037 quidem
3306 2965 3487 3038 culmo
3533 2970 3737 3038 tectum

2046 3055 2090 3118 ρ
2132 3040 2286 3095 cerni
2320 3043 2526 3118 pptest,
2560 3039 2658 3094 sed
2702 3035 2934 3118 gladius
2973 3035 3263 3118 barbarico
3296 3038 3401 3091 ritu
3434 3036 3586 3090 humi
3619 3035 3741 3117 ﬁgi-

2131 3117 2228 3166 tur
2257 3106 2472 3176 nudus,
2498 3106 2750 3181 eumque
2781 3115 2838 3165 et
2868 3110 3109 3165 Martem
3143 3109 3454 3179 regionum,
3475 3123 3614 3181 quas
3639 3106 3744 3181 cir-

2129 3188 2538 3249 cumcursant,
2598 3178 2939 3254 praesulem”
2983 3178 3378 3254 verecundius
3427 3178 3744 3254 colunt‘°._»

2127 3254 2341 3309 Alanos
2370 3271 2499 3309 vero
2525 3247 3185 3326 'Scythiaaisolitudines
3234 3250 3537 3326 incoluisse
3584 3247 3748 3326 paulo

2127 3325 2400 3396 superius
2432 3319 2886 3396 dixerat.7Vides
2920 3325 3116 3394 itaque
3148 3324 3435 3396 quomodo
3468 3323 3548 3375 ha:
3576 3319 3752 3396 natio;

2126 3392 2253 3465 nes,
2287 3406 2598 3467 antequam
2642 3395 2830 3450 ullum
2865 3392 3037 3465 apud
3059 3392 3473 3467 eas—templum
3498 3392 3752 3467 aediﬁca-

2126 3463 2304 3535 retur,
2335 3463 2574 3524 Martem
2623 3469 2732 3522 sub
2783 3463 2942 3523 ensis
2973 3471 3029 3521 et
3061 3466 3238 3537 gladii
3291 3463 3550 3538 symbolo
3581 3463 3755 3519 colue-

2125 3541 2260 3594 rint.

2195 3611 2310 3666 Nec
2356 3610 2551 3666 minus
2601 3609 2755 3665 clare
2802 3608 3129 3666 Jornandes
3188 3609 3462 3663 eumdem
3513 3604 3756 3677 gladium

2124 3682 2473 3753 Scytharum
2534 3684 2770 3753 regibus
2809 3698 3039 3738 sacrum
3093 3696 3328 3753 semper
3357 3680 3566 3753 “fuisse
3611 3692 3756 3730 asse-

2122 3749 2302 3808 verat.
2337 3754 2442 3809 Ubi
2473 3749 2629 3808 enim
2663 3771 2780 3824 qua
2823 3751 3308 3824 rationegladius
3354 3749 3454 3805 ille
3484 3768 3517 3804 a
3544 3754 3758 3824 pastore

2125 3825 2376 3896 quodam
2417 3822 2709 3889 inventus,
2743 3831 2799 3879 et
2831 3826 2898 3878 ad
2935 3822 3170 3896 Attilam
3202 3823 3438 3896 delatus
3484 3822 3758 3896 t_uerit_,_ex

2126 3889 2320 3951 Prisco
2361 3897 2646 3968 sophista,
2680 3896 2991 3968 Theodosii
3033 3894 3291 3968 junioris
3323 3893 3532 3968 aequali
3565 3889 3758 3968 ethis-

2124 3968 2282 4022 toria:
2334 3963 2658 4038 Byiantinze
2709 3967 2991 4034 scriptore
3037 3963 3309 4038 explicat,
3340 3965 3487 4038 _ha:c
3537 3963 3756 4018 totidem

2119 4038 2315 4093 verbis
2364 4035 2578 4110 scripto
2629 4039 2875 4094 tradidit
2909 4055 2977 4092 ;‹‹
3009 4035 3274 4110 Addebat
3301 4035 3350 4090 ei
3387 4041 3584 4090 tamen
3633 4049 3757 4110 con:

2125 4111 2424 4164 ﬁdentiam
2485 4102 2717 4182 gladius
2775 4108 3336 4182 Martis_inventus,
3398 4123 3566 4182 sacer
3619 4102 3755 4182 apud

2123 4176 2688 4252 Scytharumvreges
2720 4197 2954 4251 semper
2986 4179 3262 4252 habitus,
3313 4195 3505 4252 quem
3545 4176 3758 4230 Priscus

2125 4251 2443 4308 historicus
2472 4253 2571 4308 tali
2604 4251 2780 4306 refert
2807 4251 3113 4306 occasione
3145 4252 3442 4306 detectum
3470 4251 3537 4317 δ’,
3570 4271 3596 4297 ››
3627 4252 3726 4300 etc.

2195 4325 2510 4394 Postquam
2570 4329 2764 4378 autem
2817 4323 3060 4378 delubra
3109 4340 3141 4377 a
3171 4320 3406 4394 scytbis
3440 4322 3758 4376 constructa

2124 4399 2283 4463 sunt,
2317 4393 2365 4448 ii
2385 4397 2607 4465 majora
2655 4401 2704 4449 et
2759 4394 3113 4449 solemniora
3157 4393 3404 4465 acinaci,
3438 4408 3608 4465 quam
3653 4405 3748 4465 ca!-

2121 4469 2262 4520 teris
2319 4463 2657 4530 diisfteste
2716 4466 3021 4531 llerodoto,
3073 4463 3362 4520 sacriﬁcia
3425 4463 3753 4519 faciebant:

2120 4560 2146 4586 ‹‹
2207 4537 2327 4591 Sub
2385 4541 2820 4592 sarmentorum
2882 4537 3152 4608 congerie
3211 4531 3753 4608 ferreus‘acinacis,

2119 4609 2219 4676 qui
2275 4609 2524 4678 singulis
2581 4612 2849 4663 vetustus
2900 4603 3025 4676 est,
3070 4609 3388 4678 statuitur;
3453 4606 3623 4678 idque
3677 4603 3758 4655 est

2120 4675 2322 4734 Martis
2373 4675 2781 4747 simulacrum,
2824 4680 2914 4734 cui
2971 4696 3196 4734 annuas
3248 4677 3475 4732 hostias
3524 4675 3756 4747 offerunt

2119 4767 2252 4804 cum
2313 4749 2557 4806 aliorum
2618 4744 2916 4821 pecorum,
2974 4754 3100 4804 tum
3161 4751 3582 4822 equorum,_et
3636 4744 3753 4822 plus

2119 4821 2253 4876 huic
2312 4823 2555 4887 acinaci,
2617 4819 2793 4893 quam
2851 4822 3076 4893 caeteris
3136 4822 3249 4874 diis
3283 4821 3348 4893 ιῗ.
3403 4840 3431 4868 ))
3486 4819 3658 4893 Plura
3708 4819 3753 4866 si

2118 4893 2279 4957 velis,
2315 4893 2430 4960 adi,
2465 4893 2513 4947 si
2560 4889 2748 4962 vacat,
2795 4892 3177 4962 Pomponium
3228 4889 3630 4962 Melamilibro
3677 4901 3754 4962 sej

2120 4965 2330 5090 cpndo,
2366 4958 2553 5036 capite
2601 4958 2812 5036 primo,
2857 4958 3123 5020 Solinum
3171 4963 3361 5034 capite
3410 4961 3677 5017 vicesimo
3706 4958 3754 5009 et

2121 5053 2150 5089 a
2183 5052 2286 5090 los.

2121 5052 2286 5090 auos.

2190 5108 2268 5162 De
2292 5107 2502 5180 lapide,
2521 5124 2695 5178 quem
2721 5107 2986 5162 Clemens
3000 5105 3463 5180 deinde_Arabas
3496 5101 3755 5180 adorasse

2122 5171 2436 5242 memorat,
2471 5171 2589 5233 haec
2619 5180 2829 5233 Suidas
2880 5177 3052 5249 paulo
3086 5176 3433 5249 explicatius
3467 5171 3712 5249 pr_o_didi‘t
3742 5179 3754 5218 ε

2119 5273 2144 5297 ‹‹
2181 5250 2332 5305 Deus
2365 5237 2516 5305 Mars
2548 5251 2715 5322 apud
2747 5237 2907 5322 ipsos
2953 5237 3227 5322 (Arabas)
3250 5237 3482 5302 colitur:
3515 5237 3754 5322 Simula-

2121 5337 2282 5376 crum
2318 5329 2512 5377 autem
2547 5308 2672 5393 ej‘us
2705 5308 2855 5394 lapis
2889 5308 3052 5392 niger
3083 5308 3427 5391 quadratus,
3459 5315 3674 5370 nullam
3705 5308 3760 5361 ﬁ-

430 5462 471 5537 ξδ
504 5461 740 5537 Lucian.
780 5467 852 5537 De
879 5462 1012 5537 ‘dea
1055 5460 1221 5537 Syria
1267 5460 1422 5537 init,
1453 5475 1509 5528 ρ.
1549 5459 1727 5537 1Οἷξζ..
1785 5460 2157 5537 ’°_l’l_utarch.
2181 5464 2251 5537 in
2283 5465 2417 5520 Vita
2462 5466 2685 5530 Numm,
2721 5483 2776 5537 p.
2808 5466 2898 5518 65.
2977 5465 3021 5499 ³ο
3049 5465 3256 5518 Zonar.
3291 5461 3392 5537 lib.
3422 5447 3754 5537 VllnAhnD-tlloi

360 5532 385 5595 ᾗ
417 5532 717 5608 ὅπῃ-322.
772 5535 837 5608 ἡδί
871 5532 1048 5608 Clem.
1081 5518 1509 5608 l'ib.A1_Stroi_n.._,
1801 5607 1805 5608 ν
1836 5531 1881 5608 εξ
1915 5533 2120 5608 Euseb.
2180 5535 2280 5589 lib.
2324 5518 2425 5590 vui
2463 5518 2988 5608 iprzeparfevangq
3022 5553 3080 5608 (τ.
3104 5538 3158 5596 ﬁ,
3193 5552 3226 5606 p

1607 5602 1651 5676 3f
1681 5602 1898 5676 Tertul.
1935 5605 2202 5676 Apolog.,
2238 5624 2286 5661 c.
2320 5610 2408 5662 25.
2485 5610 2530 5642 ³⁵
2559 5602 2765 5663 Τὲυίυί.
2805 5614 2879 5662 De
2910 5602 3281 5675 idololatwvc.
3315 5607 3366 5659 3.

1737 5689 1791 5743 p.
1823 5675 1909 5729 42.
1951 5675 1996 5710 ⁸⁹

2133 5672 2239 5751 iob.
2275 5678 2374 5732 lib.
2399 5696 2463 5751 ivx
2489 5681 2633 5751 Adv.
2669 5687 2823 5751 gent.
2859 5685 3008 5750 post.
3041 5672 3196 5751 init.,
3231 5693 3287 5748 p.
3326 5674 3446 5730 196.
3502 5672 3546 5704 ⁴⁰
3577 5674 3754 5722 Amm.

361 5605 518 5670 gust.
553 5603 651 5657 lib.
689 5621 720 5656 v
771 5606 844 5660 De
891 5604 1075 5664 civit..
1107 5620 1154 5657 c.
1189 5604 1278 5671 31,
1314 5620 1368 5670 p.
1407 5603 1526 5655 111.

362 5673 430 5726 ad
467 5675 667 5742 Graec”
702 5677 880 5742 p.28.
947 5676 990 5708 ετ
1024 5674 1190 5738 Ibid.,
1225 5691 1279 5740 ρ.
1314 5676 1404 5726 29.
1447 5674 1489 5715 as
1525 5671 1698 5739 lbid.,

3238 5534 3408 5586 .1110.
3487 5528 3532 5562 ³³
3562 5527 3616 5579 S.
3649 5525 3752 5576 Au-

3446 5602 3491 5635 35
3522 5598 3754 5651 Admon.

361 5741 616 5799 Marcell.
649 5741 749 5799 lib.
783 5761 868 5810 in,
898 5761 956 5814 p.
989 5744 1114 5796 620.
1191 5745 1230 5776 “
1267 5744 1331 5797 In
1362 5743 1505 5797 Hist.
1535 5743 1707 5797 Goth.
1739 5741 1750 5743 ’
1787 5745 1832 5778 ¹ο²
1866 5747 2131 5803 Herodot.
2168 5748 2268 5804 lib.
2305 5765 2361 5804 ιν
2395 5741 2701 5822 Μθιροωξ
2723 5768 2771 5807 c.
2803 5741 2893 5818 6‘23,
2930 5768 2985 5822 p.
3017 5750 3144 5804 244.
