4052 6154
452 263 559 318 917

1038 265 1226 320 ALIE.
1261 267 1338 318 IN
1376 264 1993 321 COHORTATIONEM
2029 268 2123 321 ET
2161 265 2634 322 PEDAGOGUM
2673 268 3291 324 OBSERVATIONES.

3762 269 3868 323 918

457 393 696 460 propter
725 387 783 442 in
815 387 1098 463 Ecclesiae
1130 391 1416 463 potestate
1447 388 1626 463 situm
1657 393 1765 458 est,
1798 392 1866 463 ut
1903 405 2106 463 earum
2133 393 2185 459 Α
2214 405 2418 463 gypso,
2452 406 2525 443 an
2557 391 2880 463 coloribus,
2904 408 2976 446 an
3007 391 3219 463 lapide,
3253 408 3325 446 an
3353 408 3484 463 sere,
3503 408 3576 447 an
3601 398 3863 463 argento,

453 477 650 527 usum,
686 465 860 532 prout
910 461 1136 530 aequius
1186 460 1556 529 judicaverit,
1608 465 1710 516 aut
1754 461 1998 533 recipiat
2044 467 2102 516 et

454 533 747 602 admittat,
781 536 884 587 aut
916 537 1213 587 removeat
1241 535 1295 602 et
1330 533 1628 586 amandet.

524 604 637 658 Sed
660 601 789 673 jam
821 602 1081 674 aliquem
1116 601 1320 657 audire
1347 604 1517 658 nobis
1548 603 1836 666 videmur,
1871 602 1972 674 qui
2003 603 2100 658 oh-

443 673 608 743 jiciet
657 673 1014 730 Clementem
1065 679 1334 728 nostrum
1385 675 1756 744 apertissime
1804 673 2100 730 declarare

449 745 778 816 imaginum
806 750 1208 818 statuarumve
1230 761 1398 818 usum
1426 763 1537 801 non
1563 745 1752 801 solum
1781 746 1987 818 primis
2001 747 2100 818 Ec-

452 818 644 872 clesize
665 818 1031 888 temporibus
1078 816 1486 888 intermissum
1531 818 1736 883 fuisse,
1768 816 1870 872 sed
1901 817 2098 872 divina

451 889 632 961 etiam
660 887 798 961 lege
823 890 1064 943 omnino
1096 887 1412 961 prohiberi,
1449 906 1517 943 ne
1551 890 1718 961 quod
1768 905 2030 961 unquam
2063 905 2096 944 a

452 959 806 1014 Christianis
833 961 1006 1014 ﬁeret
1049 960 1456 1029 simulacrum,
1507 959 1696 1016 ullave
1738 960 2091 1030 similitudo,

451 1029 796 1102 autimago.
831 1052 860 1080 «
890 1031 1068 1086 Nobis
1110 1032 1290 1100 enim,
1342 1030 1706 1102 inquitﬂille,
1762 1038 1852 1086 est
1895 1036 2093 1102 aperte

449 1101 697 1156 vetitum
721 1106 906 1156 artem
933 1101 1200 1157 fallacem
1223 1101 1508 1158 exercere.
1543 1101 1668 1156 Non
1705 1103 1880 1157 facies
1912 1101 2092 1171 enim,

450 1172 645 1243 inquit
676 1173 954 1242 propheta
984 1175 1246 1242 cujusvis
1279 1172 1361 1227 rei
1392 1173 1863 1240 similitudinem,
1888 1190 2090 1229 eorum

448 1249 746 1316 quairsunt
777 1244 835 1296 in
865 1245 1033 1310 ccelo,
1067 1250 1520 1316 etiquaecunque
1551 1249 1692 1298 sunt
1723 1245 1782 1298 in
1815 1251 1970 1300 terra
2000 1245 2089 1299 in-

450 1315 610 1388 tra“.
647 1317 1094 1388 »__Quamobrem
1126 1315 1223 1370 ille
1257 1315 1396 1370 alibi
1430 1315 1784 1388 Pythagorae
1830 1317 1899 1370 de
1931 1316 2091 1371 nulla

445 1385 503 1438 in
518 1385 754 1458 annulis
775 1386 1163 1458 insculpenda
1186 1388 1428 1441 deorum
1454 1385 1710 1458 imagine
1736 1391 2087 1458 praeceptum

444 1457 647 1511 eadem
688 1457 1049 1529 Moysislege
1066 1460 1411 1513 conﬁrmat:
1445 1482 1465 1507 ι
1502 1457 1945 1513 Ριυίι-ειιςαυιθώ
1970 1475 2086 1513 non

439 1543 566 1582 esse
622 1529 1243 1600 gestandosiannulos,
1277 1545 1468 1600 neque
1523 1532 1767 1585 deorum
1799 1529 2087 1600 imagines

440 1614 567 1672 esse
592 1600 649 1653 in
669 1599 752 1654 eis
771 1599 1206 1671 insculpendas,
1231 1599 1493 1671 praecipit
1517 1601 1899 1672 Pythagoras;
1930 1599 2084 1656 sicut

441 1669 668 1743 Moyses
701 1672 898 1726 multis
931 1669 1065 1727 ante
1095 1669 1325 1728 saeculis
1383 1669 1580 1743 aperte
1638 1669 1826 1743 legem
1867 1673 2081 1740 sanxit,

440 1742 658 1828 nullam
689 1747 958 1828 oportere
988 1743 1342 1826 sculptilem,
1370 1742 1457 1828 vel
1482 1742 1733 1812 fusilem,
1755 1743 1839 1828 v_el
1863 1744 2080 1828 fictam,
2112 1762 2160 1828 Β

438 1812 527 1867 vel
589 1812 804 1884 pictam
859 1812 1201 1883 imaginem,
1259 1812 1720 1870 simulacrnmve
1776 1816 1980 1882 facere,
2013 1819 2077 1870 ut

440 1885 679 1939 sensilia
711 1885 953 1941 minime
982 1888 1442 1954 attenderemus,
1474 1887 1576 1940 sed
1609 1887 1679 1940 ad
1714 1901 1780 1941 ea
1806 1885 2078 1941 transire-

441 1972 596 2025 mus,
629 1973 756 2028 qua:
791 1957 1194 2029 percipiuntur
1223 1956 1614 2029 intelligentia
1638 1958 1756 2029 ‘5,»
1779 1961 1889 2012 etc.
1923 1956 2075 2020 Quid

441 2042 594 2098 ergo,
620 2032 824 2098 arguet
839 2029 954 2094 ille,
974 2029 1104 2084 Haec
1126 2028 1446 2084 Clementis
1471 2029 1647 2084 verba
1667 2028 1824 2083 aliud
1841 2032 2077 2097 sonant,

442 2098 554 2154 nisi
590 2100 802 2172 Moysis
832 2099 958 2172 lege
987 2101 1229 2156 vetitum
1288 2103 1530 2155 omnino
1587 2100 1792 2172 fuisse,
1839 2116 2078 2172 ne_qua

438 2169 699 2244 unquam
730 2169 1045 2244 ﬁeret‘sive
1072 2172 1262 2244 ipsius
1283 2172 1394 2244 Dei
1425 2172 1548 2228 sive
1577 2171 1730 2227 alius
1760 2169 2077 2242 cujuslibet

435 2241 514 2297 rei
535 2241 740 2314 imago
783 2247 841 2296 et
866 2241 1253 2298 simulacrum
1274 2243 1303 2297 ‘?

501 2313 725 2368 Novum
759 2317 954 2368 autem
984 2315 1122 2370 huic
1153 2313 1474 2384 objectioni
1515 2314 1652 2368 inde
1706 2313 1884 2368 robur
1914 2329 2073 2370 acce-

428 2384 532 2456 dit,
569 2385 723 2456 quod
755 2385 1024 2441 Clemens
1049 2383 1270 2441 ibidem
1293 2383 1608 2456 signiﬁcat,
1633 2385 1902 2440 Hebraeos
1936 2385 2073 2441 huic

427 2455 635 2512 divinae
668 2456 782 2527 legi
813 2457 897 2512 ita
928 2455 1449 2521 fuisseobsecutos,
1485 2461 1548 2510 ut
1568 2456 1800 2512 nullum
1823 2457 1883 2511 in
1920 2460 2070 2511 tem-

430 2528 525 2610 plo
549 2545 656 2583 suo
679 2528 1062 2583 simulacrum
1117 2528 1496 2610 posuerint".
1540 2527 2069 2610 sQuocirca'ZEgy:
2099 2566 2106 2574 ς

428 2600 684 2671 ptiorum
718 2615 953 2670 quoque
983 2599 1376 2666 sacerdotum,
1405 2599 1618 2671 inquit,
1650 2599 2071 2671 sapientissimi

428 2669 701 2724 Minervae
732 2669 913 2726 eadem
946 2671 1055 2726 sub
1113 2671 1208 2726 dio
1269 2669 1735 2736 constituerunt,
1753 2675 1818 2724 ut
1850 2670 2070 2726 Hebraei

430 2741 526 2808 qui
556 2741 840 2812 templum
874 2747 1197 2813 posuerunt
1253 2741 1478 2812 absque
1528 2741 1866 2813 simulacro.
1927 2742 2072 2813 Sunt

429 2816 625 2867 autem
659 2810 757 2883 qui
780 2810 963 2867 Deum
985 2813 1241 2869 colentes
1264 2810 1414 2868 facta
1439 2811 1586 2879 coeli,
1622 2810 2070 2884 οὐρανοῦβῖἢεξϐ

428 2899 556 3007 qua:
589 2881 746 2938 astra
776 2885 1054 2954 continet,
1076 2900 1209 2940 eum
1232 2885 1509 2949 adorant;
1544 2881 1910 2938 cum‘nostra
1939 2881 2068 2954 qui-

471 2971 562 3007 em
597 2959 748 3007 certe
778 2955 935 3007 dicat
982 2956 1283 3007 Scrintura
1319 2971 1330 3007 :
1369 2978 1396 3004 ιι
1429 2953 1736 3007 Faciamus
1767 2954 2068 3007 hominem

471 2971 562 3008 em
597 2959 748 3026 certe
778 2955 935 3010 dicat
982 2953 1283 3026 SCriptura
1319 2971 1330 3010 :
1369 2978 1396 3004 ιι
1429 2953 1736 3009 Faciamus
1767 2953 2068 3026 hominem

426 3047 456 3096 (ς
491 3029 562 3078 ad
595 3025 914 3096 imaginem
945 3031 1003 3096 et
1032 3025 1483 3082 similitudinem
1523 3031 1783 3096 nostram
1807 3025 1870 3078 ‘3.
1910 3047 1954 3096 2»
1982 3025 2067 3081 Ibi

426 3095 864 3182 iicrvetus’pro
906 3095 1134 3182 cdpavob
1183 3097 1495 3182 legendum
1542 3101 1705 3180 putat
1752 3095 2064 3182 dvepcbncu.
2102 3114 2144 3182 α

423 3166 643 3241 Verum
677 3165 816 3241 quid
849 3165 1022 3236 vetat,
1073 3165 1395 3241 quom—inus
1422 3165 1652 3241 ρύράνοῦ
1702 3165 2072 3241 nomint-rde-

422 3239 688 3309 signetur
707 3240 938 3310 Uranus,
963 3239 1106 3307 sive,
1129 3244 1194 3294 ut
1215 3239 1401 3295 Latini
1423 3239 1832 3310 loquebantur.
1852 3239 2074 3307 Caelum,

424 3310 880 3383 quodhumana
909 3311 1101 3383 efﬁgie
1134 3315 1302 3383 astra
1325 3311 1662 3383 continente
1707 3311 1871 3382 pingi
1916 3311 2071 3366 sole-

424 3381 544 3463 bat.
577 3381 687 3464 Sed
722 3381 875 3464 nihil
905 3381 1044 3464 inde
1073 3382 1616 3464 contraimaginum
1648 3383 2072 3464 adversarium,

425 3453 524 3524 qui
556 3455 863 3508 contendet
900 3455 1259 3510 Clementem
1291 3458 1558 3507 nostrum
1590 3469 1707 3507 non
1751 3452 1937 3506 solum
1971 3453 2073 3519 ibi,

425 3524 528 3578 sed
563 3523 694 3580 aliis
723 3526 916 3580 adhuc
969 3525 1237 3596 pluribus
1267 3524 1327 3578 in
1360 3523 1505 3596 locis
1537 3522 1928 3596 apertissime
1975 3523 2074 3577 de-

425 3596 651 3651 clarare
686 3613 892 3653 omnes
924 3593 1164 3652 omnino
1198 3595 1487 3666 imagines
1520 3594 1719 3649 divina
1763 3593 1890 3666 lege
1937 3609 2073 3664 pro-

427 3670 681 3737 scriptas
714 3668 899 3723 fuisse
929 3673 987 3723 et
1019 3666 1345 3737 prohibitas
1359 3667 1423 3719 ‘9.

499 3735 602 3793 611
631 3739 829 3810 Neque
861 3740 972 3795 sibi
998 3735 1096 3794 ille
1127 3738 1340 3810 opponi
1375 3736 1626 3810 patietur
1647 3735 1871 3810 positas
1892 3735 2075 3792 fuisse

426 3808 1009 3884 in_Jerosolymitano
1053 3808 1272 3884 templo
1323 3808 1784 3884 Cherubinorum
1831 3808 2071 3884 ﬁguras,

429 3879 544 3936 alis
603 3883 726 3937 suis
752 3878 972 3938 'arcam
1031 3878 1246 3936 veteris
1304 3879 1641 3936 testamenti
1699 3878 1961 3934 velantes
2008 3878 2072 3933 5°.

429 3953 756 4008 Contendet
784 3953 937 4010 enim
985 3953 1340 4008 Clementem
1401 3968 1517 4006 non
1568 3951 1888 4005 credidisse
1941 3948 2074 4006 illas

428 4023 613 4097 fuisse
641 4025 955 4097 imagines,
989 4027 1086 4079 sed
1119 4025 1386 4097 quadam
1441 4023 1727 4097 duntaxat
1788 4021 2072 4097 symbols,

428 4096 645 4169 quibus
708 4119 728 4146 ι
765 4093 1086 4169 spirituum
1127 4093 1584 4169 gloriﬁcantium
1621 4117 1640 4142 ι
1673 4093 1891 4169 _quies_,
1925 4110 2071 4166 que-

427 4165 816 4222 madmodum
843 4185 1048 4224 eorum
1089 4165 1242 4233 aliis,
1294 4167 1363 4220 de
1413 4165 1629 4236 quibus
1673 4165 1955 4236 legendus
1987 4169 2076 4220 est

429 4238 764 4309 Kircherus,
799 4239 1125 4294 ministeria
1155 4244 1211 4294 et
1257 4237 1544 4292 sublimes
1575 4237 1947 4309 dexterarum
1991 4237 2074 4309 si-

426 4310 552 4434 rpul
581 4315 637 4434 ttat
668 4307 1038 4416 sinistrarum
1071 4313 1427 4383 potestatum
1472 4309 1839 4381 operationes
1888 4307 2071 4380 signi-

447 4398 577 4434 lcan
612 4399 681 4434 ur
725 4387 762 4434 ¹.

447 4386 681 4436 icantur
699 4386 762 4440 ⁵¹.

499 4455 781 4509 Eamdem
807 4470 1034 4523 quoque
1056 4455 1125 4509 de
1147 4451 1473 4508 interdictis
1492 4448 1854 4523 quibuslibet
1870 4449 2073 4523 imagi-

428 4523 606 4581 nibus
639 4521 1180 4581 fuisse’Tertulliani
1208 4528 1460 4578 mentem
1504 4521 1559 4576 et
1599 4521 1946 4576 sententiam
1986 4521 2074 4576 his

430 4596 522 4650 hic
556 4597 748 4669 adhuc
780 4597 1033 4669 probare
1049 4596 1357 4669 cognabitur
1378 4592 1567 4669 ipsius
1585 4592 2069 4669 vAerbiszuldolum

437 4673 556 4740 tam
591 4668 712 4723 ﬁeri
748 4664 926 4740 quam
957 4667 1251 4740 csliiDeus
1283 4664 1574 4740 prohibet.
1600 4664 1826 4740 Quanto
1860 4680 2070 4734 praece-

433 4738 544 4805 dit,
574 4745 641 4794 ut
671 4736 793 4805 ﬁat',
825 4741 980 4810 quod
1013 4739 1124 4794 coli
1173 4736 1408 4810 possit;_
1440 4740 1603 4789 tanto
1653 4736 1816 4806 prius
1864 4740 1972 4810 est,
2005 4750 2079 4789 ne

433 4811 554 4876 ﬁat,
590 4811 638 4866 si
674 4810 784 4866 coli
817 4807 932 4866 non
965 4809 1098 4865 licet
1131 4807 1544 4880 propterrhanc
1576 4823 1814 4880 causam
1849 4807 2080 4880 adera-

443 4875 753 4936 dicandam
788 4882 1011 4937 scilicet
1042 4875 1347 4936 materiam
1371 4875 1734 4948 idololatriae,
1767 4878 1859 4932 lex
1889 4877 2086 4933 divina

434 4953 764 5023 proclamat
799 4969 811 5007 :
844 4954 925 5009 Ne
959 4953 1163 5008 feceris
1196 4949 1527 5023 idolum.‘Et
1556 4950 2087 5023 conjungenszNe-

2215 460 2289 515 an
2322 460 2419 515 ﬁlo
2455 463 2738 516 formetur
2767 461 3016 516 idolum.
3052 460 3080 510 ›;

2281 532 2671 606 Verumitota
2693 531 3006 606 Clementis
3045 537 3109 606 et
3145 533 3471 588 Tertulliani
3505 535 3856 606 disputatio,

2210 602 2320 657 hoc
2352 603 2475 658 solo
2501 603 3055 673 innititurDecalogi
3082 609 3364 675 praecepto
3390 602 3853 664 :«Non'habebis

2211 675 2350 729 deos
2373 675 2595 730 alienos
2619 691 2956 748 coramwrne.
2992 676 3124 748 Non
3177 677 3354 730 facies
3401 676 3507 730 tibi
3558 678 3848 748 sculptile,

2209 762 2401 816 neque
2433 763 2666 802 omnem
2691 746 3166 813 similitudinem,
3187 763 3314 818 quae
3337 748 3394 801 in
3414 748 3552 802 cmlo
3575 754 3663 802 est
3683 746 3850 804 desu-

2207 834 2328 900 per,
2358 821 2417 900 et
2437 834 2565 900 qum
2590 820 2646 900 in
2672 821 2827 900 terra
2848 819 3148 900 deorsum,
3175 834 3293 900 _nec
3316 834 3684 900 eorumnquaa
3711 827 3850 900 sunt

2205 889 2264 962 in
2284 889 2453 962 aquis
2476 889 2585 944 sub
2611 893 2765 962 terra
2782 890 2844 942 ⁵³.
2882 890 3142 962 p_0mnis
3171 889 3370 962 itaque
3429 889 3745 944 difﬁcultas
3788 893 3846 946 in

2205 959 2453 1032 hujusce
2479 960 2741 1015 mandati
2775 960 3160 1030 explicatione
3183 959 3466 1016 versatur.
3494 965 3553 1016 At
3577 962 3846 1032 quamvis

2203 1031 2366 1104 Philo
2389 1031 2703 1104 Judaausi‘,
2726 1032 3017 1104 Josephus
3035 1033 3100 1100 ⁵⁵,
3124 1033 3341 1104 aliique
3367 1031 3725 1102 antiquiores
3747 1034 3846 1088 Ju-

2202 1102 2308 1175 daei
2342 1104 2589 1175 doceant
2639 1102 2748 1157 hac
2781 1102 2906 1174 lege
2939 1120 3142 1158 omnes
3194 1102 3434 1175 prorsus
3465 1105 3752 1175 imagines
3789 1111 3846 1160 et

2201 1174 2646 1246 similitudines,
2680 1189 3004 1246 omnesque
3035 1174 3270 1246 penitUs
3300 1180 3531 1230 statuas
3558 1174 3614 1230 et
3646 1178 3843 1246 (μιξειὶ-

2200 1245 2296 1300 bet
2328 1247 2664 1300 manufaota
2695 1245 3015 1300 simulacra
3037 1245 3341 1311 interdici,
3373 1245 3728 1302 recentiores
3755 1254 3841 1302 ta-

2200 1333 2331 1371 men
2362 1317 2567 1384 Judaei,
2605 1315 2904 1387 nostrique
2953 1319 3242 1372 doctiores
3290 1317 3544 1388 theologi
3598 1327 3840 1374 censent

2198 1405 2315 1442 non
2347 1404 2580 1442 omnem
2612 1403 2873 1458 prorsus,
2910 1395 2973 1442 ut
2996 1391 3066 1443 de
3111 1389 3346 1444 Justino
3392 1394 3645 1456 martyre
3696 1390 3833 1444 alibi

2197 1459 2452 1532 diximus
2475 1461 2539 1532 5“,
2582 1459 2909 1530 imaginum
2957 1476 3130 1515 usum
3164 1461 3272 1514 hac
3303 1461 3504 1515 eadem
3539 1460 3665 1532 lege
3699 1479 3834 1532 pro-

2196 1529 2402 1596 hiberi,
2435 1531 2538 1585 sed
2570 1529 2768 1585 earum
2801 1533 3210 1587 tantummodo
3242 1532 3458 1602 quibus
3490 1529 3715 1586 nomen
3736 1534 3834 1586 ali-

2196 1603 2348 1676 quod
2373 1607 2474 1656 aut
2505 1603 2770 1676 quedam
2805 1603 3079 1676 divinitas
3112 1607 3585 1676 repraesentetur.
3647 1606 3830 1668 Quam

2194 1673 2432 1746 quidem
2458 1674 2836 1746 sententiam
2888 1690 2992 1746 nec
3021 1673 3276 1729 inﬁrmis
3306 1691 3409 1730 nec
3439 1674 3665 1729 levibus
3697 1693 3827 1746 pro-

2191 1743 2334 1800 Bant
2363 1743 2653 1799 rationum
2685 1745 3018 1800 momentis.

2261 1815 2520 1872 Primum
2551 1816 2708 1888 enim
2732 1832 2866 1888 cum
2884 1816 2993 1872 hoc
3014 1816 3282 1888 Decalogi
3308 1821 3593 1888 praecepto
3616 1833 3682 1872 ea
3703 1819 3820 1871 tan-

2183 1890 2310 1942 tum
2343 1904 2471 1959 quae
2500 1888 2569 1959 ad
2601 1887 2700 1942 Dei
2734 1887 2953 1959 cultum
3003 1887 3269 1958 spectant
3311 1887 3821 1959 comprehendan-

2182 1963 2298 2027 tur,
2329 1957 2478 2013 nihil
2509 1957 2669 2013 aliud
2703 1957 2806 2013 illa
2834 1957 3078 2012 vetitum
3111 1963 3220 2025 est,
3273 1959 3387 2013 nisi
3440 1957 3501 2014 ut
3545 1959 3707 2014 nulla
3738 1961 3819 2014 rei

2183 2034 2389 2086 creata:
2417 2028 2634 2101 imago,
2667 2028 2896 2084 nullum
2927 2030 3448 2098 simulacrum,aut
3470 2030 3690 2084 idolum
3716 2048 3818 2101 pro

2180 2117 2314 2157 vero
2345 2102 2481 2170 Deo,
2513 2107 2570 2156 et
2601 2101 2882 2156 adversus
2913 2117 3074 2164 eum,
3105 2118 3172 2172 ac
3203 2102 3370 2172 quasi
3404 2117 3505 2171 per
3533 2101 3701 2155 illum
3728 2103 3818 2156 di-

2179 2172 2399 2299 vijnitats
2422 2173 2499 2227 sit
2528 2188 2823 2244 expressa,
2859 2173 2929 2228 ab
2973 2172 3094 2227 ullo
3137 2171 3443 2241 habeatur,
3492 2172 3720 2228 colatur
3762 2177 3819 2227 et

2180 2260 2214 2299 a
2257 2261 2354 2299 ore
2386 2261 2474 2298 ur.

2180 2247 2474 2300 adoretur.

2256 2316 2471 2387 Deinde
2491 2331 2624 2370 vero
2647 2313 3124 2387 quandoquidem
3154 2315 3447 2386 Deusipse
3469 2319 3526 2387 et
3547 2315 3685 2387 aenei
3709 2331 3823 2370 ser-

2178 2387 2371 2457 pentis
2398 2386 2649 2458 ﬁguram
2673 2386 2934 2458 exhiberi
2965 2391 3021 2458 et
3051 2386 3355 2441 cherubim
3389 2386 3578 2457 sculpi
3609 2404 3828 2458 praece-

2179 2459 2349 2529 perit,
2383 2457 2518 2514 inde
2546 2460 2804 2529 profecto
2823 2457 3117 2528 coliigitur
3138 2474 3251 2512 non
3275 2458 3552 2512 omnibus
3579 2457 3821 2512 omnino

2179 2546 2374 2584 rerum
2426 2534 2753 2584 creatarum
2795 2529 3157 2600 imaginibus
3205 2533 3262 2600 et
3310 2529 3667 2600 simulacris,
3701 2529 3823 2584 sive

2179 2602 2355 2656 etiam
2383 2600 2689 2672 symbolis,
2719 2600 2804 2654 vel
2836 2598 3176 2672 symbolicis
3207 2598 3696 2654 similitudinibus
3727 2616 3823 2654 ex-

2179 2669 2510 2742 primendis
2544 2671 2647 2726 hac
2677 2671 2803 2742 lege
2834 2669 3126 2742 interdici.

2247 2744 2435 2814 Atque
2457 2742 2610 2798 hanc
2635 2740 2777 2814 sane
2799 2742 2979 2797 fuisse
3009 2740 3821 2814 ClementisiTertullianique

2178 2811 2516 2884 Opinionem
2551 2829 2616 2868 eo
2649 2813 2819 2868 facile
2849 2815 3150 2884 probatur,
3193 2813 3350 2884 quod
3394 2811 3688 2880 Clemens,
3721 2811 3822 2868 ubi

2178 2831 2210 2868 o
2258 2831 2516 2869 inionem
2551 2831 2616 2868 eo
2649 2831 2819 2868 Iacue
2849 2831 3150 2883 promatur,
3193 2831 3350 2884 quoa
3394 2831 3688 2880 utemens,
3721 2831 3822 2868 um

2175 2831 2523 2940 CEristianis
2547 2884 2858 2940 «fallacem
2875 2908 2903 2934 »
2936 2883 3386 2939 simulacrorum
3421 2885 3823 2954 exprimendo-

2177 2973 2306 3011 rum
2335 2977 2362 3006 ε(
2391 2960 2576 3012 artem
2609 2971 2874 3012 exercere
2904 2977 2931 3005 »
2955 2955 3316 3027 prohibitum
3341 2957 3566 3022 scribit;
3603 2955 3681 3010 ibi
3714 2973 3818 3026 pa-

2177 3043 2358 3154 ganos
2389 3027 2631 3093 refellat,
2662 3028 2761 3097 qui
2792 3031 3017 3082 statuas
3039 3032 3096 3082 et
3133 3027 3353 3111 ﬁguras
3385 3044 3485 3097 pro
3511 3027 3663 3082 veris
3705 3027 3818 3082 diis

2226 3101 2480 3154 abebant
2510 3103 2566 3154 et
2594 3099 2885 3154 colebant.
2918 3103 3018 3153 aut
3040 3098 3243 3154 saltem
3267 3115 3339 3152 us
3369 3114 3538 3153 veros
3561 3099 3700 3152 deos
3727 3116 3814 3152 re-

2226 3101 2480 3155 abebant
2510 3103 2566 3154 et
2594 3099 2885 3165 colebant,
2918 3103 3018 3153 aut
3040 3097 3243 3154 saltem
3267 3097 3339 3152 iis
3369 3114 3538 3153 veros
3561 3099 3700 3152 deos
3727 3116 3814 3152 re-

2183 3171 2515 3256 praesentari
2531 3170 3496 3256 arbitrabanturﬂuemad‘modum
3521 3169 3818 3256 ergoiiiud

2174 3239 2309 3312 jure
2321 3243 2554 3311 quidem
2577 3242 2957 3312 meritissimo
2980 3241 3485 3312 proscriptum,ita
3499 3239 3642 3312 nihil
3659 3239 3817 3294 aliud

2179 3311 2528 3369 Christianis
2551 3313 2830 3367 omnibus
2871 3311 2952 3367 ibi
2983 3311 3208 3366 asserit
3243 3327 3370 3365 esse
3414 3311 3818 3364 interdictum.

2185 3384 2579 3446 Quamobrem
2613 3383 2889 3437 continuo
2921 3383 3246 3452 subjungit,
3278 3381 3336 3434 id
3371 3380 3480 3435 nisi
3503 3386 3655 3452 esset
3674 3381 3820 3434 veti-

2178 3458 2305 3509 tum
2329 3469 2344 3508 :
2381 3476 2401 3503 ιι
2433 3455 2653 3509 Revera
2682 3453 2947 3508 Cererem
2969 3451 3294 3517 Praxitelis,
3317 3456 3373 3506 et
3396 3451 3821 3521 Proserpinam,

2180 3529 2236 3580 et
2261 3525 2532 3580 Iacchum
2565 3524 2878 3592 mysticum
2904 3525 3039 3578 deos
3067 3523 3559 3586 existimaremus,
3591 3522 3676 3577 vel
3710 3523 3820 3592 Ly-

2180 3596 2331 3668 sippi
2366 3601 2542 3668 artes,
2569 3593 2656 3649 vel
2692 3611 2901 3649 manus
2931 3594 3170 3668 Apellis,
3205 3610 3330 3664 qua:
3363 3593 3571 3668 divinae
3619 3593 3821 3668 existi—

2180 3665 2460 3738 mationis
2517 3667 2765 3738 ﬁguram
2828 3666 3124 3738 praebuere
3181 3665 3436 3719 materiae
3458 3665 3519 3719 ⁵⁷.
3557 3688 3583 3715 ››
3621 3665 3818 3738 Neque

2179 3739 2293 3794 alio
2322 3737 2491 3809 plane
2543 3736 2742 3803 sensu,
2794 3738 2879 3791 uti
2912 3756 2945 3793 a
2978 3736 3146 3791 nobis
3179 3738 3545 3792 observatum
3578 3737 3818 3809 est,ille

2178 3808 2494 3865 alibidixit
2529 3809 2910 3881 Pythagoram
2946 3826 2978 3862 a
3030 3809 3224 3880 Moyse
3271 3809 3546 3881 didicisse
3595 3808 3818 3881 nullam

2177 3884 2236 3936 in
2271 3881 2507 3937 annulis
2539 3879 2983 3951 insculpendam
3029 3879 3272 3934 deorum
3300 3880 3612 3952 imaginem
3635 3880 3700 3932 ³⁸.
3735 3879 3819 3932 Ibi

2177 3955 2332 4008 enim
2364 3970 2494 4008 vero
2525 3969 2654 4008 cum
2686 3953 2755 4006 de
2789 3953 2932 4007 solis
2962 3953 3203 4022 deorum
3227 3952 3588 4022 imaginibus
3639 3968 3672 4004 a
3726 3955 3821 4020 Py-

2176 4025 2423 4096 thagora
2449 4024 2924 4096 commemoratis
2964 4021 3243 4096 disputet,
3277 4021 3376 4096 eas
3423 4027 3576 4096 recte
3618 4021 3822 4096 arguit

2178 4091 2540 4168 Moysislege
2573 4094 2916 4167 prohibitas.
2969 4091 3114 4159 Quid
3151 4109 3279 4168 vero
3313 4093 3383 4168 de
3434 4093 3567 4168 aliis
3613 4091 3821 4168 imagi-

2178 4164 2352 4222 nib'us
2385 4164 2539 4222 essét
2568 4164 2976 4228 statuendum.
3004 4165 3479 4228 quandoquidem
3515 4164 3570 4217 id
3608 4165 3677 4218 ad
3699 4180 3820 4218 rem

2179 4256 2346 4293 suam
2379 4255 2494 4293 non
2527 4238 2794 4302 faciebat,
2830 4237 2975 4292 nihil
3000 4235 3096 4291 ille
3119 4237 3229 4291 nisi
3254 4235 3324 4290 de
3353 4235 3461 4289 viri
3490 4236 3824 4306 summique

2178 4309 2277 4365 Dei
2310 4310 2503 4381 efﬁgie
2561 4310 2920 4381 pronuntiat.
2984 4307 3215 4381 Nullam
3261 4305 3826 4381 etenimuillius,_’ne

2177 4381 2373 4436 divina
2415 4379 2694 4450 maje'stas
2717 4381 3071 4450 contemptui
3096 4379 3410 4434 haberetur
3430 4379 3824 4450 efﬁngendam

2182 4469 2312 4508 esse
2342 4469 2679 4524 corpoream
2702 4451 3172 4524 imagincmhis,
3207 4467 3333 4524 quae
3361 4450 3578 4524 ibidem
3609 4450 3824 4524 subne-

2189 4525 2286 4593 cti,
2318 4519 2510 4579 verbis
2537 4523 2799 4578 definivit
2833 4519 2906 4578 ἴα
2943 4522 3014 4576 Ut
3043 4521 3143 4576 Dei
3194 4519 3348 4576 enim
3393 4522 3692 4586 majestas,
3746 4519 3830 4573 in—

2183 4597 2332 4667 quit,
2364 4595 2494 4650 vilis
2525 4600 2581 4650 et
2611 4598 2946 4666 contempta
2988 4594 3285 4667 reddatur,
3339 4593 3518 4646 efﬁcit
3565 4609 3692 4667 quae
3729 4595 3831 4667 est

2184 4662 2244 4721 in
2294 4662 2562 4737 promptu
2601 4662 2864 4721 videndi
2893 4665 3293 4737 consuetudo;
3325 4668 3382 4718 et
3428 4680 3554 4734 quae
3606 4662 3828 4737 intelli-

2187 4735 2383 4809 gentia
2415 4735 2736 4810 pércipitur
2768 4737 3084 4810 essentiam
3112 4735 3326 4810 colere
3349 4751 3452 4810 per
3496 4735 3828 4810 materiam,

2189 4806 2278 4866 est
2306 4806 2431 4865 eam
2466 4806 2834 4880 per'sensnm
2872 4808 3247 4880 vilipendere,
3269 4879 3275 4880 ί
3295 4806 3830 4880 QuodcircaAgEgy-

2193 4877 2717 4954 ptiorum'quoque
2749 4877 3119 4954 sacerdotum
3154 4877 3574 4954 sapientissimi
3617 4878 3828 4954 Mi_ner-_

2193 4947 2274 5007 vae
2294 4953 2474 5007 aedem
2500 4947 2609 5007 sub
2625 4947 2736 5006 _dio
2757 4967 2887 5006 esse
2909 4947 3366 5016 constituerunt,
3390 4955 3456 5004 ut
3477 4949 3698 5003 Hebmi
3733 4947 3833 5018 qui

442 5019 556 5095 que
586 5023 1040 5079 similitudidem
1068 5019 1509 5096 eoruquuaein
1537 5020 1673 5096 caelo
1697 5019 1856 5096 sunt,
1882 5025 1944 5096 et
1960 5037 2088 5096 quae
2196 5023 2482 5096 templum
2517 5027 2840 5096 posuerunt
2867 5020 3435 5096 absquesimulacro
3452 5021 3515 5074 ‘9.
3554 5043 3581 5070 »
3611 5023 3681 5075 At
3708 5020 3836 5096 Cle-

433 5093 688 5168 interra,
723 5101 781 5151 et
817 5113 944 5168 qua:
979 5096 1034 5150 in
1067 5093 1408 5168 mari._'_ljoto
1437 5093 1660 5168 mundo
1683 5093 2090 5168 ejusmodi'ar-

437 5162 924 5222 tibusinterdixit
947 5167 1130 5222 servis
1153 5165 1332 5220 Dei”.
1358 5187 1378 5215 ι
1427 5162 1574 5229 Quid
1607 5163 1657 5218 si
1691 5168 1884 5218 autem
1921 5163 2092 5230 illud,

446 5239 518 5292 de
552 5255 668 5310 quo
701 5241 984 5310 disputat,
1010 5236 1255 5310 idolum,
1291 5231 1376 5290 sic
1426 5233 1523 5289 ille
1557 5234 1762 5310 deﬁnit
1793 5253 1805 5289 :
1841 5257 1868 5284 ‹‹
1898 5233 2095 5310 Neque

432 5304 680 5382 interest
701 5327 775 5365 an
799 5304 1018 5382 plastes
1047 5309 1308 5382 efﬁngat,
1363 5323 1436 5382 an
1488 5304 1732 5382 caelator
1774 5307 2096 5382 exsculpat,

434 5397 507 5436 an
533 5381 779 5454 phrygio
801 5377 1080 5450 'detexat;
1117 5377 1218 5452 qui
1260 5394 1365 5433 nec
1405 5377 1477 5432 de
1525 5377 1773 5432 materia
1805 5377 1992 5434 refert
2019 5395 2095 5434 an

773 5522 874 5578 lib.
907 5540 1006 5576 vm
1041 5524 1195 5576 cont.
1229 5518 1381 5574 Cels.

506 5526 550 5558 ‘5
581 5526 718 5596 Orig
773 5526 874 5578 lib.
907 5540 1006 5576 vm
1041 5526 1195 5576 cont.
1229 5526 1381 5574 Cels.
1415 5535 1474 5589 p.
1508 5526 1538 5572 4

532 5596 658 5649 584.
737 5596 781 5630 ⁵ο
810 5595 910 5650 lib.
944 5611 1024 5657 v1,
1050 5610 1104 5663 p.
1131 5591 1276 5663 7687;
1308 5589 1410 5644 lib.
1441 5606 1541 5663 vn,

443 5614 500 5664 p.
532 5596 658 5649 584.
685 5590 712 5596 ν
737 5596 781 5630 ⁵ο
810 5595 910 5650 lib.
944 5611 1024 5657 v1,
1050 5610 1104 5663 p.
1130 5591 1276 5664 687;
1308 5590 1410 5644 lib.
1439 5606 1546 5664 Υιιῖ
1576 5591 1799 5664 ρ.71έι;
1835 5590 1935 5647 lib.
1967 5610 2018 5660 ν,

1415 5535 1474 5589 p.
1508 5520 1594 5572 41.
1676 5521 1720 5554 ⁴⁶
1743 5518 1845 5574 lib.
1876 5537 1932 5574 v.
1960 5525 2200 5588 Strom.,
2235 5540 2241 5590 χ

1443 5606 1519 5624 un
1576 5607 1610 5624 τι
1662 5591 1798 5624 ἿΙᾹ.
1836 5590 1914 5624 Hk
1967 5610 2000 5624 υ
2055 5611 2089 5624 n
2145 5595 2241 5624 ιιιιι

443 5614 500 5664 p.
532 5596 658 5649 584.
692 5595 700 5596 ί
737 5596 781 5630 ⁵ο
810 5595 910 5650 lib.
944 5611 1024 5657 v1,
1050 5610 1104 5663 p.
1136 5595 1276 5656 687;
1308 5595 1410 5644 lib.
1443 5606 1541 5654 νη,
1576 5607 1633 5660 p.
1662 5595 1799 5657 714;
1835 5595 1935 5647 lib.
1967 5610 2018 5660 ν,
2055 5611 2079 5664 p

443 5668 491 5702 ⁵²
525 5667 749 5724 Tertul.
785 5667 885 5721 lib.
920 5666 999 5720 De
1028 5662 1316 5731 idololat.,
1348 5677 1398 5714 ο.
1434 5662 1486 5727 3,
1524 5662 1572 5714 lt.
1653 5662 1697 5696 ⁵³
1730 5663 1906 5717 Exod.
1940 5681 2032 5731 xx,
2065 5667 2079 5718 ἐ

2193 5595 2269 5648 54.
2348 5595 2390 5628 ⁵1
2426 5595 2680 5650 Kircher.
2715 5595 2817 5648 lib.
2859 5612 2896 5646 v
2942 5595 3105 5648 Obel.
3154 5595 3216 5647 Pa

2195 5665 2239 5699 ⁸⁸
2270 5665 2431 5720 Philo
2457 5665 2556 5720 lib.
2584 5665 2723 5729 Quis
2757 5665 2934 5720 divin.
2985 5664 3216 5729 haeres,

2201 5092 2368 5175 mens
2398 5092 2603 5175 ibi,'ut
2629 5095 2811 5175 vides,
2835 5099 2903 5175 Aet
2943 5092 3010 5148 in
3034 5092 3164 5148 aliis
3206 5092 3503 5175 plerisque
3561 5092 3838 5175 omnibus

2204 5167 2251 5222 si
2284 5155 2501 5222 attente
2522 5155 2956 5238 expendentur,
2973 5181 3149 5238 supra
3180 5155 3377 5218 citatis
3408 5155 3572 5238 illius
3604 5162 3748 5216 locis
3772 5161 3841 5215 de

2207 5253 2452 5294 summae
2485 5242 2542 5293 et
2567 5233 2891 5309 spiritualis
2928 5233 3319 5309 Dei—naturae,
3347 5233 3594 5309 minime
3637 5238 3842 5309 autem

2208 5311 2279 5365 de
2309 5326 2504 5364 rerum
2565 5304 2999 5380 corporearum,
3033 5311 3175 5378 puta
3225 5305 3467 5376 Christi,
3511 5309 3567 5360 et
3597 5304 3843 5358 aliorum

2210 5381 2570 5452 imaginibus
2592 5380 2847 5436 disserit.

2235 5540 2292 5592 p.
2324 5524 2451 5576 559.
2530 5523 2574 5556 ‘7
2610 5522 2751 5577 ibid.
2831 5522 2875 5558 ⁸⁸
2905 5525 3044 5577 Gen.
3078 5539 3118 5587 1,
3157 5522 3249 5576 26.
3328 5522 3374 5592 t9
3404 5518 3505 5575 lib.
3537 5535 3573 5573 ν
3602 5520 3847 5592 Strom..

2348 5595 2390 5628 ⁵1
2426 5594 2680 5650 Kircher.
2715 5594 2817 5648 lib.
2859 5612 2896 5646 v
2942 5592 3105 5648 Obel.
3154 5591 3423 5663 Pamph.,
3458 5609 3506 5646 c.
3539 5592 3593 5654 3,
3628 5608 3683 5661 p.
3719 5591 3845 5643 402.

3266 5680 3322 5734 p.
3371 5663 3496 5729 504,
3548 5668 3604 5717 et
3637 5663 3735 5734 libi.
3772 5663 3847 5717 De

444 5737 639 5794 Decal.
715 5739 759 5772 ⁸⁸
787 5736 1027 5809 Joseph.
1056 5734 1160 5809 1ib_.
1185 5749 1288 5787 VIII
1318 5732 1629 5809 Antiqlet
1659 5732 1921 5809 lih._x_viu
1954 5741 2011 5791 et
2040 5736 2138 5792 lib.
2169 5736 2248 5792 De
2272 5735 2423 5794 bello
2451 5737 2583 5792 Jud.
2661 5738 2704 5773 ⁵⁸
2739 5737 2844 5794 lib.
2877 5753 2918 5790 ιι
2948 5738 3186 5809 Appar.,
3212 5732 3444 5792 dissert.
3477 5736 3532 5805 2,
3564 5751 3612 5789 c.
3647 5733 3841 5804 7§22.

449 5812 492 5845 ⁵⁷
524 5826 657 5882 pag.
692 5811 778 5864 41.
855 5809 898 5844 ⁵⁸
928 5804 1032 5863 lib.
1062 5822 1098 5859 v
1127 5805 1366 5875 Strom.,
1394 5820 1449 5875 p.
1481 5804 1606 5859 509.
1683 5805 1728 5840 ⁵³
1756 5805 1897 5862 ibid.
