4052 6154
371 259 472 313 921

943 257 1130 309 ALIE
1172 255 1246 308 IN
1282 249 1897 308 COHORTATIONEM
1933 251 2025 303 ΕΤ
2062 247 2533 304 PEDAGOGUM
2570 250 3177 305 OBSERVATIONES.

3678 244 3785 297 922

376 386 580 441 iisdem
610 381 972 453 imaginibus
995 384 1052 434 et
1082 378 1419 453 simulacris
1453 392 1565 453 non
1589 391 1788 453 verum
1810 374 2019 453 Deum,
2051 376 2105 441 Α
2136 372 2630 453 flagitiosissimos
2679 373 2935 430 exhiberi
2993 379 3047 430 et
3080 373 3483 445 repraesentari
3534 371 3782 427 arbitra-

374 458 475 513 sed
504 456 682 512 falsos
712 446 1073 523 ﬁ‘ctitiosque
1103 452 1267 518 deos,
1301 454 1358 504 et
1390 448 1659 503 homines
1698 446 2022 519 aliquando

2135 444 2369 500 bantur.

1767 704 2155 798 CAPUT
2223 706 2378 798 IX.

1161 863 1245 920 De
1276 874 1664 938 paganorum
1694 857 1810 919 diis
1840 865 1901 919 et
1930 857 2184 932 deabus,
2218 858 2534 920 sacriﬁciis
2562 867 2625 919 et
2657 857 2990 937 mysteriis.

945 1157 1344 1214 ARTICULUS
1384 1158 1432 1212 Ι.

381 1268 457 1321 De
487 1266 796 1345 niuigiplici
821 1270 975 1345 Jove,
1009 1265 1081 1345 cie
1103 1267 1511 1345 Agamemnogie
1530 1266 1735 1345 Jovc,e_t
1755 1264 2021 1335 Staphyla

449 1338 545 1406 qui
584 1337 741 1391 illius
800 1338 1071 1400 meminit,
1133 1338 1198 1392 de
1247 1338 1373 1392 Jove
1431 1337 1491 1390 in
1548 1339 1841 1406 formicam
1892 1351 2018 1390 con-

448 1423 624 1474 verso,
656 1408 720 1463 de
749 1406 918 1472 lovis,
945 1408 1085 1462 sicut
1113 1407 1263 1462 hirci
1296 1407 1644 1462 Tmuitarum
1697 1406 2024 1477 inexplebili

450 1478 710 1547 libidine,
743 1478 810 1532 de
838 1479 1029 1533 Martis
1058 1480 1117 1532 in
1142 1478 1371 1533 vincula
1400 1480 1646 1547 coniecti,
1668 1488 1831 1548 atque
1853 1477 2025 1533 etiam

444 1550 666 1604 Homeri
720 1551 926 1618 patria,
959 1552 1027 1605 de
1050 1550 1323 1620 Appoline
1355 1550 1646 1615 Sminthio,
1682 1550 1748 1604 de
1776 1550 2024 1603 lEscula-

446 1622 537 1691 pio
562 1625 797 1692 ejusque
826 1622 1097 1692 sepulcro,
1130 1623 1202 1675 de
1230 1625 1482 1691 Neptuno
1514 1621 1721 1692 medico
1750 1630 1803 1675 et
1830 1621 2024 1675 Satur-

447 1708 517 1747 no
546 1691 608 1746 in
637 1691 833 1746 Sicilia
864 1691 1096 1763 sepulto,
1130 1709 1196 1748 ac
1221 1692 1285 1748 de
1315 1694 1551 1764 Dionysi
1596 1691 1754 1747 corde
1809 1709 1848 1747 α
1897 1692 2022 1746 Pal-

454 1762 583 1818 lade
613 1763 851 1818 sublato.

478 1770 583 1818 ade
613 1770 705 1818 ιςαο
716 1770 851 1819 lato.

450 1867 534 1921 Ab
566 1867 660 1922 his
691 1868 935 1923 deorum
968 1867 1304 1923 simulacris
1335 1872 1392 1923 et
1422 1868 1788 1939 imaginibus
1838 1869 1907 1922 ad
1968 1884 2036 1923 ea

371 1940 498 2008 jam
522 1939 831 1994 veniamus
858 1956 983 2009 quae
1014 1940 1085 1994 de
1120 1940 1387 2011 ipsismet
1417 1939 1531 1994 diis
1578 1956 1611 1993 a
1664 1944 1863 1994 nostro
1908 1939 2032 1994 Cle-

386 2016 599 2079 mente,
631 2011 718 2064 vel
751 2011 1064 2066 obscurius
1094 2010 1183 2066 vel
1213 2011 1471 2080 brevius,
1514 2010 1895 2081 strictiusquc
1944 2012 2035 2064 di-

385 2087 619 2151 cuntur,
644 2086 819 2152 atque
845 2082 1232 2153 explicatione
1251 2083 1447 2153 aliqua
1469 2086 1572 2137 aut
1593 2082 2037 2138 confirmatione

390 2153 672 2224 indigent.
708 2153 813 2209 Pro
845 2158 1002 2225 certo
1033 2158 1230 2225 autem
1262 2155 1519 2225 primum
1552 2153 1649 2209 ille
1680 2156 1843 2224 ponit
1874 2169 2037 2225 quaa-

391 2239 618 2294 cunque
652 2224 863 2295 pagani
895 2225 965 2279 de
1014 2224 1130 2279 diis
1170 2224 1297 2296 suis
1344 2225 1749 2296 prodiderunt,
1792 2241 1861 2280 ea
1894 2224 2037 2280 falsa

390 2298 629 2350 omnino
661 2312 790 2350 esse
811 2300 869 2351 et
898 2295 1300 2351 commentitia
1324 2313 1337 2361 ;
1361 2296 1444 2349 vel
1479 2297 1530 2351 si
1551 2312 1688 2351 vere
1719 2299 1869 2350 facta
1893 2297 2035 2365 sint,

386 2366 510 2439 haec
542 2367 941 2439 nondeorum
965 2383 1115 2434 esse,
1148 2369 1248 2439 sed
1278 2367 1585 2422 hominum
1619 2369 2037 2439 quorumdam,

387 2438 487 2509 qui
521 2437 633 2491 sibi
663 2437 820 2493 haud
850 2437 1152 2509 vulgarem
1189 2438 1448 2508 aliquam
1492 2437 1750 2493 nominis
1781 2444 1838 2493 et
1869 2440 2036 2494 famas

384 2508 788 2563 celebritatem
828 2508 1171 2580 sceleribus
1221 2517 1279 2564 et
1340 2509 1579 2580 ﬂagitiis
1634 2516 1977 2580 pepererant
2022 2527 2034 2565 :

386 2599 415 2632 (ί
450 2580 712 2634 Plurima
742 2578 1004 2650 quidem,
1038 2579 1233 2635 aiebat
1278 2580 1398 2647 ille,
1424 2578 1599 2636 Vobis
1629 2578 1723 2635 de'
1758 2582 1872 2635 diis
1902 2582 2040 2636 ﬁcta

385 2654 441 2734 et
496 2650 762 2705 fabulose
814 2655 963 2734 sunt
1022 2652 1252 2734 tradite.
1282 2653 1654 2734 Quaecunque
1700 2652 2037 2734 autem__fa-

386 2725 480 2776 cta
536 2736 667 2794 esse
723 2726 1032 2794 putantur,
1090 2724 1294 2794 caede,
1360 2723 1699 2777 hominibus
1759 2724 2037 2794 turpibus

384 2795 442 2846 et
653 2791 991 2863 petulanter
1039 2809 1106 2849 ac
1163 2793 1452 2864 ﬂagitiose
1496 2794 1765 2849 vixerunt
1818 2791 2038 2865 scripta

386 2880 453 2917 su
466 2868 529 2916 nt
559 2868 619 2914 7°.
657 2885 685 2913 ››
1914 2886 1917 2887 ν

454 2932 605 3004 Illud
636 2950 769 2988 vero
802 2950 873 2988 ne
900 2933 1036 3004 quis
1064 2936 1282 2988 temere
1311 2939 1370 2989 et
1392 2934 1823 2990 inconsiderate
1845 2936 2036 2991 abillo

385 3002 679 3076 prolatum
712 3002 993 3076 crederet,
1018 3009 1175 3059 certa
1204 3007 1533 3076 eorum,qui
1561 3006 1813 3076 majores
1842 3008 1920 3061 dii
1945 3024 2038 3063 vo-

383 3075 690 3141 cabantur,
724 3075 1062 3131 inductione
1091 3075 1477 3133 demonstrat.
1521 3075 1897 3133 Manifestum
1949 3084 2034 3134 et-

351 3207 354 3211 ,
386 3121 792 3219 enimibidem
853 3147 990 3202 iacit
1017 3152 1202 3219 tresa
1231 3149 1477 3219 paganis
1510 3149 1649 3219 ﬁngi
1694 3148 1885 3216 Joves,
1937 3166 2036 3205 sex
2067 3121 2109 3187 θ·

386 3217 709 3290 Apollines,
735 3218 934 3288 plures
962 3217 1353 3290 JEsculapios,
1380 3217 1702 3275 Mercurios
1734 3225 1792 3274 et
1822 3220 2036 3277 Vulca-

383 3305 512 3343 nos.
544 3289 659 3344 Nec
691 3290 886 3344 minus
917 3289 1215 3345 evidenter
1243 3292 1745 3347 ostenditeosdem
1770 3292 2035 3348 ethnicos

384 3364 622 3432 tantum
644 3360 795 3415 inter
816 3377 878 3415 se
900 3362 972 3416 de
992 3361 1194 3415 Martis
1216 3364 1409 3432 patria
1431 3363 2033 3432 dissidere,quantum

382 3431 453 3485 de
484 3431 663 3485 variis
694 3431 1488 3503 deorumisuorum’prasliis,
1520 3431 1889 3498 vulneribus,
1915 3440 2037 3489 stu-

381 3502 526 3572 pris,
558 3503 659 3556 66
690 3502 997 3575 adulteriis
1024 3502 1276 3575 aliisque
1307 3503 1625 3559 sceleribus
1680 3520 1796 3559 uno
1829 3520 2035 3561 omnes

380 3588 478 3628 ore
510 3574 976 3630 consentiebant.

450 3644 591 3707 Quis
619 3650 821 3716 autem
853 3645 1030 3700 fuerit
1074 3644 1283 3713 triplex
1337 3645 1587 3716 Jupiter.
1636 3645 1885 3715 explicat
1940 3646 2034 3702 his

378 3715 573 3770 verbis
603 3715 803 3771 Cicero
836 3732 905 3772 :«
940 3715 1237 3786 Principio
1277 3715 1444 3771 Joves
1476 3722 1594 3771 tres
1652 3722 1965 3771 numerant
1993 3718 2033 3772 ii

375 3787 472 3855 qui
499 3786 755 3859 theologi
779 3787 1181 3855 nominantur,
1214 3804 1283 3843 ex
1312 3788 1529 3859 quibus
1552 3789 1807 3859 primum
1848 3793 1905 3843 et
1936 3805 2031 3845 se-

382 3858 644 3913 cundum
678 3863 844 3914 natos
878 3859 938 3930 in
965 3860 1246 3924 Arcadia;
1285 3858 1529 3915 alterum
1554 3858 1718 3930 patre
1734 3859 2031 3919 Ethere...

382 3929 633 4001 alterum
665 3934 828 4001 patre
858 3929 1085 3985 Caelo...
1128 3930 1363 3985 tertium
1414 3929 1744 3999 Cretensem
1798 3932 2031 3988 Saturni

381 3998 593 4070 ﬁlium,
628 3998 796 4070 cujus
853 4002 911 4055 in
970 4001 1072 4056 illa
1115 4001 1332 4056 insulla
1381 3998 1715 4071 sepulcrum
1750 4003 2007 4057 ostendi-

380 4073 620 4127 tur“.»
652 4073 913 4128 Ciceroni
964 4073 1289 4128 subscribit
1345 4074 1639 4129 Arnobius
1687 4074 1757 4141 τ’,
1802 4078 1860 4129 et
1918 4074 2028 4129 La-

381 4144 639 4198 ctantius
668 4143 732 4198 ⁷³.
771 4148 839 4199 At
900 4143 1261 4214 Epiphanius
1292 4144 1463 4199 aliter
1495 4162 1508 4200 :
1546 4168 1573 4196 ‹‹
1601 4144 1727 4200 Non
1760 4145 2031 4211 unus,in-

381 4214 531 4286 quit,
569 4218 669 4269 aut
698 4215 846 4270 alter
872 4214 1237 4285 Jupiter,sed
1271 4219 1389 4270 tres
1422 4221 1739 4286 quatuorve
1770 4218 2027 4273 fuerunt.

378 4285 639 4348 Quorum
674 4303 826 4341 unus
854 4286 1167 4358 Saturnius
1197 4292 1289 4341 est
1318 4285 1569 4358 ille,’qui
1601 4289 1670 4343 ad
1701 4290 2027 4345 Caucasum

380 4363 641 4429 montem
662 4363 886 4427 patrem
910 4373 1083 4412 suum
1106 4357 1164 4411 in
1190 4357 1543 4429 profundum
1564 4359 2032 4415 demersit.Alter

378 4427 631 4483 Latiaris
663 4429 856 4484 dictus
886 4433 1062 4502 estea
1089 4427 1207 4502 que
1232 4429 1588 4499 gladiatores
1618 4430 1899 4502 originem
1934 4449 2027 4486 ac-

2055 1764 2103 1828 B

2127 1158 2419 1213 invenisse
2454 1159 2705 1229 ingenue
2756 1158 2988 1229 fatetur.
3018 1155 3161 1229 Quis
3191 1156 3390 1229 itaque
3423 1172 3537 1211 non
3604 1154 3779 1209 mira-

2128 1229 2290 1283 bitur
2320 1230 2391 1284 ab
2421 1228 2641 1284 illo’vel
2678 1246 2791 1283 non
2827 1228 2996 1296 lecta,
3045 1228 3132 1282 vel
3187 1228 3482 1283 oblivione
3539 1230 3782 1281 omnino

2129 1302 2317 1355 deleta
2349 1300 2470 1355 haec
2502 1302 2881 1371 Athenagoras
2912 1300 2985 1353 ab
3016 1300 3143 1370 ipso
3167 1299 3445 1369 Apologia?
3474 1316 3599 1371 suos
3624 1314 3785 1352 exor-

2130 1373 2223 1425 dio
2258 1372 2476 1444 verba?
2512 1395 2531 1421 ι
2568 1370 3074 1444 Agamemnonem
3125 1371 3326 1426 Jovem
3358 1378 3414 1425 et
3444 1370 3779 1439 Philonem,

2132 1443 2386 1514 Tyndari
2420 1442 2640 1508 ﬁliam;
2661 1442 3080 1514 Lacedaemonii
3110 1447 3479 1514 venerantur.
3513 1464 3541 1489 ››

2206 1515 2349 1579 Quis
2380 1520 2574 1569 autem
2608 1516 2780 1569 fuerit
2808 1512 2906 1568 ille
2934 1513 3345 1585 Jupiter,haud
3378 1514 3461 1568 ita
3484 1511 3649 1566 facile
3685 1512 3786 1585 def

2136 1585 2293 1639 ﬁniri
2347 1590 2557 1655 potest.
2616 1586 2865 1651 Quidam
2922 1582 3078 1640 enim
3129 1601 3197 1639 ex
3250 1585 3655 1655 Athenagorae,
3690 1582 3783 1636 cui

2139 1661 2290 1711 certe
2320 1662 2377 1711 et
2406 1656 2759 1711 Clementem
2796 1660 3059 1710 nostrum
3124 1658 3441 1727 adjungere
3492 1658 3784 1727 poterant,

2134 1728 2309 1783 citata
2332 1728 2677 1782 auctoritate
2705 1728 2934 1799 probari
2968 1744 3140 1799 posse
3162 1725 3393 1799 putant,
3424 1725 3580 1781 hunc
3603 1725 3784 1799 fixisse

2142 1801 2633 1869 Agamemnonem
2668 1796 2996 1867 mortalem,
3054 1796 3214 1869 quia
3270 1799 3573 1869 Spartanis
3621 1796 3782 1869 Jovis

2143 1867 2488 1941 cdgnomiqe
2545 1869 2860 1941 insignitus
2904 1887 3006 1942 pro
3038 1867 3144 1925 deo
3176 1867 3415 1942 habitus
3470 1874 3578 1924 est.
3638 1867 3784 1922 Aliis

2145 1946 2340 1996 autem
2371 1940 2560 1996 visum
2587 1940 2685 1996 est
2704 1940 3024 2012 ipsummet
3052 1942 3252 1996 Jovem
3279 1941 3351 1995 ab
3372 1940 3446 1995 iis
3475 1944 3787 2012 Agamem-

2145 2028 2401 2083 nonem,
2443 2012 2595 2067 sicut
2653 2030 2685 2066 a
2727 2009 3054 2083 'Sapphone
3111 2012 3415 2066 Hectorem
3448 2009 3568 2066 eta
3598 2009 3784 2063 Simo-

2146 2083 2281 2139 nide
2308 2082 2716 2139 Aristarchum
2750 2082 3053 2155 appellari,
3086 2088 3142 2138 et
3171 2084 3278 2138 hoc
3300 2082 3535 2153 quidem
3571 2096 3785 2155 nomen

2144 2155 2363 2210 idcirco
2420 2156 2533 2226 ipsi
2592 2151 2846 2211 forsitan
2892 2156 3177 2209 tributum
3234 2151 3463 2226 putant,
3518 2168 3631 2221 quo
3663 2151 3788 2226 ejus

2148 2222 2575 2297 perseverantia
2604 2227 2691 2281 vel
2718 2226 2897 2280 etiam
2929 2222 3638 2297 eternitas‘signiﬁcatur,
3670 2222 3790 2275 Ob-

2147 2293 2381 2369 servant
2401 2297 2689 2369 siquidem
2705 2298 2919 2369 eruditi
2942 2297 3213 2352 homines
3224 2293 3407 2367 graece
3428 2293 3787 2369 ’Δγαμέιξνῳν

2146 2368 2260 2443 dici
2294 2365 2621 2443 quasi‘é’yav
2659 2368 2853 2443 μένων,
2888 2368 2944 2421 id
2995 2373 3084 2443 est
3129 2365 3532 2443 perieverfiizsk
3558 2365 3679 2443 _se_d
3720 2365 3791 2418 de

2146 2440 2255 2495 hac
2285 2437 2623 2509 conjectura
2640 2437 2889 2495 aliorum
2913 2444 3036 2494 esto
3054 2437 3605 2509 judicium.Videsis
3621 2439 3788 2490 Joan.

2145 2512 2462 2566 Meursium
2493 2511 2595 2566 lib.
2626 2529 2643 2565 1
2674 2510 2970 2566 Miscellan.
3004 2510 3351 2576 Laconicen,
3382 2525 3509 2579 cap.
3545 2509 3599 2569 4.

2216 2583 2299 2636 Ad
2332 2582 2677 2653 Staphylum
2708 2583 2862 2651 quod
2897 2582 3125 2653 attinet,
3161 2585 3278 2635 tam
3325 2578 3601 2653 frequens
3633 2578 3792 2653 illius

2146 2654 2300 2721 apud
2334 2649 2676 2708 Athenaeum
2708 2649 2971 2722 aliosque
3002 2670 3036 2708 a
3056 2652 3264 2707 Vossio
3296 2656 3353 2706 et
3381 2649 3685 2722 Harduino
3711 2649 3789 2703 ci-

2145 2728 2300 2779 tatos
2331 2730 2600 2779 auctores
2630 2724 2696 2777 fit
2721 2721 3043 2789 ment’io,ut
3070 2722 3128 2777 id
3160 2722 3389 2778 Herveti
3424 2721 3791 2793 diligentiam

2145 2794 2347 2850 fugere
2378 2811 2492 2850 non
2523 2795 2791 2850 debuerit
2817 2795 2880 2847 ⁷⁷.

2247 2866 2417 2936 teque
2446 2866 2622 2922 etiam
2646 2866 2918 2936 ignorare
2964 2863 3064 2919 ille
3093 2864 3343 2936 debebat
3389 2863 3549 2918 Jovis
3580 2862 3639 2936 in
3674 2862 3790 2936 for-

2147 2934 2382 3007 micam,
2407 2938 2517 2993 sub
2577 2934 2746 3008 cujus
2776 2938 2963 2992 forma
2991 2951 3060 2990 ex
3099 2935 3526 3008 Eurymedusa,
3558 2934 3790 3008 Clitoris

2144 3008 2285 3077 ﬁlia,
2321 3005 2742 3077 Myrmidonem
2777 3005 3377 3080 genuit,stupendam
3406 3005 3789 3080 mutationem

2148 3096 2307 3151 aeque
2340 3080 2412 3134 ab
2437 3077 2901 3151 Arnobioiatque
2926 3096 2960 3135 a
2988 3077 3283 3151 Clemente
3316 3082 3515 3151 nostro
3540 3077 3787 3151 narrari.

2147 3156 2227 3233 De
2252 3150 2355 3233 illa
2383 3151 2677 3233 siquidem
2702 3149 2822 3206 haec
2845 3154 2984 3233 sunt
3003 3149 3305 3233 ipsissima
3330 3149 3567 3203 Arnobii
3592 3149 3786 3202 verba:

2148 3222 2430 3294 «Jupiter
2460 3221 2586 3293 ipse
2612 3239 2710 3277 rex
2740 3222 3015 3277 mundi...
3063 3222 3233 3275 modo
3293 3221 3371 3294 in_
3411 3235 3620 3294 aurum
3668 3235 3790 3294 ver-

2144 3288 2315 3347 sus..'.
2338 3297 2395 3348 et
2417 3288 2566 3363 qu_od
2603 3293 2801 3348 omnia
2822 3308 3035 3363 genera
3057 3288 3791 3363 contumeliarumtransi-

2147 3364 2269 3429 liat,
2303 3364 2362 3417 in
2396 3358 2764 3419 formiculam
2796 3358 3036 3434 p'arvam
3070 3383 3089 3428 ,-
3138 3368 3202 3415 ut
3241 3360 3474 3434 Cliteris
3522 3358 3793 3434 videlicet

2145 3434 2328 3488 ﬁliam
2388 3433 2774 3505 Myrmidonis
2798 3428 3077 3489 redderet
3106 3432 3263 3505 apud
3318 3428 3630 3505 Thessalos
3662 3446 3786 3505 ina-

2144 3510 2315 3560 trem.
2348 3505 2391 3539 7'
2422 3500 2467 3553 »⁷
2481 3510 2657 3559 Porro
2681 3509 2876 3559 autem
2933 3500 3335 3573 Eurymedusa
3366 3518 3399 3557 a
3429 3500 3786 3573 quihusdam

2146 3580 2334 3630 mater
2363 3575 2696 3630 Gratiarum
2728 3592 2856 3631 esse
2889 3574 3250 3646 perhibetur.

2214 3647 2339 3709 Qus
2371 3647 2566 3717 plures
2626 3647 2863 3701 fuerunt
2889 3642 3108 3711 ‘Joves,
3151 3662 3217 3701 eo
3245 3644 3443 3717 minus
3484 3648 3639 3699 certe
3670 3642 3781 3717 mi-

2143 3715 2417 3785 randum,
2451 3718 2499 3773 si
2525 3717 2755 3789 Jupiter
2783 3717 3016 3782 Calvus,
3050 3718 3120 3789 de
3170 3733 3286 3788 quo
3344 3716 3611 3772 Clemens
3642 3715 3736 3789 ait
3768 3733 3781 3770 :

2142 3808 2173 3841 (ι
2202 3792 2407 3844 Annon
2440 3786 2646 3845 Calvus
2673 3789 2907 3859 Jupiter
2934 3788 3102 3859 Argis
3130 3786 3203 3854 το;
3232 3810 3259 3837 ››
3289 3791 3531 3843 Herveto
3589 3786 3782 3859 adhuc

2141 3861 2380 3932 ignotus
2419 3861 2614 3919 fuerit.
2650 3862 2719 3915 Et
2745 3857 2879 3932 vero
2915 3857 3163 3932 ves—siue
3189 3863 3345 3913 recte
3374 3857 3785 3932 animadvertit

2141 3930 2255 3988 non
2290 3948 2497 4002 unum,
2531 3932 2629 3987 sed
2657 3931 2874 3986 multos
2905 3930 3086 4002 fuisse
3133 3930 3305 3985 Joves
3335 3930 3602 4001 Argivos,
3636 3944 3783 3999 quo-

2140 4020 2253 4074 que
2284 4005 2335 4059 is
2366 4004 2615 4059 fortasse
2647 4020 2761 4058 non
2796 4001 3049 4057 multum
3083 4002 3331 4074 recedet,
3363 4002 3465 4071 qui
3498 4016 3682 4074 unum
3715 4014 3785 4053 ex

2140 4070 2234 4130 bis
2290 4075 2460 4130 illum
2518 4090 2648 4131 esse
2680 4074 3019 4140 crediderit,
3052 4073 3154 4145 qui
3185 4070 3397 4128 Calvus
3425 4089 3458 4126 a
3487 4070 3783 4127 Clemente

2140 4146 2486 4201 appellatur.

2139 4147 2486 4202 appellatur.

2256 4164 2486 4202 euatur.

2176 4164 2435 4274 WS)ummi
2471 4222 2666 4273 autem
2700 4223 2755 4272 et
2778 4215 3014 4271 Maximi
3035 4216 3196 4271 Jovis
3221 4214 3571 4270 indomitam
3605 4216 3782 4283 atque

2139 4290 2480 4345 effrenatam
2511 4288 2817 4343 libidinem
2848 4289 2933 4343 sic
2964 4287 3101 4342 alibi
3133 4287 3402 4343 Clemens
3432 4287 3782 4340 insectatur:

2142 4360 2554 4431 cExplebatur
2585 4360 2782 4430 itaque
2815 4358 3164 4431 mulieribus
3198 4375 3314 4431 non
3346 4356 3568 4427 minus,
3602 4371 3780 4431 quam

2142 4426 2339 4487 hircus
2364 4426 2739 4487 Tmuitaruin
2771 4430 2963 4502 capris
2991 4431 3129 4502 “.7197
3166 4430 3319 4502 Quis
3356 4432 3553 4483 autem
3606 4426 3783 4482 fuerit

378 4505 697 4572 ceperunt;
730 4502 940 4556 tertius
970 4485 1316 4570 Trag'mdiis,
1348 4503 1450 4572 qui
1482 4485 2028 4558 manurri’combus-
2058 4485 2103 4548 D
2135 4485 2745 4558 illevhireuscandide
2775 4485 3229 4572 et‘simplicitEr
3276 4500 3558 4555 Hervetus
3589 4514 3650 4553 se
3683 4513 3782 4552 ne-

382 4570 462 4625 Sit
483 4571 551 4624 π.
587 4592 616 4621 ››

455 4642 723 4711 Denique
753 4641 1158 4697 Tertullianus
1192 4658 1307 4697 non
1342 4646 1461 4699 tres
1491 4647 1743 4712 tantum,
1776 4648 1877 4700 aut
1899 4660 2037 4713 qua-

378 4717 533 4776 tuor,
566 4714 667 4768 sed
702 4717 995 4768 trecentos
1024 4730 1092 4768 ex
1120 4713 1379 4768 Varrone
1410 4715 1551 4770 dicit
1582 4715 1763 4770 fuisse
1812 4716 1982 4770 Joves
2018 4733 2031 4772 :

386 4808 413 4834 ‹‹
451 4785 693 4840 Romani
716 4784 851 4856 styli
910 4784 1197 4855 Diogenes
1246 4784 1426 4841 Varro
1483 4791 1776 4842 trecentos
1836 4788 2029 4854 Joves,

385 4856 810 4961 seu-’gupiteres
837 4856 1151 4912 dicendum
1184 4861 1294 4924 est,
1342 4857 1469 4912 sine
1500 4858 1792 4929 capitibus
1850 4858 2028 4914 indu-

384 4926 463 4982 cit
491 4927 555 4982 ⁷⁵.
588 4926 616 4976 >5

454 4998 536 5052 Ex
565 4998 775 5052 iisdem
816 4997 1015 5068 procul
1049 4997 1226 5053 dubio
1284 4999 1526 5053 Jovibus
1557 4998 1653 5054 ille
1684 5017 1837 5055 unus
1884 5004 2028 5067 erat,

384 5084 558 5139 quem
579 5069 1384 5142 ,ClemensiAgamemnonem
1418 5071 1608 5126 vocari
1645 5076 1703 5125 et
1733 5089 1765 5126 a
1792 5075 2028 5142 Sparta-

382 5143 476 5194 nis
509 5140 619 5196 coli
652 5141 732 5195 ita
762 5157 830 5195 ex
858 5140 1141 5213 Staphyla
1200 5146 1491 5213 memorat
1524 5158 1537 5195 :
1574 5164 1601 5191 ‹‹
1636 5140 2030 5213 Agamemno-

378 5227 513 5266 nem
548 5217 701 5267 certe
731 5212 1063 5279 quemdam
1100 5212 1300 5267 Jovem
1330 5212 1391 5267 in
1439 5216 1647 5283 Sparta
1693 5212 1803 5268 coli
1855 5215 2031 5269 relert

377 5283 703 5355 Staphytus
729 5284 793 5355 77°.
828 5304 855 5332 η
893 5284 1001 5337 Sed
1039 5283 1316 5338 Hervetus
1353 5285 1423 5355 de
1456 5289 1704 5355 utroque
1735 5301 1867 5339 cum
1902 5286 2029 5340 Sta-

377 5355 554 5427 pbylo
572 5354 702 5410 tum
724 5354 865 5411 Jove
882 5359 1320 5426 Agamemnone
1340 5354 1488 5409 nihil
1511 5372 1752 5426 prorsus
1776 5356 1941 5411 ullibi
1969 5373 2033 5413 se

450 5498 500 5570 ’κζ
525 5503 742 5569 Appar.
766 5498 1028 5570 dissert.,
1051 5515 1108 5566 p,
1146 5500 1227 5553 17.
1260 5499 1303 5534 τί
1336 5498 1517 5570 Cicer.
1550 5498 1652 5553 lib.
1682 5515 1746 5554 ιιι
1776 5499 1854 5555 De
1884 5505 2003 5556 nat.

2150 5519 2218 5569 r.,
2252 5516 2309 5570 p.
2339 5501 2465 5555 247.
2498 5499 2776 5555 "Arnob.
2811 5498 2911 5555 lib.
2946 5516 3001 5552 xv
3023 5499 3354 5569 Adv.gent.,

1871 5589 1926 5643 p.
1965 5574 2065 5645 _66.
2130 5575 2174 5608 τι
2231 5572 2520 5645 Epiphan.
2582 5575 2878 5645 Ancorat.,
2938 5570 3131 5645 @108.

481 5568 744 5624 Laetant.
793 5569 895 5642 lib.
951 5586 965 5624 ι
1020 5569 1100 5625 De
1152 5569 1282 5624 fals.
1345 5569 1536 5642 relig.,
1598 5587 1645 5625 c.
1708 5572 1794 5626 14.

2144 4574 2293 4629 scire
2339 4574 2669 4629 denuntiat.
2730 4573 2837 4628 Sed
2897 4572 2953 4626 id
3013 4573 3082 4627 ab
3140 4573 3493 4643 Hieronymo
3554 4573 3782 4641 poterat

2144 4661 2353 4717 magno
2385 4662 2526 4700 sane
2553 4645 2683 4699 sine
2740 4643 3216 4717 lab_ore_edoceri.
3252 4642 3549 4717 Ille'enim
3583 4644 3785 4695 narrat

2142 4714 2349 4772 Tm'uis
2381 4718 2563 4772 fuisse
2619 4715 2846 4786 [Egypti
2881 4715 3103 4780 urbem,
3139 4732 3265 4785 quas
3297 4715 3368 4769 ab
3400 4714 3781 4786 hirco,quem

2140 4789 2269 4857 ejus
2301 4789 2502 4843 incolae
2531 4785 2979 4851 venerabantur,
3015 4803 3187 4841 suum
3221 4802 3435 4841 nomen
3458 4785 3782 4857 sortitaest:

2141 4854 2185 4909 «⁷
2206 4860 2350 4915 Nam
2384 4858 2684 4930 pleraque,
2714 4858 2795 4930 ait
2825 4857 2941 4930 ille,
2975 4859 3190 4930 oppida
3237 4873 3462 4930 eorum,
3491 4877 3526 4930 _»
3561 4854 3785 4910 scilicet

2143 4927 2583 5002 Egyptiorum;
2605 4951 2633 4980 ‹‹
2662 4946 2730 4985 ex
2759 4929 2965 5002 bestiis
2996 4927 3363 5002 et'jumentis
3411 4927 3631 5002 habent
3678 4941 3783 4980 no-

2145 4998 2325 5071 mina,
2363 5001 2545 5056 Κυνὼν
2576 5018 2609 5056 a
2639 5017 2800 5065 cane,
2833 4999 2982 5052 Λεὼν
3012 5018 3045 5055 a
3088 4999 3273 5068 leone,
3322 5001 3525 5069 Θμοῢις
3580 4998 3787 5071 lingua

2142 5069 2408 5146 Egyptia
2437 5074 2509 5130 ab
2542 5071 2941 5146 hirco,1_\_cxdw
2973 5088 3006 5125 a
3026 5071 3202 5142 lupo;
3238 5075 3301 5146 ut
3328 5075 3550 5146 taceam
3575 5070 3644 5146 de
3668 5069 3785 5146 t‘pr-

2142 5137 2430 5200 midoloso
2478 5152 2533 5200 et
2562 5137 2828 5199 horribili
2860 5158 3016 5211 cepe,
3049 5137 3109 5196 et
3144 5141 3367 5213 crepitu
3420 5141 3640 5213 ventris
3683 5137 3784 5213 _in_-_

2140 5215 2281 5282 ﬂati,
2318 5233 2447 5287 quae
2480 5214 2780 5287 Pelusiaca
2811 5209 3019 5287 religie
3043 5218 3133 5287 est
3161 5209 3291 5267 ⁸².’››
3320 5214 3401 5267 Ex
3447 5209 3786 5287 inexplebili

2181 5304 2312 5342 orro
2337 5285 2522 5356 hujus
2549 5286 2694 5342 hirci
2725 5285 2968 5339 libidine
2995 5285 3205 5339 Junius
3235 5288 3423 5339 ortum
3460 5298 3587 5337 esse
3620 5285 3788 5356 putat

2181 5304 2312 5342 orro
2348 5303 2522 5356 ιιιῃυε
2550 5303 2694 5342 nirci
2726 5303 2968 5339 unicine
2995 5303 3205 5339 JunlUS
3235 5303 3423 5339 ortum
3460 5303 3587 5337 esse
3620 5303 3784 5352 putat

2138 5303 2251 5414 Eoo
2300 5358 2599 5430 adagium,
2648 5356 2676 5408 6
2716 5358 2969 5427 Θμυιτῶν
3013 5356 3236 5429 τράγος,
3292 5356 3635 5410 Tmuilarum
3666 5354 3784 5407 hir-

3390 5516 3446 5570 p.
3481 5500 3603 5564 155,
3637 5498 3785 5555 in-4.

3188 5587 3244 5642 p.
3297 5571 3433 5642 108.,
3467 5571 3511 5606 ⁷³
3556 5571 3780 5627 Tertul.

380 5639 483 5696 lib.
515 5640 974 5715 _i_Ad__nat_ion.,
1029 5657 1078 5715 c.
1114 5642 1276 5715 10.1“
1306 5658 1437 5713 pag.
1460 5639 1587 5697 '24.
1646 5642 1691 5676 ⁷⁷
1718 5639 1929 5715 Athan.
1964 5643 2065 5699 lib.
2099 5661 2138 5698 ιι
2164 5639 2553 5715 Deipn'os.,_p.
2586 5644 2695 5707 45;
2740 5641 2910 5715 Voss.
2942 5639 3072 5697 vlib.
3130 5639 3330 5715 nippe
3380 5641 3516 5715 hist.
3569 5644 3775 5711 (ἔταξα,

382 5710 979 5786 p.__416;_ilarduin.
1020 5712 1087 5786 ‘in
1139 5710 1322 5767 indic:
1378 5710 1661 5786 auctora
1706 5714 1856 5769 Plin.
1911 5715 2068 5770 citat.
2123 5717 2168 5750 ⁷⁸
2214 5710 2432 5771 Arnob.
2466 5710 2567 5769 lib.
2601 5731 2658 5769 IV
2703 5714 3070 5786 Adv.gent.,
3104 5729 3160 5783 p.
3214 5713 3336 5767 145.
3394 5714 3439 5748 7°
3495 5730 3628 5786 pag.
3682 5710 3777 5771 24.

378 5781 424 5816 ⁸⁸
456 5781 620 5838 Voss.
653 5780 756 5837 lib.
793 5798 811 5836 ι
839 5788 919 5838 De
949 5782 1093 5854 orig.
1127 5789 1185 5839 et
1214 5800 1409 5857 progr.
1440 5784 1725 5856 idololat.,
1757 5803 1807 5843 c.
1842 5787 1929 5854 14,
1952 5804 2008 5859 p.
2040 5788 2131 5843 59.
2157 5788 2197 5823 εί
2232 5803 2365 5860 pag.
2396 5786 2487 5844 20.
2517 5787 2565 5823 ⁸³
2587 5786 2818 5843 Hieron.
2851 5780 2919 5842 iii
2942 5780 3069 5858 cap;
3100 5780 3206 5840 inv
3236 5787 3347 5842 Isa.
