4052 6154
313 223 420 278 923

1028 225 1105 276 IN
1142 223 1590 276 CLEMENTEM
1629 221 1844 276 ALEX.
1885 219 1949 269 D.
1991 219 2082 272 LE
2121 219 2416 276 NOURRY
2455 223 2928 280 DISSERTATIO
2963 228 3008 278 Ι.

3615 227 3733 281 924

318 369 434 408 cus.
468 351 574 407 Adi
606 349 655 405 si
682 349 831 405 velis
862 349 1051 418 ipsum
1084 346 1367 421 Junium,_
1387 347 1484 401 sed
1536 346 1695 401 illius
1745 347 1847 401 aut
1873 348 1957 416 ty-
1990 344 2042 410 A
2109 416 2118 421 _
2146 347 2514 421 Appellinem
2540 349 2900 404 Sminthium
2924 348 3181 421 posthaec
3196 349 3280 406 sic
3297 349 3732 418 exagitatetde-

321 423 606 497 pographi
633 421 855 497 corrige
877 417 1150 497 errorem,
1176 435 1290 497 quo
1313 417 1662 497 Clementem
1689 422 1957 497 nostrum

323 489 462 550 citzit
511 489 580 548 de
629 489 897 563 Apolline
960 490 1367 563 disserentem,
1436 505 1570 543 cum
1629 493 1828 563 tamen
1889 489 1959 542 de

319 569 458 622 Jove
488 565 634 636 ipso,
668 560 912 617 deorum
973 567 1145 631 atque
1197 560 1504 615 hominum
1539 565 1724 632 patre,
1757 560 1960 631 loqua-

322 645 419 693 tur
446 636 509 689 ⁸³.

391 706 593 760 Varias
626 705 696 758 de
729 703 930 758 Martis
961 703 1147 773 patria
1179 701 1484 773 opiniones
1524 703 1790 758 Clemens
1837 703 1958 758 haec

321 777 562 850 protulit
593 776 650 829 in
683 776 855 830 verba
888 793 900 830 :
939 795 962 825 α
996 774 1118 842 Ille,
1149 779 1218 850 ut
1247 774 1386 850 dicit
1418 776 1656 846 quidem
1688 775 1960 850 Epichar-

321 845 468 917 mus,
502 855 625 902 erat
649 853 996 918 Spartanus.
1028 845 1342 917 Sophocles
1374 845 1569 901 autem
1608 845 1748 918 eum
1776 846 1957 901 Thra-

317 913 810 991 cem'facitfalii
861 921 1054 973 autem
1105 913 1414 991 Arcadem,
1454 913 1708 991 Ἀρκάδα.
1767 918 1956 987 Hunc,

315 995 526 1056 τοῦτον,
563 996 757 1044 autem
784 990 1066 1044 llomerus
1098 988 1242 1043 dicit
1270 988 1529 1043 vinctum
1564 990 1745 1044 fuisse
1766 991 1956 1044 trede-

316 1065 426 1118 cim
460 1061 758 1116 mensibus
786 1062 849 1114 3‘.
890 1080 917 1112 α
958 1061 1041 1115 Ad
1077 1060 1235 1114 hunc
1266 1060 1580 1115 Clementis
1611 1062 1805 1115 locum
1857 1062 1958 1114 Ar-

317 1135 523 1190 nobius
579 1135 905 1204 respexisse
964 1131 1308 1204 fertur,_ubi
1366 1131 1606 1204 scripsit
1665 1148 1679 1185 :
1730 1153 1757 1182 «
1817 1131 1956 1193 Quis

316 1202 885 1277 Spartanum-fuisse
911 1202 1205 1277 Martem?
1231 1202 1357 1277 Non
1380 1203 1794 1277 Epicharmus
1851 1221 1954 1277 au:

316 1274 440 1333 οἷοι·
468 1278 705 1331 vester?
737 1278 878 1340 Quis
907 1276 968 1330 in
1000 1274 1258 1330 Thraciae
1292 1275 1510 1330 finibus
1541 1278 1910 1344 procreatum
1931 1274 1957 1328 ?

314 1351 437 1404 Non
488 1348 806 1420 Sophocles
857 1347 1108 1413 Atticus,
1144 1345 1958 1420 cunctis“consentientibus

315 1417 608 1476 theatris"?
631 1420 772 1486 Quis
805 1420 1108 1473 mensibus
1142 1417 1198 1471 in
1230 1417 1480 1472 Arcadia
1529 1417 1716 1471 tribus
1754 1421 1811 1472 et
1858 1419 1955 1472 de-

317 1508 441 1547 cem
473 1492 731 1557 vinctum
755 1491 781 1545 ?
811 1491 933 1545 Non
969 1489 1128 1544 Melae
1161 1489 1422 1544 ﬂuminis
1458 1488 1611 1544 lilius
1643 1488 1688 1522 ⁸⁸
1712 1488 1738 1542 ?
1766 1509 1794 1539 ››
1825 1488 1957 1543 Tria

319 1569 514 1618 autem
549 1562 1022 1634 potissimumrab
1066 1565 1309 1615 Herveto
1336 1560 1429 1634 hic
1459 1562 1862 1634 observantur.
1887 1560 1958 1615 Et

316 1635 504 1706 primo
531 1631 791 1705 quidem,
825 1632 1052 1706 nullum
1080 1648 1274 1706 neque
1303 1633 1376 1686 ab
1407 1631 1682 1706 Arnobio,
1717 1647 1904 1706 neque
1925 1649 1958 1687 a

321 1703 616 1761 Clemente
646 1706 912 1769 indicari,
946 1703 1046 1775 qui
1079 1704 1422 1775 Martemex
1464 1703 1708 1775 Arcadia
1765 1704 1962 1758 oriun-
1993 1709 2039 1774 Β

315 1777 713 1833 dumdixerit.
747 1774 1124 1832 Deinde’vero
1156 1775 1216 1830 in
1248 1774 1493 1829 dubium
1526 1774 1763 1830 omnino
1796 1790 1958 1830 revo-

319 1852 641 1915 cat,utrum
671 1849 964 1902 Arnobius
996 1846 1229 1902 Homeri
1253 1863 1489 1902 sensum
1524 1850 1829 1901 assecutus
1861 1846 1956 1902 sit.

316 1926 630 1976 Homerum
653 1919 906 1990 denique
928 1918 1088 1973 Melae
1112 1919 1270 1972 ﬂuvii
1295 1918 1476 1973 fuisse
1495 1917 1682 1972 filium
1706 1917 1871 1972 ullibi
1896 1935 1960 1974 se

316 2008 580 2063 unquam
614 1991 827 2063 legisse
858 1991 1029 2061 plane
1061 1994 1253 2063 negat.

387 2061 495 2118 Sed
535 2071 598 2118 ut
629 2061 701 2118 ab
750 2062 961 2117 ultimo
993 2061 1365 2133 incipiamus,
1399 2061 1670 2130 quamvis
1705 2077 1818 2133 non
1851 2062 1959 2117 mi-

315 2135 478 2189 nima
509 2136 683 2190 fuerit
712 2139 974 2190 veterum
1007 2131 1362 2204 scriptorum
1394 2134 1464 2186 de
1511 2131 1748 2186 Homeri
1774 2134 1961 2203 patria

315 2210 373 2261 et
404 2206 746 2276 parentibus
777 2206 1086 2271 dissensio,
1117 2203 1372 2274 vulgaris
1402 2208 1606 2276 tamen,
1640 2203 1838 2273 opinio
1869 2211 1960 2261 est

314 2275 449 2333 eum
475 2281 642 2348 juxta
672 2277 916 2332 ﬂuvium
947 2277 1204 2348 Meletem
1226 2291 1271 2348 ra
1303 2279 1489 2348 matre
1517 2275 1762 2343 editum,
1784 2282 1959 2347 atque

314 2346 534 2406 idcirco
563 2349 678 2420 ipsi
732 2349 1007 2418 primitus
1039 2346 1434 2420 Melesigenis,
1467 2361 1532 2400 ac
1571 2346 1956 2418 posteaquam

229 2483 231 2485 1
313 2420 499 2476 oculis
548 2417 757 2492 captus
807 2419 1186 2492 est,rHomeri
1217 2417 1561 2492 impositum
1596 2417 1828 2492 nomen.
1876 2421 1956 2475 Ad

312 2492 463 2546 hanc
495 2489 689 2548 autem
726 2489 1116 2545 narrationem
1140 2491 1437 2544 Arnobius
1473 2494 1535 2542 ut
1563 2489 1870 2557 alluderet,
1891 2507 1957 2546 eo

313 2563 613 2618 lubentius
638 2563 803 2617 illum
828 2561 988 2616 Melae
1008 2578 1111 2616 seu
1128 2561 1353 2633 Meletis
1368 2560 1530 2633 ﬂuvii
1552 2560 1738 2633 tilium
1759 2562 1957 2633 appel-

310 2634 472 2702 lavit,
507 2636 662 2706 quod
687 2635 895 2706 furtivo
917 2633 1124 2687 matris
1144 2631 1463 2688 concubitu
1483 2635 1539 2686 et
1555 2631 1774 2706 incerto
1797 2631 1961 2703 patre

314 2704 656 2777 progenitus
715 2705 1030 2777 diceretur.
1065 2709 1266 2777 Neque
1321 2707 1377 2757 te
1408 2707 1624 2777 terreat
1648 2704 1822 2777 ﬂuvii
1855 2721 1957 2760 no-

312 2775 472 2832 ineri.
503 2779 647 2834 Nam
683 2775 913 2846 antiqui
940 2775 1152 2830 fluvios
1185 2791 1300 2829 non
1333 2775 1506 2846 modo
1566 2775 1854 2830 animatos
1902 2781 1960 2831 et

311 2848 546 2906 mortali
593 2848 767 2904 etiam
828 2845 1070 2917 corpore
1120 2845 1636 2917 compositos,_sed
1669 2847 1856 2901 multa
1886 2849 1959 2902 de

308 2937 511 2975 eorum
570 2920 871 2975 amoribus
925 2915 1171 2972 credulae
1205 2915 1533 2988 posteritati
1567 2917 1956 2974 tradiderunt.

2073 416 2520 499 ridet'Ciemens
2553 438 2567 476 :
2601 443 2629 471 ‹‹
2661 421 2896 499 Polemo
2924 416 3102 476 i-efert
3131 438 3250 499 eos,
3297 416 3428 499 qui:
3456 422 3729 499 habitant

2069 492 2568 564 circar'l‘roadem,
2601 492 2788 547 colere
2823 509 3019 564 mures
3081 492 3355 564 quisunt
3411 493 3467 546 in
3507 493 3600 548 his
3634 510 3727 547 re-

2069 561 2364 630 gionibus,
2420 580 2568 634 quos
2620 564 2731 633 ipsi
2778 561 3393 635 appellant'cptvtiooq,
3446 565 3728 634 quoniam

2069 635 2454 689 corrodebant
2483 635 2732 690 chordas
2764 652 3006 690 arcuum
3041 652 3286 691 suorum
3337 636 3621 703 hostium,
3667 643 3727 690 et

2068 703 2428 760 Sminthium
2470 705 2798 777 Apollinem
2850 707 2923 760 ab
2971 707 3090 762 illis
3138 707 3410 761 muribus
3465 707 3726 777 appella-

2071 779 2210 849 runt
2237 777 2366 849 εξ»
2400 777 2693 834 Nonnulla
2724 779 2795 832 de
2826 777 2935 832 hoc
2961 777 3228 849 Apolline
3247 793 3313 832 ex
3346 779 3644 833 Eustathio
3666 784 3725 834 et

2067 845 2234 900 Caelio
2267 847 2597 920 Rhodigino
2628 845 3062 920 notatrquidam
3084 849 3367 904 llervetus
3401 865 3414 904 :
3448 852 3549 904 sed
3572 867 3722 904 non-

2067 933 2140 971 ne
2185 919 2544 992 Aristotelesr
2587 937 2655 975 ex
2723 919 3018 992 Polycrate
3069 922 3271 975 eodem
3328 937 3394 976 ac
3449 921 3720 977 Clemens

2067 993 2264 1044 noster
2294 990 2688 1064 hisrcollineat
2716 990 2909 1064 verbis
2943 1011 2955 1047 :
2991 1015 3019 1041 «
3081 992 3232 1047 Dicit
3287 992 3617 1064 Polycrates
3659 994 3719 1048 in

2068 1076 2286 1134 mures,
2317 1063 2453 1134 quia
2481 1079 2650 1134 opem
2683 1063 2962 1118 tulissent
2991 1065 3366 1119 corradentes
3398 1063 3719 1118 nervosa!»

2066 1131 2297 1205 Videsis
2328 1131 2628 1202 Vossium,
2670 1135 2774 1188 lib.
2807 1150 2871 1189 111
2915 1136 2989 1190 De
3018 1137 3160 1203 orig.
3192 1146 3250 1190 et
3283 1151 3471 1205 progr.
3504 1135 3721 1205 idolol.,

2068 1219 2194 1274 θερ-
2227 1204 2317 1268 75»
2345 1221 2474 1277 Pag.
2496 1207 2620 1259 567.
2646 1205 2970 1276 Appollinis
2994 1211 3187 1261 autem
3213 1204 3493 1262 Srninthii
3516 1204 3722 1261 memi4

2067 1290 2210 1346 nere,
2235 1291 2351 1330 non
2385 1278 2574 1332 solum
2609 1277 2922 1331 Pausanias
2953 1282 3009 1332 et
3035 1279 3262 1346 Strabo,
3296 1278 3395 1333 sed
3430 1277 3720 1332 Homerus

2064 1345 2237 1419 Iliad.
2296 1347 2748 1419 1;“Macrobius
2806 1347 2907 1402 lib.
2971 1366 2989 1404 1
3044 1348 3361 1416 Salurnal.,
3440 1365 3566 1419 cap.
3615 1351 3720 1416 l7;

2066 1417 2332 1492 {iilianus
2360 1417 2462 1492 lib.
2496 1436 2598 1473 v111
2629 1419 2829 1487 Hister,
2873 1420 3142 1492 animal.,
3175 1437 3301 1492 cap.
3337 1420 3437 1492 10;
3490 1417 3705 1474 Arnob.

2066 1488 2173 1563 libr
2204 1505 2266 1543 111
2297 1489 2427 1545 Adv.
2463 1499 2635 1559 gent,
2669 1507 2800 1563 pag.
2838 1491 2940 1563 119
2972 1508 2984 1558 ;
3022 1488 3280 1546 Lactant.
3305 1491 3416 1563 lib.
3454 1493 3566 1547 1De
3589 1505 3719 1546 vera

2067 1560 2364 1635 religicne,
2419 1579 2544 1635 cap.
2577 1560 3022 1635 7i"_A_mmi_an.
3085 1562 3341 1635 Marcell.
3395 1563 3502 1635 lib.
3573 1579 3713 1635 xin,

2067 1648 2203 1758 Eapi;
2236 1634 2289 1687 8.
2333 1633 2595 1705 Denique
2621 1633 2859 1689 Ovidius
2892 1633 3059 1688 illum
3113 1634 3206 1690 his
3256 1633 3522 1691 versibus
3562 1633 3716 1690 cele-

2114 1721 2175 1758 ra
2237 1721 2249 1758 :

2114 1721 2203 1758 Γᾶῑ
2237 1721 2249 1758 Ζ

2169 1775 2486 1830 Consulitur
2509 1775 2842 1846 Smintheus,
2876 1777 3101 1848 lucoque
3129 1777 3389 1832 obscurus
3419 1792 3604 1848 opaco,

2282 1848 2384 1902 Hos
2412 1863 2522 1902 non
2552 1849 2832 1903 immerito
2861 1848 3110 1904 reddidit
3139 1865 3231 1904 ore
3256 1863 3414 1904 sonos
3435 1849 3499 1902 ⁸9.

2139 1917 2368 1990 Nodum
2401 1918 2459 1973 in
2493 1919 2684 1990 scirpo
2717 1919 3061 1990 quaesivisse
3116 1921 3351 1975 videtur
3407 1923 3712 1985 Hervetus,

2069 1989 2270 2062 ubide
2299 1989 2651 2062 Esculapio,
2687 1989 2860 2062 quem
2891 1991 3159 2046 Clemens
3187 1991 3433 2046 fulmine
3453 1993 3629 2046 ictum
3653 1991 3714 2046 in

2069 2061 2290 2115 ﬁnibus
2337 2061 2718 2132 Cynosuridis
2760 2063 2962 2132 jacere
2991 2068 3263 2132 testatur,
3308 2062 3417 2117 hac
3447 2063 3714 2118 animad-

2067 2132 2714 2205 vertitzarCynosuridis
2763 2134 3033 2205 meminit
3088 2135 3326 2205 quidem
3385 2135 3618 2201 Strabo,
3657 2138 3714 2189 et

2067 2203 2430 2276 Pausanias;
2461 2205 2562 2261 sed
2593 2205 2748 2276 quod
2777 2204 2837 2258 in
2887 2206 3016 2274 ejus
3065 2203 3280 2260 finibus
3339 2205 3608 2276 sepultus
3636 2206 3714 2261 sit
3818 2256 3830 2266 ,

2066 2274 2456 2345 Esculapius,
2489 2292 2559 2330 ne
2588 2274 2830 2331 verbum
2862 2277 3096 2347 quidem
3133 2278 3199 2333 ⁸ο.
3249 2299 3278 2326 ››
3327 2274 3475 2340 Quid
3527 2277 3708 2342 enim,

2067 2347 2276 2402 amabo
2307 2352 2382 2413 te,
2418 2349 2490 2402 ad
2522 2347 2862 2403 Clementini
2893 2347 3053 2402 illius
3104 2347 3217 2404 loci
3265 2347 3713 2418 explicationem

2069 2419 2162 2473 his
2193 2419 2484 2474 Ciceronis
2512 2419 2706 2474 verbis
2744 2418 3148 2474 luculentius?
3179 2441 3209 2470 «
3242 2419 3713 2490 Esculapiorum

2069 2490 2636 2564 p_ri_m:1s_Apollinis,
2670 2507 2846 2561 quem
2878 2491 3136 2564 Arcades
3168 2490 3388 2564 colunt,
3420 2491 3519 2561 qui
3581 2509 3711 2564 spe-

2069 2560 2269 2616 cillum
2302 2560 2595 2617 invenisse
2626 2560 2973 2633 primusque
2996 2562 3218 2617 vulnus
3238 2560 3591 2633 obligavisse
3617 2560 3717 2618 'di-

2069 2633 2239 2699 citur;
2274 2635 2571 2688 secundus
2609 2635 2851 2688 secundi
2883 2633 3435 2689 Mercuriifraterls
3469 2634 3717 2690 fulmine

2069 2720 2384 2778 percussus
2415 2704 2634 2778 dicitur
2664 2705 2943 2778 humatus
2966 2721 3095 2761 esse
3117 2704 3454 2778 Cynosuris.
3486 2706 3720 2778 Tertius

2066 2777 2298 2847 Arsippi
2329 2781 2385 2831 et
2413 2776 2681 2844 Arsinoe,
2715 2798 2742 2827 »
2775 2781 2883 2833 etc.
2917 2777 3050 2841 Quae
3081 2776 3316 2846 quidem
3356 2776 3614 2833 Oratoris
3674 2779 3718 2814 ⁹²

2068 2849 2243 2902 verba
2282 2848 2330 2901 si
2361 2848 2601 2929 legisset
2630 2849 2931 2929 Hervetus,
2964 2847 3051 2903 vel
3083 2863 3152 2929 ex
3176 2851 3302 2919 ejus
3343 2849 3627 2929 memoria
3659 2849 3712 2929 si

2069 2935 2182 2973 non
2252 2919 2628 2984 excidisent,
2701 2919 2772 2974 ab
2821 2920 2932 2974 hac
3005 2923 3157 2974 certe
3209 2936 3271 2974 se
3319 2919 3708 2974 abstinuisset

307 2992 367 3046 Si
399 2992 566 3063 plura
599 2991 746 3063 scire
793 2989 956 3063 velis,
990 2989 1085 3044 adi
1116 2990 1354 3063 Suidam
1386 2993 1443 3042 et
1471 2989 1690 3063 eosqui
1720 2989 1958 3063 Homeri
1997 3056 2030 3063 _
2069 2989 2595 3063 animadversione.
2640 2990 2976 3063 V_idesis,__si
3027 2990 3238 3063 lubeat.
3299 2988 3704 3060 Lescalopierii

309 3056 616 3118 historiam
649 3062 818 3118 editis
847 3056 1004 3132 illius
1036 3060 1335 3132 operibus,
1365 3056 1717 3132 praemisere,
1749 3061 1810 3115 in
1842 3062 1952 3132 pri-
1987 3056 2030 3124 C
2069 3061 2126 3116 in
2161 3061 2319 3116 hunc
2350 3062 2644 3117 Ciceronis
2675 3061 2866 3117 locum
2902 3061 3335 3117 illustrationes.

306 3135 584 3213 mis_vero
632 3134 882 3213 Leonem
913 3130 1341 3213 Allatiumnqui
1372 3131 1723 3200 peculiarem
1755 3130 1949 3188 confe-

305 3207 386 3261 cit
415 3207 487 3261 de
517 3207 781 3277 eiusdem
813 3204 1050 3277 Homeri
1079 3204 1201 3258 vita
1229 3204 1469 3277 librum_._

379 3274 772 3341 Quod'autem
807 3276 1062 3332 secundo
1119 3277 1390 3330 observat
1437 3274 1738 3341 Hervetus,
1799 3279 1953 3330 certe

304 3348 387 3404 ibi
414 3349 737 3404 Arnobium
771 3365 886 3404 non
923 3347 1096 3417 plane
1135 3346 1426 3402 immerito
1477 3345 1671 3416 arguit
1712 3347 1950 3416 erroris,

306 3421 460 3492 quod
493 3437 560 3475 ex
591 3421 840 3476 Homero
869 3423 1109 3474 Martem
1132 3418 1402 3492 tribuset
1424 3417 1623 3492 decem
1647 3419 1952 3492 mensibus

304 3489 365 3545 in
389 3493 637 3547 Arcadia
666 3492 921 3546 vinctum
977 3491 1208 3545 dixerit.
1245 3489 1348 3546 Ubi
1407 3489 1626 3559 quippe
1683 3495 1851 3559 poeta
1882 3491 1953 3544 de

308 3563 514 3617 Martis
545 3563 793 3617 vinculis
825 3562 1108 3633 disputat,
1142 3560 1368 3616 nullam
1401 3559 1478 3633 ibi
1524 3559 1782 3615 Arcadiae
1817 3561 1954 3633 facit

310 3635 691 3688 mentionem.
725 3631 1089 3704 Quapropter
1118 3633 1237 3687 haec
1261 3631 1553 3704 Arnobius
1587 3647 1702 3704 non
1736 3648 1804 3686 ex
1835 3632 1954 3704 Ho-

309 3721 469 3759 mero
528 3706 593 3772 ⁸⁸,
654 3705 754 3759 sed
825 3703 893 3760 ex
949 3703 1264 3775 depravato
1323 3703 1580 3775 quodam
1635 3703 1953 3775 Clementis

309 3776 490 3832 nostri
569 3771 786 3843 Codice,
859 3776 959 3830 ubi
1027 3771 1142 3830 vox
1199 3771 1433 3846 Ἀρκάδα
1459 3791 1516 3846 _a_
1567 3774 1952 3845 subsequenti

309 3850 502 3900 τοῦτον
556 3865 670 3904 non
717 3849 860 3903 satis
900 3847 1177 3901 distincta
1207 3843 1349 3910 erat,
1383 3843 1673 3898 delibasse
1701 3843 1952 3900 videtur.

308 3921 378 3975 Et
411 3936 470 3974 re
527 3920 762 3991 quidem
817 3920 946 3989 ipsa
985 3919 1044 3972 in
1103 3916 1278 3991 regiae
1330 3914 1699 3991 Biblioiirecze
1734 3932 1954 3970 manu-

313 3982 778 4062 scripto.codice
827 3982 961 4061 post
1006 3982 1204 4042 vocem
1239 3982 1750 4062 ’A_pmi8a_87_non
1804 4004 1954 4062 pun:

311 4057 494 4128 ctum,
530 4065 628 4116 sed
661 4057 894 4131 virgula
939 4057 1352 4114 tantummodo
1400 4057 1815 4131 subscribitur;
1846 4059 1954 4114 Sed

313 4133 408 4188 hic
440 4150 600 4187 error
619 4149 684 4188 ex
716 4129 843 4201 ipso
877 4129 1662 4202 Homeriapographo,unde
1689 4129 1744 4183 id
1769 4147 1802 4184 a
1830 4132 1955 4187 Clee

316 4210 510 4257 mente
543 4205 918 4272 desumptum
952 4206 1061 4272 est,
1095 4201 1266 4272 debet
1285 4201 1608 4272 emendari.

388 4276 602 4327 Contra
625 4271 778 4335 vero}
837 4271 1064 4343 inquiet
1093 4271 1326 4342 aliquis,
1361 4288 1495 4327 cum
1556 4271 1844 4328 Homerus
1873 4272 1955 4328 lo-

320 4361 453 4400 cum
488 4345 586 4398 ubi
639 4345 786 4400 Mars
842 4345 900 4398 in
933 4343 1168 4398 vincula
1194 4344 1493 4412 conjectus
1523 4348 1635 4415 cst,
1687 4346 1954 4415 tacuerit,

2141 3133 2334 3187 Minus
2364 3137 2518 3188 certe
2548 3133 2605 3187 id
2643 3138 2848 3188 notum
2881 3137 2969 3188 est
2997 3133 3151 3204 quod
3181 3133 3252 3187 de
3278 3132 3542 3204 Neptuno
3574 3147 3709 3204 me-

2059 3204 2188 3260 dico
2220 3207 2396 3276 atque
2425 3205 2613 3276 etiam,
2633 3205 2705 3259 de
2736 3206 2988 3260 Saturno
3014 3203 3238 3276 ibidem
3282 3203 3541 3258 Clemens
3572 3203 3714 3276 sub-

2054 3274 2361 3346 junxitiu
2398 3275 2786 3331 Philochorus
2847 3283 3039 3331 autem
3099 3275 3244 3330 dicit
3299 3276 3590 3329 medicum
3647 3274 3713 3328 in

2060 3345 2216 3418 Teno
2248 3345 2358 3401 coli
2387 3346 2748 3418 Neptunum,
2780 3351 3096 3402 Saturnum
3131 3351 3324 3402 autem
3372 3347 3549 3401 silum
3584 3361 3716 3418 esse

2063 3419 2122 3474 in
2145 3417 2379 3490 Sicilia,
2417 3417 2487 3472 et,
2529 3435 2664 3474 cum
2721 3419 2840 3474 illic
2881 3419 3062 3474 fuisse
3112 3418 3410 3490 sepultum
3443 3419 3515 3490 93.,
3547 3438 3575 3466 »
3605 3417 3715 3479 Qui

2062 3495 2270 3560 praeter
2326 3489 2738 3545 Philochorum
2792 3491 3148 3546 mentionem
3182 3489 3447 3546 filiorum
3493 3489 3714 3554 fecerit,

2063 3562 2344 3616 Hervetus
2377 3561 2606 3616 nullum
2638 3562 2818 3617 fuisse
2849 3566 3036 3632 putat.
3072 3562 3184 3616 Sed
3235 3561 3384 3615 nihil
3447 3561 3609 3632 inde;
3640 3563 3709 3613 de

2063 3632 2408 3688 Philochoro
2467 3634 2713 3703 ejusque
2787 3630 3136 3689 auctoritate
3192 3632 3502 3687 minuitur.
3564 3630 3708 3685 Nam

2065 3708 2276 3775 praeter
2302 3703 2746 3776 celeberrimum
2783 3705 3140 3776 Neptunum,
3163 3705 3323 3759 Jovis
3353 3705 3714 3776 fratremHSa-

2066 3773 2341 3848 turnique
2374 3775 2588 3848 ﬁlium,
2615 3780 2704 3830 tot
2734 3773 2912 3848 prope
2944 3776 3065 3842 alii,
3091 3780 3159 3848 ut
3185 3776 3295 3848 rite
3357 3776 3552 3848 docet_
3583 3773 3717 3827 Vos-

2066 3847 2214 3918 sius,
2248 3843 2502 3900 fuerunt
2547 3843 2819 3916 Neptuni,
2843 3843 3020 3914 -quot
3078 3847 3371 3918 principes
3405 3843 3712 3918 insulares.

2065 3917 2274 3973 Nullus
2304 3920 2506 3987 itaque
2558 3917 2867 3973 dubitandi
2897 3918 3062 3974 locus
3105 3922 3194 3972 est
3239 3917 3381 3987 quin
3429 3917 3488 3970 in
3535 3917 3712 3984 Tene,

2068 4007 2197 4072 quae
2228 4007 2296 4044 ex
2326 3989 2678 4072 Cycladibus
2710 3989 2923 4072 insulis
2948 4006 3065 4044 una
3097 3990 3224 4054 fuit,
3256 3991 3566 4060 Neptunus
3586 3987 3716 4058 qui-

2067 4059 2202 4116 dam
2237 4059 2502 4117 medicus
2534 4059 2673 4115 olim
2708 4060 3009 4116 coleretur.

2137 4132 2297 4187 Trita
2327 4149 2460 4187 vero
2493 4136 2552 4186 et
2580 4133 2916 4188 communis
2939 4137 2995 4188 et
3028 4130 3333 4186 memorati
3362 4148 3394 4186 a
3425 4129 3720 4185 Clemente

2071 4203 2268 4258 fabula
2297 4204 2556 4270 Saturni,
2587 4205 2686 4275 qui
2714 4220 2892 4274 regno
2923 4221 2957 4258 a
2985 4204 3125 4258 Jove
3158 4203 3280 4256 filio
3313 4218 3453 4256 suos
3486 4201 3719 4275 pulsus,

2075 4297 2095 4324 ι
2132 4291 2263 4330 cum
2287 4276 2545 4344 jactatus
2575 4272 2728 4331 esset
2758 4272 2860 4346 p‘er
2890 4291 3092 4330 omnes
3122 4279 3332 4338 terras,
3369 4295 3389 4346 ιι
3426 4272 3502 4327 ut
3522 4272 3720 4346 inquit

2071 4352 2170 4401 tur
2203 4343 2558 4412 Lactantius,
2593 4370 2621 4397 «
2650 4343 3142 4418 persequentibus
3172 4345 3436 4418 armatis,
3470 4361 3619 4418 quos
3650 4343 3721 4418 ad

317 4417 426 4472 hoc
479 4416 773 4471 Arnobius
819 4415 876 4470 in
931 4416 1177 4488 Arcadia
1225 4415 1542 4488 contigisse
1588 4414 1786 4488 aliquo
1845 4414 1965 4470 for-
1999 4423 2046 4485 D
2077 4435 2211 4473 eum
2239 4414 2859 4488 comprehendendum
2891 4417 2980 4473 vel
3004 4417 3327 4472 necandum
3352 4414 3720 4488 Jupitermi-

317 4489 492 4543 lassis
542 4505 610 4543 ex
659 4493 892 4543 auctore
939 4486 1243 4542 didicerat.
1298 4486 1471 4542 Recte
1517 4486 1775 4556 quidem,
1827 4488 1875 4544 si
1909 4489 1966 4543 id

317 4561 474 4616 haud
506 4559 744 4616 incertis
778 4560 1075 4615 rationum
1114 4559 1430 4614 momentis
1477 4557 1795 4629 aliquando
1837 4577 1969 4632 pro-

322 4634 520 4688 betur.

388 4705 474 4758 Ad
508 4704 712 4758 Martis
746 4703 998 4773 denique
1030 4702 1280 4770 patriam
1305 4701 1460 4772 quod
1492 4703 1736 4773 spectat,
1771 4703 1970 4772 plures

318 4792 460 4830 sane
491 4775 757 4830 nationes
790 4791 923 4829 eum
966 4773 1076 4827 sibi
1111 4773 1404 4827 vindicare
1453 4773 1782 4828 voluerunt.
1818 4774 1967 4837 Quid

317 4864 453 4917 ergo
486 4846 701 4901 mirum
733 4847 780 4901 si
808 4846 1066 4902 Arcades
1098 4845 1167 4898 de
1200 4844 1330 4917 hac,
1352 4843 1436 4898 uti
1464 4843 1967 4917 putabant,gentis

317 4914 441 4973 suae
470 4918 655 4989 gloria
688 4919 813 4972 ausi
849 4917 1065 4972 fuerint
1094 4932 1227 4971 cum
1260 4914 1752 4989 aliisnationibus
1783 4914 1841 4970 et
1871 4933 1969 4987 po-

316 4987 855 5058 pulis‘contendere
899 5005 965 5043 ac
997 4989 1291 5042 decertare
1312 4987 1339 5041 ‘P
1369 4987 1658 5058 omnibus
1689 4991 1882 5040 autem
1907 4989 1966 5042 id

314 5057 396 5117 ita
429 5066 632 5116 notum
666 5077 796 5115 esse
823 5058 1086 5114 Clemens
1139 5057 1534 5123 existimabat,
1596 5061 1660 5110 ut
1715 5059 1967 5113 testibus

313 5132 567 5188 citandis
599 5132 690 5187 sui
726 5131 949 5201 aliquid
983 5146 1329 5184 consumere
1360 5128 1645 5199 temporis
1669 5129 1878 5184 inutile
1911 5135 1968 5186 et

311 5203 679 5276 superﬂuum
712 5201 962 5257 duxerit.

380 5351 428 5385 ⁸³
460 5349 596 5403 Jun.
624 5349 800 5417 Adag.
863 5349 1012 5401 cent.
1048 5347 1121 5408 3;
1155 5346 1324 5417 adag.
1351 5344 1439 5418 99.
1472 5360 1528 5418 ρ,
1566 5344 1722 5418 1074.
1758 5346 1804 5381 ⁸⁴
1829 5364 1885 5418 p.
1919 5346 1958 5401 4:

2073 5348 2083 5381 ⁵
2113 5347 2326 5406 Arnob.
2357 5347 2460 5403 lib.
2505 5364 2563 5402 ιν
2591 5349 2737 5405 Adv.

314 5437 459 5477 mer.
490 5421 658 5475 Iliad.
742 5436 798 5487 v,

311 5507 365 5544 v.
425 5491 550 5544 425.
610 5492 655 5526 ὀ

315 5562 457 5626 orig.
520 5566 577 5613 et

313 5647 366 5691 p.
416 5627 500 5701 ’24
536 5648 563 5701 ;r
612 5627 965 5701 Arnob._lib.
1001 5649 1074 5686 1v.
1106 5631 1246 5685 Adv.
1283 5633 1462 5701 gent,

716 5487 966 5560 pag—48.
1028 5489 1068 5524 ⁰¹
1120 5487 1558 5560 Cicei'.lib.ri11
1605 5487 1688 5542 De
1744 5493 1862 5560 nat.
1924 5490 2107 5554 deor.,

631 5559 824 5632 pregr.
863 5560 1144 5632 idololat,
1173 5577 1256 5632 rc.
1294 5560 1379 5613 15.
1413 5559 1456 5593 9‘
1487 5559 1752 5632 Lactant.
1787 5559 1888 5614 lib.
1923 5577 1940 5614 1
1978 5561 2051 5615 De
2082 5559 2228 5616 falsa
2260 5562 2446 5632 relig.,
2483 5579 2530 5616 c.
2567 5559 2634 5616 14
2661 5569 2716 5617 et
2750 5565 2832 5617 15.
2889 5563 2932 5598 9⁸
2989 5562 3198 5616 Minut.
3238 5561 3350 5615 Fel.
3393 5561 3447 5614 in
3501 5560 3722 5632 Octava,

1494 5631 1699 5704 p._l!i3,
1731 5631 1894 5697 invi;
1930 5633 2151 5686 Tertul.
2196 5630 2393 5704 Apol.;
2419 5650 2468 5687 ο.
2504 5635 2592 5696 10,
2625 5634 2726 5688 lib.
2785 5651 2826 5688 ιι
2863 5634 2941 5688 Ad
2975 5634 3220 5704 nation.,
3255 5649 3302 5685 c.
3340 5632 3582 5703 12;Cyp.
3618 5630 3719 5687 lib.

2081 4493 2259 4552 serat,
2289 4486 2392 4543 vix‘
2413 4489 2472 4544 in
2507 4490 2674 4544 Italia
2703 4496 2896 4545 locum
2931 4489 2991 4543 in
3023 4505 3136 4559 quo
3169 4488 3374 4543 lateret
3413 4486 3654 4542 invenit.
3693 4507 3721 4535 ››

2078 4561 2240 4625 Quod
2277 4560 2513 4630 quidem
2547 4563 2618 4616 ab
2655 4561 2982 4615 innumeris
3015 4561 3446 4630 propemodum
3482 4574 3595 4612 non
3627 4573 3720 4630 so-

2079 4633 2202 4686 lum
2237 4629 2490 4687 ethnicis
2519 4636 2576 4687 et
2615 4631 2967 4687 Christianis
3016 4629 3416 4698 scriptoribus
3473 4629 3720 4684 Minutio

2078 4703 2284 4769 Felice,
2335 4704 2611 4769 Arnobio,
2668 4702 3053 4767 Tertulliano,
3110 4701 3720 4774 Cyprrianorreferiur,

2078 4776 2180 4830 sed
2204 4775 2276 4829 ab
2307 4775 2510 4831 Ovidio
2540 4776 2716 4831 etiam
2749 4777 2813 4844 ⁸⁸,
2839 4779 3014 4845 atque
3044 4774 3137 4828 his
3159 4771 3204 4828 ἐι
3224 4772 3468 4844 Virgilio
3490 4771 3721 4827 canitur

2077 4846 2346 4902 versibus
2380 4863 2393 4901 :
3341 4879 3343 4881 -

2181 4917 2407 4973 Primus
2436 4918 2509 4973 ab
2547 4917 2783 4974 mtherio
2813 4919 2961 4972 venit
2989 4921 3264 4972 Saturnus
3297 4913 3546 4985 Olympo,

2183 4989 2351 5044 Arma
2379 4991 2522 5045 Jovis
2552 4992 2795 5059 fugiens,
2826 4993 2882 5042 et
2917 4989 3100 5055 regnis
3130 4986 3290 5042 exsul
3319 4986 3613 5059 ademptis,

2185 5063 2234 5115 Is
2266 5077 2436 5131 genus
2466 5058 2721 5127 indocile,
2756 5077 2818 5115 ac
2846 5058 3464 5131 dispersummonlibus
3487 5058 3621 5131 altis

2185 5127 2518 5202 Coinposuit,
2554 5133 2800 5202 legesque
2833 5131 3017 5202 dedit,
3053 5129 3382 5202 Latiumque
3410 5127 3596 5202 vocari

2182 5200 2411 5266 Maluit;
2443 5203 2532 5260 his
2560 5200 2823 5276 quoniam
2849 5201 3108 5258 latuisset
3135 5204 3282 5256 tutus
3302 5200 3362 5255 in
3395 5202 3506 5256 oris
3536 5201 3602 5253 9".

2789 5354 2970 5420 gent.,
3013 5365 3089 5420 pe
3135 5347 3466 5420 μᾶλα-4.
3527 5345 3574 5380 ⁸⁶
3623 5344 3730 5409 Ηο,

857 5419 1065 5500 p_.n87.m
1093 5415 1296 5500 8'Lpag‘,
1483 5415 1527 5450 ⁸⁸
1583 5415 1847 5500 Ariston.
1863 5423 2006 5500 tom.
2067 5419 2137 5484 II,
2198 5419 2380 5500 librili
2433 5415 2817 5500 Emeterii»:—
2957 5415 3032 5454 ἐθ
3060 5418 3223 5500 φΑνίᾀΣ
3393 5435 3447 5471 v1
3462 5421 3729 5500 ‘ifasto'rn

2166 5507 2224 5560 p.
2275 5491 2403 5544 21.8.
2463 5491 2507 5525 οι
2566 5509 2619 5561 ρ.
2680 5494 2805 5546 eis.
2866 5491 2910 5528 νε
2965 5508 3018 5559 ρ.
3057 5491 3142 5544 18.
3185 5491 3231 5525 οι
3257 5489 3427 5544 Voss.
3462 5488 3563 5561 lib.
3601 5503 3616 5541 1
3649 5487 3727 5543 De

314 5702 391 5755 De
452 5700 591 5754 idol.
653 5717 784 5753 van.
839 5698 965 5755 init.
1004 5719 1018 5768 ;
1104 5698 1310 5758 Ovidf
1334 5701 1434 5755 lib.
1471 5698 1509 5752 1—
1536 5700 1784 5771 Fastor.,
1809 5719 1991 5760 carm.
2028 5705 2128 5758 133
2185 5698 2436 5775 θίιέθιιρ.
2498 5705 2539 5740 9⁷
2570 5705 2774 5776 Virgil.
2799 5704 3024 5761 Eneid.
3057 5703 3158 5760 lib.
3191 5698 3290 5770 Vn,
3325 5719 3456 5758 vers
3491 5698 3630 5758 '3l9.
3667 5707 3723 5758 et

307 5792 365 5826 SD
390 5788 469 5846 μζ.
