4052 6154
389 226 496 281 925

969 220 1162 280 ΑΜΕ
1199 225 1274 277 ΙΝ
1313 221 1923 278 ΟΟΗΟΒΤΔΤΙΟΝΕΜ
1960 223 2037 276 ΕἸ

2153 223 2564 280 EDAGOGUM
2599 227 3097 285 OBSERVATION
3106 232 3211 283 ES.

3686 231 3803 286 926

387 352 464 407 ibi
497 354 694 406 autem
726 349 1048 428 Saturnum
1079 363 1316 428 summa
1345 348 1405 402 in
1439 361 1577 428 pace
1609 362 1905 428 regnasse,
1928 363 2042 428 “au-
2070 347 2124 414 Α
2154 345 2262 401 hac
2294 351 2501 428 autem
2524 348 2714 428 Vossii
2746 353 3284 428 conj_ectura_jrudex
3317 357 3439 428 esto
3471 358 3528 409 et
3562 355 3799 423 arbiter,

389 438 667 494 reumque
693 419 972 494 sacculum
999 420 1072 494 ob
1105 419 1696 494 maximamregionis
1726 418 1888 494 illius
1923 418 2041 494 fer-

386 491 656 550 tilitatem
700 493 813 548 huc
844 491 1160 547 adduxisse
1177 496 1396 546 veteres
1419 492 1730 547 ﬁnxerunt.
1759 491 2039 545 Eamdem

387 583 526 621 sane
565 566 636 622 ob
665 564 949 620 rationem
982 562 1039 616 in
1072 561 1268 617 Sicilia
1301 562 1514 618 factam
1545 565 1646 616 aut
1683 561 2038 618 occultatam

388 638 458 692 ab
507 653 574 692 eo
607 635 840 704 falcem,
872 633 1307 705 atqueidcirco
1367 634 1701 705 Depranum
1751 638 2035 699 vocatam,

389 708 487 764 alii
524 706 886 763 fabulantur.
920 704 1152 761 Inficias
1185 705 1365 774 igitur
1394 704 1526 776 quis
1549 705 1718 761 iverit
1759 722 1894 760 vero
1940 720 2038 775 pe-

390 779 550 834 nitus
583 794 710 834 esse
728 777 921 832 simile
952 777 1180 847 aliquos
1210 775 1359 830 hanc
1391 775 1622 847 quoque
1662 782 1896 847 propter
1942 792 2039 830 ra-

391 851 610 906 tionem
643 851 702 904 in
735 849 999 904 animum
1032 849 1142 902 sibi
1176 848 1342 903 facile
1366 848 1690 917 induxisse,
1714 848 1796 903 ibi
1833 848 2038 902 Satur-

393 939 533 977 num
569 921 914 991 aliquandiu
945 919 1180 986 vixisse,
1213 924 1269 975 et
1299 923 1429 991 post
1450 924 1697 975 mortem
1721 919 2035 990 sepulturae

394 994 755 1048 mandatum.
789 991 848 1046 ln
882 991 1059 1060 hujus
1090 998 1285 1046 autem
1309 991 1602 1062 opinionis
1633 991 2037 1046 confirmatio-

395 1081 524 1119 nem
559 1065 705 1118 illud
741 1063 1156 1134 forsitanhaud
1201 1063 1494 1118 immerito
1531 1063 1775 1134 proferri
1825 1065 2035 1134 potest,

394 1137 544 1207 quod
579 1136 752 1190 refert
779 1133 1130 1202 Macrobius,
1163 1134 1482 1207 Saturnum
1514 1133 1645 1207 post
1665 1133 1722 1188 id
1755 1133 2036 1204 temporis

392 1206 503 1261 non
539 1208 953 1276 comparuisse,
973 1211 1282 1276 erectaque
1303 1206 1364 1261 in
1388 1207 1516 1274 ejus
1540 1206 1816 1260 honorem
1840 1207 2035 1259 alano

389 1277 592 1332 altaria
638 1294 712 1330 τε
767 1276 914 1330 Cum
954 1277 1107 1330 inter
1161 1277 1286 1332 haec
1331 1277 1524 1332 subito
1581 1281 1870 1332 Saturnus
1920 1292 2034 1330 non

387 1349 836 1418 comparuisset,
859 1348 1206 1418 excogitavit
1231 1349 1415 1404 Janus
1443 1348 1729 1403 honorum
1771 1349 1900 1418 ejus
1930 1363 2030 1402 au-

386 1425 710 1489 gmentum,
744 1435 810 1473 ac
843 1419 1100 1489 primum
1134 1424 1342 1475 terram
1368 1435 1600 1475 omnem
1650 1419 1856 1474 ditioni
1915 1435 2034 1474 suae

387 1495 708 1561 parentem,
734 1490 1072 1545 Saturniam
1106 1491 1447 1546 nominavit.
1473 1497 1644 1545 Aram
1667 1491 1877 1546 deinde
1900 1507 2032 1545 cum

387 1563 570 1617 sacris
601 1567 883 1632 tanquam
917 1562 1033 1617 Deo
1062 1562 1343 1629 condidit,
1376 1579 1503 1633 qum
1550 1562 1882 1617 Saturnalia
1928 1579 2036 1616 no-

389 1633 634 1688 minavit
660 1634 724 1688 93.
761 1655 789 1682 n
819 1633 1135 1704 Subjungit
1164 1639 1361 1690 tamen
1394 1633 1664 1700 aliorum,
1696 1637 1846 1689 teste
1899 1634 2032 1704 Yar-

390 1720 554 1789 rene,
576 1704 770 1789 fuisse
801 1703 1133 1776 opinionem
1157 1705 1430 1789 Pelasgos
1461 1727 1489 1756 «
1513 1705 1755 1789 vastatis
1782 1703 2039 1789 Sicilien-
2070 1717 2114 1782 Β

389 1776 554 1832 sibus
574 1776 804 1843 incolis,
831 1775 858 1827 >3
884 1792 1200 1848 occupasse
1223 1775 1539 1847 regionem,
1571 1798 1599 1826 ‹‹
1624 1775 1852 1832 decima
1875 1781 2038 1846 parte

391 1849 594 1920 praedae
629 1848 955 1920 secundum
988 1864 1337 1918 responsum
1371 1848 1627 1920 Apollini
1679 1853 2040 1915 consecrata,

390 1918 597 1975 erectis
628 1919 745 1975 Diti
776 1919 1012 1985 sacello,
1044 1924 1102 1974 et
1128 1923 1376 1975 Saturno
1421 1918 1548 1989 ara,
1599 1920 1769 1989 cujus
1822 1920 2037 1974 festum

392 1989 727 2046 Saturnalia
786 1991 1258 2046 nominaverunt.
1312 2014 1341 2041 η
1394 1991 1476 2045 Ex
1549 1991 1766 2061 quibus
1814 1990 2041 2061 liquido

391 2062 640 2134 colligas
685 2067 903 2134 quanta
952 2062 1240 2134 facilitate
1299 2061 1478 2132 aliqui
1527 2062 1639 2118 sibi
1701 2062 2039 2134 persuaderi

396 2133 779 2205 permiserint
810 2134 869 2189 in
903 2133 1102 2190 Sicilia
1132 2134 1390 2205 positum
1423 2149 1552 2190 esse
1579 2133 1816 2189 Saturni
1845 2133 2041 2204 sepul-

391 2223 580 2262 orum.

463 2278 645 2350 Nemo
677 2293 817 2333 sane
848 2277 1035 2350 nescit
1062 2276 1362 2350 vulgarem
1396 2276 1630 2350 Dionysi
1671 2293 1773 2350 seu
1831 2278 2040 2350 Bacchi

391 2348 673 2417 fabulam,
706 2365 824 2417 qua
853 2348 949 2404 ille
979 2366 1012 2403 a
1041 2349 1352 2404 Titanibus
1391 2348 1766 2404 membratim
1824 2349 2040 2406 discer-

391 2426 532 2492 ptus
562 2425 619 2475 et
666 2420 1022 2492 dilaceratus
1067 2421 1330 2492 ﬁngitur.
1391 2422 1460 2492 At
1511 2421 1790 2475 Hervetus
1822 2426 2043 2492 monet

393 2490 614 2547 mirum
645 2490 867 2562 ubique
900 2493 971 2546 de
1003 2507 1068 2547 eo
1110 2490 1238 2547 esse
1261 2491 1753 2562 silentium,quod
1776 2491 2043 2549 Clemens

389 2563 728 2618 subnectit:
765 2581 788 2634 ς
818 2562 1080 2618 Minerva
1100 2563 1364 2634 quidem,
1387 2580 1515 2634 quae
1533 2562 1762 2634 Dionysi
1787 2579 1886 2619 cor
1903 2565 2040 2620 abs-

388 2634 547 2700 tulit,
599 2633 894 2704 appellata
940 2637 1028 2689 est
1066 2633 1255 2690 Pallas
1313 2633 1419 2687 ἀπὸ
1448 2637 1543 2686 τοῦ
1573 2633 1829 2701 πάλλειν,
1857 2636 1913 2690 id
1953 2639 2042 2691 est

391 2650 547 2700 tum,
599 2650 894 2758 aptpeuata
940 2650 1028 2689 eet
1067 2650 1255 2690 Panas
1313 2653 1419 2687 απο
1448 2653 1543 2686 του
1573 2650 1829 2701 παΛΑειν,
1857 2650 1913 2690 ια
1953 2650 2038 2691 est

391 2722 425 2759 a
453 2705 658 2759 vibran
705 2721 760 2769 0,
795 2706 1276 2777 seurtorquendo,
1310 2722 1376 2761 eo
1408 2707 1561 2777 quod
1595 2723 1694 2760 cor
1717 2706 1905 2777 vibret
1934 2723 2038 2762 seu

390 2780 666 2833 torqueat
694 2777 755 2830 9°.
791 2798 819 2825 ››
854 2775 1001 2831 Illud
1035 2775 1232 2831 tamen
1265 2793 1298 2832 a
1328 2775 1464 2831 Vive
1490 2781 1546 2830 et
1592 2776 1783 2832 Natali
1822 2778 2040 2833 Comite

391 2847 745 2918 explicatum
774 2847 1036 2902 invenies
1070 2849 1110 2900 ί.
1143 2849 1212 2902 Et
1240 2863 1376 2903 vero
1407 2849 1621 2902 fatetur
1637 2852 1918 2904 Hervetus
1939 2849 2041 2903 Or-

387 2919 605 2990 pheum
631 2919 690 2973 in
719 2920 973 2990 quodam
997 2919 1291 2990 deperdito
1310 2923 1575 2990 poemate
1594 2918 1734 2975 olim
1758 2920 2041 2977 cecinisse

385 2989 686 3061 Palladem,
717 2989 977 3061 Dionysi,
1013 2989 1330 3061 immaturo
1363 2989 1570 3045 matris
1616 3007 1734 3046 suae
1781 2991 2039 3048 Semeles

382 3064 551 3150 es}???
583 3060 1050 3150 19.190901??th
1071 3077 1182 3150 ρον
1203 3061 1711 3150 θεὶδιεορειιρίφηε
1742 3063 2034 3150 ξάδφνθω
2067 3083 2110 3150 c

382 3131 546 3187 illius
585 3137 812 3202 patrem
843 3130 1164 3188 detulisse:
1201 3155 1230 3182 ‹‹
1258 3133 1366 3188 Sed
1397 3130 1540 3200 haec,
1591 3132 1805 3204 inquit,
1863 3149 2034 3190 merae

385 3208 526 3259 sunt
551 3219 905 3275 prrorsusque
927 3204 1301 3259 incredibiles
1329 3204 1560 3275 fabulae.
1584 3226 1612 3255 ››
1645 3203 1873 3275 Optime
1905 3207 2038 3275 qui-

385 3273 790 3346 demgVerum
817 3273 923 3346 illa
965 3276 1348 3346 quantumvis
1397 3274 1546 3331 falsa
1588 3279 1646 3346 et
1678 3273 2040 3332 incredibilis

385 3345 606 3418 fabula,
639 3347 710 3402 ad
742 3345 1148 3418 explicandam
1179 3346 1336 3418 hanc
1361 3345 1676 3418 Clementis
1698 3346 1880 3418 nostri
1903 3365 2038 3403 cum

391 3415 636 3489 paganis
666 3415 1194 3489 expostulationem
1214 3417 1702 3479 sufﬁciebat.Quo
1731 3416 1886 3471 enim
1919 3436 2038 3476 ma-

390 3489 480 3560 gis
510 3490 768 3560 absurda
801 3505 930 3545 esse
977 3489 1211 3555 dicitur,
1247 3505 1314 3543 eo
1345 3493 1497 3544 certe
1531 3489 1719 3542 acrior
1744 3491 1801 3542 et
1816 3490 2040 3559 aequior

391 3559 482 3616 est
511 3559 671 3616 illius
701 3561 1052 3616 criminatio.

465 3632 533 3686 Hi
557 3649 748 3702 porro,
779 3634 850 3688 do
880 3633 1097 3702 quibus
1124 3630 1374 3701 egimus,
1407 3629 1624 3701 aliique
1651 3629 1826 3700 primi
1869 3630 2034 3685 ordi-

394 3703 508 3768 nis,
543 3705 936 3774 majoresque,
971 3704 1055 3758 uti
1087 3702 1339 3766 aiebant,
1371 3703 1633 3774 gentium
1658 3702 1737 3756 dii
1760 3718 1891 3774 cum
1917 3719 2036 3757 om-

393 3774 570 3846 nibus
593 3773 1066 3846 quibuscumque
1100 3773 1287 3845 magis
1319 3773 1626 3846 horrendis
1646 3773 2035 3845 nefandisque

393 3845 750 3926 criminibus
788 3850 843 3902 et
868 3845 1125 3926 flagitiis,
1160 3862 1288 3926 quae
1317 3845 1750 3926 pag-vaniusque
1797 3861 2031 3926 negare,

389 3933 579 3987 neque
611 3917 986 3974 dissimulare
1019 3916 1552 3988 poterant,’perditi
1587 3916 1855 3988 fuissent,
1890 3917 2032 3971 invi-

389 3934 579 3987 neque
611 3934 986 3974 alss1mulare
1059 3934 1310 3985 onerant,
1344 3934 1552 3988 perum
1587 3934 1855 3983 luissem,
1890 3934 2031 3971 anl-

383 3988 644 4061 ctissime
687 3989 944 4061 profecto
993 3934 1260 4061 (Remens
1316 3988 1453 4042 inde
1492 3987 1935 4061 concluditﬂeos
1958 3989 2031 4043 ab

377 4059 592 4131 iisdem
625 4059 868 4131 paganis
901 4077 1005 4116 nec
1037 4059 1147 4116 coli
1182 4076 1351 4131 posse
1385 4076 1486 4114 nec
1509 4059 1759 4131 adorari.
1785 4059 1865 4115 Ne
1900 4077 2028 4117 vero

377 4130 462 4184 illi
497 4148 558 4186 se
588 4130 953 4202 non'primos
987 4130 1359 4202 maioresque
1391 4131 1551 4197 deos,
1579 4132 1679 4202 sed
1733 4130 2028 4188 daemones

378 4202 568 4276 colere
598 4201 1044 4276 responderent,
1080 4201 1328 4276 hujusce
1362 4219 1522 4276 vanae
1574 4201 1879 4276 futilisque
1929 4204 2028 4276 de-

377 4274 662 4330 fensionis
693 4273 847 4330 viam
881 4275 979 4330 68
1013 4276 1097 4330 sic
1130 4273 1591 4345 eis'praacludit:
1627 4296 1655 4323 «
1686 4273 1742 4326 Si
1764 4273 1904 4329 sunt
1927 4275 2030 4330 ita-

374 4362 489 4416 que
509 4347 799 4402 daemones
816 4346 935 4418 ligu
947 4347 1186 4401 rritores
1210 4351 1266 4400 et
1283 4345 1831 4418 scelerati,possunt
1849 4345 2024 4400 etiam

2153 434 2219 498 ac
2251 420 2541 499 perpende
2574 425 2772 476 utrum
2807 443 2834 499 ε(
2858 420 3372 499 'Heros‘Phalereis
3394 425 3465 499 in;
3485 427 3664 499 puppi
3693 451 3717 499 in
3746 420 3796 483 is

2149 491 2275 564 ipse
2307 491 2384 564 sit
2416 492 2760 564 Androgeus
2792 493 2863 547 de
2894 510 3009 564 quo
3045 494 3386 561 Pausanias,
3412 491 3510 551 ubi
3542 491 3798 554 d'e.Pha-

2149 559 2269 616 lero
2297 563 2554 628 disserit,
2586 559 2707 618 haec
2738 559 3058 619 memorat:
3099 586 3121 614 α
3164 567 3273 620 Sed
3324 559 3511 623 existat
3567 574 3624 624 et
3681 576 3798 626 An-

2150 633 2347 708 drogei
2377 635 2587 708 Minois
2619 635 2721 689 tilii
2753 652 2874 703 ara,
2907 636 3016 691 sub
3034 638 3236 692 Herois
3256 643 3486 692 tantum
3520 641 3794 708 nomine;

2147 705 2249 780 sed
2277 706 2567 780 Androgei
2606 722 2734 780 esse
2765 713 3001 775 norunt,
3039 709 3136 778 qui
3187 710 3406 779 priscas
3456 713 3654 780 patriae
3707 705 3798 768 res

2147 775 2826 850 diligentius’exquirunt
2857 781 2896 833 4.
2933 800 2960 829 ››
2995 775 3258 850 Denique
3289 775 3580 836 decen-tati
3603 784 3672 837 de
3701 783 3798 838 ho-

2148 847 2375 924 minum
2390 847 2654 924 custodia
2670 850 3034 924 daemonibus
3057 847 3374 924 commissa
3393 869 3617 924 versus,
3651 870 3796 924 quos

2143 917 2415 974 Clemens
2448 921 2620 975 tacito
2654 923 2908 977 auctoris
2930 924 3165 977 nomine
3196 923 3272 976 ibi
3298 928 3356 978 et
3378 923 3514 978 alibi
3537 917 3708 980 refert
3730 942 3794 980 ac

2148 989 2393 1067 refellit,
2415 991 2646 1067 Hesiodi
2671 998 2812 1067 sunt
2832 994 2881 1067 5._
2901 995 3008 1067 Sed
3034 993 3092 1048 in
3116 995 3242 1064 ejus
3268 995 3524 1067 editione
3553 1013 3652 1067 pro
3676 994 3794 1049 δαί-

2151 1081 2305 1137 μρνες
2337 1061 2611 1137 ἀῼάνατοι,
2650 1064 2736 1119 uti
2763 1064 2822 1137 in
2854 1061 3168 1120 Clementis
3213 1071 3374 1121 textu
3404 1061 3676 1137 habe-tur,
3713 1071 3794 1122 le-

2146 1133 2342 1204 gimus
2373 1133 2623 1196 ἀθανάτοι
2656 1135 2843 1203 Ζηνός,
2877 1137 3031 1192 haud
3061 1137 3316 1192 absimili
3351 1155 3549 1193 sensu.
3580 1133 3796 1194 De'hac

2146 1221 2316 1274 porro
2349 1206 2679 1311 daemonum
2713 1209 2978 1262 custodia
3007 1208 3356 1279 insequenti
3383 1211 3794 1266 dissertatione

2147 1293 2386 1347 agemus
2420 1293 2459 1331 υ.

2729 1376 3128 1433 ABTlCULUS
3161 1380 3231 1432 ll.

2147 1465 2217 1517 De
2248 1463 2448 1536 Bacchi
2481 1465 2675 1534 orgiis,
2703 1464 2768 1519 de
2811 1465 3105 1535 sacriﬁciis
3153 1466 3347 1536 quibus
3394 1468 3640 1523 homines
3688 1470 3796 1524 im-

2213 1535 2590 1608 molabantur,
2615 1537 2680 1590 de
2711 1536 2918 1608 Cereris
2965 1535 3262 1608 mysteriis,
3326 1555 3388 1593 ac
3417 1539 3482 1593 de
3548 1540 3792 1606 Eetimic,

2215 1614 2265 1680 et
2295 1607 2754 1680 Melampodgde
2798 1607 3037 1663 arcanis
3064 1608 3354 1676 Themidis,
3412 1627 3506 1665 seu
3547 1611 3788 1680 ejusdem

2220 1678 2430 1751 Cereris
2459 1678 2748 1750 symbolis,
2778 1688 2829 1734 et
2859 1681 2922 1735 de
2954 1681 3276 1748 Anucharsz’,
3310 1683 3408 1751 qui
3430 1678 3602 1737 civem
3631 1699 3792 1739 suum

2222 1748 2432 1804 Cereris
2463 1748 2725 1820 viiysteria
2747 1753 3054 1806 imitantem
3089 1748 3382 1823 interfecit.

2219 1847 2345 1922 Non
2385 1847 2518 1922 alio
2545 1865 2789 1922 quoque
2831 1848 3047 1916 animo,
3107 1855 3392 1922 quamrut
3421 1867 3680 1922 paganos
3721 1853 3793 1907 ad

2147 1919 2266 1994 veri
2300 1919 2398 1994 Dei
2430 1919 2654 1994 cultum
2684 1920 2970 1994 adducere
3001 1925 3216 1994 posset
3256 1919 3526 1978 Clemens
3570 1927 3793 1994 noster,

2150 1989 2269 2064 illis
2301 1989 2500 2064 adhuc
2537 1991 2758 2064 obiecit
2822 1989 3231 2064 crudelissima
3278 2001 3450 2064 atque
3499 1989 3798 2050 obscenis-'-

2150 2062 2303 2116 sima
2339 2061 2550 2117 Bacchi
2576 2062 2761 2133 orgia,
2793 2078 2978 2133 eaque
3007 2061 3518 2120 vehementissime
3548 2066 3798 2121 insecta-

2151 2138 2248 2188 tus
2275 2138 2384 2189 est.
2418 2135 2552 2198 Quae
2597 2134 2851 2207 quidem
2888 2136 3000 2207 etsi
3045 2137 3264 2207 nemini
3311 2136 3430 2191 sint
3476 2137 3793 2207 incognita,

2150 2209 2432 2279 Hervetus
2459 2204 2656 2279 tamen
2689 2204 2854 2260 ullibi
2897 2222 2957 2261 se
2987 2205 3046 2279 id
3096 2206 3310 2279 legisse
3359 2207 3584 2276 abnuit,
3613 2204 3793 2278 'quod

2153 2277 2233 2332 ait
2267 2276 2554 2346 Clemens,
2588 2277 2706 2332 haec
2769 2277 3046 2348 mysteria
3077 2299 3104 2327 ‹‹
3159 2276 3482 2334 ὀι-ιιάδιιιιω
3525 2276 3794 2334 carnium

2151 2365 2256 2404 esu
2289 2348 2589 2404 celebrari.
2638 2349 2659 2420 ἶ
2707 2368 2736 2398 ››
2766 2349 2852 2403 Ab
2885 2349 2985 2404 illo
3007 2349 3369 2419 itaquelecta
3392 2367 3503 2406 non
3531 2352 3791 2420 fuerunt,

2153 2424 2254 2475 aut
2285 2437 2399 2494 non
2434 2421 2588 2494 satis
2608 2419 2917 2494 diligenter
2931 2419 3794 2494 examinatanequeEpiphanii

2151 2508 2288 2546 mox
2317 2491 2615 2560 laudandi,
2649 2507 2838 2562 neque
2867 2492 2988 2546 haec
3035 2492 3274 2547 Arnobii
3318 2491 3492 2549 verba
3519 2491 3546 2547 ί
3567 2491 3608 2543 (ί
3651 2495 3792 2548 Bac-

2151 2562 2420 2618 chanalia
2449 2564 2622 2636 etiam
2657 2563 3173 2636 praetermittamus
3218 2564 3523 2636 immania,
3573 2565 3791 2636 quibus

2149 2650 2363 2706 nomen
2394 2633 2735 2704 omophagiis
2767 2635 3022 2688 Graecum
3083 2639 3190 2701 est,
3225 2634 3284 2689 in
3336 2635 3551 2706 quibus
3591 2633 3794 2691 furore

2149 2705 2394 2780 mentito
2423 2709 2481 2760 et
2508 2708 2875 2780 sequestrata
2899 2706 3147 2776 pectoris
3177 2705 3797 2780 sanitate,ci_rcumpli-

2149 2777 2294 2831 catis
2322 2792 2426 2830 vos
2457 2777 2768 2846 anguibus,
2793 2783 2969 2847 atque
2992 2781 3055 2830 ut
3083 2793 3183 2831 vos
3207 2777 3523 2847 plenosDei
3547 2777 3792 2833 numine

2149 2863 2215 2902 ac
2275 2848 2580 2917 majestate
2628 2847 2908 2916 doceAtis,
2974 2864 3282 2918 caprorum
3343 2849 3791 2905 reclamantium

2146 2919 2372 2992 viscera
2401 2919 2720 2992 cruentatis
2749 2919 2949 2992 oribus
2980 2919 3284 2992 dissipatis
3304 2921 3345 2977 ⁸,
3378 2943 3407 2972 ››
3432 2922 3580 2986 Quid
3604 2921 3794 2992 magis

2149 2991 2412 3060 apposite
2433 2991 2503 3045 ad
2534 2989 2852 3046 Clementis
2883 2990 3066 3060 nostri
3116 2989 3374 3046 Graecam
3416 2989 3790 3058 locutionem,

2149 3058 2444 3136 urgueatqu
2497 3060 2595 3136 τῂν
2634 3060 2967 3136 Δἱξρομανίαν
3022 3058 3241 3136 ἄγοντες
3274 3106 3288 3131 ,
3336 3061 3425 3115 καὶ
3480 3061 3792 3117 τελίσκουσι

2145 3132 2239 3192 τὰς
2270 3131 2610 3207 δέρεὶυγομίας
2630 3133 2667 3207 ?r
2686 3131 2751 3207 Si
2778 3131 2950 3205 quem
2981 3131 3114 3189 vero
3145 3135 3324 3189 alium
3378 3136 3790 3207 antiquiorem,

2149 3205 2324 3275 atque
2371 3205 2548 3260 etiam
2597 3205 2896 3276 ethnicum
2956 3209 3253 3276 auctorem
3309 3205 3617 3272 desideret,
3677 3207 3791 3276 ipsi

2147 3277 2546 3331 Theodoretus
2576 3275 2738 3330 dabit
2764 3275 3196 3346 Empedoclem,
3245 3277 3416 3344 cujus
3471 3278 3646 3330 verba
3703 3275 3790 3331 sic

2148 3347 2348 3401 retulit
2378 3363 2391 3401 :
2429 3368 2456 3396 «
2492 3347 2658 3401 Festa
2687 3361 2818 3400 vero
2848 3352 2904 3401 et
2933 3346 3240 3415 sacrificia,
3298 3362 3400 3400 seu
3457 3346 3578 3401 dies
3629 3348 3790 3402 nefa-

2149 3421 2270 3487 stos
2301 3421 2362 3487 etr
2387 3417 2716 3482 horribiles,
2752 3417 2809 3470 in
2841 3417 3057 3486 quibus
3084 3433 3217 3472 caro
3242 3419 3420 3471 cruda
3443 3417 3787 3487 comeditur,

2146 3486 2674 3562 evnigtbpozpayiar,
2724 3492 2789 3562 et
2827 3488 3237 3562 distraetiones
3277 3504 3586 3562 corporum
3619 3486 3787 3562 fiunt,

2139 3557 2486 3632 jejuniaque
2516 3557 2570 3613 et
2603 3559 2894 3632 planctus,
2930 3557 3128 3632 multis
3172 3557 3396 3632 autem_
3425 3559 3483 3614 in
3540 3560 3681 3615 locis
3734 3557 3791 3616 et

2146 3629 2619 3704 obscenarverba,
2651 3629 3077 3704 aliaequerﬁunt
3105 3629 3346 3686 insaniae
3377 3633 3678 3704 agentium
3726 3648 3789 3687 se

2146 3718 2279 3757 cum
2311 3702 2667 3764 turbatione,
2701 3700 3332 3772 cervicisquejactatu,
3369 3700 3514 3758 nulli
3552 3707 3791 3759 deorum

2145 3774 2474 3829 consecrari
2508 3773 2774 3841 dixerim,
2809 3774 2909 3827 sed
2934 3773 3104 3829 malis
3137 3775 3499 3831 daemonibus
3523 3782 3790 3831 averten-

2143 3845 2234 3917 dis
2261 3846 2456 3916 peragi
2492 3863 2505 3912 ;
2541 3849 2606 3900 ut
2635 3843 2842 3917 solatio
2861 3845 2978 3917 sint
3005 3862 3108 3915 pro
3132 3847 3284 3900 caede
3316 3847 3647 3912 hominum,
3675 3865 3790 3917 qua

2141 3915 2586 3986 illis’quondam
2635 3915 3072 3972 sacrificabatur
3118 3918 3158 3970 θ.
3193 3940 3222 3966 ››
3281 3917 3381 3973 His
3437 3919 3583 3972 adde
3620 3915 3789 3972 illum

2140 3988 2455 4044 Clementis
2485 3989 2670 4043 nostri
2699 3987 2892 4060 locum
2926 3989 2998 4043 ab
3039 3988 3285 4044 Eusebio
3320 3990 3615 4060 integrum
3652 3989 3790 4043 toti-

2139 4061 2272 4115 dem
2304 4061 2496 4115 verbis
2518 4059 2718 4114 referri
2752 4059 2816 4112 ¹⁰.

2210 4131 2291 4185 Ex
2320 4131 2418 4186 illo
2450 4133 2944 4203 itaqueHervetus
2963 4130 3142 4198 aliud,
3165 4132 3275 4187 sibi
3301 4148 3534 4203 quoque
3559 4131 3786 4203 incom-

2139 4207 2395 4272 pertum,
2428 4201 2652 4258 discere
2682 4201 2876 4257 adhuc
2907 4207 3133 4273 poterat
3163 4201 3663 4258 homi‘nes’insana
3689 4202 3789 4258 illa

2139 4273 2419 4346 mysteria
2488 4274 2872 4346 celebrantes,
2949 4274 3132 4330 fuisse
3210 4276 3582 4345 serpentibus
3620 4291 3786 4329 coro-

2140 4343 2309 4400 natos
2342 4348 2408 4399 ¹¹.
2438 4345 2496 4400 Si
2530 4351 2726 4400 tamen
2757 4343 2938 4398 alium
2976 4347 3167 4400 adhuc
3217 4343 3422 4401 testem
3458 4347 3570 4401 sibi
3623 4346 3789 4400 citari

378 4421 575 4512 aper‘te
607 4415 943 4512 inveniriL'in
968 4418 1331 4512 .cijvitatiLbus
1379 4418 1687 4512 ἀξειξειξςιορι-θε⁸
1715 4417 2024 4512 indigenae,
2060 4449 2107 4512 Β
2141 4415 2653 4512 ρρεῐρΙθῐθὲυᾱὶΡῐ
2683 4415 3077 4512 Epiphaniqm
3112 4434 3124 4472 :
3167 4419 3437 4512 «.Suntvet
3462 4418 3559 4501 alii
3583 4418 3792 4499 _Diony-

374 4489 476 4558 qui
510 4489 758 4544 honores
791 4489 900 4544 sibi
930 4489 1246 4544 vindicant.
1281 4489 1450 4559 Apud
1484 4487 1760 4560 Cythnios
1790 4489 2029 4560 quidem

373 4560 649 4629 Edemus,
685 4562 838 4632 apud
872 4561 1084 4617 Tenios
1105 4559 1539 4632 Callistagoras,
1559 4561 1717 4632 apud
1739 4559 1908 4632 Eleos
1932 4577 2029 4614 au-

372 4630 736 4704 temrAnius,
764 4634 919 4704 apud
957 4633 1210 4704 Lacones
1260 4631 1638 4704 Astrabacus.
1691 4630 1915 4704 Colitur
1967 4636 2030 4704 et

375 4703 614 4774 quidam
639 4701 819 4758 Heros
843 4704 1138 4759 Phalereis
1170 4703 1229 4757 in
1265 4701 1447 4773 puppi
1474 4703 1516 4774 ᾖ.
1554 4724 1580 4751 ››
1608 4702 1941 4774 Quiautem
1966 4701 2027 4756 hi

376 4771 693 4848 fuerintab
716 4779 962 4848 Herveto
996 4776 1043 4831 si
1077 4771 1409 4848 quaesieris,—
1448 4771 1546 4848 ille
1575 4773 1683 4828 tibi
1733 4772 1889 4848 hunc
1941 4789 2024 4828 re-

378 4846 693 4916 spondebit
726 4847 784 4901 in
811 4848 1050 4903 modum
1078 4843 1460 4902 :'«Undenam
1480 4843 1600 4899 haec
1617 4845 2030 4899 nominasum-

378 4917 566 4988 pserit
593 4916 882 4984 Clemens,
914 4937 986 4974 an
1019 4935 1087 4972 ex
1117 4918 1370 4973 archivis
1400 4916 1699 4971 civitatum
1734 4933 1880 4986 quas
1925 4933 2029 4988 no-

379 4987 589 5052 minat,
623 5005 695 5044 an
727 5006 796 5044 ex
823 4990 1115 5046 historicis
1145 4988 1243 5059 qui
1288 4988 1605 5060 perierunt,
1639 4988 1892 5060 ingenue
1945 4987 2030 5060 fa-

375 5064 505 5115 teor
535 5075 627 5114 me
659 5061 900 5116 nescire.
936 5083 964 5112 »
995 5062 1271 5125 Quaedam
1291 5059 1501 5114 tamen
1528 5075 1597 5114 ex
1644 5059 1718 5113 iis
1768 5059 2031 5114 invenies

379 5130 666 5204 explicata
695 5149 729 5187 a
757 5132 982 5202 Vossio,
1007 5133 1106 5204 qui
1140 5133 1197 5186 in
1229 5131 1727 5204 Clementistextu
1760 5147 1863 5204 pro
1893 5145 2032 5204 voce

379 5203 690 5275 «Anium»
726 5201 1064 5275 suspicatur
1094 5225 1123 5253 ‹‹
1154 5203 1350 5258 Alium
1388 5225 1408 5252 ι
1448 5201 1560 5274 legi
1577 5202 1859 5275 debere}.
1884 5202 2031 5275 Con-

375 5273 596 5330 ditores
629 5272 921 5345 siquidem
957 5276 1194 5331 urbium
1218 5277 1460 5330 deorum
1486 5272 1620 5328 albo
1649 5273 1863 5328 ascribi
1888 5272 2034 5328 sole-

374 5347 537 5400 bant.
569 5348 744 5418 Atqui
768 5348 1024 5402 Eliorum
1057 5347 1200 5402 urbs
1233 5347 1304 5401 ab
1331 5346 1457 5400 Alio
1503 5345 1740 5401 condita
1798 5349 1906 5401 est.
1954 5351 2034 5399 De

445 5488 488 5522 '8
527 5488 785 5544 Macrob.
815 5489 915 5544 lib.
948 5506 980 5560 ir
1003 5488 1322 5554 Saturnal.,
1362 5505 1412 5542 c.
1435 5488 1490 5542 7.
1525 5489 1570 5524 9°
1599 5504 1733 5560 pag.

379 5562 537 5644 Com.
572 5560 672 5615 lib.
735 5576 793 5644 rv
818 5559 1109 5644 _M'_vthol.‘,
1158 5577 1249 5644 c'.“
1266 5561 1321 5625 5,

383 5629 488 5684 lib.
521 5645 560 5696 1,

382 5701 485 5756 lib.
518 5719 570 5770 ν,

1796 5488 1956 5562 12.:
1987 5487 2158 5562 Vives
2209 5490 2270 5543 in
2316 5489 2432 5562 rlib.
2491 5505 2632 5562 xvm
2691 5490 2938 5560 August.
3003 5491 3099 5562 De
3133 5490 3312 5562 civit.,
3347 5509 3396 5546 c.
3457 5492 3530 5555 8;

1356 5575 1412 5631 p.
1443 5560 1568 5615 299.
1603 5561 1623 5594 ²
1651 5559 1705 5628 p.
1737 5559 1825 5614 26.
1861 5560 1882 5594 ³
1911 5560 2081 5615 Voss.
2118 5561 2220 5616 lib.
2255 5578 2274 5614 I
2315 5561 2389 5614 De
2444 5559 2588 5631 orig.
2615 5565 2671 5616 et
2703 5559 2894 5632 prdgr.
2931 5560 3210 5617 idololat..
3246 5559 3406 5618 c.13.
3466 5564 3486 5597 ⁴
3516 5566 3791 5631 Pansam,

2141 4487 2410 4562 siac_i,qui
2434 4488 2715 4562 Curetum
2737 4487 2941 4562 sacris,
2965 4493 3022 4543 et
3041 4489 3305 4562 carnium
3327 4487 3790 4562 divisioni,xpau§-

2135 4557 2346 4629 νομίανξ
2373 4562 2652 4630 μυοῦντες,
2702 4557 2920 4615 initiari
2970 4559 3183 4627 solent,
3217 4561 3477 4616 coronati
3509 4557 3789 4632 serpenti-

2138 4633 2271 4698 bus,
2304 4635 2562 4697 evantes,
2615 4635 2673 4686 et
2729 4647 2854 4696 ova,
2899 4647 3006 4685 ova
3059 4633 3475 4700 vociferantes,
3535 4632 3643 4687 hoc
3699 4634 3788 4687 est

2138 4704 2312 4757 Evam
2347 4702 2509 4757 illam
2543 4717 2993 4775 quamserpens
3023 4703 3249 4775 decepit
3275 4705 3611 4760 invocantes
3655 4704 3719 4756 ‘9.
3758 4723 3782 4753 υ

2141 4775 2310 4829 Porro
2342 4779 2538 4828 autem
2563 4773 2573 4774 ί
2598 4775 2677 4847 ibi
2726 4773 2942 4843 legitur
2986 4790 3094 4829 vox
3131 4773 3464 4847 κρεωνομία,
3500 4775 3782 4846 quemad-

2139 4847 2378 4900 modum
2411 4847 2564 4917 apud
2597 4846 2952 4917 Clementem
2982 4846 3246 4902 nostram
3277 4865 3289 4903 :
3320 4847 3540 4904 etillud
3573 4869 3601 4897 .<
3625 4863 3785 4900 coro-

2140 4917 2264 4995 nati
2293 4915 2684 4995 serpentibus,
2719 4939 2747 4966 ››
2773 4915 3171 4995 ῥκξστεεμμὲγοι
3236 4924 3365 4995 τοῖς.
3391 4918 3594 4995 deice»,
3627 4918 3784 4995 haud

2140 4985 2406 5066 absim-ili
2432 4989 2603 5066 modo
2635 4989 2790 5066 apud
2824 4985 3239 5062 Epiphanium,
3286 4985 3610 5066 τοὺς’ὅφεις
3664 4987 3788 5041 ἀνε-

2140 5058 2455 5130 στεμμένοι,
2490 5058 2758 5116 habetur.

2211 5129 2321 5204 Sed
2356 5132 2476 5187 haec
2505 5133 2783 5188 immanis
2814 5129 3024 5186 belluas
3053 5134 3251 5204 potius
3303 5149 3469 5204 quam
3533 5131 3789 5204 hominis

2143 5202 2338 5258 feritas
2360 5204 2483 5277 alia
2512 5205 2851 5277 eorumdem
2902 5202 3262 5277 paganorum
3319 5202 3494 5277 longe
3551 5203 3788 5277 ereviore

2143 5276 2550 5349 superabatur.
2587 5276 2795 5349 Scribit
2855 5275 3093 5349 quippe_
3123 5278 3404 5349 Clemens
3429 5274 3528 5330 —in
3577 5274 3789 5349 Bacchi

2144 5346 2450 5402 sacrificiis
2489 5347 2780 5413 homines,
2841 5345 2905 5403 u't
2964 5345 3209 5404 Dosidas
3254 5349 3624 5416 testiﬁcatur,
3675 5345 3790 5418 ipsi

3598 5490 3785 5546 Natal.

619 5648 674 5702 p.
818 5631 838 5665 ⁵
860 5701 869 5707 _
895 5629 1142 5707 Hesiod._
1187 5629 1372 5707 Ἐργᾱ
1411 5631 1831 5707 poet.__Cra3c.,
1866 5649 1953 5707 p._
1975 5632 2037 5684 44

2156 5633 2178 5666 ⁸
2232 5631 2464 5707 ἀίδεβέἶῗ·
2511 5629 2636 5707 9559-
2698 5629 2745 5707 5:
2808 5629 2948 5707 8),μὲ
3003 5634 3124 5707 2ο]
3183 5651 3314 5707 pag.
3364 5636 3415 5687 9.
3471 5635 3490 5669 ⁸
3549 5629 3786 5703 Arnob;

607 5701 662 5771 p.
698 5702 820 5770 169,
855 5701 1000 5757 in-4.
1034 5702 1054 5736 ⁰
1082 5701 1365 5758 Theoder.
1401 5709 1543 5758 tom.
1578 5702 1650 5757 IV
1697 5701 1882 5757 serm.‘
1924 5703 1994 5757 de
2029 5720 2205 5768 orac,,

2249 5721 2306 5775 p,
2337 5704 2460 5757 625.
2500 5704 2785 5779 ‘_°_Euseb.
2837 5704 3039 5779 lib._rr
3071 5704 3318 5779 Praz'pa'r.
3377 5722 3606 5777 evang,
3635 5723 3684 5761 c.
3730 5708 3784 5772 3,

386 5790 444 5844 p.
475 5774 566 5827 62.
603 5776 645 5808 ¹¹
675 5773 897 5829 Admon
932 5774 1003 5830 ad
1031 5776 1235 5842 Grec,
1268 5791 1325 5847 p.
1357 5775 1412 5830 9.
1450 5775 1494 5812 ¹²
1525 5773 1813 5847 Epiphan.
1848 5773 1990 5830 Adv.
2028 5773 2467 5855 haeres—expos.
2503 5775 2626 5844 fid.,
2650 5777 2676 5844 §
2702 5777 2787 5848 10,
2825 5793 2879 5850 p.
2916 5777 3070 5830 1092.
