4052 6154
491 209 601 265 945

1073 209 1265 268 ΑΜΕ
1301 214 1378 268 IN
1414 213 2023 273 COHORTATIONEM
2059 216 2152 270 ET
2188 213 2664 271 PBDAGOGUM
2699 210 3314 270 OBSERVATIONES.

3772 245 3773 250 η
3803 216 3916 270 946

489 333 712 411 τῶνᾼέπὶ
744 330 948 408 Σάγρᾳ.
982 336 1144 411 Quod
1201 336 1437 407 quidem
1491 339 1766 411 adagium
1808 358 1841 395 a
1883 340 2156 396 Cicerone
2185 340 2238 406 Α
2267 339 2360 392 sui
2392 339 2575 411 Sagra
2606 337 2792 408 magis
2835 353 3014 407 quam
3069 341 3226 407 Agra
3282 339 3418 394 nota
3469 341 3614 407 erat,
3674 339 3928 396 fortasse

491 405 893 482 conﬁrmatur,
919 405 1409 482 ‘explicatu'rque:
1439 430 1465 463 α
1493 405 1638 466 Nam
1672 413 1742 466 de
1787 416 1969 482 Sagra
2003 413 2154 468 Grae-

491 495 711 554 corum,
746 480 826 533 ait
856 477 1033 554 etiam
1066 483 1154 532 est
1185 477 1424 554 vulgare
1458 483 1824 553 proverbium
1849 477 1986 554 :vqui
2036 499 2159 550 quas

490 550 811 626 afﬁrmant,
839 549 1086 626 certiora
1113 567 1240 606 esse
1269 549 1490 619 dicunt,
1518 571 1692 626 quam
1711 554 1812 608 illa
1831 549 1957 625 qua:
2003 549 2158 624 apud

490 621 830 698 Sagramff.
866 643 894 698 τ)
927 621 1379 698 Straboautem
1401 621 2157 698 nobi'sginsupenundeior-

488 691 614 749 tum
640 691 882 763 sitillud
909 692 1302 763 proverbium,
1334 696 1418 750 sic
1466 696 1675 752 evolvit
1710 691 1784 756 ε’‹‹
1838 700 1977 752 Post
2045 697 2157 751 Lo-

491 780 620 819 cros
679 762 948 840 sequitur
1021 765 1198 840 S_agra
1254 765 1489 833 ﬂuvius,
1539 785 1713 840 quem
1788 768 2004 840 femino
2053 784 2157 839 ge-

491 835 944 910 nereeli'erunt:
1001 836 1074 890 ad
1132 852 1266 891 eum
1297 843 1415 910 gest
1481 835 1764 910 templum
1819 835 2152 894 Castoru'm.

488 906 728 981 200,000
760 906 1071 962 Locrenses
1103 923 1237 962 cum
1295 909 1576 981 Rheginis
1606 906 1678 964 de
1732 912 1966 980 103,000
2024 911 2157 964 Cro-

491 978 852 1060 toniatarum
899 993 1128 1060 _pugna
1174 978 1490 1060 commissa
1547 978 2154 1060 victoriam_r_eporta:

491 1053 647 1103 runt.
683 1053 864 1120 Atque
898 1048 1033 1120 hinc
1071 1050 1238 1104 aiunt
1289 1055 1538 1107 tractum
1600 1057 1803 1107 contra
1859 1048 2034 1108 ﬁdem
2073 1052 2153 1107 rei

489 1120 874 1226 derpgagtes:
906 1119 1144 1176 Veriora
1187 1121 1343 1177 hunc
1399 1123 1518 1178 haec
1564 1125 1739 1180 rebus
1770 1125 1924 1196 apud
1972 1128 2155 1195 Sagra

492 1191 674 1261 gestis
704 1192 768 1245 ⁸⁸.
795 1212 823 1241 ››

560 1262 670 1316 Sed
701 1262 802 1327 ibi,
841 1262 924 1316 uti
956 1266 1112 1318 certe
1144 1262 1328 1330 vides,
1371 1281 1486 1320 non
1519 1267 1590 1321 de
1633 1266 1776 1320 urbe
1799 1267 1896 1322 sed
1933 1267 2001 1319 de
2042 1265 2154 1320 ﬂu-

484 1331 576 1387 vio
617 1333 894 1406 loquitur.
923 1338 1114 1406 Atque
1149 1339 1214 1389 ut
1243 1335 1497 1391 Plinium
1531 1341 1827 1392 taceamus
1869 1338 1932 1405 ⁸⁵,
1958 1337 2152 1393 Cicero

490 1419 724 1474 quoque
756 1405 996 1476 quidem
1017 1405 1180 1474 prius
1211 1406 1434 1462 dixerat
1461 1425 1518 1462 ;‹‹
1543 1407 1684 1462 Cum
1709 1410 1776 1463 ad
1800 1407 2156 1463 fluviumSa-

484 1490 646 1546 gram
678 1477 1042 1550 Crotoniatas
1103 1478 1268 1550 Locri
1327 1479 1579 1534 maximo
1640 1479 1836 1550 praelio
1907 1479 2153 1534 devicis-

485 1551 636 1622 s_e_nt,
668 1562 734 1622 eo
767 1547 893 1618 ipso
926 1547 1317 1622 dieauditam
1359 1566 1486 1605 esse
1516 1547 1957 1622 eam—pugnam,
1999 1550 2154 1622 ludis

489 1617 767 1692 Olympias
797 1617 1093 1692 memoriae
1128 1621 1425 1692 proditum
1467 1628 1557 1676 est
1587 1622 1650 1678 5°.
1673 1617 1733 1671 “››
1757 1617 1963 1692 Ἃιᾳυὶ
2033 1621 2154 1676 haec

2310 409 2499 464 rediit.

2310 426 2499 464 roum.

2269 426 2302 481 Ρ
2336 481 2414 534 De
2440 480 2570 535 aliis
2601 483 2796 533 autem
2832 477 3141 547 mysteriis,
3173 494 3298 548 quae
3335 479 3631 537 Alimunte
3661 481 3787 536 ﬁeri
3827 499 3923 537 so-

2265 550 2486 616 lebant,
2519 550 2722 604 isthch
2751 554 2996 603 Herveto
3028 549 3321 617 incognita
3371 553 3660 608 Arnobius
3711 553 3921 609 litteris

2265 622 2637 696 consignavit
2672 639 2685 696 ς
2717 645 2736 669 ι»
2776 621 2964 696 Pudor
2997 636 3087 696 me
3105 621 3278 696 habet
3299 621 3618 696 Alimontia
3648 624 3751 679 illa
3782 642 3916 696 pro-

2264 694 2414 766 ferre
2437 691 2747 766 mysteria,
2788 692 3005 766 quibus
3039 691 3118 766 in_
3146 692 3326 766 Liberi
3377 693 3649 749 honorem
3705 691 3914 766 patris,

2264 763 2777 835 phallos'subrigit
2826 763 3044 835 Graecia
3076 763 3138 816 ⁵⁷.
3177 786 3203 811 ››
3265 763 3474 818 Verum
3537 763 3722 820 multi
3760 767 3921 822 haud

2264 833 2438 891 dubie
2488 833 2950 908 suspicabuntur
2999 833 3278 908 haec__non
3339 835 3577 908 aliunde
3629 853 3807 908 quam
3851 854 3922 893 ex

2261 908 2558 963 Clemente
2589 905 2788 961 nostro
2826 905 3006 960 fuisse
3037 905 3312 960 delibata.
3347 907 3404 961 Si
3438 923 3532 961 res
3576 905 3772 962 autem
3841 909 3922 964 ita

2263 995 2325 1034 se
2350 979 2578 1044 habeat,
2614 982 2834 1049 quaeret
2889 992 3029 1049 sane
3088 976 3306 1047 aliquis
3366 983 3564 1032 utrum
3621 979 3918 1036 Arnobius

2261 1066 2465 1105 verum
2498 1048 2754 1105 ancteris
2787 1048 2968 1102 nostri
3003 1049 3327 1117 perceperit
3369 1065 3632 1113 sensum,
3665 1055 3722 1104 et
3776 1066 3915 1107 vera

2262 1123 2492 1176 dixerit.
2529 1122 2616 1174 Ab
2645 1119 2744 1174 illo
2775 1119 3072 1190 siquidem
3109 1119 3434 1174 Alimuntia
3457 1125 3513 1174 et
3545 1122 3750 1176 Bacchi
3784 1137 3910 1192 my-

2263 1193 2440 1247 steria
2472 1193 2935 1257 confunduntur,
2969 1207 3095 1260 quae
3128 1191 3399 1246 videntur
3428 1209 3460 1246 a
3490 1192 3785 1247 Clemente
3806 1191 3914 1248 no-

2263 1268 2382 1319 stro
2423 1280 2536 1318 non
2571 1264 2818 1318 obscure
2849 1261 3154 1331 distingui.
3205 1263 3312 1317 Sed
3345 1262 3444 1317 illa
3492 1265 3539 1316 si
3574 1281 3606 1317 a
3638 1281 3701 1318 se
3757 1265 3906 1318 invi-

2260 1351 2382 1389 cem
2414 1335 2682 1406 Clemens
2705 1338 2992 1406 secernat,
3017 1333 3344 1389 Alimuntia
3366 1339 3519 1406 certe
3551 1352 3584 1390 a
3607 1336 3907 1406 prioribus

2259 1412 2425 1474 Agra
2447 1407 2569 1461 ﬁeri
2600 1405 2788 1460 solitis
2823 1405 3064 1477 minime
3087 1406 3430 1460 distinxisse
3456 1405 3728 1476 plurimis
3777 1425 3911 1477 pro-

2260 1478 2352 1532 cul
2387 1478 2564 1532 dubio
2594 1477 2938 1549 ividebitur.
2970 1476 3334 1547 Quapropter
3364 1478 3511 1532 haud
3560 1494 3709 1549 aegre
3741 1476 3911 1534 nobis

2260 1548 2633 1620 persuadebit
2665 1548 2882 1619 aliquis
2914 1548 3267 1620 Clementem
3292 1549 3362 1602 de
3393 1548 3628 1617 iisdem,
3652 1556 3910 1620 questam

2261 1619 2556 1674 Alimunte
2578 1637 2753 1689 quam
2783 1627 2943 1690 Agre
2967 1619 3246 1691 celebrari
3275 1619 3719 1682 consueverant,
3745 1621 3909 1691 loqui

487 1691 784 1774 mxsteria,
814 1691 884 1745 de
933 1690 1169 1774 quibus.
1199 1691 1465 1774 Clemens
1516 1697 1715 1748 noster
1742 1690 2055 1774 disputat,
2089 1693 2145 1774 in
2179 1705 2226 1771 Β
2259 1690 2801 1774 Cereris‘E‘leusina}
2858 1690 3372 1774 mysteriis,‘nis.i_.
3401 1691 3550 1745 alius
3611 1690 3904 1774 quispiam

491 1760 633 1815 urbe
666 1762 1067 1885 potius‘quam
1100 1763 1172 1817 ad
1205 1763 1362 1818 ﬂuvii
1382 1765 1538 1834 ripas
1563 1769 1796 1836 peracta
1814 1760 1994 1820 fuisse
2017 1764 2145 1834 quis

491 1833 830 1885 negaverit?
928 1849 1024 1885 ero
1077 1832 1260 1885 igitur
1315 1835 1566 1885 similior
1618 1835 1850 1885 videtur
1905 1836 2145 1885 Meursii

487 1833 830 1904 negaverit?
876 1832 1024 1888 Vero
1077 1832 1260 1904 igitur
1315 1832 1580 1890 similior'
1618 1835 1850 1891 videtur
1905 1832 2146 1890 Meu'rsii

483 1903 761 1978 correctio
792 1920 970 1978 quam
1001 1903 1541 1977 manuscriptorum
1574 1907 1956 1978 quantumvis
1994 1911 2148 1961 vete-

484 1990 616 2030 rum
673 1974 866 2044 lectio,
917 1991 1044 2047 quae
1105 1992 1174 2032 ex
1204 1974 1550 2034 amanuensi
1589 1974 1859 2049 'quodam
1887 1977 2150 2049 librario,

2257 1763 2454 1834 ipsum
2477 1767 2606 1834 toto
2639 1762 2736 1816 illo
2771 1763 2828 1816 in
2880 1762 3144 1834 locoinon
3177 1763 3247 1816 de
3277 1761 3408 1816 aliis
3466 1761 3644 1834 quam
3701 1761 3902 1819 obsce-

2258 1833 2547 1960 nissintiist
2574 1834 2781 1888 Bacchi
2840 1832 3056 1904 phallis
3130 1832 3496 1888 sermonem‘
3550 1834 3756 1890 fecisse
3809 1836 3914 1890 de-

2261 1922 2430 1960 mons
2463 1921 2519 1959 re
2553 1946 2566 1960 .

2261 1921 2566 1961 monstret.

1897 2233 2282 2330 CAPUT
2351 2233 2513 2327 XI.

481 2392 1016 2473 Philosophorum
1075 2401 1134 2456 et
1192 2400 1523 2475 poetarum
1583 2395 1978 2457 ethnicorum
2045 2396 2123 2456 de
2181 2394 2299 2455 diis
2365 2393 2711 2472 primisque
2783 2410 2989 2452 rerum
3054 2391 3376 2471 principiis
3437 2392 3787 2471 opiniones,
3851 2399 3913 2454 et

1587 2477 1663 2538 de
1693 2477 1769 2537 iis
1797 2495 1960 2556 qros
1999 2476 2219 2536 atheos
2249 2478 2798 2552 nuncupaverunt.

1072 2713 1473 2771 ARTICULUS
1528 2716 1568 2770 Ι.

484 2799 556 2855 De
583 2799 774 2874 prima
801 2799 1260 2874 philosophorum
1283 2803 1477 2874 classe,
1512 2802 1614 2873 qui
1643 2819 1822 2874 unum,
1845 2807 1944 2858 aut
1989 2805 2155 2874 plura

553 2871 824 2943 elementa
881 2872 1143 2926 dixerunt
1195 2873 1382 2942 prima
1410 2871 1532 2928 esse
1580 2873 1861 2942 principia
1917 2871 2143 2943 rerum;

552 2941 621 3015 de
637 2942 897 3015 opinione
946 2941 1203 3015 Thaletis,
1235 2941 1618 3009 Anaximenis,
1657 2941 1914 3012 Diogenis
1970 2941 2146 3015 Apol-1

554 3012 799 3086 lionatis,
855 3014 1219 3086 Per-manilius,
1304 3015 1547 3084 Hyspau'
1601 3015 1974 3086 Metapontini,
2015 3012 2146 3072 Ἠθ-

550 3083 770 3152 raclyu‘,
803 3087 852 3138 et
884 3085 1261 3156 Empedoclis;
1293 3083 1390 3140 ubi
1410 3083 1464 3142 et
1516 3087 1580 3142 de
1635 3083 2013 3143 Macedonibus
2071 3105 2136 3142 ac

554 3155 847 3209 Sarmatis.

594 3157 847 3210 armatis.

555 3276 638 3364 his
669 3277 801 3358 quis
821 3277 1304 3364 absurdissimas,
1337 3282 1408 3337 de
1429 3281 1647 3364 quibus
1677 3282 1987 3364 hncusque
2019 3282 2142 3338 dis-
2176 3245 2219 3312 θ’

488 3349 848 3424 putavimus,
882 3349 1224 3424 desipientis
1247 3349 1501 3424 humani
1541 3353 1758 3423 ingenii
1818 3349 2145 3424 opiniones,

481 3419 572 3494 vel
605 3421 800 3492 potius
824 3419 1121 3494 immania
1142 3439 1205 3476 ac
1238 3423 1558 3478 foedissima
1583 3419 1986 3487 h'umanarum,
2027 3424 2148 3494 opi-

485 3491 729 3564 nionum
754 3497 1039 3564 monstra,
1074 3493 1144 3547 ab
1177 3494 1390 3548 inﬁmae
1424 3499 1654 3549 tantum
1689 3495 1876 3564 plebis
1907 3499 2006 3549 aut
2045 3491 2147 3548 iiu-

486 3562 653 3634 periti
677 3563 835 3648 vulgi
869 3564 1460 3648 hominibusuasserta
1481 3570 1538 3620 et
1559 3562 1940 3648 ‘propugnata
1966 3565 2148 3648 fuisse

485 3640 860 3707 causaretur;
921 3635 1138 3689 idcirco
1177 3637 1447 3692 Clemens
1505 3635 1831 3707 adiromnia
1889 3637 2145 3707 philoso-

488 3705 759 3774 phorum,
791 3707 861 3760 de
885 3706 1092 3776 primis
1124 3724 1318 3761 rerum
1378 3706 1700 3777 principiis,
1749 3725 1849 3762 seu
1891 3705 1979 3763 'de
2034 3708 2148 3762 Deo

491 3777 586 3831 78
621 3777 769 3848 ipso,
797 3778 1149 3833 documenta
1179 3779 1390 3834 invicte
1439 3779 1753 3834 refellenda
1792 3779 2148 3849 aggreditur,

490 3864 676 3918 eaque
715 3866 749 3904 a
780 3849 1020 3904 veritate
1057 3854 1112 3904 et
1155 3855 1310 3904 recta
1369 3851 1592 3906 ratione
1656 3852 1886 3920 penitus
1934 3851 2150 3905 abhor-

491 3920 681 3992 ruisse
711 3921 1078 3976 demonstrat
1105 3921 1168 3975 ⁸⁸.
1200 3920 1575 3976 Manifestum
1609 3921 1803 3992 itaque
1851 3923 1991 3978 facit
2020 3923 2152 3992 phi-

488 3990 791 4065 losophos,
825 3992 927 4063 qui
977 3993 1318 4065 igueznuvel
1363 4011 1564 4062 aquam
1618 3990 1874 4064 primum
1934 3990 2153 4065 princi-

495 4063 656 4134 pium
689 4064 1136 4134 conﬁstituerant,
1169 4063 1314 4120 illud
1365 4082 1398 4119 a
1430 4063 1637 4133 Persis,
1693 4071 1794 4121 aut
1843 4063 2151 4132 Sarmatis,

493 4133 609 4206 aut,
654 4133 840 4206 magis
895 4136 1212 4206 accepisse,
1270 4137 1764 4206 quemadmodum
1824 4154 1892 4192 ex
1948 4138 2153 4192 eadem

491 4203 976 4277 philosophorum
1008 4203 1608 4278 opinione—indoctum
1643 4207 1850 4276 vulgus
1901 4209 2154 4264 Vulcano

493 4293 560 4332 ac
604 4280 876 4350 Neptuno
924 4278 1304 4350 divinitatem
1364 4280 1680 4334 attribuere
1749 4284 1948 4350 postea
2019 4281 2156 4334 edo-

493 4352 653 4403 ctum
683 4354 793 4404 est.
828 4349 974 4412 Quid
1007 4351 1186 4418 enim,
1219 4352 1302 4405 ait
1330 4352 1619 4415 Clemens,
1661 4349 1987 4418 Vulcanus,
2043 4351 2157 4405 nisi

493 4419 703 4546 igneta,
735 4422 876 4546 (quid
902 4420 1230 4493 Neptunus,
1261 4422 1372 4478 nisi
1412 4422 1654 4478 humida
1697 4423 1965 4494 quaedam
2015 4422 2158 4477 sub-

494 4509 521 4546 s
553 4508 626 4546 an
660 4508 714 4546 ia

494 4497 714 4546 stantia

569 4563 680 4618 Sed
714 4562 1014 4635 agesis,et
1045 4567 1264 4619 attento
1287 4563 1591 4620 nobiscum
1635 4565 1925 4635 perpende
1964 4564 2157 4619 animo

496 4639 715 4706 quanta
736 4634 1069 4690 sinceritate
1091 4641 1147 4690 et
1168 4635 1470 4706 diligentia
1502 4635 1597 4690 ille
1612 4634 2155 4691 variaseorumdem

499 4705 982 4776 philosophorum
1012 4706 1318 4777 opiniones
1358 4713 1677 4774 recenseat,
1719 4724 1935 4776 easque
1966 4707 2156 4778 impu-

498 4782 655 4848 gnet,
682 4778 927 4846 refellat,
958 4783 1015 4833 et
1054 4779 1318 4832 funditus
1350 4783 1588 4832 evertat.
1633 4780 1775 4833 Tres
1816 4783 2010 4834 autem
2063 4795 2157 4847 po-

497 4849 798 4921 tissimum
829 4865 928 4906 eas
959 4849 1270 4920 distinguit
1298 4848 1358 4903 in
1390 4850 1629 4921 classes.
1689 4867 1940 4921 quarum
2002 4849 2159 4920 prior

501 4920 761 4992 illorum,
794 4927 901 4986 est,
935 4921 1053 4992 qui
1075 4921 1262 4990 prima
1293 4936 1484 4974 rerum
1514 4920 1802 4992 principia
1829 4921 1919 4975 vel
1950 4921 2006 4974 in
2041 4938 2158 4976 uno

501 4992 586 5046 vel
618 4991 676 5046 in
711 4991 978 5062 pluribus
1010 4991 1317 5048 elementis
1341 4991 1654 5047 statuenda
1685 4991 1810 5048 esse
1840 4992 1986 5047 falso
2037 5009 2158 5047 cre-

504 5063 797 5118 diderunt.
822 5070 865 5117 A
895 5062 1134 5118 Thalete
1175 5067 1369 5118 autem
1402 5063 1648 5128 Milesio,
1683 5065 1779 5134 qui
1837 5080 2072 5132 aquam,
2105 5070 2163 5118 et

505 5135 578 5189 ab
610 5136 968 5190 Anaximene
1003 5135 1220 5206 pariter
1250 5135 1497 5202 Milesio,
1531 5136 1630 5206 qui
1665 5152 1854 5190 aerem
1901 5136 2162 5206 primum

506 5206 862 5278 principium
895 5223 1025 5278 esse
1055 5207 1511 5272 arbitrabantur,
1553 5207 1855 5278 exordium
1888 5207 2054 5262 duxit
2095 5209 2161 5262 σθ.

504 5279 954 5405 ,ἒιῐαὲθτουιι-οᾳυθ
987 5277 1086 5334 illo
1136 5278 1486 5350 philosopho
1521 5295 1627 5334 nos
1660 5277 1798 5334 alibi
1843 5279 2164 5349 disputavi-

577 5477 622 5511 ⁸³
712 5474 892 5532 Cicer.
953 5473 1036 5530 lib
1068 5515 1080 5529 .
1113 5491 1173 5528 II.
1211 5474 1290 5528 De
1321 5476 1441 5528 nat.
1473 5473 1655 5541 deor.,
1688 5490 1743 5543 p.
1772 5474 1897 5528 241.

508 5622 596 5675 42.
704 5619 747 5653 ⁷ο
778 5617 878 5672 lib.
908 5634 948 5671 Il
988 5622 1226 5686 Appar.,
1261 5617 1494 5670 dissert.
1549 5622 1605 5677 2,
1636 5632 1686 5670 ο.
1745 5617 1800 5680 7,
1829 5619 1868 5685 ;§

509 5692 611 5747 lib.
641 5707 697 5744 ix
728 5689 808 5744 De
837 5688 971 5743 vitis
1001 5692 1057 5743 et
1087 5687 1288 5744 dohm.
1322 5686 1680 5759 philosoph.,
1712 5689 1846 5756 §57.

507 5780 588 5817 v11
619 5761 697 5817 De
728 5760 910 5830 civit.,
943 5777 992 5817 c.
1013 5763 1066 5813 2.

1922 5618 2013 5673 29.

2189 4603 2235 4666 D

1997 5475 2044 5509 ⁸⁸
2071 5475 2260 5530 Strab.
2293 5475 2394 5529 lib.
2435 5491 2494 5528 vr
2522 5478 2751 5544 Geogr.,

509 5565 555 5602 ο.
592 5547 674 5602 10.
753 5547 797 5582 ⁶⁶
824 5545 1001 5601 Cicer.
1039 5544 1140 5598 lib.
1186 5563 1225 5599 ιι
1256 5545 1336 5599 De
1368 5549 1488 5598 nat.
1513 5545 1697 5613 deor.,
1734 5561 1788 5613 p.
1821 5548 1884 5599 2i
1902 5547 1948 5600 4.
1979 5547 2022 5580 ⁸⁷
2043 5549 2154 5601 Arn

2319 5545 2420 5600 lib.
2462 5562 2496 5598 v
2555 5546 2696 5600 Adv.
2770 5550 2928 5616 gent.
3003 5545 3047 5580 ⁸⁸
3106 5561 3238 5616 pag.
3300 5545 3369 5598 42
3422 5551 3478 5600 et
3532 5547 3622 5600 43.
3697 5547 3742 5581 ⁶⁹

2108 5619 2148 5653 ⁷¹
2176 5617 2354 5672 Cicer.
2416 5617 2569 5671 lib.1
2627 5623 2706 5672 De
2755 5621 2951 5672 natur.
3011 5617 3276 5684 deorum,

1950 5690 1995 5724 ⁷³
2027 5694 2154 5744 Ευερε

2267 5689 2380 5760 ⁵Ιὶι).
2422 5705 2715 5760 ipraspar.
2777 5705 3097 5761 evang.,.c.
3157 5690 3210 5760 8,
3246 5690 3423 5761 p.25.
3502 5691 3548 5726 7‘
3609 5691 3756 5761 Aug.
3823 5691 3924 5744 lib.

2340 2709 3222 2782 DiogenemveroApolloniatem
3249 2710 3628 2766 Anaximenis
3649 2710 3910 2782 opinioni

2264 2783 2658 2854 subscripisse
2692 2799 2803 2854 non
2836 2783 3173 2854 dubitanter
3213 2786 3602 2854 asseverat.Et
3617 2789 3768 2838 recte
3788 2784 3914 2854 qui-

2263 2856 2416 2910 dem.
2445 2853 2590 2908 Nam
2625 2855 2695 2908 de
2730 2853 2833 2908 hoc
2863 2854 3065 2908 eodem
3100 2853 3354 2923 Diogene
3389 2853 3627 2922 pulchre
3661 2853 3906 2910 Cicero:

2261 2949 2288 2976 ι(
2323 2927 2470 2992 Quid
2506 2941 2622 2988 aer,
2656 2924 2867 2995 inquit,
2902 2941 3016 2995 quo
3049 2924 3333 2994 Diogenes
3365 2924 3760 2995 Apolloniates
3791 2926 3909 2980 uti-

2258 3001 2355 3051 tur
2383 2997 2521 3062 Deo,
2555 3013 2729 3066 quem
2754 3012 2994 3050 sensum
3011 2995 3225 3067 habere
3245 3000 3454 3066 potest,
3475 3002 3578 3051 aut
3594 2997 3906 3067 quamfor-

2259 3085 2414 3123 mam
2447 3069 2548 3123 Dei
2580 3067 2666 3121 7‘?
2700 3090 2729 3116 ››
2762 3072 3028 3122 Altamen
3052 3137 3056 3138 ν
3080 3066 3367 3138 Diogenes
3426 3066 3689 3123 Laertius
3747 3069 3907 3123 hunc

2255 3141 2442 3194 eidem
2477 3139 2594 3194 aeri
2617 3140 2869 3194 mundos
2894 3137 3160 3193 inﬁnitos
3185 3137 3242 3192 et
3266 3139 3556 3192 inﬁnitum
3584 3139 3757 3193 inane
3801 3141 3908 3194 ad-

2259 3213 2508 3266 didissse
2528 3213 2779 3264 testatur
2801 3227 2813 3264 :
2832 3232 2858 3258 ‹‹
2886 3209 3164 3280 Diogenes
3186 3209 3694 3280 Appollothenidis
3727 3210 3904 3275 ﬁlius,

2257 3282 2653 3352 Apollionates
2685 3282 2814 3348 fuit,
2847 3279 2934 3333 vir
2956 3279 3320 3352 physicus’et
3350 3279 3687 3349 eloquentia
3709 3282 3766 3352 in
3794 3282 3906 3352 pri-

2255 3351 2366 3407 mis
2390 3352 2703 3408 clarus.....
2738 3352 2872 3414 Quze
2906 3357 3097 3406 autem
3133 3351 3404 3420 Opinatus
3436 3356 3550 3413 est,
3583 3357 3722 3405 sunt
3752 3351 3900 3406 ista:

2252 3425 2617 3478 Elementum
2646 3438 2774 3476 esse
2807 3439 3025 3491 aerem,
3060 3420 3616 3490 mundosinﬁnitos,
3642 3427 3695 3476 et
3729 3423 3902 3478 inane

2253 3495 2574 3560 inﬁnitum,
2608 3495 2973 3564 densumque
3003 3509 3194 3548 aerem
3229 3508 3293 3547 ac
3325 3503 3709 3548 rarescentem
3732 3511 3908 3549 mun~

2255 3566 2360 3620 dos
2391 3566 2647 3636 gignere.
2682 3563 2838 3636 Nihil
2870 3563 2937 3618 ex
2963 3581 3027 3618 eo
3060 3565 3210 3634 quod
3245 3581 3358 3636 non,
3383 3564 3485 3636 sit,
3520 3564 3644 3619 ﬁeri
3670 3586 3684 3634 ;
3714 3582 3904 3636 neque

2256 3637 2314 3691 in
2347 3635 2415 3691 id
2439 3635 2554 3706 quo
2587 3652 2701 3690 non
2735 3635 2829 3698 sit,
2865 3636 3160 3705 corrumpi
3193 3636 3254 3690 τ’.
3293 3658 3318 3684 ››
3352 3635 3566 3691 Verum
3599 3637 3645 3691 si
3679 3654 3746 3692 ex
3768 3635 3902 3692 aere

2258 3708 2463 3763 mundi
2495 3707 2834 3778 gignantur,
2869 3706 3031 3761 solus
3055 3724 3122 3762 ex
3152 3708 3277 3776 ejus
3310 3708 3582 3778 opinione
3608 3725 3729 3778 aer,
3789 3709 3902 3762 mi-

2259 3781 2414 3835 nime
2445 3796 2578 3834 vero
2599 3779 2799 3850 mundi
2817 3778 2993 3833 etiam
3009 3778 3220 3832 inﬁniti
3241 3779 3597 3834 elementum
3617 3781 3903 3850 primum-

2259 3869 2371 3922 que
2433 3849 2786 3921 principium
2829 3850 2942 3903 dici
2989 3851 3216 3904 debent.
3268 3852 3428 3922 Quod
3466 3849 3698 3919 quidem
3731 3868 3797 3904 ex
3830 3853 3904 3906 iis
3983 3865 4005 3880 '

2259 3921 2545 3993 liquidius
2579 3921 2826 3993 perspici
2862 3926 3068 3992 potest,
3103 3939 3230 3991 quae
3255 3921 3605 3975 Plutarchus
3626 3924 3775 3992 apud
3800 3924 3910 3976 Eu-

2260 3995 2486 4050 sebium
2519 3995 2589 4048 de
2613 3995 2815 4047 eadem
2837 3993 3104 4064 Diogenis
3127 3993 3418 4048 sententia
3443 3995 3737 4064 memoriae
3774 4012 3909 4064 pro-

2260 4067 2444 4120 didit:
2481 4088 2507 4116 «
2535 4065 2819 4135 Diogenes
2841 4062 3203 4134 Apolloniata
3221 4062 3791 4135 aerernelementnm
3814 4083 3909 4135 po-

2259 4141 2364 4206 nit,
2399 4136 2613 4192 moveri
2647 4134 2839 4190 autem
2866 4138 3158 4201 universa,
3193 4140 3249 4190 et
3272 4134 3530 4190 inﬁnitos
3555 4152 3683 4190 esse
3733 4134 3909 4190 mun-

2261 4211 2366 4264 dos
2385 4208 2658 4262 afﬁrmat.
2677 4207 2957 4261 Craterum
2977 4207 3262 4278 ejusmodi
3288 4208 3545 4261 somniat
3558 4224 3758 4262 eorum
3783 4225 3909 4263 mo-

2264 4282 2528 4336 litionem
2560 4297 2572 4346 ;
2607 4278 2828 4332 scilicet
2857 4295 2987 4332 cum
3019 4279 3356 4333 universum
3417 4278 3498 4331 ita
3556 4287 3907 4347 moveretur,

2266 4358 2328 4407 ut
2358 4351 2547 4406 rarius
2579 4349 2693 4413 hic,
2720 4349 2855 4406 alibi
2880 4350 3122 4404 densius
3142 4351 3318 4414 ﬁeret,
3347 4349 3909 4420 ubicunquemaior,

2263 4424 2527 4479 densitas
2556 4421 2932 4492 contingeret,
2963 4420 3044 4475 ibi
3078 4420 3542 4476 convolutionem
3588 4423 3908 4492 quamdam

2263 4494 2544 4556 olfecisse,
2573 4497 2696 4546 tum
2731 4491 2984 4546 similem
3019 4493 3078 4546 in
3114 4494 3347 4547 modum
3383 4491 3622 4558 caetera;
3666 4511 3790 4563 qua
3809 4511 3910 4548 au-

2266 4572 2382 4621 tem
2409 4563 2670 4618 omnium
2700 4563 3008 4617 levissimae
3043 4568 3236 4634 partes
3277 4569 3491 4631 essent,
3524 4581 3622 4619 eas
3680 4565 3914 4635 regione

2268 4636 2549 4708 superiori
2581 4640 2882 4704 occupata.
2916 4635 3095 4708 solem
3147 4636 3492 4708 produxisse
3548 4636 3610 4687 ⁷⁸.
3651 4658 3672 4685 ι»
3740 4634 3914 4691 Porro

2264 4707 2462 4764 autem
2490 4708 2850 4772 Augustinus
2875 4707 3038 4760 addit
3063 4723 3195 4762 eum
3230 4707 3501 4762 docuisse
3545 4708 3673 4762 sine
3720 4709 3918 4763 divina

2269 4780 2512 4843 ratione,
2545 4779 2716 4848 cujus
2748 4795 2845 4832 aer
2874 4795 3112 4846 compos
3157 4783 3265 4834 est.
3322 4795 3389 4832 ex
3419 4796 3484 4833 eo
3541 4778 3688 4833 nihil
3746 4794 3918 4850 posse

2270 4851 2392 4906 ﬁeri
2429 4867 2439 4904 ε
2477 4872 2500 4902 α
2529 4857 2730 4904 Aerem
2750 4850 2986 4920 quidem
3004 4850 3169 4917 dixit,
3189 4850 3540 4920 nAugustini
3560 4850 3734 4904 verba
3755 4854 3916 4916 sunt,

2269 4946 2295 4973 ‹‹
2332 4938 2524 4977 rerum
2552 4937 2679 4977 esse
2705 4922 3028 4976 materiam:
3064 4922 3132 4976 de
3165 4939 3281 4992 qua
3301 4922 3501 4976 omnia
3534 4922 3736 4976 ﬁerent
3764 4940 3776 4987 ;
3812 4922 3913 4975 sed

2267 5011 2400 5051 eum
2433 5009 2561 5048 esse
2593 4999 2915 5064 compotem
2951 4993 3158 5047 divinas
3184 4993 3450 5060 rationis,
3478 4993 3602 5047 sine
3626 5009 3742 5063 qua
3764 4993 3912 5048 nihli

2270 5085 2336 5122 ex
2368 5082 2435 5120 eo
2470 5065 2590 5118 ﬁeri
2626 5069 2819 5133 posset
2839 5066 2944 5118 7".»

2341 5138 2536 5204 Pergit
2567 5136 2858 5201 Clemens,
2892 5141 2948 5190 et
2977 5136 3115 5190 deos
3149 5152 3181 5189 a
3235 5135 3582 5190 Parmenide
3612 5135 3806 5204 ignem
3865 5140 3924 5190 et

2273 5214 2485 5264 terram
2518 5208 2879 5279 introductos
2912 5207 3199 5279 perhibet.
3229 5207 3387 5279 idem
3420 5224 3453 5261 a
3484 5207 3709 5279 Lgaertio
3755 5211 3925 5279 antea

2273 5279 2553 5335 traditum
2589 5278 2837 5349 legitur:
2871 5277 3336 5341 «Parmenides,
3368 5277 3586 5348 inquit,
3621 5277 3840 5350 Pyretis
3864 5280 3925 5333 ﬁ-

2273 5351 2411 5421 lius,
2446 5352 2693 5416 Eleates,
2749 5349 3155 5421 Xenophontis
3188 5351 3421 5405 auditor
3469 5351 3580 5404 fuit
3624 5349 3924 5418 {tametsi

2793 5491 2848 5544 p.
2881 5475 3006 5528 261.
3103 5473 3149 5508 ⁸⁸
3188 5473 3334 5528 Plin.
3370 5473 3472 5529 lib.
3508 5491 3594 5528 nu
3624 5474 3755 5532 Nat.
3787 5475 3928 5532 hist.

3325 5565 3369 5598 ιι
3422 5565 3478 5600 et
3532 5565 3622 5600 Iw.
3697 5565 3742 5581 υσ
3793 5565 3925 5618 pag.

3325 5633 3379 5688 p.
3439 5618 3564 5673 200.
3645 5617 3690 5652 ⁷³
3739 5619 3926 5674 Laert.
