4030 6202
447 186 555 242 963

1160 188 1235 241 IN
1271 185 1717 241 CLEMENTEM
1755 181 1973 236 ALEX.
2015 184 2081 236 D.
2122 181 2213 234 LE
2250 178 2545 235 NOURRY
2583 178 3058 234 DISSERTATIO
3094 181 3140 232 Ι.

3780 180 3885 236 964

448 312 672 380 buisse,
715 309 927 382 inquit,
983 308 1236 382 traditur
1291 308 1563 373 achaten,
1606 306 1665 361 in
1720 320 2090 382 quaqnov‘em
2121 305 2174 371 Α
2205 319 2273 356 ca
2297 302 2477 382 paulo
2503 302 3118 382 fusiusmedarguerat
3140 302 3208 356 ‘1.
3265 302 3348 356 Ad
3410 302 3582 382 illum
3621 308 3877 382 _a1_1tem,

449 388 625 439 Musa
655 377 714 436 et
741 377 942 452 Apollo
969 381 1504 452 cytharamitenens
1537 380 1942 452 spectarentur
1968 377 2032 429 ³⁸.
2063 398 2090 424 ››

449 456 665 510 Verum
690 450 1074 522 praeterquam
1097 451 1254 522 quod,
1276 450 1501 505 Herveti
1526 451 1790 520 conjectu
1802 465 1872 503 ra
1895 464 2099 522 omnes

455 543 632 582 manu
662 521 859 579 Graca
886 521 1099 577 exarati
1132 521 1361 577 codices
1394 538 1606 592 magno
1642 537 1934 576 consensu
1993 521 2096 592 ad-

450 606 775 660 versantur,
811 595 902 648 cui
935 593 1210 649 credibile
1241 595 1340 647 ﬁet
1372 591 1718 648 concessum
1748 591 2100 648 Christianis

452 684 711 738 unquam
746 667 925 738 fuisse
956 665 1367 738 hujuscemodi
1391 664 1696 738 annulum
1725 681 1759 718 a
1792 665 2100 738 Clemente

454 734 674 806 nostro,
707 738 809 808 qui
833 737 1014 791 ullam
1047 737 1336 792 idolorum
1383 735 1591 791 faciem
1622 736 1857 790 annulis
1884 734 2098 808 impri-

456 812 536 865 mi
567 805 758 881 plane,
792 808 1145 881 penitusque
1170 809 1243 881 iis
1275 807 1650 881 interdictum
1688 823 1831 881 esse
1881 805 2099 861 ibidem

455 878 854 936 asseveranter
885 879 1140 934 afﬁrmat
1162 879 1189 932 ‘?
1221 884 1419 948 Itaque
1478 879 1646 932 nobis
1680 878 1910 933 facilius
1973 892 2096 948 pro-

454 953 686 1008 habitur
719 950 936 1006 annulo
969 950 1251 1022 Polycrati
1308 950 1688 1022 insculptam,
1725 955 1823 1022 ut,
1851 953 2103 1004 testatur

453 1025 743 1088 Clemens,
776 1039 972 1077 revera
1003 1020 1186 1077 fuisse
1213 1023 1348 1092 lyrae
1382 1024 1618 1076 musica
1649 1020 1964 1091 imaginem
2012 1025 2098 1074 at-

453 1113 567 1167 que
598 1113 663 1150 eo
692 1096 954 1160 maxime,
986 1095 1141 1167 quod
1194 1094 1328 1148 huic
1377 1092 1638 1167 opinioni
1687 1093 1884 1147 nullus
1935 1092 2103 1162 plane

453 1164 659 1222 auctor
693 1182 953 1235 unquam
987 1165 1313 1235 refragatus
1345 1164 1444 1220 sit.

525 1238 605 1294 De
635 1233 856 1292 Seleuci
889 1245 1080 1290 autem
1114 1233 1332 1290 annulo
1364 1239 1570 1306 praeter
1598 1233 1842 1289 citatum
1863 1233 1934 1288 ab
1958 1233 2102 1306 Her-

453 1315 583 1364 veto
612 1310 940 1371 Justinum,
972 1308 1109 1361 audi
1142 1304 1462 1361 Ausonium
1494 1305 1596 1359 lib.
1630 1307 1701 1359 De
1729 1306 1899 1360 claris
1944 1304 2102 1359 urbi-

458 1382 575 1450 bus,
608 1381 713 1452 §2,
747 1380 818 1434 de
847 1378 1156 1434 Antiochia
1180 1383 1238 1433 et
1265 1377 1614 1432 Alexandria
1644 1378 1728 1430 sic
1757 1381 2098 1432 canentem:

1576 1463 1694 1519 Illa
1717 1463 1998 1519 Seleucum

528 1542 843 1609 Nuncupat,
875 1539 1178 1606 ingenuum
1207 1537 1365 1601 cuius
1405 1537 1518 1605 fuit
1560 1537 1804 1590 anchora
1858 1535 2102 1602 signum,

531 1612 720 1679 Qualis
753 1609 942 1663 inusta
970 1610 1102 1664 solet
1134 1610 1345 1680 generis
1374 1617 1525 1671 nota,
1567 1610 1716 1680 certa
1761 1623 1861 1674 per
1890 1622 2108 1660 omnem

530 1677 668 1737 Nam
697 1682 898 1736 sobolis
927 1677 1344 1735 seriem'nativa
1376 1677 1626 1734 cucurrit
1656 1679 1853 1748 imago.

458 1787 690 1842 Videsis
712 1787 883 1841 etiam
919 1785 1240 1856 Tiraquelli
1265 1783 1715 1839 commentarios
1747 1785 1819 1838 De
1843 1784 2104 1840 nobilita-

462 1865 532 1924 te,
567 1876 695 1924 cap.
727 1859 782 1922 6,
806 1863 833 1924 §
860 1858 950 1910 20.

747 1864 757 1873 .
822 1864 892 1896 ,ν

529 1864 1066 1998 ὒέξιοιῗῆιέεἷυίιυὶᾶ
1101 1928 1171 1980 ad
1201 1926 1502 1981 clariorem
1545 1925 1864 1980 Clementis
1923 1925 2105 1979 inter-

458 2003 844 2073 pretationem
879 1998 1200 2073 degannulo
1245 1999 1490 2073 ejusque
1537 1998 1805 2068 gestandi
1861 1998 2104 2073 origine,

461 2068 778 2144 quomodo,
810 2089 842 2144 a
877 2071 1113 2144 quibus,
1145 2086 1259 2144 quo
1292 2068 1492 2144 digito,
1513 2076 1580 2144 _et
1629 2069 1928 2144 quamob
1970 2085 2108 2144 cau-

460 2139 585 2200 sam
619 2144 697 2198 sit
745 2139 1104 2206 induendus,
1163 2142 1312 2195 scire
1360 2139 1686 2208 desideres,
1747 2139 1927 2194 adisis
1986 2139 2107 2194 Pli-

463 2217 626 2270 nium
667 2214 768 2269 lib.
822 2229 1002 2266 xxxm
1065 2212 1275 2276 Histor,
1308 2216 1521 2277 natur,
1583 2228 1708 2282 cap.
1746 2212 1797 2274 1,
1857 2227 1994 2282 pag.
2048 2211 2103 2268 6:

462 2287 564 2341 lib.
597 2301 810 2351 xxxvu,
843 2300 967 2354 cap.
1006 2285 1054 2346 1,
1090 2299 1222 2354 pag.
1278 2284 1382 2337 355
1428 2287 1484 2336 et
1520 2281 2106 2354 _squ;‘Macrobium

463 2357 564 2412 lib.
598 2375 675 2411 vn
714 2352 1026 2423 Saturn—aL,
1087 2352 1212 2426 eap’.
1264 2355 1402 2426 13;"
1430 2352 1644 2426 Aulum
1696 2352 2106 2426 Gelliummlib.

460 2447 496 2482 x
551 2431 707 2484 Noct.
767 2429 956 2493 Attia,
1013 2443 1116 2497 cap
1144 2423 1175 2479 .“
1217 2426 1324 2486 10;
1377 2424 1725 2495 Polydorum
1786 2423 2107 2497 Vergilium

460 2499 563 2554 lib.
601 2517 636 2552 ιι
670 2501 744 2553 De
773 2495 1115 2564 invenirer;
1149 2513 1275 2566 cap.
1307 2497 1377 2549 2‘2.
1405 2519 1418 2562 ;
1449 2497 1840 2550 Alexandrum
1873 2495 1944 2550 ab
1987 2495 2112 2566 Ale-

461 2571 682 2624 xandro
715 2569 818 2622 lib.
855 2586 893 2622 ιι
930 2567 1148 2622 Genial.
1181 2565 1346 2632 dier.,
1381 2583 1508 2638 cap.
1549 2567 1633 2633 19,
1666 2571 1724 2621 et
1756 2569 1883 2637 ejus
1938 2565 2108 2620 scho-

464 2642 676 2696 liasteu
708 2638 1116 2710 Tiraquellum
1133 2679 1146 2694 .

1022 2742 1420 2798 ARTICULUS
1455 2742 1557 2796 IIl.

470 2846 542 2899 De
569 2844 801 2913 superba
830 2841 1114 2896 domorum
1143 2839 1291 2908 apud
1323 2856 1569 2913 paganos
1600 2839 1957 2913 supellectile.
2018 2842 2114 2895 ubi

541 2917 611 2969 de
636 2911 885 2984 gaunace
911 2929 1008 2966 seu
1036 2927 1402 2984 gaunape,iac
1429 2911 1776 2981 potissimum
1818 2912 1883 2967 de
1935 2914 2115 2966 variis

540 2983 804 3040 vasorum
829 2985 1137 3052 generibus,
1177 2983 1242 3037 de
1285 2983 1550 3038 thericteo
1604 2984 1802 3053 calice,
1856 2993 2104 3049 cantare,

540 3057 805 3121 lebronio,
829 3041 1070 3124 lepasta,
1103 3041 1368 3124 psyctere,
1425 3055 1692 3120 wnochoe,
1716 3059 1768 3109 et
1789 3041 1802 3053 ’
1825 3056 1954 3109 aliis
1983 3041 2102 3109 ala;
2136 3041 2178 3107 C

541 3129 826 3191 bastrinis,
858 3131 1023 3198 atque
1051 3128 1234 3180 minus
1266 3125 1524 3193 honestis,
1557 3143 1627 3183 ac
1647 3129 1713 3182 de
1751 3126 1824 3180 iis
1881 3142 2114 3197 quorum

536 3200 600 3254 in
626 3199 831 3254 balneis
860 3214 990 3252 usus
1019 3204 1161 3252 erat.

534 3295 658 3351 Non
691 3296 882 3366 impar
913 3309 1018 3349 nec
1050 3293 1403 3366 minorerat
1446 3311 1810 3366 paganorum
1872 3295 1930 3349 in
1990 3298 2113 3351 tota

465 3364 1465 3439 domorum—suarumsupellectile,
1512 3364 1689 3439 quam
1722 3367 1793 3439 in
1851 3367 2112 3439 vestibus

464 3440 691 3493 vanitas
718 3442 772 3493 et
831 3437 1146 3509 superbia:
1211 3459 1232 3484 α
1266 3436 1452 3509 Sella,
1483 3457 1507 3487 υ
1530 3436 1546 3439 “
1568 3437 1763 3508 inquit
1817 3438 2110 3509 Clemens,

470 3530 491 3560 ι
529 3514 833 3581 argentea,
857 3508 1049 3580 pelves
1079 3515 1138 3562 et
1167 3508 1492 3575 acetabula,
1533 3509 1808 3575 scutella,
1868 3515 1924 3564 et
1971 3508 2112 3564 cati-

468 3581 559 3652 ni,
581 3588 640 3635 et
671 3586 949 3650 praterea
975 3596 1118 3634 vasa
1167 3596 1345 3652 aurea
1404 3585 1460 3652 et
1489 3587 1783 3652 argentea,
1833 3581 2115 3636 nonnulla

466 3651 702 3721 quidem
737 3652 808 3706 ad
835 3651 1098 3706 ciborum
1132 3650 1694 3718 ministerium,'alia
1713 3668 1846 3706 vero
1875 3654 1944 3707 ad
1969 3653 2114 3707 alios

467 3739 635 3792 usus,
693 3738 841 3792 quos
901 3738 992 3776 me
1048 3723 1227 3795 pudet
1282 3723 1494 3795 dicere,
1551 3738 1620 3795 ex
1675 3722 1863 3778 sectili
1918 3725 2115 3795 cedro,

467 3794 627 3865 thyo,
662 3795 981 3864 ebenoque,
1017 3799 1074 3848 et
1104 3793 1277 3848 ebore
1307 3793 1600 3862 instructi,
1634 3795 1916 3864 tripodes,
1952 3793 2112 3850 lectié

467 3881 581 3937 que
611 3867 869 3936 argentei
902 3866 1099 3936 pedes,
1132 3868 1188 3918 et
1221 3879 1287 3918 ex
1317 3865 1490 3919 ebore
1519 3880 1644 3920 com
1658 3867 1828 3937 pacti,
1855 3882 2116 3937 auroque

465 3936 861 4007 interspersa,
892 3942 948 3990 et
980 3937 1275 3990 testudine
1304 3937 1537 4007 variata
1569 3936 1779 3991 cubilia
1812 3936 2036 4005 valva,’
2060 3941 2117 3992 et

467 4006 738 4079 stragula
770 4012 961 4079 vestes
994 4023 1319 4079 purpurea,
1353 4012 1411 4062 et
1435 4006 1682 4079 aliorum
1717 4008 1976 4063 colorum
2013 4026 2114 4079 pa-

466 4078 980 4148 ratu’difficilium,
1010 4078 1390 4150 insolentium
1427 4078 1770 4133 deliciarum
1804 4078 2115 4150 argumen-

467 4156 527 4204 ta
556 4151 622 4218 ⁸ο,
655 4150 884 4204 invidia
917 4150 1231 4218 mollisque
1263 4149 1506 4219 ignavia
1539 4150 1823 4205 insidiosa
1855 4149 2114 4206 cOmmo-

469 4223 544 4276 da
566 4227 706 4276 sunt
734 4221 932 4276 omnia
962 4221 1351 4292 emendanda.
1384 4241 1412 4270 »
1451 4222 1536 4274 Ita
1584 4237 1721 4276 sane
1755 4223 1887 4292 pius
1917 4227 1972 4276 et
2029 4239 2116 4277 re-

470 4293 715 4363 ligiosus
737 4298 942 4348 auctor
972 4291 1379 4364 noster_nimis
1411 4293 1715 4364 profusum
1751 4291 1818 4348 ac
1841 4309 1984 4364 pene
2007 4294 2118 4348 im-

476 4361 746 4489 ni'egsum
782 4379 1143 4436 paganorum
1175 4361 1378 4417 luxum
1413 4361 1647 4434 penitus
1680 4361 1869 4435 rejicit
1907 4371 1964 4420 et
2016 4383 2114 4420 ex-

476 4453 510 4489 n
537 4453 567 4489 o
613 4442 677 4489 1t.

537 4436 677 4490 odit.

515 4453 677 4490 ιοαιι.

474 4453 656 4562 pNec
716 4505 927 4560 minori
1004 4505 1309 4578 severitate
1365 4522 1570 4578 rursus
1609 4505 1738 4561 'ille
1805 4506 2119 4578 proscribit

472 4599 494 4628 ι
531 4583 842 4633 stratorum
877 4577 1392 4647 magnificentiam,
1427 4575 1696 4644 pulvinos
1741 4575 1883 4633 auro
1941 4578 2120 4632 inter-

472 4654 682 4713 textos,
715 4664 974 4718 auroque
1005 4648 1328 4718 variegatas
1358 4647 1595 4719 glabras
1627 4655 1840 4714 vestes,
1900 4654 2124 4718 stragu-

470 4719 559 4775 las
600 4721 995 4803 puniceasque
1027 4720 1375 4803 xist_ides,let
1407 4721 2122 4803 pretiosissimasﬂgauna-

470 4789 748 4858 casfrobc
775 4789 1064 4864 γαύνακας,
1098 4796 1155 4864 e_t_
1184 4789 1756 4864 poetica—purpurea
1787 4789 1983 4864 pallia,
2023 4808 2121 4864 ve:-

473 4869 710 4935 stesque
741 4861 1003 4935 superne,
1025 4861 1229 4916 molles
1263 4879 1327 4917 ac
1359 4861 1660 4933 delicatas,
1695 4867 1752 4918 et
1780 4861 1997 4918 cubilia
2033 4863 2122 4919 vel

475 4935 596 5007 ipso
614 4933 837 4990 'somno
871 4933 1138 4989 molliora
1166 4935 1241 5007 ‘_°._
1265 4955 1292 4982 n

545 5007 705 5062 Hanc
740 5022 931 5076 porro,
964 5021 1029 5058 ac
1076 5005 1279 5059 multis
1302 5005 1395 5058 vix
1427 5021 1571 5075 pene
1616 5004 1954 5061 credibilem
2005 5006 2118 5062 nisi

475 5077 621 5132 forte
652 5078 804 5148 apud
830 5081 1040 5148 nostra
1066 5077 1251 5148 atatis
1272 5077 1638 5131 Christianos
1658 5092 1879 5146 parem,
1902 5077 1987 5132 vel
2013 5079 2121 5132 for-

473 5153 627 5204 tasse
658 5147 832 5204 etiam
866 5149 923 5202 in
959 5147 1260 5219 religionis
1293 5152 1503 5202 nostra
1534 5148 1787 5203 dedecus
1835 5149 2120 5217 majorem

467 5220 818 5289 videremus,
852 5218 1233 5292 supelleCtilis
1257 5219 1754 5290 magniﬁcentiam
1775 5220 1914 5275 olim
1939 5225 2115 5276 Sene-

548 5435 591 5470 ³⁸
624 5434 769 5490 Plin.
807 5434 906 5489 lib.
945 5452 1132 5489 xxxvn
1169 5435 1313 5489 Hist.
1348 5438 1497 5496 nat.,
1529 5449 1579 5489 c.
1615 5435 1666 5502 1,

2147 4403 2195 4467 D

1718 5451 1775 5504 p.
1807 5434 1929 5489 356.
2008 5435 2052 5470 3°
2080 5433 2186 5490 lib.
2221 5453 2282 5503 ιι,
2318 5453 2366 5493 c.
2429 5439 2484 5506 3,

2210 375 2360 448 quia,
2382 374 2553 448 paulo
2582 373 2973 448 prolixiorest
3002 376 3131 448 ejus
3162 389 3375 448 sermo,
3428 379 3484 448 te
3543 373 3878 448 mittimus,

2209 447 2366 522 et_ad
2399 447 2705 522 variorum
2726 447 2783 499 in
2816 445 2978 499 illius
3000 446 3178 522 verba
3198 446 3678 522 observationes,
3703 445 3878 522 atque

2210 518 2384 590 etiam
2421 519 2489 572 ad
2525 516 3232 590 Guilelniumistucbium
3265 517 3400 590 glib.
3427 535 3468 572 11
3523 516 3877 590 Antiquitat.

2210 589 2509 662 convivat,
2543 606 2648 657 cap
2683 591 2769 655 15,
2804 592 2862 662 et
2881 587 3236 643 Stanislaum
3264 587 3766 662 Kobierzyckium
3811 596 3878 650 De

2213 661 2352 714 luxu
2384 662 2769 714 Romanorum.
2807 660 2908 712 ιιι..
2944 677 3005 726 ιι,
3041 676 3168 730 cap.
3198 663 3252 713 7.

2285 732 2522 786 Interim
2554 748 2687 786 vero
2722 733 2931 805 mirare
2962 731 3432 805 Hervetum,_qui
3454 748 3558 805 nec
3585 735 3739 805 quid
3765 737 3877 792 sint

2211 819 2510 876 gaunaca,
2546 819 2650 857 nec
2685 801 3132 876 ullibi_us_quam
3167 804 3237 858 de
3286 801 3407 858 illis
3431 801 3670 876 aliquid
3708 823 3773 862 se
3803 809 3872 863 le-

2211 875 2366 1000 gisse
2399 892 2503 930 nos
2534 873 3142 930 commonefaciendos
3169 889 3356 945 opera
3388 873 3657 945 pretium
3693 878 3868 935 duxit.

2267 962 2355 1000 am
2391 947 2667 1000 frequens
2698 961 3098 1000 aaunacarum
3131 946 3284 1000 apud
3344 947 3540 1000 varios
3606 955 3868 1000 auctores

2267 962 2355 1000 am
2391 947 2667 1016 frequens
2697 961 3098 1015 gaunacarum
3131 946 3284 1016 apud
3344 947 3540 1002 varios
3606 955 3868 1007 auctores

2213 1022 2387 1086 atque
2418 1020 2593 1072 etiam
2630 1017 2863 1071 Latinos
2898 1023 3098 1087 poetas
3133 1016 3356 1072 mentio
3389 1018 3542 1072 facta
3591 1025 3710 1074 est.
3764 1022 3866 1077 Du-

2214 1090 2378 1158 plicis
2409 1095 2626 1151 autem,
2661 1094 2809 1142 teste
2841 1088 3040 1151 Suida,
3073 1094 3240 1143 erant
3267 1089 3500 1159 generis
3528 1108 3543 1144 :
3591 1113 3620 1140 ‹‹
3661 1091 3866 1149 Genus.

2215 1160 2429 1229 inquit,
2493 1159 2673 1228 pallii,
2707 1161 2861 1232 quod
2893 1160 2944 1214 ei
2978 1160 3282 1232 Persidem,
3303 1168 3533 1216 vocant.
3571 1161 3692 1218 Alii
3750 1181 3865 1221 vero

2213 1232 2461 1308 sisyram
2494 1231 2896 1308 thymetidem,
2932 1231 3223 1308 quod__est_
3239 1231 3431 1287 simile
3455 1234 3730 1308 m_orychi
3753 1253 3864 1308 sag-

2215 1303 2396 1367 mati;
2430 1319 2633 1373 sagma
2661 1317 2795 1356 vero
2843 1304 2972 1373 ipsa
3028 1301 3128 1358 teli
3184 1302 3374 1357 theca.
3410 1325 3438 1352 »
3499 1301 3691 1360 Docet
3743 1301 3861 1362 νειῖο

2213 1375 2518 1428 Turnebus
2552 1373 2659 1428 hac
2689 1389 2825 1428 voce
2855 1373 3169 1442 stragulas,
3202 1379 3304 1428 aut
3333 1376 3716 1445 operimenta
3743 1381 3860 1435 alte-

2215 1463 2280 1499 ra
2312 1453 2472 1512 parte
2515 1445 2744 1518 villosa,
2782 1450 2904 1518 qaut
2938 1445 3120 1518 Apallii
3173 1461 3362 1516 genus
3419 1447 3754 1518 signiﬁcari
3801 1454 3856 1506 ".

2219 1521 2389 1571 Porro
2420 1522 2615 1571 autem
2649 1516 2871 1571 Plinius
2903 1515 3116 1571 alicubi
3179 1515 3447 1587 gausapa
3478 1515 3857 1577 —mentionem

2215 1587 2308 1642 bis
2340 1588 2532 1643 verbis
2565 1588 2771 1660 fecisse
2803 1589 3050 1660 legitur:
3087 1609 3114 1638 «
3137 1589 3412 1660 Antiquis
3444 1595 3619 1645 torus
3652 1608 3682 1646 e
3725 1598 3852 1648 stra-

2137 1681 2181 1745 Β
2216 1665 2411 1745 mento
2427 1659 3016 1742 erat,qualiteretiam
3036 1662 3260 1714 nuncin
3285 1659 3638 1745 Castris.§7
3657 1669 3856 1745 Gausa-

2213 1748 2286 1802 pa
2305 1731 2485 1802 patris
2510 1732 2619 1785 mei
2645 1731 2926 1785 memoria
2942 1746 3195 1802 coepere;
3218 1749 3307 1786 am
3319 1732 3638 1802 phimalla,
3656 1743 3851 1801 nostra,

2212 1801 2365 1856 Sicut
2395 1801 2602 1856 villosa
2623 1802 2798 1856 etiam
2829 1801 3134 1858 ventralia.
3163 1802 3307 1856 Nam
3340 1803 3548 1858 tunica
3579 1801 3684 1860 lati
3729 1808 3850 1861 clavi

2211 1873 2270 1927 in
2307 1874 2543 1946 modum
2575 1890 2848 1946 gausapa
2881 1874 2996 1928 texi
3028 1890 3184 1928 nunc
3216 1874 3475 1944 primum
3509 1876 3723 1946 incipit
3744 1879 3798 1932 ⁸³.
3824 1900 3845 1927 ι)

2212 1949 2284 1998 At
2313 1944 2362 1998 si
2393 1944 2652 2021 gausape
2687 1945 2837 2021 idem
2874 1961 2938 1998 ac
2960 1961 3216 2021 gaunace
3238 1947 3434 2011 fuerit,
3459 1947 3530 2001 de
3556 1944 3845 2021 illi—usquo-

2212 2032 2326 2086 que
2361 2032 2471 2071 usu
2505 2015 2780 2070 Horatius
2812 2015 2936 2070 haec
2967 2016 3221 2071 cecinit:

2353 2122 2446 2175 llis
2477 2119 2582 2175 tibi
2607 2120 2860 2187 sublatis,
2893 2137 3032 2191 puer
3062 2122 3176 2176 alte
3204 2123 3436 2190 cinctus,
3468 2139 3727 2181 acernam

2353 2192 2601 2263 Gausape
2629 2208 2908 2263 purpureo
2934 2208 3178 2247 mensum
3205 2197 3463 2264 pertersit
3491 2196 3560 2250 “.

2211 2299 2436 2370 Videsis
2469 2302 2749 2369 praterea
2779 2299 3049 2354 Ovidium
3099 2299 3200 2355 lib.
3245 2318 3287 2355 ιι
3320 2302 3393 2356 De
3441 2309 3564 2357 art.
3621 2303 3838 2370 amomi,

2210 2369 2533 2426 Martialem
2563 2370 2668 2442 lib.
2724 2387 2818 2424 XIV
2867 2373 3176 2442 Epigram,
3238 2373 3524 2440 Persium,
3585 2379 3691 2430 etc.
3745 2375 3836 2430 Sed

2213 2442 2502 2567 pracipue
2560 2441 2847 2522 legendus
2874 2441 2961 2498 eet
2990 2443 3262 2498 Octavius
3293 2445 3596 2502 Ferrarius
3618 2452 3766 2518 parte
3786 2461 3837 2514 ιι,

2237 2515 2317 2567 1b.
2357 2531 2394 2567 ι.
2426 2514 2498 2567 De
2527 2529 2587 2567 re
2614 2519 2905 2567 vestiaria.
2938 2531 3064 2567 can.
3097 2516 3130 2567 7
3163 2521 3221 2567 et
3250 2517 3301 2567 8.

2237 2513 2317 2568 ib.
2357 2531 2394 2579 ι,
2426 2514 2498 2568 De
2527 2529 2587 2568 re
2614 2513 2905 2579 vestiaria,
2938 2531 3064 2584 cap.
3097 2516 3130 2568 7
3163 2521 3221 2570 et
3250 2517 3301 2569 8.

2283 2585 2417 2648 Qua
2447 2591 2639 2640 autem
2672 2586 2907 2652 fuerint,
2939 2591 2996 2640 et
3039 2588 3332 2656 quomodo
3365 2589 3618 2657 pretiosa
3665 2589 3730 2643 ad
3762 2587 3835 2641 bi-

2216 2656 2473 2710 bendum
2504 2673 2643 2728 vasa
2673 2673 2776 2728 seu
2811 2657 3020 2728 pocula
3051 2656 3420 2728 vocarentur,
3454 2661 3706 2716 Clemens
3759 2657 3833 2712 sic

2215 2731 2448 2801 enarrat
2477 2743 2500 2801 :_
2524 2749 2550 2776 ‹‹
2583 2727 2827 2801 Valeant
2854 2745 2989 2801 ergo
3021 2727 3284 2784 thericlei
3317 2730 3545 2801 calices,
3577 2731 3829 2801 antigoni-

2216 2799 2318 2852 des
2351 2798 2637 2872 canthari,
2674 2798 2944 2872 labronii,
2976 2805 3033 2855 et
3066 2801 3351 2872 hlepasta,
3415 2807 3471 2856 et
3515 2798 3823 2872 poculorum

2216 2886 2426 2940 genera
2455 2870 2931 2936 innumerabilia,
2967 2870 3154 2925 trulla
3199 2878 3487 2941 praterea,
3515 2870 3570 2927 et
3610 2876 3820 2942 psycte-

2220 2958 2333 3008 res,
2361 2946 2417 2995 et
2447 2943 2737 2996 oenocboa
2769 2942 2887 2995 ‘5.»
2933 2943 3044 3005 Qut
3101 2949 3320 3010 autem,
3377 2949 3427 2998 et
3478 2959 3583 3012 qua
3624 2944 3810 3012 forma,

2217 3028 2396 3082 quave
2419 3029 2487 3066 ex
2520 3013 2761 3067 materia
2794 3014 2923 3068 lecti
2945 3019 3143 3068 essent
3172 3014 3424 3069 thericlei
3456 3011 3665 3076 calices,
3716 3011 3811 3064 do-

2217 3087 2308 3138 cet
2339 3083 2670 3156 Athienaus,
2705 3091 2880 3153 atque
2911 3102 2978 3140 ex
3001 3085 3402 3156 Theophrasto
3433 3086 3578 3139 addit
3622 3095 3815 3156 eos__ex

2219 3177 2247 3204 «
2282 3155 2609 3210 terebintho
2642 3152 2886 3222 tornari,
2921 3173 3068 3226 quos
3099 3175 3130 3210 a
3165 3152 3452 3212 fictilibus
3504 3172 3652 3210 nemo
3679 3152 3816 3226 ⁸ὀὶεξ·

2219 3233 2438 3280 cernat.
2471 3231 2579 3280 Eos
2627 3228 2838 3282 calices
2897 3223 3052 3282 fama
3105 3233 3194 3282 est
3253 3246 3286 3282 ει
3342 3227 3626 3283 Corinthio
3671 3223 3826 3276 {iculo

2219 3297 2485 3352 Thericle
2516 3297 2736 3365 factos;
2772 3299 2927 3353 unde
2958 3304 3013 3352 et
3034 3299 3111 3353 im
3126 3297 3377 3369 positum
3404 3315 3609 3354 nomen
3631 3296 3828 3369 Aristo-

2220 3369 2431 3440 phanis
2463 3369 2669 3424 comici
2703 3372 3033 3425 saculo.....
3067 3367 3177 3425 Alii
3226 3371 3473 3426 tradunt
3521 3367 3829 3440 thericleutn

2261 3439 2496 3494 oculum
2529 3441 2775 3514 dictum,
2803 3443 2956 3511 quod
2985 3444 3048 3514 in
3080 3459 3145 3497 eo
3179 3441 3422 3514 sculpta
3456 3435 3828 3514 ferarum_pel-

2244 3528 2304 3566 es
2337 3512 2619 3589 essentff.
2659 3534 2679 3560 ι
2718 3508 2892 3589 Plura
2928 3513 3121 3568 adhuc
3155 3508 3331 3589 apud"
3364 3514 3632 3589 eumdem
3687 3508 3835 3589 Athe-

2222 3599 2410 3637 naum
2442 3584 2514 3637 de
2543 3583 2634 3637 bis
2668 3584 2918 3653 poculis,
2951 3583 3203 3653 quorum
3233 3585 3455 3639 incerta
3488 3585 3708 3653 penitus
3735 3583 3834 3634 ori-

2220 3670 2292 3724 go
2325 3658 2433 3718 est,
2460 3654 2655 3709 videre
2687 3656 2904 3725 poteris
2935 3655 2998 3710 ‘7.
3035 3656 3260 3711 Rursus
3293 3673 3427 3712 vero
3460 3653 3596 3712 alibi
3639 3653 3726 3708 ille
3753 3665 3837 3704 eo-

2222 3733 2350 3779 rum
2383 3726 2670 3794 meminit,
2704 3731 2760 3782 et
2810 3726 3033 3780 Plinius
3084 3726 3184 3782 lib.
3247 3744 3341 3782 xvx
3396 3727 3594 3784 Histor.
3647 3728 3836 3794 nature

2220 3812 2347 3866 cap.
2383 3798 2436 3864 4,
2481 3792 2696 3868 pagina
2753 3798 2897 3861 470;
2960 3802 3238 3852 Erasmus
3295 3799 3464 3868 Λείας.
3531 3795 3752 3855 chiliad.
3794 3792 3842 3857 3,

2220 3872 2447 3923 centur.
2481 3869 2534 3933 3,
2562 3869 2828 3938 proverb.
2863 3868 2954 3934 53,
2988 3874 3043 3923 et
3065 3869 3450 3925 Casaubonus
3499 3871 3560 3926 in
3615 3868 3841 3938 priore!!!

2219 3938 2476 4012 Athenai
2510 3933 2704 4012 locum
2737 3940 2839 3993 lib.
2873 3956 2930 4006 κ,
2962 3957 3091 4011 cap.
3125 3942 3214 4006 11,
3248 3958 3375 4012 pag.
3415 3943 3554 3996 791.
3587 3933 3689 3996 S'ed
3718 3933 3843 4012 illud

2222 4010 2415 4083 omitti
2445 4027 2478 4083 a
2509 4011 2684 4083 nobis
2710 4028 2824 4066 non
2859 4008 3071 4082 potest,
3104 4008 3258 4081 quod
3292 4008 3446 4083 apud
3502 4008 3845 4069 Plutarchum

2225 4082 2292 4155 de
2325 4081 2489 4155 Pauli
2521 4082 2738 4155 /E_milii
2769 4081 3070 4153 triumpho
3105 4081 3380 4152 legimus,
3419 4085 3589 4139 tertio
3619 4083 3706 4155 die
3749 4089 3846 4155 qup

2223 4152 2319 4206 ille
2352 4153 2758 4225 triumphavit,
2792 4152 3090 4224 asportata
3122 4172 3228 4209 suo
3263 4155 3486 4225 ordine,
3527 4178 3556 4205 «
3584 4152 3849 4225 Antigoni-

2232 4225 2360 4286 das,
2395 4221 2746 4288 seleucidas,
2770 4221 3104 4293 the—ricleos,
3135 4243 3391 4295 vasaque
3414 4221 3613 4295 aurea,
3661 4221 3848 4294 quibus

2225 4295 2412 4368 uti_in_
2431 4297 2710 4368 conviviis
2741 4303 2987 4352 Perseus
3015 4297 3242 4352 solebat
3269 4299 3332 4352 ‘8.
3371 4323 3393 4351 ι
3793 4358 3824 4368 υ

2297 4365 2491 4421 Julius
2519 4367 2719 4440 Pollux
2751 4370 3093 4424 eorumdem
3129 4369 3268 4424 facit
3297 4368 3708 4425 thericleorum
3735 4358 3849 4440 cali-

2230 4453 2362 4492 cum
2397 4439 2776 4512 mentionem,
2811 4441 2964 4495 sicut
3003 4444 3060 4495 et
3091 4441 3529 4511 antigonidum,
3564 4430 3849 4512 quoscqu

2233 4525 2328 4582 ces
2362 4511 2562 4582 nostri,
2599 4501 2775 4566 manu
2805 4515 3004 4566 Graca
3037 4501 3275 4578 exarati,
3311 4514 3382 4567 ab
3416 4501 3754 4582 Antigonide
3792 4501 3849 4555 il-

2234 4581 2421 4654 lorum
2458 4581 2756 4637 inventore
2788 4582 3214 4654 cognominari,
3240 4600 3305 4638 ac
3326 4581 3652 4638 inferiusin
3675 4581 3848 4654 rotun-

2232 4653 2696 4757 dunz’tguperius
2727 4648 2959 4710 verOVin
3019 4670 3263 4709 acumen
3316 4655 3585 4711 desinere
3634 4648 3849 4706 adnota-

2234 4727 2370 4776 runt
2400 4727 2464 4777 ‘9.

2303 4795 2484 4868 Multa
2514 4811 2647 4868 vero
2706 4812 2774 4851 ex
2805 4795 2977 4868 variis
3038 4797 3426 4868 scriptoribus
3459 4796 3532 4851 de
3585 4787 3848 4868 cantharo.

2233 4864 2494 4940 lgebronio
2517 4872 2573 4920 et
2603 4866 2830 4938 lepasta
2850 4859 3435 4940 Athenaus‘ejusque
3459 4859 3850 4940 commentator

2231 4937 2617 5010 Casaubonus
2649 4937 2979 5010 congerunt
3000 4940 3063 5008 5°,
3097 4937 3357 5010 Lepasta
3401 4940 3615 4995 iterum
3647 4939 3850 5010 piem?

2234 5008 2319 5080 nit
2349 5009 2668 5064 Athenaeus
2701 5002 2794 5065 his
2822 5002 3252 5067 Anaxandridis
3280 5011 3511 5067 verbis:
3571 5002 3758 5080 φιάλην
3804 5008 3849 5079 Έε

2231 5076 2533 5154 λεπαστήν
2557 5083 2657 5154 sed
2689 5098 2757 5136 ea
2788 5082 2872 5154 sic
2904 5083 3282 5154 Casaubonus
3314 5082 3525 5154 corrigi
3554 5075 3850 5154 voluitet?

2230 5147 2332 5226 λην
2363 5171 2422 5205 τε
2450 5139 2540 5204 {ut
2571 5151 2884 5226 λεπασττῖνν,
2907 5176 2933 5203 ί(
2979 5153 3238 5224 Pbialam
3271 5159 3327 5226 et
3356 5139 3615 5226 ΙΘΡῖεῖθη
3638 5150 3678 5183 ⁶¹
3712 5165 3737 5194 ’³
3762 5139 3847 5226 Ψ

2225 5222 2341 5279 lius
2361 5239 2494 5280 vero
2517 5224 2720 5280 Pollux
2747 5242 2759 5278 :
2797 5246 2823 5274 «
2855 5222 3016 5288 Quod
3050 5229 3247 5282 autem
3279 5222 3501 5297 lepeste
3544 5237 3656 5280 non
3694 5224 3847 5288 Ροοιι·

2518 5440 2732 5510 p.160.
2811 5439 2856 5474 ιο
2888 5439 3054 5506 ibid.,
3087 5455 3134 5494 c.
3169 5441 3223 5508 9,
3287 5457 3342 5510 p.
3381 5441 3504 5495 184.
3580 5438 3619 5472 “
3675 5432 3846 5510 Segsg-

479 5507 577 5560 lib.
608 5523 685 5560 vn
721 5509 794 5561 De
827 5508 1092 5572 beneﬁc.,
1129 5523 1175 5559 c.
1211 5507 1264 5560 9.
1344 5506 1388 5539 ⁴²
1421 5493 1678 5559 Τιιι-ιιρῐί.
1713 5493 1813 5558 lib.
1847 5523 1962 5560 xxu
1994 5493 2341 5574 Advers.,'c.
2376 5493 2484 5563 21.,
2520 5493 2590 5545 ’⁸³
2620 5511 2765 5565 Plin.
2796 5493 2942 5565 Hist.
2979 5493 3104 5576 nat,
3135 5493 3236 5567 lib’.
3271 5493 3499 5576 tritu—ci
3524 5510 3608 5573 48,
3641 5522 3691 5575 ρ.
3744 5493 3846 5551 228-

477 5579 522 5610 “
554 5578 749 5629 Horat.
787 5579 885 5630 lib.
921 5595 958 5630 ιι
981 5584 1164 5630 Serm.
1201 5583 1380 5644 satyr.
1413 5578 1467 5644 8,
1499 5594 1554 5630 v.
1593 5577 1678 5629 10.
1754 5578 1797 5610 δῖ’
1825 5577 1966 5630 ibid.

480 5647 519 5677 ‘7
551 5646 702 5697 idem
738 5646 775 5697 1.
811 5663 865 5707 v,
902 5663 936 5712 ρ
991 5649 1112 5699 499.

2003 5595 2058 5654 p.
2094 5579 2264 5654 160,“
2293 5581 2336 5615 ‘5
2369 5582 2584 5636 Athen.
2647 5582 2845 5654 libum
2904 5582 3323 5654 Deipnosopb.,

1189 5648 1231 5680 ‘3
1269 5647 1581 5710 Plutarch.,
1610 5647 1667 5700 in
1702 5647 1827 5700 Vita
1861 5647 2022 5703 Pauli
2054 5649 2289 5719 IEmilii,

2326 5582 2584 5636 ‘Athen.
2647 5582 2745 5635 lib.
2790 5598 2845 5636 x1
2904 5582 3323 5654 Deipnosopb.,
3354 5600 3408 5653 p.
3471 5583 3573 5637 470
3601 5582 3654 5633 et
3707 5579 3846 5647 seqq-

2326 5654 2534 5722 p.273.
2613 5655 2657 5687 ‘9
2685 5653 2886 5708 Pollux
2913 5653 2952 5708 l.
2986 5670 3018 5707 v
3043 5655 3274 5718 Onom.,
3301 5656 3386 5710 16.
3475 5655 3517 5690 ⁵ο
3534 5649 3731 5708 Athen.
3763 5636 3847 5692 llb.

484 5730 561 5777 xi,
595 5729 651 5782 p.
684 5715 788 5767 473
814 5723 870 5768 et
903 5717 1042 5782 1186;
1078 5717 1348 5785 Casaub.,
1384 5734 1434 5772 c.
1466 5719 1500 5771 6
1533 5723 1589 5772 et
1627 5719 1711 5771 10.
1745 5719 1788 5753 δι
1821 5719 2030 5774 Athen.
2067 5722 2165 5779 lib.
2194 5715 2362 5796 mp.
2401 5726 2496 5779 141
2531 5729 2588 5779 et
2618 5725 2867 5781 Casuub.
2898 5725 2960 5782 in
2995 5725 3150 5782 hunc
3179 5715 3402 5782 locum.
