4030 6202
275 216 418 311 toto

1545 251 1646 305 DE
1682 251 1919 304 LIBRIS
1957 251 2422 307 STROMATUM.

3550 250 3689 305 1050

279 380 472 438 dentis
515 378 722 444 instar,
755 379 814 431 et
842 373 1100 446 acceptis
1131 373 1202 429 ab
1233 373 1510 445 Apostolo
1541 375 1928 443 documentis,
1960 385 2010 450 Α
2043 355 2250 450 rursus
2283 377 2345 431 ﬁt
2374 377 2555 450 virgo.
2585 379 2654 432 At
2684 376 2785 448 qui
2817 377 3314 450 perturbationem
3346 379 3552 434 animm
3580 396 3687 434 no-

282 454 457 526 plane
487 450 898 526 contemnitet
931 451 1302 526 aspernatur.

359 545 385 572 «ι
415 521 674 579 Gnostici
706 543 735 568 »
793 519 994 590 itaque
1023 520 1222 572 anima
1280 517 1372 571 his
1401 518 1722 590 virtutibus
1765 532 1931 590 exor-

287 601 444 660 nata,
480 596 546 648 tit
580 590 875 647 terrestris
900 588 1187 660 ‘quaadam
1222 590 1320 643 Dei
1350 591 1544 658 imago
1575 595 1632 643 et
1677 588 1932 658 Spiritus

285 667 473 722 sancti
497 664 785 735 templum
815 661 997 735 ‘°_.llle
1012 663 1327 735 enimvero,
1347 660 1934 735 quinullavoluptate

285 738 438 792 vinci
472 731 687 806 potest,
709 732 1102 806 omnibusque
1125 731 1547 802 cupiditatibus
1571 732 1932 800 dominatur,

287 805 570 864 adversus
597 821 770 860 omne
794 805 1391 875 periculum,omnem
1419 809 1660 869 metum,
1686 818 1932 873 pauper-

287 884 490 945 tatem,
527 874 824 940 morbum,
878 875 1287 946 ignominiam,
1335 874 1646 944 ipsamque
1687 881 1931 946 mortem

293 952 570 1005 audacter
593 949 864 1017 insurgit.
895 944 1416 1017 Persuasissimum
1437 946 1652 1016 quippe
1673 944 1937 1000 babetvi-

289 1023 461 1087 tium,
494 1037 563 1075 ex
591 1035 706 1089 quo
745 1016 1028 1086 ignoratio
1060 1017 1269 1089 oritur,
1302 1017 1495 1089 solum
1527 1033 1656 1071 esse
1689 1017 1934 1082 malum,

291 1098 466 1162 atque
492 1088 770 1162 adversus
795 1089 960 1155 illud,
985 1088 1426 1162 armis___Domini
1453 1088 1800 1162 instructus,
1824 1089 1932 1162 for-

289 1158 430 1218 titer
449 1162 705 1217 dimicat.
735 1161 905 1214 Porro
930 1167 1124 1214 autem
1155 1158 1297 1213 illa«
1325 1159 1571 1228 gnostici
1602 1181 1629 1208 »
1655 1159 1934 1214 fortitudo

294 1250 473 1303 neque
530 1249 597 1286 ex
624 1247 791 1303 careo
832 1231 1020 1285 oritur
1051 1233 1426 1303 temerariove
1458 1232 1702 1300 impetu,
1764 1230 1845 1283 uti
1881 1230 1937 1303 in

292 1301 494 1376 pueris
527 1309 584 1357 et
615 1302 830 1376 belluis
853 1318 1090 1376 ;_neque
1116 1318 1184 1376 ex
1213 1301 1309 1355 viti
1342 1307 1399 1356 et
1428 1303 1649 1356 caduca
1680 1302 1942 1376 mercede

295 1373 363 1431 iit
393 1377 450 1429 in
485 1374 1012 1446 praestigiatoribus
1037 1392 1051 1440 ;
1077 1374 1176 1428 sed
1201 1389 1433 1442 semper
1453 1389 1521 1427 ex
1551 1378 1705 1427 recta
1721 1373 1943 1426 ratione

291 1451 633 1530 procreatur
657 1446 721 1499 “.
755 1446 1038 1526 Quocirca
1068 1451 1353 1530 martyres
1375 1460 1690 1530 ‘uurnquam
1728 1450 1942 1530 temere

288 1515 348 1572 in
415 1521 662 1571 mortem
698 1517 1023 1586 praecipites
1058 1519 1258 1578 ruunt,
1293 1515 1416 1582 sed,
1447 1520 1558 1570 Deo
1591 1520 1854 1581 vocante,
1889 1519 1944 1568 et

291 1587 420 1644 sola
451 1603 802 1659 summaque
836 1587 890 1641 id
927 1604 1058 1642 eum
1082 1587 1363 1640 charilate
1385 1587 1547 1641 illam
1586 1589 1943 1659 constantis-

296 1661 444 1716 sime
475 1657 720 1714 obeunt.
749 1659 1115 1713 Christianos
1145 1665 1339 1712 autem
1373 1658 1765 1728 imperfectos,
1798 1657 1942 1728 acin

2043 446 2218 502 luerit
2249 446 2608 516 exscindere,
2641 446 2738 502 ille
2769 446 3027 518 seipsum
3060 450 3290 504 occidit.

2116 541 2142 568 α
2161 521 2474 592 Gnosticus
2500 541 2525 566 »
2550 522 2746 590 itaque
2770 536 2869 590 per
2890 521 3303 592 cognitionem,
3325 537 3453 591 quae
3470 521 3680 575 anima:

2043 597 2133 644 est
2164 590 2534 658 alimentum,
2567 596 2623 645 et
2657 608 2758 662 per
2789 608 2855 644 ea
2887 590 3011 662 qua:
3055 590 3357 662 cognovit,
3388 592 3650 646 salvetur
3679 610 3691 646 :

2043 667 2220 731 atque
2277 664 2643 734 evangelicas
2700 663 2956 734 virgines
3015 663 3309 727 imitatus,
3362 663 3530 717 sibia
3575 663 3692 718 Deo

2045 735 2338 804 promissa
2387 735 2467 788 ita
2498 734 2777 805 postulat,
2830 740 2893 787 ut
2923 740 3115 788 tamen
3153 736 3222 788 ad
3265 751 3332 789 ea
3361 750 3490 804 quae
3526 735 3691 805 petit,

2043 811 2161 858 tam
2192 821 2305 859 non
2324 805 2711 874 assequenda,
2736 822 2911 876 quam
2931 806 3326 876 assequenda,
3351 807 3428 859 sit
3452 811 3692 874 paratus

2043 876 2188 930 Tota
2219 883 2413 930 autem
2446 875 2609 931 illius
2625 875 2766 942 vita,
2797 877 2969 948 modo
3003 875 3244 948 peccato
3277 893 3388 930 non
3422 876 3693 946 inquine-

2043 951 2160 1009 tur,
2194 953 2283 1001 est
2314 948 2586 1016 precatio,
2613 953 2668 1001 et
2697 964 2828 1002 cum
2863 947 2977 1002 Deo
3008 947 3401 1003 conversatio:
3436 963 3501 1001 ac
3532 948 3698 1017 quid-

2045 1018 2188 1088 quid
2221 1018 2360 1086 vult,
2395 1019 2542 1072 nihil
2574 1025 2772 1073 autem
2803 1019 3011 1074 inutile
3040 1021 3223 1090 cupit,
3253 1019 3378 1090 ipse
3409 1021 3687 1073 continuo

2047 1090 2452 1160 consequitur.
2479 1090 2636 1154 Quod
2665 1091 2708 1144 si
2736 1089 2868 1160 quis
2892 1089 3171 1161 objecerit
3193 1089 3478 1161 quosdam
3494 1106 3692 1160 pecca-

2047 1165 2202 1214 tores
2226 1163 2279 1215 id
2307 1163 2459 1230 quod
2485 1166 2689 1230 rogant
2712 1161 3025 1230 aliquando
3049 1162 3382 1232 impetrare,
3408 1161 3543 1215 huic
3579 1161 3696 1215 Cle-

2050 1233 2606 1304 mensrespondet16
2637 1232 2780 1286 illud
2801 1249 2932 1304 raro
2966 1233 3110 1298 ﬁeri,
3145 1239 3202 1287 et
3232 1233 3370 1304 quia
3388 1232 3541 1286 Deus
3565 1232 3695 1288 illos

2057 1303 2203 1358 I32
2236 1302 2456 1374 aliquid
2485 1302 2614 1358 aliis
2641 1304 2776 1357 inde
2797 1303 3110 1374 largituros
3133 1302 3266 1359 esse
3295 1303 3588 1375 praevidet.
3627 1306 3700 1358 At

2051 1375 2124 1428 iis
2151 1376 2246 1443 qui
2285 1375 2448 1444 digni
2496 1381 2656 1440 sunt,
2688 1375 2862 1428 etiam
2906 1393 3020 1430 non
3069 1375 3427 1445 petentibus,
3461 1391 3524 1428 ea
3569 1391 3698 1445 quzc

2051 1392 2124 1428 iis
2151 1392 2246 1443 qni
2285 1392 2448 1444 mgni
2496 1392 2656 1440 sunt,
2688 1392 2862 1428 etiam
2906 1393 3020 1430 non
3110 1392 3427 1440 etenunus,
3461 1392 3524 1428 ea
3569 1392 3695 1445 quze

2049 1460 2181 1518 vere
2207 1447 2366 1518 bona
2399 1452 2561 1518 sunt,
2593 1447 3016 1501 conceduntur.
3055 1392 3236 1518 Igegia
3270 1447 3447 1517 igitur
3477 1445 3568 1499 via
3598 1446 3695 1518 ille

2054 1516 2293 1588 incedit,
2322 1518 2418 1586 qui
2443 1517 2600 1571 nulla
2623 1517 2993 1581 necessitate,
3018 1524 3118 1572 aut
3139 1516 3262 1588 spe,
3286 1516 3385 1571 aut
3414 1523 3567 1570 metu
3595 1517 3691 1570 sed

2053 1586 2235 1642 libero
2263 1589 2444 1642 animi
2469 1589 2956 1658 institutojustus
2979 1586 3254 1644 et‘licitur.
3275 1611 3303 1636 «
3323 1589 3640 1643 Gnosticus
3668 1609 3694 1635 ››

2055 1665 2272 1729 autem,
2306 1665 2588 1728 tanquam
2621 1660 2856 1712 divinus
2888 1661 3163 1730 agricola,
3196 1660 3549 1730 cupiditates
3571 1675 3698 1714 am-

296 1732 410 1805 ﬁde
434 1731 920 1805 pueros,_quan_do
944 1730 1157 1805 aliquid
1182 1735 1417 1799 pr0pter
1441 1727 1617 1805 Deum
1642 1727 1942 1805 nonnullis
1975 1741 2020 1805 Β
2059 1727 2346 1805 ρυιδιὶίξᾳ
2379 1727 2649 1800 ριίεηιθηε
2682 1737 2738 1784 et
2768 1727 3022 1805 irrigans
3048 1727 3340 1805 duplicem
3385 1731 3546 1805 metit
3577 1730 3697 1784 fru-

297 1800 787 1859 aliis’rationibus
819 1800 980 1855 ducti
1011 1800 1336 1872 patiuntur,
1371 1800 1614 1872 etiamsi
1674 1800 1940 1870 quaedam

299 1890 514 1930 corona
545 1877 776 1928 maneat
809 1889 821 1939 ;
847 1871 1090 1943 semper
1114 1877 1308 1926 tamen
1333 1871 1588 1926 cbaritas
1613 1877 1848 1942 propter
1869 1887 1952 1939 se,

302 1955 355 2003 et
388 1962 499 1999 non
536 1951 771 2014 propter
800 1942 993 2010 aliud,
1017 1942 1281 2011 eligenda
1311 1947 1365 1996 et
1387 1943 1712 2012 expetenda
1757 1948 1865 1996 est.

377 2017 566 2071 Efﬁcit
597 2017 793 2085 itaque
827 2017 883 2069 in
918 2036 944 2064 ‹‹
995 2015 1262 2085 gnostico
1295 2035 1322 2062 »
1357 2014 1657 2080 fortitudo,
1701 2017 1948 2085 utmetu

305 2103 538 2158 semper
567 2084 783 2141 vacuus
807 2087 922 2152 sit;
950 2084 1192 2147 'u’stitia.
1217 2091 1528 2156 utsemper
1544 2101 1743 2139 verum
1764 2084 1948 2149 dicat;

305 2159 717 2211 temperantia.
751 2163 816 2211 ut
856 2103 1018 2211 nullla
1041 2156 1210 2211 plane
1241 2156 1499 2211 humana
1530 2156 1849 2211 cuniditate
1881 2154 1948 2207 li-

305 2154 717 2230 temperantia,
751 2163 829 2230 ut_
856 2154 1018 2211 nulla
1041 2156 1210 2230 plane
1241 2154 1499 2211 humana
1530 2156 1849 2230 cupiditate
1881 2154 1952 2230 l.i_—

304 2226 592 2301 quescens
626 2233 726 2283 aut
753 2228 1018 2294 affectus,
1041 2226 1156 2283 sibi
1189 2244 1422 2301 semper
1440 2232 1666 2282 constet
1683 2231 1739 2280 et
1773 2226 1952 2301 domi-

304 2297 476 2356 netur
507 2303 570 2354 ι’.
605 2301 828 2354 Horum
859 2305 1054 2354 autem
1088 2297 1350 2354 omnium
1381 2315 1558 2354 causa
1585 2303 1675 2352 est
1705 2297 1950 2352 sanctis-

303 2372 523 2427 simaet
539 2372 791 2426 maxime
811 2372 1124 2441 prescipua,
1141 2369 1675 2440 xupmro’crmomnis
1699 2369 1952 2441 scientia;

300 2443 580 2510 cbaritas,
617 2459 735 2510 qua
757 2464 784 2490 ε(
806 2440 1106 2513 gnosticus
1141 2464 1167 2490 »
1187 2442 1248 2494 ﬁt
1266 2444 1352 2495 vir
1370 2458 1502 2496 vere
1526 2441 1833 2513 perfectus,
1854 2440 1951 2513 Dei

304 2515 562 2595 amicus,
587 2514 645 2567 in
676 2515 803 2582 ejus
821 2511 1014 2593 ﬁlium
1032 2517 1357 2595 coeptatus,
1383 2511 1698 2584 ipsumque
1725 2511 1951 2566 faciead

304 2586 513 2640 faciem
549 2585 605 2638 in
640 2591 925 2639 aeternum
959 2584 1195 2639 videbit.

378 2657 444 2710 Et
475 2671 610 2710 vero
638 2654 737 2710 ille
789 2655 1117 2724 proximum
1173 2670 1284 2708 non
1320 2655 1492 2708 modo
1523 2670 1636 2707 non
1681 2651 1950 2724 despicit,

306 2727 407 2782 sed
433 2727 716 2781 afﬂictum
743 2723 1246 2781 censolationibus
1268 2731 1324 2778 et
1349 2724 1863 2780 adhortationibus
1881 2723 1954 2776 le-

302 2802 421 2869 vat,
462 2797 704 2869 pauperi
733 2797 970 2851 tametsi
1001 2797 1193 2869 ipsum
1218 2796 1350 2869 odio
1381 2795 1612 2869 haheat,
1647 2811 1713 2869 ea
1736 2795 1952 2869 quibus

305 2864 551 2940 indiget,
581 2864 847 2940 prodejus
879 2864 1084 2940 merito
1117 2868 1367 2940 benigne
1401 2873 1456 2940 et
1487 2865 1804 2940 liheraliter
1832 2864 1949 2940 lar-

305 2935 466 3011 gitur
497 2941 558 2994 ³³.
584 2935 1114 3011 ’Νυηύεγθοίωνθιδο
1147 2935 1282 3008 ipsi:
1307 2937 1417 2990 nisi
1452 2937 1681 3011 et_D_eo,
1715 2936 1788 3011 ob
1811 2935 1949 3011 vitia

303 3007 369 3065 ac
391 3016 632 3081 peccata
651 3010 925 3064 inimicus
947 3014 1054 3064 est.
1073 3007 1248 3081 Porro
1269 3008 1527 3081 autem_si
1549 3007 1735 3081 aliqui
1756 3007 1948 3062 adhuc

2060 1801 2254 1872 ctum.
2275 1801 2380 1872 ille
2410 1817 2543 1855 vero
2575 1818 2608 1872 a
2627 1802 2858 1855 nemine
2881 1801 3275 1868 vexatur,'nisi
3303 1802 3454 1856 Deus
3485 1801 3540 1855 id
3567 1818 3694 1872 pro-

2061 1877 2187 1944 pter
2211 1871 2457 1927 aliorum
2487 1871 2799 1927 utilitatem
2833 1874 3185 1944 permiserit.
3224 1873 3385 1929 Illata
3430 1871 3600 1943 porro
3624 1873 3694 1927 ab

2062 1943 2193 1999 aliis
2220 1944 2373 1998 mala
2399 1944 2526 2016 forti
2546 1944 2813 2016 virilique
2836 1943 3040 1998 animo
3080 1961 3414 2016 perpessus,
3438 1949 3698 2011 caeteros,

2062 2015 2556 2084 quemadmodum
2573 2015 2841 2085 apostoli,
2866 2017 2922 2069 in
2940 2017 3053 2070 fide
3074 2015 3402 2080 confirmat,
3418 2019 3698 2085 rogatque

2062 2093 2128 2140 ut
2158 2087 2206 2140 si
2238 2087 2336 2156 qui
2370 2087 2564 2156 ipsum
2601 2086 2733 2140 odio
2755 2087 2992 2158 habent,
3021 2087 3360 2158 pmnitentia
3385 2087 3696 2158 ducantur.

2133 2155 2336 2227 Itaque
2364 2155 2436 2212 iis
2460 2161 2768 2227 postquam
2793 2157 2893 2211 diu
2922 2155 3050 2213 sese
3082 2159 3358 2221 exercuit,
3387 2162 3514 2212 tum
3539 2155 3703 2210 nulla

2062 2227 2417 2298 liquefactus
2447 2227 2760 2298 voluptate,
2789 2228 3076 2300 nullaque
3103 2230 3402 2284 mundana
3434 2227 3705 2300 qualibet

2061 2300 2455 2370 promissione
2487 2301 2728 2362 fractus,
2784 2299 2842 2371 in
2876 2298 3182 2370 peccatum
3217 2316 3518 2371 nunquam
3553 2298 3703 2353 labi-

2062 2376 2159 2424 tur
2182 2371 2262 2424 ":
2296 2372 2393 2426 sed
2426 2370 2482 2424 in
2517 2387 2688 2442 carne
2711 2370 2902 2425 adhuc
2938 2372 3186 2442 positus,
3211 2370 3444 2425 omnem
3477 2370 3702 2442 cupidi-

2063 2446 2240 2513 tatem
2271 2446 2528 2513 superat,
2563 2441 2777 2513 illeque
2809 2440 2966 2496 dolet
2992 2445 3144 2512 quod
3179 2442 3370 2496 adhuc
3399 2442 3477 2513 sit
3505 2440 3562 2494 in
3597 2457 3700 2495 ne-

2063 2511 2436 2568 cessitatibus
2478 2513 2657 2584 hujus
2688 2512 2814 2566 vitae
2854 2511 3230 2579 constitutus,
3264 2519 3438 2584 atque
3468 2511 3575 2567 hac
3607 2529 3700 2566 ea-

2063 2586 2195 2638 dem
2227 2583 2532 2654 temporali
2588 2584 2703 2637 vita
2744 2589 3025 2654 tanquam
3105 2584 3216 2638 sibi
3260 2583 3449 2638 aliena
3499 2583 3700 2639 utitur.

2062 2654 2232 2726 Novit
2289 2659 2564 2726 praeterea
2611 2655 2976 2724 jejuniorum
3021 2660 3240 2726 quarta
3298 2661 3354 2709 et
3386 2659 3558 2726 sextae
3589 2654 3702 2726 diei

2060 2725 2390 2796 aenigmata,
2424 2741 2556 2779 cum
2590 2728 2662 2780 ab
2693 2726 2932 2780 avaritia
2963 2730 3019 2780 et
3046 2725 3304 2790 libidine,
3330 2725 3596 2781 omnium
3621 2725 3702 2778 vi-

2059 2798 2275 2850 tiorum
2334 2796 2614 2863 fontibus,
2675 2801 2850 2866 atque
2883 2799 2954 2852 ab
3017 2796 3354 2852 omnimala
3393 2796 3619 2850 actione
3649 2805 3704 2850 et

2060 2867 2410 2938 cogitatione
2425 2869 2654 2938 jejunat
2671 2872 2724 2921 et
2738 2868 3012 2923 abstinet.
3034 2869 3221 2938 Atque
3236 2869 3355 2922 haec
3369 2867 3701 2922 divinorum

2059 2943 2482 3010 praeceptorum
2503 2938 2904 2994 observatione
2925 2939 3293 2995 Dominicum
3310 2944 3366 2994 et
3385 2939 3705 2994 Dominicaa

2059 3009 2508 3082 resurrectionis
2526 3010 2692 3082 diem
2727 3011 2867 3082 agit.

299 3078 626 3156 imperfecti
651 3086 886 3156 propter
908 3078 1942 3156 promissionesautDeimetumsfse
1975 3090 2016 3156 ρ
2094 3081 2272 3156 _Quid
2298 3098 2430 3136 vero
2457 3080 2545 3156 if?
2577 3082 2623 3136 si
2651 3078 2890 3156 quahdo
2931 3080 3176 3156 aliquid,
3222 3080 3380 3156 quod
3409 3097 3524 3134 non
3556 3078 3700 3148 vult,

304 3149 667 3222 contineant,
701 3149 798 3206 ille
828 3149 1065 3222 propter
1095 3150 1462 3217 charitatem,
1496 3154 1553 3205 et
1584 3155 1648 3205 ut
1679 3149 1786 3203 soli
1818 3149 1942 3222 Deo

341 3221 548 3293 iaceat,
582 3222 780 3278 omnia
812 3220 1016 3277 suffert
1059 3226 1116 3276 et
1147 3224 1417 3276 sustinet.
1469 3222 1522 3274 Si
1584 3237 1760 3291 quam
1814 3220 1950 3293 inde

325 3292 541 3350 andem
570 3299 986 3365 consequatur,
1013 3293 1162 3347 hanc
1184 3293 1244 3346 in
1277 3293 1524 3365 aliorum
1553 3308 1729 3365 usum
1760 3295 1816 3345 et
1840 3292 1947 3365 u_t_i-

299 3364 522 3420 litatem
559 3362 783 3420 derivat
805 3367 868 3418 1‘.
901 3363 1028 3419 Alio
1062 3380 1295 3434 quoque
1319 3364 1492 3434 modo
1519 3362 1824 3434 continens
1856 3363 1946 3416 di-

304 3437 481 3502 citur,
544 3437 779 3506 quando
828 3452 943 3489 non
1003 3433 1210 3489 solum
1240 3433 1419 3506 animi
1456 3433 1946 3506 perturbationes,

305 3530 332 3557 «
369 3508 524 3564 haud
559 3503 736 3562 dubie
769 3506 976 3569 malas,
1005 3530 1024 3554 ι
1063 3504 1421 3576 comprimit,
1457 3505 1556 3558 sed
1578 3505 1728 3558 bono
1747 3503 1946 3572 etiam,

302 3584 444 3651 puta
476 3602 503 3629 «
527 3580 723 3651 bonos
755 3577 936 3633 animi
971 3581 1186 3651 motus,
1221 3576 1292 3630 ob
1320 3576 1597 3651 majorem
1632 3576 1946 3645 quamdam

298 3646 793 3722 perfectionem,»
826 3649 1088 3722 continet
1119 3652 1176 3702 et
1206 3646 1836 3722 coercet,__ﬁrmamque
1885 3661 1950 3698 ac

299 3717 572 3778 stabilem
599 3721 860 3792 possidet
879 3720 1136 3792 scientiae
1163 3717 1830 3792 magnitudinem,_unde
1850 3733 1947 3792 eas

300 3795 542 3878 prpfert,
572 3787 703 3878 quae
735 3808 801 3847 ex
833 3790 1247 3878 virtute‘f‘iunt‘,
1268 3787 1569 3878 potiones;
1584 3788 1716 3878 ρύχ
1762 3787 1788 3840 ὁ
1837 3790 1945 3877 τῷν

297 3858 483 3916 ἕταθῶν
517 3858 682 3933 μόθον
715 3858 1112 3934 κρᾳτῷϋάλλὰ
1142 3860 1228 3934 xui.
1261 3859 1418 3931 ὅςτῶν
1440 3858 1648 3934 ἀγαθῶν
1678 3858 1947 3934 ἐλίκρατής

297 3928 611 4008 γενόμεῦος,
643 3933 731 3986 καὶ
752 3928 758 3934 ’
781 3928 1012 4004 βεϐαίως
1045 3928 1384 4008 κτησάμεῖςος
1417 3928 1516 3997 τῆς
1546 3928 1853 4008 ἐπιστήμης
1885 3931 1950 3984 τὰ

301 4001 747 4080 ῥιεχάλεῖαζᾌᾷ
777 4001 848 4057 ὧν
881 4001 1233 4076 καρποφορεῖ
1263 4001 1360 4062 τὰς
1387 4006 1521 4080 ’κατ’
1555 4001 1748 4074 ἀρετὴν
1801 4001 1946 4074 ἐνερ-

297 4074 466 4152 γείξις.
487 4074 889 4152 Quamobrem
915 4074 1023 4152 ille
1055 4074 1289 4147 prepter
1318 4074 1502 4130 solam
1538 4075 1946 4152 necessitatem

299 4146 575 4213 comedit,
601 4149 768 4214 bibit,
794 4147 1075 4218 ducitque
1102 4146 1362 4216 uxorem,
1398 4151 1570 4218 prout
1593 4154 1748 4202 recta
1770 4146 1952 4201 dicta-

296 4223 445 4276 verit
474 4221 642 4275 ratio.
679 4222 743 4275 In
777 4220 991 4274 domus
1018 4236 1153 4274 vero
1187 4218 1699 4272 administratione
1721 4223 1774 4272 et
1798 4218 1951 4271 ﬁlio-

297 4307 428 4347 rum
484 4290 880 4361 procreatione
938 4289 1088 4345 citra
1119 4290 1378 4361 dolorem
1413 4295 1470 4343 et
1528 4289 1883 4357 voluptatem
1919 4305 1951 4343 a

297 4360 582 4418 charitate
609 4363 705 4417 Dei
729 4378 1031 4430 nunquam
1051 4360 1338 4428 divulsus,
1363 4361 1612 4431 insurgit
1637 4363 1691 4415 in
1717 4376 1948 4415 omnem

296 4435 699 4495 tentationem,
753 4450 880 4504 qua:
913 4451 978 4487 cx
1031 4433 1188 4498 filiis,
1223 4432 1713 4504 uxoretfamulis,
1772 4437 1950 4501 atque

296 4523 364 4561 ex
392 4506 581 4564 bonis.
615 4510 670 4560 et
711 4502 931 4559 divitiis
963 4505 1177 4559 oboriri
1208 4504 1373 4558 solet.
1424 4502 1613 4558 Caelibi
1647 4508 1846 4557 autem
1883 4518 1947 4555 ac

295 4577 526 4648 virgini,
587 4577 800 4630 domus
857 4592 1056 4630 curam
1093 4592 1205 4629 non
1267 4573 1502 4648 habent,
1536 4591 1684 4648 serpe
1733 4575 1947 4648 saepius

298 4645 490 4704 eve'nit
522 4653 585 4702 ut
620 4665 728 4702 non
764 4652 1041 4714 tentetur,
1077 4653 1252 4717 atque
1288 4645 1363 4698 ita
1392 4645 1557 4698 alteri
1594 4646 1646 4699 in
1694 4645 1938 4715 quihus-

297 4721 434 4774 dam
471 4719 732 4784 inferior,
766 4719 822 4772 in
852 4718 985 4774 aliis
1017 4718 1284 4788 superior
1315 4723 1422 4770 est.

371 4792 451 4844 Ad
489 4791 926 4861 suscipiendam
959 4785 1127 4861 porro
1151 4788 1541 4861 cognitionem
1570 4786 1733 4861 prius
1753 4785 1951 4861 anima

297 4863 457 4916 varie
489 4857 740 4917 exerceri
775 4857 972 4916 debet:
1001 4859 1146 4914 Nam
1180 4857 1249 4913 ea
1302 4860 1522 4928 γνῶσις,
1555 4857 1828 4928 cognitio,
1862 4863 1952 4911 est

299 4934 508 4989 animaa
543 4935 810 5004 quaedam
845 4949 1005 4986 mors
1038 4929 1364 4992 rationalis,
1401 4946 1525 5004 qua
1548 4946 1578 4982 a
1603 4929 1865 4983 motibus
1893 4933 1951 4983 et

298 4999 816 5076 pertubationibus
844 5008 1150 5076 separata,
1185 5007 1240 5055 et
1271 5005 1385 5055 Deo
1421 4999 1528 5054 soli
1576 5005 1743 5076 grata
1773 5006 1949 5071 atque

296 5071 554 5147 accepta,
592 5077 771 5131 libere
804 5071 963 5128 vivit.
998 5075 1142 5147 Tum
1169 5077 1362 5126 autem
1397 5077 1630 5147 tantum
1662 5071 1849 5147 abest,
1885 5077 1950 5126 ut

297 5165 331 5202 a
362 5143 513 5212 cibo,
551 5154 686 5219 potu
721 5152 779 5201 et
809 5150 1032 5200 Venere
1067 5145 1326 5219 aliquam
1352 5143 1551 5219 capiat
1590 5143 1946 5219 voluptatem

297 5213 623 5290 quinetiam
660 5233 1014 5279 sermonem,
1051 5215 1150 5290 qui
1185 5214 1403 5290 aliquid
1433 5213 1951 5290 delectationis_at‘-

297 5285 448 5346 ferre
483 5295 692 5361 potest,
726 5285 1079 5361 suspectum
1102 5287 1312 5361 habeat
1335 5286 1394 5338 “5.
1432 5285 1617 5361 Nemo
1639 5287 1814 5361 enim_
1836 5285 1949 5361 Deo

295 5366 353 5417 et
389 5356 687 5431 voluptati,
710 5356 920 5430 pote—rit
953 5375 1214 5431 unquam
1249 5357 1556 5431 inservire,
1585 5357 1691 5431 Sed
1719 5356 1814 5426 qui
1849 5356 1952 5411 Do-

291 5432 458 5488 mino
478 5427 675 5488 studet
694 5427 816 5487 fieri
842 5429 1080 5494 similis,
1105 5430 1174 5496 is,
1193 5427 1343 5481 utsit
1361 5427 1698 5497 cupiditatis
1722 5444 1947 5497 expers,

293 5521 514 5576 magna
574 5505 626 5557 vi
661 5503 919 5576 enititur.
975 5499 1082 5562 Qui
1137 5503 1330 5576 autem
1389 5499 1744 5570 concupivit,
1777 5506 1833 5553 et
1878 5517 1950 5576 se

295 5569 503 5650 postea
524 5573 836 5643 continuit,
860 5573 1050 5627 instar
1075 5574 1164 5626 est
1187 5569 1394 5636 viduae,
1415 5586 1540 5641 qua:
1564 5569 1952 5642 temperantia

2054 3151 2323 3218 videndo,
2343 3168 2403 3207 se
2417 3151 2722 3223 voluptate,
2737 3152 2896 3223 afﬁci
2926 3153 3197 3214 senserit,
3214 3156 3354 3223 tunc
3370 3151 3556 3223 ipsam
3574 3167 3706 3223 con-

2053 3221 2726 3293 tinuocastigatvidendi
2755 3222 3111 3289 facultatem,
3130 3239 3194 3275 ac
3218 3221 3324 3275 hoc
3339 3222 3528 3293 solum
3547 3222 3701 3290 quod

2055 3296 2124 3348 ad
2151 3311 2212 3348 se
2241 3292 2511 3364 pertinet,
2544 3295 2741 3349 videre
2773 3299 2829 3348 et
2858 3293 3062 3348 audiré
3085 3293 3263 3362 cupit,
3287 3298 3463 3364 atque
3494 3292 3552 3344 in
3586 3308 3707 3364 cor-

2055 3366 2214 3435 poris
2242 3363 2357 3419 sibi
2391 3365 2596 3432 objecti
2617 3364 3055 3435 pulchritudine
3079 3380 3139 3418 se
3167 3369 3344 3435 Deum
3369 3363 3564 3435 videre
3585 3363 3704 3416 exi-

2057 3433 2277 3489 stimat.
2312 3435 2369 3489 Si
2403 3451 2470 3489 ex
2495 3433 2837 3489 necessitate
2861 3434 3018 3490 cibos
3033 3434 3414 3505 capescendo,
3434 3433 3702 3505 aliquan-

2055 3505 2248 3576 tulum
2288 3506 2564 3576 temporis
2597 3511 2923 3570 consumat,
2963 3504 3128 3576 putat
3160 3522 3191 3560 a
3225 3521 3329 3560 suo
3363 3520 3427 3576 se
3469 3504 3701 3576 negotio

2058 3575 2248 3631 avelli.
2274 3575 2665 3638 Quamobrem
2691 3577 2750 3630 in
2777 3574 3002 3634 somnis
3031 3577 3176 3630 nihil
3203 3577 3356 3645 quod
3381 3574 3570 3631 electo
3585 3591 3701 3630 non

2057 3649 2388 3713 conveniat,
2416 3649 2646 3718 aspicit.
2682 3648 2734 3702 Is
2769 3665 2937 3719 porro
2958 3649 3014 3702 in
3036 3647 3145 3704 bac
3166 3649 3282 3703 vita
3306 3652 3467 3703 totus
3489 3648 3701 3719 hospes

2057 3724 2114 3774 et
2173 3719 2516 3800 peregrinus
2546 3735 2612 3774 ea
2637 3718 2964 3774 contemnit
2992 3736 3118 3843 quae
3160 3718 3254 3774 alii
3293 3718 3614 3784 mirantur,
3635 3735 3702 3774 ac

2057 3791 2114 3843 in
2149 3791 2380 3843 Civitate
2409 3795 2685 3843 tanquam
2718 3791 2773 3843 in
2809 3791 2982 3843 solitu
3035 3791 3126 3843 ine
3150 3791 3306 3843 vivit.
3347 3791 3466 3843 Uno
3498 3792 3698 3843 verbo.

2057 3791 2114 3845 in
2149 3791 2380 3845 civitate
2409 3795 2685 3860 tanquam
2718 3791 2773 3844 in
2809 3791 3126 3846 solitudine
3150 3791 3306 3844 vivit.
3347 3791 3466 3846 Uno
3498 3792 3698 3858 verbo,

2055 3864 2112 3916 in
2143 3863 2299 3915 omni
2333 3862 2450 3933 vita
2482 3861 2808 3917 absentiam
2843 3863 3220 3933 apostolicam
3250 3861 3472 3932 implet.

2129 3933 2272 4005 Quid
2308 3932 2518 4004 plura?
2541 3951 2671 3987 cum
2693 3932 3175 4005 cptimaquarque
3207 3932 3702 4005 agit,homini_bus

2057 4005 2182 4059 vult
2216 4003 2412 4071 latere,
2447 4021 2511 4059 ac
2543 4005 2652 4059 sibi
2680 4003 3044 4074 Dominoque
3077 4003 3428 4075 persuadere
3460 4021 3521 4057 se
3543 4003 3704 4058 illius

2056 4076 2247 4130 vivere
2270 4076 2595 4156 praeceptis.
2623 4077 2905 4156 Quocirca
2929 4077 3187 4156 seipsum
3211 4091 3448 4156 semper
3468 4080 3525 4130 et
3548 4091 3702 4156 n31}-

2058 4163 2232 4216 qnam
2271 4145 2600 4217 proximum
2628 4147 2893 4216 despicit,
2914 4145 3087 4217 atque
3111 4147 3326 4201 idcirco
3347 4145 3515 4200 illum
3541 4145 3691 4199 afﬂi-

2058 4223 2215 4272 ctum
2253 4218 2610 4286 consolatur,
2648 4218 3003 4289 indigentem
3041 4220 3176 4273 facit
3207 4235 3474 4283 suorum,
3498 4217 3546 4289 si
3573 4233 3700 4289 qua:

2055 4289 2581 4354 habeat,bonorum
2619 4287 2957 4360 participem
2989 4289 3138 4356 ;imo
3164 4305 3297 4343 vero
3320 4293 3376 4344 et
3407 4287 3691 4359 deinOpia

2058 4377 2164 4416 sua
2197 4367 2372 4431 auget
2422 4361 2885 4416 beneﬁcentiam.
2920 4365 3069 4416 Pura
3111 4362 3354 4431 insuper
3382 4366 3439 4414 et
3468 4361 3696 4414 sincera

2061 4430 2304 4515 orpatus
2337 4433 2472 4515 fide,
2508 4449 2608 4502 per
2635 4449 2811 4515 opera
2841 4436 2896 4486 et
2916 4430 3489 4515 contemplatio-nem.
3519 4433 3699 4512 Evan-

2059 4502 2275 4574 gelium
2338 4502 2558 4570 laudat,
2592 4509 2648 4557 et
2677 4502 2803 4574 ipse
2855 4519 2940 4569 ea,
2979 4519 3106 4573 qure
3138 4508 3287 4558 Deus
3320 4502 3539 4571 docuit,
3593 4503 3699 4556 rite

2058 4573 2430 4644 perficiendo,
2485 4576 2556 4628 ab
2589 4591 2655 4628 eo
2702 4573 2935 4628 laudem
2970 4574 3195 4643 accipit.
3230 4574 3341 4642 Spe
3389 4590 3520 4628 vero
3563 4590 3698 4643 pro-

2055 4646 2185 4716 pria
2229 4646 2472 4699 minime
2496 4645 2846 4714 ablactatus,
2873 4644 3149 4716 qualibet
3177 4646 3472 4699 mundana
3503 4645 3702 4699 omnia

2057 4720 2430 4784 aspernatur,
2464 4721 2520 4768 et.
2551 4718 2860 4782 miseretur
2891 4733 3113 4782 eorum,
3149 4717 3245 4787 qui
3281 4721 3411 4787 post
3453 4722 3700 4771 mortem

2059 4787 2366 4858 suppliciis
2399 4788 2610 4857 affecti,
2643 4789 2824 4843 Deum
2860 4789 3230 4842 confitentur.
3268 4787 3458 4858 Ipsius
3500 4792 3696 4842 autem

2058 4864 2215 4912 recta
2248 4875 2480 4929 semper
2508 4865 2598 4914 est
2627 4858 3006 4930 conscientia,
3042 4865 3099 4914 et
3138 4861 3208 4914 ad
3251 4865 3497 4914 mortem
3541 4875 3694 4915 sem-

2058 4946 2162 5002 per
2191 4935 2452 4999 paratus,
2498 4930 2553 4983 in
2605 4931 2713 4985 hoc
2754 4931 2973 4985 mundo
3022 4935 3300 5002 tanquam
3342 4930 3696 5001 peregrinus

2057 5001 2219 5069 vivit,
2249 5016 2314 5055 ac
2347 5002 2668 5056 secundum
2714 5007 2880 5056 rectae
2911 5001 3161 5058 rationis
3217 5001 3506 5057 dictamen
3535 5017 3697 5056 com-

2057 5072 2199 5136 edit,
2257 5072 2424 5137 bibit,
2489 5089 2725 5128 uxorem
2770 5073 2933 5128 ducit
2989 5078 3046 5128 et
3100 5073 3157 5128 in
3217 5073 3443 5128 somnis
3496 5078 3702 5128 sancta

2060 5158 2288 5217 semper
2314 5143 2450 5198 facit
2481 5153 2531 5198 et
2565 5145 2780 5214 cogitat
2812 5161 2824 5198 :
2861 5149 3031 5214 atque
3066 5145 3145 5199 ita
3197 5145 3428 5217 καθαρὸς
3478 5143 3554 5204 εἰς
3615 5143 3698 5196 εὐ-

2059 5216 2166 5288 χὴν
2200 5213 2449 5288 πάντοτε,
2483 5213 2714 5288 semper
2771 5217 2839 5270 ad
2904 5213 3291 5286 precationem
3328 5213 3532 5288 purus,
3564 5231 3697 5270 cum

2055 5286 2281 5351 angelis
2313 5293 2440 5342 orat
2470 5291 2527 5341 et
2557 5286 2830 5356 precatur
2854 5288 2913 5338 1³.

2129 5358 2274 5412 Tum
2310 5375 2517 5413 rursus
2537 5359 2807 5413 Clemens
2840 5359 3008 5429 docet
3030 5357 3222 5429 qualis
3244 5358 3318 5412 sit
3347 5358 3474 5428 ejus
3495 5374 3706 5429 ropera-

2061 5428 2162 5496 tio,
2215 5429 2449 5498 justitia
2480 5435 2535 5484 et
2570 5429 2844 5499 precatio,
2879 5428 3022 5500 quid
3047 5428 3110 5484 7a
3162 5430 3280 5484 Deo
3314 5428 3589 5499 postulet,
3645 5435 3704 5485 et

2061 5501 2358 5572 quomodo
2390 5501 2685 5557 Christum
2721 5506 3022 5572 vocantem
3073 5505 3417 5556 antevertat.
3451 5501 3699 5557 Planum

2061 5571 2293 5643 quoque
2348 5573 2485 5628 facit
2516 5573 2810 5643 quomodo
2843 5571 2941 5626 ille
3000 5578 3220 5644 patrem
3255 5578 3311 5629 et
3342 5578 3588 5629 matrem
3631 5575 3696 5628 9".

364 5719 408 5754 ¹⁰
442 5734 496 5787 p.
527 5715 652 5770 737.
736 5717 775 5750 ιι
812 5713 1039 5787 p.__738.
1122 5713 1166 5747 η
1200 5727 1255 5781 p.
1287 5710 1410 5765 739.
1493 5713 1538 5747 18
1569 5729 1621 5784 ρ,
1656 5713 1780 5767 740,
1861 5715 1904 5748 ιι.
1939 5731 1944 5784 1

2060 5715 2176 5768 741.
2259 5714 2548 5785 ¹⁵ρ.742.
2633 5714 2918 5785 ¹⁸ρ.743.
3004 5716 3288 5786 ¹⁷ρ.744.
3358 5689 3498 5786 ἰερ.
3561 5716 3684 5768 745.

295 5785 572 5863 19Ir‘746.
652 5787 779 5859 2°[L
812 5785 942 5840 747.
