4030 6202
388 186 521 243 1051

1088 187 1164 238 IN
1201 185 1648 240 CLEMENTEM
1687 184 1896 238 ALEX.
1939 185 2008 236 D.
2049 184 2140 238 LE
2181 183 2477 239 NOUBRY
2513 183 2992 240 DISSERTATIO
3027 187 3099 240 II.

3688 181 3814 236 1052

386 309 967 383 suamqueanimam
988 307 1132 383 _odio
1163 306 1399 383 habeat,
1432 322 1498 383 ac
1527 305 1688 360 omni
1721 306 1848 383 vitae
1882 309 2030 383 tem-
2063 317 2115 373 Α
2145 305 2406 383 veritatis
2427 305 2821 383 cognitionem
2844 321 2952 383 nos
2971 305 3231 383 adduci}.
3259 309 3352 362 Ex
3375 304 3615 383 divinis
3644 304 3813 377 igitur

387 399 527 455 pore
558 376 709 438 aDei
741 379 1033 455 mandatis
1055 382 1112 432 et
1133 394 1235 449 spe
1257 377 1427 455 plane
1458 376 2031 455 i_nsepar_abilis,_Deo

391 448 627 526 semper
657 453 879 526 gratias
935 467 1142 526 agens,
1169 448 1403 526 omnia,
1438 449 1591 502 sicut
1617 448 1752 526 Job,
1802 449 2033 526 patien-

388 519 618 582 tissime
659 519 1180 589 'toleransfbonis
1213 520 1501 590 malisque
1557 520 1845 590 superior,
1905 519 2036 573 aliis

389 614 520 654 sese
563 602 729 650 caute
761 593 1236 656 accommodans,
1287 595 1342 646 et
1373 607 1576 645 eorum
1609 591 1667 644 in
1702 608 1762 645 se
1803 597 2037 662 peccata

389 669 720 731 dimittens,
755 667 970 736 dignus
1003 665 1124 736 ﬁat,
1159 662 1257 732 qui
1283 680 1376 736 «7a
1409 663 1602 736 seipse
1637 679 1737 732 per
1768 663 2040 736 obedien-

390 741 531 794 tiam
567 738 819 806 accipiat
850 735 1214 807 praesidium.
1242 757 1268 781 ››
1308 735 1504 807 Pergit
1537 741 1740 788 auctor
1771 740 1967 807 noster
1989 735 2033 769 ²¹

389 817 562 882 atque
589 806 1009 882 ostendit’quid
1036 806 1132 882 ille
1165 828 1191 854 «
1214 806 1537 882 gnosticus,
1574 827 1599 852 »
1624 807 1721 876 qui
1749 806 1920 882 aDeo
1942 821 2037 882 po-

385 877 506 938 tiu's
537 880 736 952 exigit,
767 895 944 950 quam
980 878 1145 952 petit,
1181 894 1287 952 pro
1316 877 1593 952 fratribus
1627 877 1937 952 agentibus
1963 878 2036 930 ab

386 955 516 1026 ipso
538 947 834 1024 exp'oscat,
857 947 1151 1026 quomodo
1171 948 1393 1026 divina:
1407 947 1682 1026 bonitatis
1715 947 1792 1002 sit
1815 949 2035 1026 instru-

390 1018 654 1080 mentum
686 1029 742 1078 et
764 1018 1006 1094 parvum
1029 1021 1342 1094 ipsiusmet
1367 1018 1796 1094 Dci_templum,
1832 1035 1895 1094 ac
1917 1023 2038 1072 ter-

389 1097 546 1151 renis
569 1089 845 1150 omnib'us
871 1089 1108 1159 relictis,
1135 1091 1338 1146 tendat
1359 1092 1428 1144 ad
1454 1089 1638 1144 Deum
1660 1090 2037 1160 ccelestiaque

387 1167 782 1222 transcendat.
813 1166 915 1229 tta,
939 1163 1132 1234 inquit
1155 1161 1420 1234 Clemens
1442 1162 1506 1228 ’³,
1529 1162 1779 1231 perfecte
1812 1181 1838 1213 α
1861 1177 2038 1232 gnos-

389 1240 572 1294 ticusn
593 1238 750 1305 vivit,
767 1252 933 1307 spem
947 1233 1080 1288 cum
1097 1235 1210 1288 ﬁde
1223 1233 1291 1287 ad
1305 1237 1576 1307 _t_uturoru
1589 1249 1641 1307 m
1660 1234 2034 1307 exspectatio-

388 1327 522 1366 nem
551 1304 915 1373 commiscet,
950 1312 1124 1377 atque
1157 1305 1432 1376 operibus
1464 1304 1854 1377 cognitionem
1891 1319 2040 1377 sem-

390 1399 492 1452 per
549 1375 1052 1452 subsequentibus
1085 1375 1281 1431 divi’na
1310 1376 1614 1452 _mandata
1672 1375 2034 1452 exsequitur.

393 1447 565 1508 Nullo
598 1447 791 1507 autem
817 1466 954 1504 casu
983 1447 1078 1502 ille
1100 1447 1504 1511 conturbatus,
1532 1463 1596 1501 ac
1619 1463 1918 1517 nunquam
1942 1447 2041 1517 ju-

394 1525 657 1578 cundum
691 1527 748 1577 et
770 1521 910 1575 utile
940 1519 1133 1574 divino
1155 1519 1396 1573 consilio
1419 1523 1802 1588 anteponens,
1839 1518 1901 1572 ﬁt
1922 1523 2037 1572 Deo

394 1600 693 1665 acceptus,
727 1592 1063 1660 mundoque
1095 1589 1447 1665 laudabibis.
1489 1591 1744 1665 Denique
1793 1589 1850 1665 in
1887 1590 2037 1665 bono

2146 376 2382 449 illorum
2415 376 2654 449 scriptis
2685 377 3029 449 certissimae
3053 377 3207 432 I38
3239 382 3552 449 eruuntur
3583 376 3810 449 demon-

2147 448 2481 552 stbafiabnes,
2514 447 2690 520 atque
2723 448 2794 503 iis
2826 448 2975 504 ﬁunt
3008 449 3210 504 ﬁdeles
3239 465 3308 504 ac
3342 447 3599 520 perfecti
3631 469 3651 496 ι
3676 465 3807 521 gno-

2147 519 2280 574 stici
2302 520 2366 573 ’3.
2401 541 2427 571 ιι

2221 589 2438 646 Deinde
2482 594 2686 645 auctor
2718 593 2918 644 noster
2966 595 3165 645 narrat
3196 590 3511 661 quomodo
3547 594 3605 644 et
3645 606 3808 661 quam

2149 678 2416 733 perverse
2449 661 2700 716 haeretici
2732 662 2938 716 iisdem
2974 662 3156 718 sacris
3189 661 3530 731 Scripturis
3564 662 3801 718 abutan-

2148 744 2262 803 tur,
2296 751 2358 786 ac
2394 733 2586 787 inanis
2621 734 2920 804 sapientiae
2950 734 3223 802 opinione
3256 735 3480 801 intlati,
3509 741 3805 804 perpetuo-

2147 822 2282 876 que,
2317 805 2415 859 sed
2452 821 2755 876 perperam
2782 804 3101 876 litigantes,
3135 822 3377 859 omnem
3417 810 3697 860 moveant
3725 806 3800 861 la-

2150 876 2367 947 pidem,
2403 892 2476 930 ne
2530 892 2562 930 a
2593 876 2730 947 sede
2759 892 2868 947 sua
2901 878 3306 931 deturbentur.
3346 877 3507 931 Tum
3544 893 3677 931 vero
3718 894 3802 932 ex-

2149 945 2326 1018 plicat
2358 963 2534 1017 quam
2568 945 2810 1000 difﬁcile
2840 949 2918 1001 sit
2958 963 3161 1018 eorum
3192 963 3413 1002 sanare
3463 963 3712 1013 errores,
3744 965 3800 1003 ac

2148 1017 2441 1090 quomodo
2475 1018 2711 1072 tandem
2746 1019 2813 1072 ad
2850 1017 3112 1074 veritatis
3135 1019 3286 1073 viam
3324 1019 3570 1090 possint
3600 1021 3800 1075 reduci.

2147 1094 2217 1162 At
2250 1091 2750 1162 quemadmodum
2784 1095 2989 1162 gentes
3033 1091 3092 1162 in
3124 1090 3532 1162 ignoratione,
3567 1095 3624 1144 et
3663 1108 3797 1146 vera

2150 1159 2421 1232 discipuli
2457 1159 2723 1232 Ecclesiae
2773 1163 2832 1215 in
2866 1161 3132 1230 scientia,
3151 1159 3247 1216 fita
3307 1161 3398 1216 illi
3436 1161 3498 1215 in
3534 1163 3796 1232 opinione

2146 1231 2454 1288 versantur
2474 1233 2539 1288 ’9.
2573 1231 2804 1286 Nullam
2837 1233 3018 1303 igitur
3075 1231 3647 1288 demonstrationem
3681 1251 3797 1289 cum

2149 1306 2327 1359 iidem
2361 1303 2612 1358 haeretici
2668 1303 2880 1358 habere
2914 1308 3159 1374 possint,
3200 1320 3331 1358 sese
3374 1305 3631 1360 invicem
3677 1306 3795 1359 irri-

2150 1376 2308 1441 dent,
2343 1375 2674 1446 despiciunt
2703 1379 2760 1428 et
2788 1375 3204 1430 condemnant.
3239 1375 3536 1437 Quocirca
3583 1376 3638 1430 hi
3671 1393 3793 1432 con-

2149 1449 2491 1513 tentionem,
2552 1447 2758 1518 pagani
2815 1446 3198 1518 voluptatem,
3235 1447 3450 1502 ﬁdeles
3501 1448 3790 1518 gaudium,

2149 1524 2207 1574 et
2237 1542 2263 1566 ‹‹
2298 1515 2622 1592 ιςτιοεξὶὶοἰξ⁸
2654 1515 2986 1592 suspectiva
3040 1521 3343 1592 sectantur
3374 1519 3441 1571 ⁸ο.
3479 1515 3631 1592 Quia
3672 1535 3792 1592 vero

2153 1588 2442 1663 magistri,
2475 1593 2537 1643 ut
2567 1588 2829 1663 Clemens
2854 1590 3454 1663 inductioneprobat,
3487 1591 3793 1663 discipulos

395 1659 588 1743 rerum
617 1659 1050 1743 mundanarum
1093 1678 1202 1716 usu
1235 1661 1349 1742 Deo
1381 1661 1600 1743 gratias
1651 1659 2043 1743 persolvit,__et
2073 1674 2118 1738 Β
2153 1659 2512 1743 sibisiuiiles
2545 1659 2826 1743 efficiunt,
2859 1660 2995 1714 inde
3028 1659 3445 1743 colligiteum,
3491 1662 3594 1732 qui
3627 1659 3791 1717 tradi-

395 1740 718 1793 Creatorem
745 1734 1091 1799 admiratur,
1127 1755 1154 1783 ‹‹
1187 1733 1326 1802 quia
1346 1731 1470 1802 ejus
1491 1731 1622 1786 ﬁnis
1645 1749 1746 1803 per
1775 1732 2034 1803 operatio

396 1826 529 1864 nem
563 1807 888 1879 gnosticam
923 1805 1150 1879 quae._ﬁt_
1169 1803 1579 1879 convenienter
1605 1803 1920 1879 mandatis,
1941 1804 2041 1857 nin

395 1875 946 1950 contemplationem
968 1875 1202 1950 desinit,
1226 1879 1400 1945 atque
1430 1875 1649 1950 idcirco
1671 1880 1799 1945 post
1820 1875 2046 1950 obitum

399 1954 470 2006 ad
557 1945 820 2005 sanctam
893 1949 1245 2002 transfertur
1300 1945 1846 2001 remunerationem.
1919 1946 2048 2000 Haec

398 2039 569 2093 porro
601 2019 1080 2093 Clemensbinstar
1110 2017 1352 2093 seminis
1401 2017 1471 2073 de
1501 2039 1527 2065 «
1562 2017 1828 2093 gnostico
1863 2039 1889 2064 ››
1922 2035 1954 2072 a
1986 2034 2048 2072 se

397 2089 612 2150 Graecis
670 2108 846 2163 quam
880 2091 1224 2163 brevissime
1279 2089 1434 2163 dicta
1461 2105 1621 2163 esse
1644 2089 1923 2163 declarat,
1945 2161 1958 2163 _
1982 2105 2047 2143 ac

399 2166 536 2238 quid
559 2159 704 2238 eum
751 2164 906 2238 inter
932 2166 989 2217 et
1035 2161 1265 2217 ﬁdelem
1299 2159 1659 2218 discriminis
1706 2161 2047 2230 intercedat,

400 2235 604 2310 paucis
637 2235 821 2310 aperit
842 2235 907 2288 ³⁸.

469 2313 544 2364 At
578 2301 1100 2379 pro—ﬁteturtamen
1117 2303 1226 2379 sibi
1253 2303 1444 2357 adhuc
1475 2301 1646 2372 longe
1669 2301 1838 2373 plura
1865 2318 1932 2379 ex_
1951 2319 2048 2357 sa-

398 2381 514 2436 cris
541 2374 995 2451 Scripturisdou
1031 2375 1294 2451 gnostico
1325 2397 1351 2421 η
1373 2390 1888 2451 succurrere,_guae
1922 2374 2048 2451 bre-

396 2451 595 2506 vitatis
627 2445 807 2506 causa
831 2447 960 2502 aliis
991 2447 1334 2517 explicanda
1355 2445 1695 2517 dereliquit.
1731 2445 1920 2517 Unum
1953 2445 2047 2499 ni-

397 2523 716 2578 hilominus
748 2538 817 2575 ex
846 2524 1007 2575 sexto
1041 2515 1239 2588 primae
1262 2517 1422 2571 Pauli
1457 2518 1527 2588 ad
1554 2515 1887 2588 Corinthios
1911 2517 2042 2588 Fpi-

397 2596 560 2649 stolas
589 2594 780 2663 capite
815 2591 1007 2663 locum
1044 2587 1294 2658 profert,
1327 2605 1391 2663 ac
1421 2587 1577 2663 clara
1613 2587 2038 2658 perspicuaq’ue

396 2665 556 2719 illius
577 2659 1061 2734 interpretatione
1084 2664 1139 2714 et
1165 2659 1822 2734 paraphrasisummam
1851 2682 1875 2708 ‹‹
1903 2675 2048 2734 gno-

397 2735 527 2790 stici
553 2757 579 2783 ››
615 2729 1026 2807 perfectionem
1050 2729 1357 2807 presse_,_ut
1382 2729 1797 2801 ipseloquitur,
1821 2731 1920 2785 sed
1939 2730 2050 2785 ele-

398 2800 689 2878 ganter'et
719 2803 1018 2878 enucleate
1049 2800 1345 2878 describit.

473 2878 609 2932 Post
657 2878 777 2931 haec
810 2874 909 2930 ille
969 2872 1184 2943 stylum
1220 2888 1394 2926 suum
1427 2871 1711 2926 convertit
1767 2872 2050 2927 adversus

401 2949 632 3024 Graecos
653 2945 1035 3024 philosophos
1053 2949 1111 2998 et
1131 2944 1387 3010 Judzeos,
1405 2944 1508 3024 qui
1525 2948 1758 3024 propter
1774 2959 2047 3024 magnam

402 3014 692 3102 h‘aariesum
742 3014 1170 3102 dissensionem
1219 3031 1430 3070 nomen
1475 3015 1621 3102 ﬁdei.
1651 3014 2045 3102 religionique
2077 3036 2118 3102 ρ

399 3091 744 3146 Christianae
783 3089 1043 3143 dandum
1077 3103 1205 3141 esse
1234 3087 1630 3158 pernegabant
1651 3087 1713 3139 ²⁴.
1749 3087 1909 3158 Hane
1942 3104 2044 3142 au-

400 3168 517 3218 tem
541 3161 942 3234 opininionebm
958 3157 1244 3234 eofalsam
1269 3174 1397 3212 esse
1424 3157 1647 3234 probat,
1673 3158 1827 3227 quod
1854 3157 2048 3228 plures

401 3228 638 3306 quoque,
659 3233 811 3306 apud
833 3231 964 3285 illos
998 3229 1118 3306 sint
1140 3234 1313 3306 seetse
1345 3235 1517 3306 atque
1543 3228 1791 3306 hazreses
1819 3246 1831 3294 ;
1859 3245 2048 3299 neque

400 3300 598 3361 tamen
630 3300 846 3359 idcirco
881 3303 1167 3374 putabant
1197 3300 1572 3374 dogmatibus
1618 3302 1740 3374 suis
1773 3305 2047 3374 nuntium

398 3393 528 3432 esse
560 3371 998 3431 remittendum.
1035 3373 1114 3427 De
1139 3371 1286 3426 inde
1306 3373 1617 3442 respondet
1640 3371 1907 3426 Clemens
1941 3373 2046 3427 has

403 3449 649 3502 haereses
680 3465 714 3502 a
743 3445 972 3501 Christo
996 3444 1177 3499 fuisse
1203 3443 1526 3514 praedictas,
1559 3448 1614 3498 et
1643 3443 2049 3514 reprehensio-

403 3535 535 3574 nem
567 3535 653 3586 ea,
687 3535 816 3588 quae
848 3517 1001 3572 bona
1029 3518 1189 3578 sunt,
1249 3514 1532 3588 subsequi
1566 3532 1578 3580 ;
1630 3519 1807 3588 atque
1839 3532 1872 3588 a
1928 3515 2048 3588 viro

404 3591 596 3662 probo
619 3585 787 3662 pacta
818 3606 924 3662 sua
947 3586 1463 3662 etconventa‘idco
1491 3602 1600 3639 non
1627 3585 1886 3662 infringi,
1911 3587 2051 3656 quia

403 3657 476 3716 ab
502 3657 633 3714 aliis
647 3660 1003 3731 quibusdam
1027 3657 1307 3731 improbis
1321 3657 1744 3731 infringuntur.
1769 3658 2052 3731 Praeterea

405 3732 639 3788 etiamsi
665 3728 836 3785 varies
867 3730 986 3784 sint
1019 3728 1377 3783 medicorum
1425 3733 1614 3792 secta»,
1650 3729 1755 3782 hoc
1788 3746 1901 3783 non
1935 3730 2051 3783 im-

407 3804 585 3874 pedit,
629 3803 954 3874 quominus
979 3801 1048 3854 ab
1081 3800 1251 3874 aegris
1282 3798 1552 3874 admissi,
1586 3801 1822 3874 morbos
1844 3816 2048 3854 eorum

403 3871 610 3930 curent
650 3871 722 3929 ac
770 3872 1068 3944 depellant
1098 3872 1159 3924 ’5.
1215 3871 1296 3924 Ad
1343 3871 1462 3925 hrec
1493 3887 1646 3944 vero,
1679 3871 1947 3944 haereses
1981 3889 2049 3925 ex

409 3945 589 4000 nimio
621 3946 709 3999 sui
737 3941 926 4016 ipsius
957 3960 1153 3998 amore
1176 3947 1275 3996 aut
1296 3941 1647 4016 vana‘gloria
1675 3942 1888 4016 idcirco
1910 3947 2050 4016 ortae

408 4023 568 4080 sunt,
595 4023 659 4070 ut
689 4012 824 4072 vera
843 4017 1028 4085 pietas
1052 4031 1341 4083 verusque
1368 4012 1462 4068 Dei
1489 4012 1685 4068 cultus
1706 4014 2052 4083 diligentius

403 4088 831 4144 examinentur.
865 4091 990 4140 Huc
1044 4085 1291 4152 accedit,
1324 4085 1478 4154 quod
1516 4102 1547 4139 a
1581 4088 1807 4138 maturo
1859 4086 2050 4140 fructu

403 4177 574 4215 nemo
608 4160 1024 4214 abstinendum
1055 4173 1183 4211 esse
1219 4161 1473 4220 censeat,
1507 4156 1645 4226 quia
1667 4155 1821 4209 alius
1861 4155 2050 4224 perni-

405 4232 602 4287 ciosus
634 4231 744 4301 ipsi
777 4234 864 4286 est
896 4228 1130 4284 similis.
1165 4228 1566 4301 Nequeetiam
1595 4229 1762 4301 regiae
1796 4227 1897 4301 via:
1921 4244 2051 4296 pro-

407 4310 604 4372 pterea
637 4297 770 4371 quis
801 4317 928 4356 sese
962 4318 1074 4354 non
1108 4297 1438 4372 committit,
1471 4299 1610 4372 quia
1641 4297 1768 4372 aliis
1798 4300 1864 4372 ad
1905 4317 2050 4367 prte-

406 4369 671 4444 eipitium
697 4375 943 4428 ducunt.
978 4371 1241 4444 Denique
1271 4369 1469 4444 hortos
1502 4369 1629 4423 ideo
1652 4369 1901 4430 agricola
1935 4388 2048 4424 non

407 4441 566 4511 colit,
603 4446 742 4516 quia
772 4445 962 4516 herbas
995 4459 1128 4497 cum
1161 4441 1418 4516 oleribus
1449 4445 1791 4495 nascuntur.

478 4513 633 4571 Tum
664 4533 793 4570 vero
824 4515 1090 4569 Clemens
1122 4517 1317 4582 aperte
1351 4513 1717 4566 demonstrat
1749 4529 1924 4581 quom
1946 4513 2057 4565 odo

404 4588 740 4643 Christiana
794 4587 1008 4641 veritas
1066 4585 1138 4638 ab
1172 4584 1446 4637 omnibus
1481 4583 1905 4648 haereticorum,
1955 4582 2055 4653 qui

404 4660 493 4715 vel
526 4661 774 4728 seipsos,
823 4658 905 4711 vel
936 4656 1095 4728 alios
1129 4655 1451 4728 decipiunt,
1483 4655 2061 4728 erroribussecerna-

410 4736 505 4785 tur
534 4732 598 4785 ³⁸.
635 4731 792 4785 Hanc
815 4733 1006 4783 autem
1043 4727 1183 4781 dicit
1231 4743 1297 4780 ex
1329 4743 1494 4780 saera
1533 4727 1833 4796 Scriptura
1873 4731 1928 4780 et
1956 4742 2057 4779 an-

408 4803 579 4872 tiqua
609 4801 860 4856 Ecclesia
890 4799 1040 4872 elici,
1095 4796 1558 4872 certissimisque
1605 4796 2061 4872 demonstratio-

411 4869 585 4928 nibus
637 4873 716 4926 ita
748 4871 1000 4942 probari,
1035 4875 1100 4923 ut
1159 4869 1231 4922 ab
1262 4885 1327 4922 ea
1354 4885 1652 4942 nunquam
1717 4869 1816 4923 ulli
1870 4871 2057 4923 disce-

407 4947 543 5000 dere
575 4939 767 4999 liceat'.
801 4944 978 4997 Sacra
1008 4946 1204 4995 autem
1250 4939 1571 5009 Scriptura,
1606 4941 1686 4994 ait
1718 4945 1920 4995 auctor
1952 4957 2059 4994 no-

407 5022 546 5080 ster,
583 5016 835 5085 Deiparas
885 5011 1119 5078 similis,
1151 5011 1451 5085 veritatem
1488 5013 1660 5085 parit,
1709 5012 2061 5085 atqueuipsa

405 5105 643 5156 semper
672 5083 834 5155 virgo
857 5087 1177 5152 permanet.
1203 5083 1593 5156 Quamobrem
1621 5083 1874 5137 haeretici
1896 5083 2058 5138 illam

408 5155 738 5229 repu’diant,
774 5157 858 5229 vel
892 5157 948 5210 in
983 5171 1190 5226 pravos
1223 5170 1443 5229 sensus
1484 5155 1856 5229 detorquent,
1889 5159 2060 5229 atque

405 5224 622 5286 idcirco
653 5230 713 5284 in
745 5228 934 5283 varios
966 5224 1192 5281 errores
1223 5224 1374 5296 lapsi
1409 5230 1567 5279 sunt.
1604 5230 1677 5280 At
1708 5225 1754 5280 si
1790 5226 2057 5296 deposito

401 5319 616 5367 errore,
679 5300 895 5371 aliquis
927 5315 1055 5354 sese
1089 5297 1315 5371 veritati
1352 5296 1674 5371 permittat,
1727 5297 2055 5371 Deusquo-

405 5375 718 5429 dummodo
751 5368 817 5426 ex
841 5372 1072 5425 homine
1099 5369 1433 5424 efﬁcitur”.
1463 5368 1724 5423 Primum
1760 5369 2053 5439 siquidem

407 5447 684 5501 doctrinis
719 5449 934 5498 nostra:
957 5441 1308 5512 principium
1343 5439 1494 5494 Deus
1526 5440 1650 5510 ipse
1673 5445 1781 5508 est,
1824 5440 1923 5510 qui
1958 5458 2058 5510 per

409 5518 742 5588 prophetas,
803 5513 1212 5584 evangelistas,
1243 5517 1297 5566 et
1330 5512 1623 5582 apostolos
1675 5512 1733 5566 in
1793 5513 2055 5581 ejusdem

479 5658 516 5688 "
565 5659 756 5710 n71?

857 5656 900 5688 ss
961 5671 1013 5706 η.
1047 5655 1171 5705 749,
1253 5654 1298 5687 28
1330 5671 1380 5724 ρ,
1415 5655 1522 5705 750
1551 5661 1599 5702 et
1637 5673 1760 5706 sed.

1842 5657 1885 5690 2⁸
1920 5672 1973 5711 n.
2005 5657 2131 5710 753.

2158 1740 2243 1789 tas
2275 1751 2309 1788 a
2333 1731 2585 1805 Domino
2617 1732 2947 1805 Scripturas
2977 1737 3236 1805 secutus,
3266 1731 3381 1803 ipsi
3430 1731 3651 1788 morem
3705 1751 3791 1805 ge-

2155 1806 2251 1872 rit,
2276 1803 2345 1858 ad
2381 1801 2647 1874 magistri
2681 1801 3000 1874 imaginem
3034 1804 3155 1858 ﬁeri
3187 1801 3242 1857 in
3271 1801 3452 1858 carne
3489 1809 3684 1859 Deum.
3707 1801 3787 1860 'Et

2157 1892 2297 1932 sane
2328 1875 2424 1929 ille
2455 1874 2705 1929 ostendit
2735 1875 2849 1928 duo
2881 1892 3007 1929 esse
3039 1875 3258 1944 peccati
3301 1875 3615 1946 principia,
3643 1877 3786 1930 vide-

2155 1947 2807 2029 licetoignora‘ntiamhet
2836 1945 3318 2029 imbecillitatem.
3367 1949 3440 2029 ﬁt
3473 1945 3678 2029 prioris
3708 1964 3784 2002 re-

2158 2016 2415 2090 medium
2448 2021 2537 2072 est
2567 2016 2815 2090 cognitio
2847 2022 2904 2073 et
2932 2019 3254 2090 desumpta,
3273 2034 3347 2090 ea
3369 2016 3684 2090 Scripturis
3706 2036 3786 2073 sa-

2157 2091 2268 2146 cris
2291 2089 2528 2144 evidens
2560 2089 2980 2160 demonstratio
3007 2107 3019 2155 ;
3045 2089 3387 2160 posterioris
3411 2089 3544 2144 vero
3576 2095 3661 2145 cst
3689 2091 3789 2144 du-

2155 2167 2247 2217 cta
2277 2160 2504 2232 exrﬁde
2537 2163 2594 2213 et
2642 2158 2850 2232 timore
2908 2158 3263 2216 exercitatio.
3299 2165 3558 2232 Utraque
3604 2167 3781 2216 autem

2156 2234 2213 2288 in
2250 2231 2566 2303 perfectam
2599 2231 2809 2303 crescit
2843 2255 2870 2281 α
2905 2233 3151 2303 gnostici
3187 2255 3214 2281 »
3248 2231 3616 2287 charitatem.
3651 2232 3781 2287 Fieri

2159 2302 2354 2359 autem
2416 2306 2606 2372 potest
2661 2307 2724 2355 ut
2783 2302 3034 2357 haeretici
3096 2303 3218 2358 haec
3277 2303 3665 2374 intelligentes
3717 2303 3779 2357 ad

2163 2381 2336 2430 Deum
2390 2378 2808 2429 convertantur
2838 2375 2904 2429 ³¹.
2943 2375 3042 2429 Sin
3076 2391 3209 2429 vero
3242 2375 3520 2430 obstinati
3554 2377 3608 2430 in
3637 2391 3782 2429 erro-

2161 2447 2324 2502 ribus
2361 2450 2744 2519 perseverent,
2777 2446 2850 2519 ab
2879 2446 2982 2519 illo
3015 2446 3189 2500 etiam
3210 2447 3593 2503 severioribus
3620 2461 3779 2519 quam

2162 2522 2498 2591 peccatores
2531 2516 2798 2570 catholici
2830 2517 3157 2572 afﬁcientur
3206 2519 3542 2591 suppliciis.

2232 2590 2359 2643 Haec
2391 2605 2560 2659 porro
2593 2594 2799 2642 auctor
2831 2596 3026 2643 noster
3050 2607 3080 2643 a
3112 2605 3173 2643 se
3206 2588 3484 2644 hactenus
3507 2590 3779 2659 disputata

2159 2678 2287 2715 esse
2311 2658 2625 2730 signiﬁcat,
2653 2663 2714 2713 ut
2741 2660 2940 2715 nullus
2967 2660 3025 2714 in
3045 2660 3314 2715 haeresim
3342 2661 3571 2728 incidat;
3602 2665 3711 2725 aut,
3729 2658 3773 2712 si

2159 2733 2292 2802 quis
2324 2731 2384 2785 in
2416 2747 2559 2803 eam
2579 2731 2872 2803 inciderit,
2920 2733 3221 2803 possitque
3252 2733 3439 2787 adhuc
3471 2732 3672 2796 sanari,
3704 2731 3769 2784 ad

2157 2801 2459 2876 veritatem
2495 2801 2842 2860 adducatur.
2901 2801 3143 2876 Verum_
3173 2820 3244 2876 ex
3274 2806 3346 2858 iis
3379 2804 3562 2876 plures
3616 2807 3765 2865 sunt,

2161 2875 2258 2945 qui
2294 2889 2500 2946 rerum
2523 2889 2802 2946 novarum
2846 2875 3067 2946 cupidi,
3097 2875 3408 2945 voluptatis
3448 2877 3756 2934 sectatores,

2160 2943 2423 3016 falsaque
2453 2943 2636 3016 gloria
2670 2943 3141 3012 ineensifsacras
3171 2943 3482 3014 Scriptores
3511 2958 3751 3016 corrum-

2160 3021 2307 3088 punt
2331 3011 2396 3071 'et
2425 3014 2780 3088 adulterant.
2813 3011 2979 3073 Tales
3008 3019 3238 3073 fuerunt
3283 3011 3529 3079 Marcion,
3562 3011 3746 3088 Prodi-

2158 3085 2287 3152 cus,
2321 3092 2376 3143 et
2404 3086 2501 3158 alii
2535 3085 2781 3157 similes,
2805 3105 2938 3144 cum
2972 3090 3186 3158 quibus
3212 3089 3350 3143 bene
3377 3092 3553 3141 actum
3583 3086 3744 3158 esset,

2159 3160 2208 3214 si
2239 3176 2307 3232 ea
2357 3157 2506 3213 scire
2542 3155 2894 3230 potuissent,
2928 3155 3056 3231 quas
3090 3161 3252 3232 prius
3283 3160 3477 3214 tradita
3501 3160 3667 3232 erant
3686 3155 3752 3205 “.

2158 3229 2332 3302 Solus
2363 3246 2499 3302 ergo
2533 3228 2559 3279 «ἱ
2592 3232 2892 3302 gnosticus
2917 3228 3035 3286 »'in
3069 3228 3214 3302 ipsis
3251 3228 3548 3302 Scripturis
3570 3240 3760 3302 conse-

2161 3301 2309 3369 nuit,
2345 3301 2443 3372 qui
2503 3298 2697 3356 verbis
2745 3307 2798 3356 et
2833 3303 2998 3358 factis
3029 3298 3396 3358 traditionem
3445 3298 3656 3372 Domini
3684 3312 3766 3351 se-

2161 3371 2385 3446 quitur,
2419 3377 2484 3446 et
2507 3373 2959 3446 quasiniisdem
2995 3377 3204 3446 quaerit
3223 3373 3527 3446 Scripturis
3552 3371 3774 3425 demon-

2159 3444 2440 3499 trationes
2473 3444 2714 3499 invenit.

2233 3516 2394 3582 Quod
2423 3515 2470 3569 si
2491 3516 2645 3589 quis
2689 3515 2968 3589 objecerit
3001 3516 3422 3587 cognitionem,
3467 3516 3669 3589 γνῶσιν,
3709 3513 3783 3589 _ut

2158 3581 2466 3662 ξφνίρῑυνιιΔ
2491 3581 2821 3662 loquitur'«
2855 3581 3099 3662 inﬂare,
3126 3611 3150 3662 ξ)
3201 3581 3783 3662 cucmﬁv_,_'respondet

2159 3657 2425 3713 Clemens
2455 3658 2562 3713 hoc
2594 3658 2767 3712 verbo
2821 3658 3140 3728 signiﬁcari
3180 3657 3550 3729 (magniﬁce
3579 3662 3630 3729 et
3665 3669 3783 3708 vere

2160 3729 2375 3785 sentire
2406 3729 2450 3762 ³³
2507 3752 2532 3777 ››
2567 3734 2641 3785 Et
2673 3730 2726 3783 id
2758 3727 2992 3799 quidem
3029 3731 3159 3785 aliis
3181 3727 3649 3801 Scrip’turzelocis
3677 3732 3782 3801 sta:

2163 3801 2394 3873 bilitum
2426 3816 2555 3855 esse
2607 3801 2990 3858 demonstrat.
3027 3803 3165 3856 Cum
3229 3800 3364 3873 ergo
3398 3801 3695 3872 magniﬁca
3716 3800 3785 3873 bet

2159 3889 2295 3926 vera
2327 3871 2401 3924 sit
2434 3889 2609 3926 sacra!
2643 3873 2955 3943 Scriptura:
2989 3873 3256 3943 cognitio,
3291 3868 3652 3928 nulluscerte
3677 3868 3784 3922 ulla

2163 3959 2428 4014 unquam
2471 3945 2542 3997 de
2572 3960 2750 3999 causa
2781 3961 2969 4013 neque
3003 3945 3156 4000 illam
3193 3946 3516 4016 depravare
3554 3950 3642 4016 aut
3675 3957 3784 3995 cor-

2161 4031 2456 4100 rumpere,
2503 4016 3068 4100 nequeneupiditati
3139 4015 3300 4100 ναξ]εὲ
3357 4015 3784 4100 glorise-inser-

2160 4086 2390 4154 viendo,
2425 4084 2878 4142 eceleSiasticam
2910 4087 3170 4158 regulam
3207 4084 3385 4143 furari
3431 4087 3620 4143 debet.
3650 4084 3784 4146 Qua-

2161 4161 2397 4228 propter
2429 4174 2533 4212 nec
2561 4158 2818 4212 haeretici
2849 4158 3099 4228 hujusce
3130 4159 3398 4214 criminis
3430 4158 3666 4220 conscii,
3697 4168 3786 4208 nec

2161 4228 2258 4284 alii
2286 4231 2355 4283 ab
2383 4228 2456 4282 iis
2481 4229 2727 4298 decepti,
2759 4229 2815 4282 in
2861 4245 3106 4298 regnum
3162 4231 3466 4286 intrabunt
3509 4229 3786 4298 calorum.

2162 4300 2284 4354 Non
2320 4299 2475 4354 enim
2511 4297 2726 4354 habent
2749 4297 2943 4355 veram
2979 4301 3294 4357 Dominica:
3326 4301 3661 4358 traditionis
3689 4297 3786 4352 cla-

2161 4372 2302 4444 vim,
2336 4372 2436 4424 sed
2492 4372 3074 4444 quamdamrfalsam,
3111 4391 3248 4444 qua,
3309 4374 3504 4428 exciso
3547 4369 3789 4444 Ecclesiae

2166 4441 2314 4498 ostio
2347 4447 2404 4496 et
2454 4440 2712 4512 perfosso
2774 4443 2932 4499 illius
2965 4440 3154 4512 muro,
3203 4445 3470 4501 veritatis
3523 4440 3789 4501 cancellos

2168 4513 2702 4583 transgrediuntur.

2240 4585 2384 4639 Ilinc
2414 4585 2678 4640 Clemens
2705 4587 2908 4655 probat
2929 4603 3133 4641 omnes
3155 4586 3288 4641 illos
3314 4586 3618 4642 hazreticos
3633 4583 3793 4639 fuisse

2167 4674 2300 4710 vera
2333 4657 2502 4726 longe
2560 4657 2908 4711 recentiores
2940 4658 3222 4727 Ecclesia,
3257 4676 3378 4726 ques
3411 4663 3467 4712 et
3528 4655 3792 4714 catholica

2167 4735 2222 4782 et
2255 4727 2607 4783 universalis
2638 4744 2765 4782 esse
2824 4729 3016 4797 debet,
3051 4735 3108 4784 et
3134 4747 3252 4784 una
3282 4734 3513 4783 tantum
3551 4744 3673 4784 esse
3702 4741 3790 4796 po-

2168 4803 2300 4873 test.
2323 4798 2483 4854 Illius
2504 4805 2694 4854 autem
2720 4801 3041 4873 eminentia
3063 4801 3635 4873 constructionisque
3652 4797 3791 4873 prin—

2169 4869 2410 4941 cipium,
2462 4877 2668 4925 eastern
2698 4871 2895 4926 omnia
2927 4888 3237 4941 superans,
3270 4873 3492 4927 unitate
3525 4869 3790 4941 s—ua‘l’un-

2169 4937 2344 4997 datur
2372 4946 2427 4996 et
2481 4942 2949 4997 constituitur“.
3005 4937 3232 4999 Verum
3261 4944 3510 4999 haereses
3568 4962 3633 5000 ex
3685 4937 3794 4996 suis

2169 5014 2530 5076 auctoribus,
2592 5013 2756 5080 locis,
2817 5019 3010 5084 gente,
3070 5017 3466 5081 dogmatibus,
3530 5021 3630 5071 aut
3680 5025 3794 5084 per-

2167 5085 2351 5140 versis
2391 5086 2623 5161 actibus
2648 5101 2856 5161 nomen
2890 5085 3106 5161 sortitis
3139 5094 3294 5161 sunt.
3334 5086 3798 5161 Deniqueauctor

2170 5162 2369 5212 noster
2399 5157 2565 5211 docet
2596 5157 2846 5210 Mosaica
2877 5159 2949 5211 de
2982 5158 3219 5212 mundis
3249 5166 3300 5214 et
3334 5157 3662 5214 immundis
3692 5157 3797 5209 ani-

2171 5228 2426 5302 malibus
2468 5228 2593 5299 lege
2626 5227 2846 5294 ﬁdeles,
2895 5228 3130 5302 Jiudasos
3163 5231 3670 5302 atquehzereticos
3705 5225 3797 5302 de:

2171 5299 2388 5376 signari
2422 5320 2435 5364 ;
2469 5297 2875 5376 ac‘postquam
2907 5301 2978 5376 dc
3002 5301 3176 5376 modo
3209 5297 3324 5376 quo
3354 5300 3416 5355 hi
3442 5297 3794 5376 libriscripti

2169 5365 2327 5437 sunt,
2391 5365 2916 5440 eorumque-titulo
2947 5373 3200 5427 breviter
3226 5365 3533 5437 disseruit,
3589 5365 3801 5440 huic’lif

2171 5435 2323 5507 bro,'
2355 5442 2535 5514 alium
2593 5435 2790 5496 tamen
2851 5443 3042 5498 adhuc
3092 5435 3528 5514 promittendo,
3570 5435 3800 5514 imponit

2170 5513 2501 5569 coronidem
2527 5514 2589 5568 ³⁸.

2212 5658 2257 5692 2⁵
2291 5675 2323 5718 p
2375 5657 2503 5714 754.
2559 5657 2686 5709 756.
2765 5656 2808 5691 ²⁶
2840 5655 2981 5710 ibid.

3061 5657 3102 5690 ’τ
3162 5659 3392 5728 p.757.
3472 5659 3516 5694 ιε
3594 5653 3793 5726 p.758,

409 5725 531 5782 759.
567 5717 576 5726 ‘
635 5729 678 5762 ιο
709 5745 764 5797 p.
797 5726 922 5778 760.
997 5728 1043 5763 ³ο
1074 5742 1129 5794 ρ.
1161 5725 1285 5778 761.
1332 5717 1403 5762 ’δι
1439 5742 1492 5796 ρ.
1527 5726 1650 5780 762.
1728 5730 1772 5760 ω
1805 5744 1860 5798 p.
1891 5729 2015 5784 7:53.

2168 5730 2372 5800 p.764.
2449 5729 2730 5810 “p.705.
2809 5728 2853 5763 δδ
2882 5745 2940 5800 p.
2972 5728 3096 5783 766.
