4030 6202
295 260 432 316 1061

1579 265 1673 317 DE
1713 261 1948 315 LIBRIS
1984 257 2450 314 STROMATUM.

3578 265 3717 321 1062

298 386 472 440 nibus
494 385 881 458 haberentur,
915 385 1421 458 locupletissimus
1457 387 1625 443 nobis
1661 387 1828 442 testis
1858 391 1947 441 est
1976 388 2028 453 Α
2061 383 2384 458 emendari.
2419 382 2630 458 Omnes
2651 386 2848 458 tamen
2881 401 2949 440 ex
2998 385 3097 440 illo
3129 386 3388 443 diversas
3433 389 3504 443 ab
3536 391 3713 446 editis

293 457 602 526 Eusebius,
633 457 739 530 qui
765 475 863 514 eos
897 475 1002 512 suo
1035 457 1295 530 tempore
1325 461 1470 514 adeo
1497 458 1764 530 vulgatos
1794 473 1947 530 com-

297 545 625 600 munesque
655 528 847 585 fuisse
892 529 1122 595 asserit,
1157 528 1225 602 ut
1268 528 1640 602 singulorum
1674 529 1951 584 manibus

299 605 693 656 versarentur.
727 603 1094 673 Quapropter
1134 601 1232 656 ubi
1262 601 1694 673 illi’quoddam
1747 617 1949 655 eorum

299 673 692 752 fragmentum
721 672 1176 752 exhibet,_plura
1206 691 1239 728 a
1264 672 1561 752 Clemente
1594 673 1833 752 laudata
1851 687 1954 752 Ave-

299 749 490 798 terum
524 744 1202 816 auctorum‘testimonia
1231 745 1497 801 consulto
1523 743 1948 816 praetermittit:

301 837 327 862 ε(
361 816 622 878 Quorum
648 835 676 863 ››
710 813 893 869 utille
923 815 1023 880 ait,
1057 838 1083 865 «
1141 817 1314 871 verba
1371 813 1730 887 subjungere
1781 814 1952 887 plane

300 901 800 957 supervacaneum
826 887 922 950 sit,
946 902 1080 940 cum
1104 886 1684 957 ipsorumClementis
1709 886 1954 956 scripto-

304 971 434 1010 rum
469 956 661 1027 quivis
689 958 916 1027 cOpiam
951 956 1163 1012 habeat
1192 958 1256 1011 ⁸⁷.
1295 981 1322 1008 ››

377 1027 524 1090 Quid
548 1045 701 1094 vero,
726 1029 955 1098 quodet
978 1029 1101 1099 ipse
1132 1029 1400 1085 Clemens
1433 1029 1539 1084 hos
1587 1029 1767 1082 libros
1820 1042 1952 1081 cum

306 1114 444 1170 agro
478 1099 752 1170 omnibus
784 1099 984 1155 herbis
1017 1101 1186 1155 feraci
1233 1102 1534 1155 contendit
1555 1101 1620 1164 ⁸⁸,
1655 1104 1831 1170 atque
1888 1115 1956 1152 cx

304 1169 397 1242 iis,
461 1169 510 1223 si
559 1175 776 1224 attente
818 1176 875 1224 et.
924 1177 1192 1226 accurate
1242 1173 1534 1242 legantur,
1595 1169 1953 1226 uberrimam

303 1239 600 1294 fructuum
637 1246 896 1314 segetem
928 1259 1042 1314 non
1077 1243 1204 1298 sine
1253 1239 1546 1314 voluptate
1593 1243 1732 1314 meti
1784 1256 1954 1312 posse

303 1317 600 1366 asseverat
631 1312 658 1366 ‘l
687 1312 846 1376 Quod
880 1313 1117 1384 quidem
1160 1314 1275 1370 alia
1305 1312 1643 1371 earumdem
1669 1313 1953 1367 librorum

313 1397 446 1435 cum
498 1399 735 1438 nemore
767 1390 959 1454 spisso
987 1392 1043 1439 et
1075 1388 1354 1441 umbroso
1407 1385 1684 1440 instituta
1724 1387 1794 1439 ab
1827 1385 1953 1453 ipso

305 1455 748 1523 comparatione
789 1455 1112 1510 luculenter
1144 1459 1549 1512 confirmatur.
1601 1456 1682 1510 Ex
1734 1455 1841 1510 hac
1873 1455 1952 1508 si-

305 1525 543 1598 quidem
576 1526 760 1580 densa
785 1533 842 1581 et.
872 1544 1098 1598 aspera,
1135 1533 1198 1582 ut
1228 1529 1324 1584 ille
1365 1529 1465 1595 ait,
1509 1527 1656 1582 silva
1688 1544 1700 1581 :
1736 1548 1763 1576 α
1805 1529 1950 1598 Cum

301 1595 1024 1670 viviradicessumpserit,
1059 1604 1114 1652 et
1145 1599 1282 1654 alibi
1330 1599 1641 1654 inseruerit
1671 1597 1948 1670 agricola,

343 1665 616 1722 ulcbrum
651 1665 883 1723 hortum
918 1670 1148 1734 efficiet,
1184 1675 1239 1725 et
1272 1687 1480 1725 nemus
1514 1665 1893 1724 amomum".
1918 1690 1946 1717 »

351 1747 526 1792 tvero
559 1745 844 1809 quantum
886 1757 955 1794 ex
988 1741 1078 1796 his
1111 1742 1277 1796 libris
1331 1744 1587 1797 fructum
1622 1747 1680 1795 et
1725 1740 1949 1795 emolu-

301 1817 568 1884 mentum
603 1812 898 1884 percipere
928 1812 1258 1884 Christiana
1281 1830 1482 1868 omnes
1508 1812 1759 1884 possint,
1791 1811 1954 1866 lucu-

300 1879 489 1935 lenter
519 1879 840 1937 ostendunt
871 1883 1162 1954 praecipua
1183 1891 1238 1939 et
1269 1879 1524 1948 summa;
1575 1901 1704 1955 quae
1753 1885 1954 1938 adver-

306 1969 411 2025 sus
441 1969 801 2025 paganorum
843 1960 900 2008 et
935 1955 1342 2010 haereticorum
1388 1972 1635 2022 errores,
1665 1960 1838 2025 atque
1898 1955 1956 2008 in

302 2023 602 2091 religionis
670 2030 880 2079 nostrae
962 2027 1384 2091 defensionem,
1445 2044 1510 2082 ac
1577 2028 1649 2081 de
1702 2023 1958 2080 maxima

299 2094 643 2169 Christiana
671 2096 813 2169 vitae
835 2097 1188 2169 perfectione
1219 2104 1567 2169 argumenta
1596 2102 1956 2168 pertractan-

300 2170 414 2220 tur.
452 2168 676 2240 Etenim
707 2185 773 2222 ex
806 2167 896 2222 his
942 2168 1166 2239 liquido
1214 2167 1573 2240 intelligetur
1598 2167 1752 2240 iquaa
1784 2169 1959 2222 fuerit

299 2253 436 2312 vero.
465 2238 680 2312 Christi
717 2238 1208 2311 doctrina,quam
1244 2241 1370 2312 ipse
1401 2238 1667 2296 Clemens
1699 2257 1731 2293 a
1766 2241 1954 2310 proxio

301 2309 833 2382 misapostolorum
853 2309 1299 2382 successoribus
1325 2316 1644 2382 acceperat,
1660 2309 1958 2382 quamque

298 2378 390 2432 vix
423 2378 686 2461 illnsbis
736 2381 940 2461 primis
998 2378 1544 2461 Ecclesiiasaeculis
1593 2378 1956 2454 explicatius,

300 2466 476 2522 quam
503 2450 609 2522 ille
642 2450 928 2522 scriptum
963 2454 1316 2508 transmisit.

371 2521 733 2593 Deniqueiut
757 2521 961 2578 caetera
1021 2529 1346 2593 taceamus,
1398 2525 1664 2579 eamdem
1714 2525 1958 2593 hujusce

299 2592 851 2666 operi_s_utilitatem
878 2595 1087 2665 probat
1109 2592 1341 2651 summa
1373 2595 1532 2650 illius
1552 2601 1606 2650 et
1627 2592 1958 2666 omnigena,

300 2663 608 2737 quasillud
669 2663 893 2737 totum‘
923 2666 1184 2737 undique
1227 2667 1559 2722 mirandum
1615 2667 1672 2720 in
1718 2663 1956 2720 mddum

304 2735 495 2788 efﬂuit
526 2738 580 2788 et
607 2735 919 2798 redundat,
953 2735 1222 2792 doctrina
1252 2745 1308 2792 et
1338 2739 1608 2792 eruditio.
1663 2738 1792 2791 Haec
1846 2737 1959 2790 sin-

304 2805 466 2879 gulis
499 2806 623 2879 fere
647 2814 699 2879 et
733 2807 1012 2863 omnibus
1044 2811 1222 2864 micat
1252 2808 1308 2863 in
1335 2808 1598 2879 paganis,
1632 2809 1714 2879 uti
1756 2807 1842 2862 vel
1890 2825 1958 2861 ex

307 2878 435 2931 sola
469 2893 501 2931 a
535 2877 702 2931 nobis
734 2879 991 2933 exhibita
1025 2879 1186 2934 illius
1235 2877 1807 2950 analySi‘perspicue
1858 2880 1957 2934 de-

307 2952 693 3002 monstratur.

376 3021 744 3088 Quapropter
772 3018 1090 3089 scriptores
1140 3036 1272 3073 cum
1315 3019 1564 3089 antiqui,
1604 3024 1728 3074 tum
1760 3037 1957 3076 recen-

303 3088 505 3158 tiores,
537 3090 790 3144 summis
822 3088 941 3144 haec
971 3091 1244 3146 Stromala
1276 3088 1525 3146 efferunt
1556 3091 1854 3156 laudibus,
1887 3108 1952 3146 ac

305 3165 541 3231 propter
564 3161 671 3215 hoc
703 3161 990 3233 eximium
1008 3168 1064 3217 et
1093 3163 1447 3232 praecipuum
1469 3163 1782 3218 Clementis
1805 3181 1954 3233 opus

305 3229 627 3305 cognomen
663 3229 1027 3305 Στρωματεύς
1060 3229 1170 3304 ipsi
1202 3229 1545 3305 impositum
1576 3235 1755 3289 fuisse
1775 3229 1958 3290 Theo-

306 3303 570 3410 doretpos,
603 3304 1009 3374 Cassiodorus,
1043 3303 1260 3376 aliique
1282 3303 1563 3360 testatum
1600 3306 1768 3361 nobis
1812 3307 1963 3360 fece-

309 3381 443 3410 vnn}

308 3381 447 3430 runt
478 3381 540 3428 νο.

782 3498 934 3554 I38
967 3499 1368 3556 ARTICULUS
1401 3500 1496 3555 ιν.

382 3606 462 3657 De
498 3603 892 3673 manuscriptis
937 3605 1164 3673 huiusce
1215 3606 1396 3676 operis
1447 3606 1746 3676 codicibus,
1797 3611 1848 3662 et
1900 3607 1964 3662 de

576 3676 906 3746 quibusdam
937 3679 1212 3749 corruptis
1242 3679 1399 3733 illius
1423 3679 1579 3733 locis.

381 3800 588 3854 Mirum
623 3817 765 3856 sane
799 3801 1069 3860 pluribus
1110 3801 1266 3857 haud
1328 3803 1624 3858 immerito
1677 3803 1965 3860 videbitur

310 3872 749 3942 manuscriptos
808 3872 1019 3928 borum
1073 3873 1355 3929 librorum
1428 3874 1656 3930 Graecos
1714 3875 1962 3943 codices,

303 3959 559 4013 quorum
595 3959 877 3998 numerus
934 3946 1007 4000 ob
1051 3961 1346 4000 summam
1386 3962 1588 4000 eorum
1651 3946 1961 4003 utilitatem

303 4020 487 4088 atque
543 4015 934 4088 eruditionem
985 4032 1245 4072 crescere
1294 4031 1527 4088 semper
1566 4019 1834 4085 debebat,
1896 4037 1964 4074 ea

303 4086 620 4140 hominum
681 4086 1040 4158 negligentia
1083 4089 1348 4159 periisse,
1414 4086 1476 4142 ut
1507 4105 1576 4144 ex
1632 4090 1962 4146 innumeris

305 4158 737 4239 propemodum
772 4158 1389 4239 exemplaribus,_quze
1435 4161 1666 4239 Eusebii
1684 4166 1965 4239 _tempore

303 4229 370 4283 in
405 4229 693 4301 omnium,
732 4230 816 4284 uti
857 4230 1078 4285 dictum
1113 4236 1200 4286 est
1233 4229 1301 4297 9!,
1329 4235 1496 4286 erant
1541 4229 1843 4301 manibus,
1867 4233 1963 4289 vix

301 4316 465 4356 unus
495 4306 551 4354 et
585 4299 733 4355 alter
762 4301 1106 4371 reperiatur.
1143 4304 1252 4358 Sed
1288 4302 1406 4358 haec
1440 4321 1634 4359 rerum
1670 4299 1955 4364 humana-

302 4387 441 4446 rum
476 4388 603 4426 sors
633 4377 690 4427 et
720 4372 953 4446 fortuna
991 4380 1099 4446 est,
1124 4379 1189 4428 ut
1218 4391 1285 4429 ea
1329 4392 1458 4446 quae
1490 4375 1732 4432 meliora
1777 4378 1960 4446 majo-

299 4441 507 4514 risque
537 4448 672 4527 sunt
704 4443 894 4527 pretii,
923 4461 1034 4526 non
1069 4441 1479 4527 longiorifimo
1512 4464 1665 4527 saepe
1689 4441 1957 4527 breviori,

301 4530 480 4582 quam
529 4515 664 4582 alia,
712 4515 1228 4588 temporisispatio
1289 4515 1675 4587 perseverent.
1737 4523 1797 4574 In
1850 4515 1959 4573 sua

302 4603 479 4657 porro
510 4603 710 4641 eorum
743 4586 1331 4658 Clementis‘operum
1372 4589 1626 4643 editione
1675 4589 1957 4646 Hervetus

301 4658 486 4731 unius
509 4660 918 4713 tantummodo
957 4659 1302 4731 «incorrecti
1325 4681 1350 4707 ››
1383 4661 1602 4715 codicis
1635 4662 1860 4731 copiam
1895 4678 1956 4716 se

301 4727 611 4803 habuisse;
650 4731 864 4803 fatetur
894 4731 956 4784 θ’.
992 4729 1109 4803 _Nos
1154 4747 1292 4803 vero
1325 4731 1382 4785 in
1416 4730 1570 4796 aliis,
1605 4727 1719 4801 qua
1753 4732 1954 4803 potui-

301 4815 464 4873 mus,
499 4801 707 4870 majori
740 4801 1064 4873 diligentia,
1109 4802 1326 4873 ubique
1386 4803 1508 4857 sive
1566 4801 1785 4870 nostra,
1837 4803 1957 4859 sive

300 4870 563 4926 amicoru
576 4889 628 4926 m
651 4889 791 4928 cura
808 4870 1214 4945 perquirendis
1227 4870 1528 4928 codicibus
1542 4891 1775 4930 omnem
1811 4891 1958 4945 pene

302 4958 544 5012 operam
580 4944 962 5012 perdidimus.
997 4944 1188 5000 Unum
1221 4945 1380 4999 enim
1403 4946 1689 5000 duntaxat
1723 4946 1780 5000 in
1816 4944 1954 5002 Cla-

298 5019 651 5087 romontano
681 5015 927 5087 hujusce
959 5017 1124 5087 regize
1149 5016 1313 5070 urbis
1347 5016 1465 5071 RR.
1511 5016 1610 5070 PP.
1658 5017 1957 5072 societatis

300 5086 438 5157 {esu
495 5085 1055 5156 collegio'Grmcum
1117 5087 1417 5157 exemplar
1473 5087 1824 5146 invenimus.
1885 5092 1957 5144 At

298 5154 470 5229 illud,
502 5154 737 5229 summa
769 5159 1073 5225 Harduini,
1102 5154 1600 5215 doctis—omnibus
1635 5161 1953 5229 notissimi,

300 5226 675 5301 h_imanitate
719 5231 890 5285 nobis
917 5230 1385 5301 suppeditatum,
1446 5231 1664 5286 recenti
1693 5247 1866 5287 manu
1894 5226 1955 5288 in

299 5297 502 5372 charta
535 5317 856 5372 papyracea
888 5297 1272 5370 descriptum,
1296 5302 1485 5370 capite
1512 5302 1666 5357 sicut
1690 5303 1748 5357 in
1782 5304 1958 5360 editis

302 5370 748 5427 minutum’est.
783 5373 983 5427 Plures
1012 5373 1186 5429 etiam
1222 5373 1279 5427 in
1312 5389 1378 5427 eo
1411 5379 1729 5428 occurrunt
1778 5374 1954 5429 libra-

305 5441 527 5517 riorum
581 5444 1304 5517 amanuensiumherrores
1335 5448 1390 5498 et
1422 5444 1646 5515 lapsus,
1682 5445 1781 5517 qui
1832 5446 1957 5501 sine

302 5511 551 5568 aliorum
584 5515 848 5569 codicum
890 5514 1103 5570 auxilio
1135 5515 1227 5570 vix
1257 5533 1290 5571 a
1347 5511 1644 5587 quoquam
1697 5511 1959 5589 possunt

373 5619 695 5694 ξιξ-Ερεμώεἰ
750 5621 791 5694 Vl.
825 5639 861 5677 x
890 5622 1138 5694 Praepar.
1180 5639 1385 5694 evang.
1428 5639 1479 5678 c.
1506 5626 1564 5692 2,
1614 5640 1671 5694 p.

2059 452 2340 533 lectiones
2373 454 2578 533 sedulo
2601 455 2904 533 collectas,
2929 459 3145 533 publici
3169 459 3502 533 aliquando,
3527 463 3576 515 si
3612 480 3713 533 per

2060 528 2246 597 otium
2279 526 2469 594 liceat,
2498 527 2647 594 juris
2691 526 2997 597 faciemus,
3041 529 3126 583 vel
3160 526 3292 584 cum
3353 531 3425 585 iis
3483 526 3708 589 lubenti

2060 595 2257 670 animo
2315 597 2908 670 communicabimus,
2964 595 3060 670 qui
3112 617 3268 655 novae
3318 601 3526 658 horum
3585 606 3708 660 Cle-

2061 667 2276 744 mentis
2310 667 2649 744 Stromatum
2674 667 3024 744 adornandée
3049 671 3323 726 editionis
3348 676 3709 744 provinciam

2061 740 2120 793 in
2151 755 2212 792 se
2243 742 2542 810 suscipere
2564 739 2872 795 voluerint.

2129 811 2315 864 Tanta
2348 818 2544 865 autem
2596 814 2862 867 codicum
2899 811 3092 867 Graeca
3126 829 3303 868 manu
3339 821 3709 871 exaratorum

2063 885 2307 955 penuria
2364 884 2559 955 efﬁcit,
2623 890 2687 936 ut
2747 884 2916 938 multi
2953 884 3012 937 in
3047 885 3152 938 hoc
3183 902 3356 955 opera
3406 887 3554 942 fcede
3586 906 3712 943 cor-

2063 954 2241 1026 rupti,
2276 953 2648 1026 etiexplicatu
2682 955 3017 1026 dit’ticilimi,
3058 953 3270 1026 vixque
3319 961 3390 1012 ab
3453 957 3570 1012 ullo
3613 977 3710 1014 sa-

2068 1023 2290 1096 nabiles
2348 1025 2455 1096 loci
2487 1025 2818 1096 legentibus
2865 1027 3080 1096 saepius
3114 1023 3446 1084 occurrant.
3481 1030 3712 1086 Nemini

2062 1095 2258 1164 itaque
2280 1109 2384 1150 nec
2404 1095 2787 1165 injucUndum
2806 1114 2912 1151 nec
2929 1095 3170 1152 forsitan
3209 1099 3416 1154 inutile
3451 1103 3711 1156 futurum

2064 1166 2440 1242 arbitramur,
2476 1168 2526 1222 si
2557 1174 2775 1242 quanta
2807 1169 2928 1222 sint
2961 1170 3016 1222 in
3054 1171 3138 1224 eis
3169 1172 3531 1242 corrigendis
3566 1174 3717 1228 diffi-

2063 1236 2349 1313 cultatum
2385 1236 2661 1308 repagula
2694 1241 3128 1310 patefacientes,
3164 1244 3233 1296 ad
3286 1236 3572 1312 quosdam
3609 1262 3709 1313 pro

2063 1308 2213 1361 virili
2291 1313 2454 1378 parte
2509 1308 2710 1364 nostra
2770 1313 3171 1366 emendandos
3229 1308 3330 1368 aut
3373 1308 3714 1371 enodandos

2063 1379 2510 1454 ag_grediamur._
2536 1381 2761 1454 Primus
2795 1384 2993 1453 itaque
3014 1399 3080 1436 ex
3105 1383 3216 1449 his,
3243 1384 3339 1454 qui
3385 1386 3554 1454 nobis
3584 1401 3712 1442 sese

2063 1451 2590 1542 oti‘ertnlocus‘his
2651 1451 3000 1542 exprim’itpr
3030 1454 3224 1539 verbis
3254 1451 3274 1508 ἕ
3303 1455 3454 1542 Ἐπεξ
3515 1453 3572 1508 δὲ
3616 1457 3710 1542 ’μὴ

2067 1521 2206 1591 μόνη
2242 1522 2276 1588 ἡ
2310 1518 2605 1599 πιαρᾴδοσις
2664 1518 2753 1576 καιῖ
2815 1521 3105 1599 πᾴνδημρς
3158 1529 3238 1596 τῷ
3286 1546 3348 1599 γε
3404 1518 3712 1599 αἰσθομὲζρῴ

2059 1588 2161 1670 ’ἑῆς
2199 1588 2752 1670 μεγαλέξότητρς-τοῦ
2795 1588 3022 1670 ’ΛόγουΠ-
3057 1588 3434 1670 ἔζτεινφύπῖιεέογΔ
3459 1588 3578 1670 ρῦπί
3607 1588 3708 1668 τήῆ

2059 1661 2148 1743 sv“
2195 1661 2478 1737 μυὰτηρίῳ
2519 1661 2525 1662 ί
2563 1661 2910 1736 λαλουμένηξι
2986 1661 3200 1743 accpiet»);
3255 1670 3320 1737 ἣν
3385 1665 3620 1740 ἐδίδαξεν
3665 1661 3708 1724 ’ὁ

2065 1733 2499 1812 manasseas,
2531 1759 2557 1786 «
2593 1733 2876 1812 Quoniam
2910 1733 3106 1794 autem
3139 1733 3252 1794 non
3279 1733 3429 1796 'sola
3468 1733 3708 1812 traditio

2064 1812 2153 1861 est
2184 1807 2416 1882 publica
2446 1808 2517 1875 ei,
2552 1810 2649 1880 qui
2675 1811 2860 1882 sensit
2884 1813 3168 1866 sermonis
3184 1807 3708 1882 magniﬁcentiam,

2064 1879 2536 1956 occultanda-est
2558 1881 2870 1956 sapientia,
2905 1898 3030 1956 quas
3074 1884 3228 1936 dicta
3280 1879 3367 1937 Est
3402 1885 3458 1938 in
3493 1879 3710 1956 myste;

2064 1949 2172 2016 rio,
2197 1967 2370 2020 quam
2406 1951 2604 2005 docuit
2635 1949 2819 2006 Pilius
2855 1949 2946 2006 Dei
2991 1953 3052 2006 93.
3089 1975 3115 2002 ››
3148 1959 3320 2008 Putat
3340 1949 3710 2012 autem'ﬂer-

2064 2027 2230 2098 vetus
2265 2021 2398 2076 huic
2417 2023 2819 2098 Cresco‘textui
2848 2022 3069 2094 aliquid
3116 2026 3343 2098 deesse,
3375 2032 3549 2097 atque
3582 2033 3712 2098 post

2064 2093 2311 2146 verbum
2349 2114 2376 2141 «
2407 2093 2903 2163 magniﬁcentiam
2942 2093 2968 2143 )i
3002 2112 3129 2150 esse
3168 2093 3499 2153 addendum
3525 2093 3710 2155 :ic'sed

2067 2163 2246 2240 etiam
2284 2164 2606 2240 mysticam)
2645 2165 2714 2240 Et
2756 2181 2815 2219 re
2848 2166 3085 2240 quidem
3131 2167 3260 2236 ipsa
3313 2169 3433 2222 haec
3480 2170 3712 2240 phrasis

2069 2233 2257 2289 hiulca
2288 2233 2360 2289 ac
2392 2234 2596 2289 mutila
2625 2233 2879 2291 videtur:
2909 2237 3064 2290 Nihil
3097 2233 3291 2292 tamen
3325 2233 3563 2294 aliud-in
3587 2258 3713 2296 ma-

2071 2305 2597 2383 nuscriptonostro
2620 2308 2837 2383 codice,
2871 2324 3047 2383 qnam
3072 2309 3129 2362 in
3155 2310 3407 2383 editione
3434 2311 3706 2383 legimus.

2065 2380 2137 2430 At
2162 2377 2338 2431 etiam
2369 2377 2448 2430 ibi
2481 2377 2702 2448 aliquid
2745 2378 3117 2435 librariorum
3174 2377 3712 2439 uscitantiavomis-

2067 2464 2197 2524 sum
2233 2448 2425 2514 fuerit,
2459 2448 2817 2524 de__ill_o_ru_m
2851 2455 3060 2524 tamen
3103 2450 3328 2524 incuria
3376 2471 3581 2524 parum
3615 2456 3714 2510 de-

2065 2519 2275 2592 bemus
2306 2536 2434 2574 esse
2467 2519 2719 2574 solliciti.
2753 2521 2926 2576 Nulla
2966 2521 3260 2592 siquidem
3313 2519 3462 2579 facta
3519 2532 3713 2582 textus

2067 2591 2412 2655 mulatione,
2450 2607 2615 2646 mens
2660 2593 2915 2646 auctoris
2973 2591 3154 2648 nostri
3214 2594 3380 2649 facile
3439 2599 3714 2652 omnibus

2067 2667 2242 2731 patet,
2277 2665 2332 2715 et
2367 2661 2458 2715 hic
2487 2679 2597 2716 non
2635 2663 2804 2732 plane
2827 2665 3113 2718 obscurus
3141 2665 3369 2719 videtur
3396 2666 3558 2722 illius
3581 2685 3715 2724 sen-

2065 2748 2168 2786 sus
2203 2749 2214 2786 :
2251 2732 2474 2803 Duplex
2506 2739 2593 2788 est
2625 2734 2909 2803 sapientia
2943 2752 3040 2789 seu
3074 2735 3416 2792 Christianae
3456 2739 3718 2794 veritatis

2065 2803 2304 2878 traditio
2342 2820 2360 2878 :_
2406 2821 2522 2878 una
2565 2805 2804 2878 quidem
2853 2806 3086 2878 publica
3135 2807 3222 2878 ei,
3275 2809 3375 2878 qui
3429 2811 3719 2865 sermonis

2065 2878 2206 2944 puta
2252 2874 2453 2948 divini,
2485 2877 2692 2948 sensit
2749 2874 3242 2948 magnificentiam
3270 2874 3308 2946 ;”
3337 2879 3519 2936 altera
3563 2899 3718 2948 vero,

2067 2961 2240 3020 quam
2275 2945 2452 3020 Filius
2484 2947 2578 3001 Dei
2611 2947 2828 3020 docuit,
2851 2945 2918 3002 in
2949 2948 3222 3020 mysterio
3251 2945 3488 3009 tradita.
3515 2958 3572 3006 et
3593 2945 3720 3008 om;

2066 3015 2443 3095 nibusplane
2473 3018 2846 3095 occultanda,
2883 3015 3031 3073 nulli
3063 3037 3325 3095 unquam
3358 3022 3720 3095 divulganda

2065 3091 2180 3163 est,
2209 3088 2316 3143 nisi
2351 3089 2436 3163 illi
2477 3089 2606 3155 soli,
2638 3091 2736 3160 qui
2787 3107 2901 3144 non
2925 3088 3181 3163 tantum
3232 3088 3720 3163 linguamfsicut

2072 3160 2275 3236 Isaias,
2309 3161 2414 3236 sed
2466 3166 2639 3236 artes
2671 3163 2844 3216 etiam
2889 3161 2959 3215 ab
2992 3163 3151 3216 omni
3202 3160 3344 3217 vitii'
3379 3160 3508 3218 labe
3537 3182 3717 3236 puras

2075 3235 2380 3298 castasque
2403 3231 2690 3286 habuerit.

2143 3301 2340 3370 Neque
2372 3302 2546 3357 etiam
2584 3303 2768 3357 facilis
2797 3303 3038 3357 Herveto
3067 3302 3195 3357 visa
3222 3308 3311 3357 est
3343 3303 3659 3362 citarorum
3690 3325 3723 3362 a

2070 3370 2364 3444 Clemente
2389 3378 2590 3428 nostro
2623 3374 2830 3428 horum
2858 3373 3156 3444 Euripidis
3179 3375 3507 3431 carminum
3527 3392 3723 3433 emen-

2073 3442 2230 3496 datio
2267 3458 2278 3494 :

2143 3513 2215 3565 Οὐ
2251 3507 2422 3566 δεῖται
2457 3513 2557 3589 γᾲρ
2591 3513 2618 3589 ῥ
2651 3514 2812 3589 Osce,
2837 3511 2986 3589 EZ'FFP
3020 3508 3126 3568 ἔστ’
3162 3513 3339 3589 ᾆρβῶς
3369 3516 3519 3589 θεὸς,

2149 3626 2160 3638 .
2198 3626 2211 3638 .
2257 3625 2268 3637 .
2306 3625 2318 3638 .
2353 3625 2365 3638 .
2402 3628 2413 3640 .
2448 3581 2692 3637 .’ἁὸιδῶν
2727 3582 2848 3638 οἷ’δε
2879 3581 3136 3660 δ’ἷιάζεηνοι
3168 3581 3328 3660 λ’όγοι
3353 3589 3413 3640 ⁹⁴.

2146 3658 2205 3710 In
2240 3658 2368 3710 su's
2395 3658 2607 3712 etenim
2643 3659 2708 3711 art
2758 3657 2908 3712 hunc
2931 3656 3467 3716 Clementis'locum
3518 3663 3719 3717 obser—

2073 3727 2402 3802 vationibus
2435 3727 2543 3802 sibi
2565 3728 2840 3802 subolere
2871 3729 3014 3784 dicit
3041 3735 3170 3802 post
3201 3731 3457 3802 primum
3483 3749 3715 3789 carmen

2071 3796 2324 3867 aliquem
2358 3815 2486 3854 esse
2518 3800 2787 3885 hiatum“:
2818 3801 2916 3885 sed
2954 3796 3216 3885 quidibi‘
3256 3803 3510 3885 deﬁciat,
3564 3805 3715 3885 divi-

2082 3887 2220 3925 nare
2251 3887 2314 3944 se
2355 3888 2467 3944 non
2506 3889 2695 3944 posse.
2731 3873 2808 3926 Ex
2854 3871 3142 3944 Euripidis
3191 3879 3385 3929 tamen
3437 3876 3719 3937 tragmdia

2073 3957 2201 4012 quae
2237 3943 2491 3997 Hercules
2520 3943 2715 4015 furens
2746 3944 3108 4010 inscribitur,
3161 3945 3306 3999 illud
3350 3946 3499 4000 scirc
3549 3947 3718 4002 facile

2074 4019 2323 4085 poterat,
2357 4016 2401 4068 si
2438 4015 2506 4068 ad
2552 4032 2674 4069 eam
2701 4032 2801 4085 pro
2846 4015 3034 4070 officio
3069 4032 3173 4070 suo
3207 4017 3368 4071 adire
3419 4017 3715 4073 voluisset.

2071 4083 2441 4158 Duoquippe
2473 4085 2569 4158 illa
2600 4083 2862 4141 carmina
2893 4086 3114 4142 sublato
3137 4087 3211 4141 ab
3236 4087 3400 4142 initio
3427 4089 3598 4158 primi
3623 4091 3720 4144 ad-

2069 4156 2265 4230 verbio
2289 4154 2382 4230 Δοὐξ
2415 4160 2471 4210 et
2502 4157 2559 4210 in
2593 4158 2836 4230 secundi
2868 4158 3152 4229 principio
3185 4154 3588 4230 adjecta-voce
3619 4160 3714 4214 οὐ-

2071 4222 2224 4286 δενὸς
2254 4227 2338 4282 sic
2372 4228 2597 4299 integra
2629 4222 2920 4284 habentur
2949 4231 2992 4264 ⁹⁵
3025 4246 3037 4284 :

2143 4298 2473 4371 Asnaum.
2503 4298 2569 4371 ἶ-.
2608 4341 2618 4352 .
2657 4341 2670 4354 .
2708 4339 2721 4353 .
2760 4342 2772 4354 .

2144 4365 2378 4429 Οὐδενόξ
2424 4365 2659 4424 ἀοιδῶν.
2699 4413 2711 4425 .
2749 4411 2762 4425 .
2800 4412 2813 4426 .
2847 4413 2859 4424 .
2897 4411 2908 4425 .
2943 4412 2954 4424 .

2070 4457 2318 4510 quorum
2352 4441 2473 4497 hanc
2504 4449 2592 4497 est
2616 4442 2820 4497 Latina
2861 4443 3299 4513 interpretatio:

2141 4517 2283 4586 Nam
2313 4515 2472 4580 Deus,
2498 4516 2594 4584 qui
2614 4513 2834 4586 quidem
2865 4529 3051 4569 revera
3083 4515 3220 4568 Deus
3249 4515 3345 4578 sit,
3375 4516 3585 4586 indiget

2139 4583 2377 4657 Nullius.
2407 4583 2699 4640 Poetarum
2729 4585 2812 4640 ἡκ
2841 4587 3062 4641 miserae
3091 4587 3298 4657 fabulae
3325 4595 3470 4642 sunt.

2135 4656 2470 4712 Theodorus
2502 4661 2698 4712 autem
2729 4657 3017 4712 Canterus
3042 4657 3261 4712 frustra
3291 4660 3574 4714 medicam
3595 4676 3716 4715 ma-

2068 4743 2207 4802 num
2241 4729 2519 4782 adhibere
2541 4728 2725 4802 voluit
2743 4727 2874 4802 aliis
2916 4729 3273 4802 quibusdam
3337 4731 3652 4802 descriptis
3684 4749 3718 4786 a

2066 4797 2365 4854 Clemente
2423 4805 2622 4855 nostro
2697 4797 2950 4854 Pindari
3017 4801 3378 4856 carminibus
3440 4819 3450 4857 :
3507 4797 3562 4854 2;,
3625 4801 3715 4854 ἀν-

2068 4864 2209 4940 δρῶν
2242 4870 2307 4936 ³⁸,
2339 4871 2606 4927 etc.Nam
2631 4870 2728 4925 ille
2761 4887 2872 4925 non
2909 4871 3053 4926 satis
3085 4874 3574 4929 animadverterat
3595 4874 3717 4928 haec

2071 4942 2140 4994 ab
2169 4941 2419 4998 Eusebio
2445 4959 2556 4997 non
2601 4942 2792 4998 solum
2844 4944 3045 4998 eodem
3080 4945 3254 4999 modo
3276 4953 3449 5013 atque
3505 4945 3564 5000 in
3613 4963 3716 5000 no-

2069 5021 2190 5070 stra
2223 5014 2420 5086 referri
2475 5013 2971 5069 Clementinorum
3005 5031 3245 5086 operum
3279 5016 3572 5084 editione;
3621 5033 3717 5072 ve-

2068 5103 2200 5143 rum
2260 5085 2433 5139 etiam
2463 5087 2720 5156 eaiapud
2756 5085 3059 5141 eumdem’
3089 5086 3403 5144 Eusebium
3459 5088 3515 5142 in
3549 5088 3719 5143 metri

2069 5159 2319 5215 formam
2345 5157 2496 5229 quod
2536 5155 2593 5209 in
2613 5155 2934 5212 Clementis
2956 5157 3207 5212 editione
3225 5159 3438 5213 factum
3465 5176 3581 5215 non
3611 5165 3720 5229 est,

2067 5230 2150 5286 ita
2183 5227 2499 5287 transcribi
2537 5243 2550 5283 :

2139 5301 2238 5356 ‘Ev
2271 5295 2505 5370 ἀνδρῷν,
2537 5294 2591 5350 's'v
2627 5297 2761 5370 θεῶν
2795 5296 2974 5370 γένος,

2139 5375 2233 5426 Ἐκ
2268 5366 2395 5440 μεᾶξ
2429 5366 2485 5422 δὲ
2523 5369 2726 5441 ματρὸς
2747 5366 2980 5445 πῆἑομεν
3005 5366 3192 5445 ἄμφω.

2147 5448 2345 5500 Virum
2375 5459 2548 5496 unum
2574 5446 2651 5495 est
2681 5457 2744 5495 ac
2772 5443 2930 5496 deum
2959 5443 3146 5511 genus,

2137 5517 2308 5573 Matre
2338 5513 2607 5583 spiritum
2637 5513 2795 5568 ambo
2826 5514 3112 5569 hausimus
3137 5515 3202 5569 ab
3235 5531 3348 5569 una
3379 5517 3442 5571 ⁸⁷.

1728 5626 1852 5680 462.
1901 5625 1944 5659 σε

2071 5640 2207 5695 rom.
2254 5622 2294 5678 l.
2344 5639 2422 5695 iv,
2479 5637 2540 5695 _p.
2574 5621 2860 5695 476L477.
2909 5621 3216 5695 In{_Strom.
3269 5622 3306 5695 l.
3342 5641 3437 5686 vn,
3484 5642 3538 5695 p.
3589 5629 3717 5682 767.

304 5689 350 5768 ξίξ
378 5690 624 5768 'I_‘_heod.,
657 5693 838 5768 Epist.
875 5695 943 5748 ad
975 5687 1156 5768 libros
1187 5687 1642 5768 haarfifabulfet
1681 5695 1720 5749 l.
1753 5714 1790 5763 ι,
1822 5713 1870 5750 c.
1905 5697 1976 5765 8;
2011 5690 2294 5768 Cassiod,
2342 5687 2422 5746 De
2469 5687 2662 5768 ineptit.
2688 5687 2891 5768 ldivin.
2943 5691 3140 5768 litter..
3177 5711 3204 5748 c
3340 5695 3380 5730 ⁹¹
3416 5687 3521 5751 art.
3587 5716 3718 5768 sup.

305 5761 630 5836 ξῗ-Ηθιινθιε
667 5761 730 5836 in
792 5781 901 5820 sua
949 5764 1088 5819 edit.
1122 5779 1232 5836 an.
1299 5766 1457 5831 1590,
1511 5785 1565 5836 p.
1629 5761 1926 5833 353,374.

2007 5767 2051 5801 ιδ
2111 5766 2211 5822 lib.
2268 5783 2308 5834 ι,
2359 5781 2412 5834 ρ.
2460 5763 2586 5818 297.

2663 5763 2782 5816 941.
2839 5781 2891 5830 v,
2945 5781 3001 5838 p.
3045 5766 3168 5821 584.
3248 5766 3292 5802 ’⁵
3321 5783 3502 5824 carm.
3554 5763 3716 5824 1345.

305 5832 408 5890 9"l.
443 5851 496 5904 ν,
531 5852 588 5908 p.
620 5835 745 5892 598.
778 5837 821 5873 ’7
852 5836 1086 5909 Euseb.,
1119 5835 1160 5894 l.
1192 5855 1296 5894 xm
1323 5832 1574 5912 Praepar.
1615 5832 1844 5914 evang,
1878 5855 1929 5898 c.
1955 5839 2043 5910 13,
2077 5855 2134 5911 p.
2166 5837 2292 5893 675.
