4030 6202
361 183 497 240 1073

1621 188 1716 242 DE
1749 187 1986 243 LIBRIS
2023 187 2494 244 STROMATUM.

3629 184 3767 242 1074

357 334 386 362 ‹‹
419 311 637 368 Christi
689 328 924 384 quoque
978 311 1320 379 familiares,
1354 312 1571 383 inquit,
1617 313 1718 384 qui
1765 314 2008 368 verbum
2041 314 2095 380 Α
2125 313 2317 368 cordis
2349 313 2573 368 homini
2607 314 2821 370 mirum
2871 315 3164 372 videbitur
3211 314 3362 372 hanc
3411 313 3763 370 sententiam

359 383 843 455 praedicaverunt,
869 391 1176 454 postquam
1209 385 1335 453 ipse
1367 385 1615 440 excessit
1636 383 1694 439 7e
1741 385 1883 450 vita,
1920 383 2010 439 usi

358 454 497 536 sunt
530 454 904 536 parabolis._»
927 455 1072 536 Quid
1100 460 1295 536 autem
1313 455 1402 536 sit,
1420 455 1711 536 parabole,
1737 459 2008 536 aenigma,

358 533 588 595 tropus,
612 532 668 581 et
697 527 824 581 alia
857 526 914 598 in
945 526 1266 598 Scripturis
1297 526 1620 582 dictionum
1657 528 2010 598 ﬁgura,ipse

360 599 736 667 postmodum
768 597 1017 668 explicat
1047 599 1108 650 ‘7.
1141 597 1222 652 De
1250 599 1342 652 his
1389 615 1560 669 porro
1611 600 1851 653 consule
1901 597 2007 652 au-

359 675 580 724 ctorem
613 670 1174 724 commentariorum
1202 669 1256 722 in
1291 675 1467 738 caput
1494 686 1513 724 1
1546 669 1816 724 Proverb.
1852 670 2029 738 apud'

360 741 802 810 Hieronymum,
832 740 970 795 item
1029 739 1440 796 Cassiodorum
1490 739 1592 795 lib.
1626 743 1699 794 De
1745 742 2004 796 sehemal.

360 820 412 867 et
445 815 611 880 Irop.,
645 827 777 882 pag,
809 812 936 879 620,
980 816 1156 880 atque
1213 812 1391 866 etiam
1449 812 1872 881 Augustinum,
1907 811 2007 881 qui

361 881 665 955 troporum
699 881 1002 955 scientiam
1025 884 1094 937 ad
1123 882 1536 954 intelligendas
1569 883 1900 955 Scripturas
1925 885 2007 936 di-

363 954 443 1008 cit
471 970 600 1008 esse
629 955 833 1007 utilem
856 953 920 1008 ‘3.

434 1031 763 1092 Antequam
784 1024 919 1078 huic
943 1023 1014 1077 de
1035 1022 1312 1078 omnibus
1327 1025 1650 1094 generatim
1686 1024 2004 1089 Scriptura

364 1110 543 1149 sacra
572 1094 738 1149 libris
770 1094 1026 1149 sermoni
1077 1097 1252 1149 linem
1307 1097 1702 1163 imponamus,
1737 1097 2003 1150 animad-

362 1167 704 1236 vertendum
727 1171 814 1220 est
835 1165 1122 1236 explicatu
1143 1166 1556 1222 difﬁcillimum
1580 1183 1708 1222 esse
1730 1167 1868 1236 quid
1893 1166 2006 1221 sibi

364 1235 633 1308 Clemens
653 1236 809 1308 velit,
832 1235 964 1290 cum
989 1237 1228 1308 scripsit
1257 1244 1506 1308 quatuor
1532 1237 2006 1308 Jerosolymitani

362 1305 563 1380 templi
596 1304 904 1380 columnas
933 1323 1062 1380 esse
1092 1304 1249 1380 ἁγίας
1272 1304 1526 1379 ’μήνομα
1583 1304 1839 1380 τετράδος
1891 1305 2006 1362 δια-

362 1377 546 1441 θηκῶν
573 1375 842 1433 παλαιῶν.
877 1402 906 1429 (ι
931 1375 1175 1448 Signum
1201 1375 1413 1434 sancta
1437 1375 1843 1449 quaternionis
1859 1385 2009 1436 vete-

363 1465 496 1503 rum
527 1453 1007 1522 testamentorum
1027 1450 1090 1505 ‘9.
1116 1473 1145 1500 ››
1169 1451 1318 1515 Quid
1341 1452 1496 1506 enim
1523 1452 1644 1506 hac
1675 1469 1703 1506 s
1731 1453 2010 1522 gnilicent

366 1536 429 1575 se
461 1536 576 1593 non
611 1520 928 1593 intelligere
965 1523 1240 1576 llervetus
1273 1522 1461 1592 palam
1498 1520 1819 1593 proﬁtetur.
1855 1531 1930 1578 At
1959 1521 2008 1576 si

364 1591 721 1664 conjecturis
743 1591 1047 1664 indulgere
1066 1593 1257 1657 liceat,
1274 1591 1310 1648 a
1327 1609 1459 1648 vero
1483 1591 1596 1648 non
1623 1611 1861 1664 prorsus
1876 1594 2008 1649 alie-

2123 385 2195 439 ab
2218 384 2618 440 eruditissimo
2651 396 2884 442 auctore
2919 395 3118 443 nostro
3148 386 3620 443 constantissime
3639 401 3764 456 pro-

2120 457 2394 536 pugnari,
2418 473 2602 536 quam
2637 459 2832 513 divina
2862 459 3012 513 sacri
3046 460 3350 536 utriusque
3403 455 3759 514 Testamenti

2120 531 2489 600 auctoritate,
2521 546 2586 582 ac
2621 537 2896 600 perpetua
2946 541 3001 585 et
3045 531 3373 585 certissima
3420 535 3758 585 sanctorum

2120 598 2355 671 Patrum
2407 598 2741 667 traditiOne,
2775 607 2948 670 atque
2995 601 3118 670 ipso
3168 602 3342 656 etiam
3398 616 3758 671 paganorum

2119 669 2470 743 scriptorum
2492 671 2838 743 _testimonio
2859 669 3147 727 asseclam
3169 678 3223 726 et
3249 669 3569 743 probatam,
3592 670 3761 743 pauci

2117 747 2346 814 tantum
2369 741 2609 814 quidam
2639 745 2985 800 recentiores
3008 741 3334 798 incredibili
3356 760 3499 814 pene
3519 741 3762 797 audacia

2119 811 2452 882 improbare
2481 813 2608 868 ausi
2640 821 2799 868 sunt.

2188 901 2488 954 Addamus
2521 909 2741 969 tamen,
2775 902 2822 956 si
2855 902 3022 969 velis,
3056 901 3296 956 stultam
3361 900 3521 954 illam
3574 898 3760 954 insul-

2117 986 2315 1024 sorum
2349 972 2652 1026 hominum
2690 973 3067 1042 pertinaciam
3094 974 3185 1027 his
3204 972 3395 1027 adhuc
3425 972 3760 1042 expressius

2117 1042 2298 1114 rel'elli
2326 1042 2642 1097 Clementis
2666 1046 2856 1098 verbis
2882 1062 2894 1098 :
2921 1066 2949 1092 «
2975 1047 3225 1098 Mosaica
3247 1044 3481 1114 quidem
3511 1042 3762 1112 philosoo

2121 1113 2256 1182 phia
2287 1114 2712 1184 quadripertito
2757 1115 3061 1178 dividitur,
3093 1123 3149 1170 et
3179 1116 3236 1169 in
3266 1113 3485 1185 partem
3519 1115 3760 1169 histori-

2118 1201 2267 1257 cam,
2300 1190 2357 1239 et
2392 1200 2531 1257 eam,
2575 1202 2704 1254 qua
2763 1187 2992 1257 pr0pris
3021 1195 3262 1242 vocatur
3316 1185 3598 1254 legitima,
3631 1201 3762 1252 qua

2118 1256 2357 1324 quidem
2392 1256 2603 1310 fuerint
2634 1256 2882 1327 propria
2908 1273 3136 1312 morum
3167 1257 3534 1311 tractationis
3567 1276 3580 1322 ;
3642 1263 3758 1310 ter-

2118 1328 2260 1399 tiam
2287 1331 2482 1380 autem
2505 1344 2657 1392 eam,
2683 1345 2809 1398 qua
2843 1328 3092 1399 pertinet
3142 1329 3213 1382 ad
3263 1327 3568 1390 sacrificia,
3602 1327 3756 1395 quod

2117 1397 2356 1467 quidem
2388 1404 2477 1452 est
2507 1397 2726 1453 natura
2753 1397 3265 1470 contemplationis
3299 1416 3313 1466 ;
3363 1405 3421 1452 et
3466 1406 3758 1470 postremo

2117 1473 2402 1540 quartam,
2444 1470 2698 1538 speciem
2755 1470 3162 1540 theologicam,
3194 1486 3320 1540 qua
3365 1474 3456 1540 est
3502 1485 3758 1532 superna

2120 1538 2529 1610 contemplatio
2550 1541 2612 1594 ⁸⁵.
2641 1563 2668 1590 ››
2701 1548 2774 1595 At
2795 1538 3009 1611 quibus
3039 1542 3162 1596 hac
3194 1538 3446 1611 reperies
3478 1540 3534 1593 in
3569 1540 3756 1611 libris,

2122 1611 2234 1665 nisi
2268 1611 2321 1663 in
2358 1611 2553 1683 iisqui
2597 1610 2823 1683 Moysis’
2856 1614 3091 1668 nomine
3146 1610 3431 1666 hactenus
3489 1610 3756 1683 inscripti

366 1678 506 1754 2913
526 1662 1686 1754 satiasset!alariusFP?gementem
1713 1668 2012 1754 esis
2040 1680 2085 1744 B
2119 1662 3440 1754 iamne,»‘sua'a'aaqaéraaaa"éaeaé
3489 1662 3756 1736 είδέεεοέ

367 1733 501 1787 dam
525 1733 1146 1804 respexisselibrorum
1167 1736 1392 1790 Veteris
1409 1736 1575 1790 Testa
1587 1739 1764 1791 menti
1780 1733 2009 1791 divisio-

368 1819 657 1878 nem,qua
674 1822 772 1878 eos
786 1806 1023 1876 quidam
1047 1807 1370 1876 quatuorin
1388 1813 1601 1876 partes,
1622 1810 1828 1876 putain
1852 1809 2010 1878 lega-

367 1873 474 1949 les,
488 1873 821 1949 historicos,
843 1873 1221 1946 parans-tiens
1235 1882 1292 1931 et
1310 1873 1699 1947 propheticos,
1715 1880 1798 1935 vel
1815 1873 2010 1949 aliq’uo

368 1945 480 2000 alio
539 1948 711 2003 modo
769 1945 1202 2003 dietribuebant
1254 1945 1335 2016 De
1367 1945 1472 2004 hac
1513 1945 1706 2004 autem
1761 1945 2010 2016 aliisque

370 2034 668 2090 sacrorum
703 2017 936 2074 illorum
960 2019 1325 2075 voluminum
1361 2020 1793 2090 partitionibus,
1815 2017 2008 2087 multi,

368 2104 513 2162 quos
542 2089 708 2144 facile
740 2090 931 2162 quivis
961 2092 1266 2146 consulere
1298 2089 1531 2158 poterit,
1561 2095 1750 2148 multa
1778 2094 2012 2162 scriptis

366 2161 756 2232 tradiderunt.
789 2161 850 2216 Si
881 2163 1017 2231 quis
1052 2179 1219 2232 porro
1266 2163 1444 2218 aliam
1478 2164 1760 2218 veriorem
1802 2161 2008 2220 verbo-

366 2246 508 2303 rum,
530 2231 847 2287 Clementis
880 2231 1327 2299 explidationem
1369 2250 1683 2303 suggerere
1713 2235 1869 2300 velit,
1907 2253 2010 2290 nos

366 2302 612 2359 minime
644 2303 1002 2360 reluctantes
1031 2304 1093 2359 in
1117 2322 1286 2360 suam
1319 2302 1672 2361 sententiam
1704 2307 1974 2362 adducet.

935 2436 1342 2494 ARTICULUS
1383 2439 1451 2493 II.

363 2541 594 2606 Moysen
649 2550 765 2589 esse
820 2535 1186 2590 Pentateuchi
1243 2544 1540 2606 auctorem,
1570 2538 1666 2591 ubi
1696 2545 1746 2590 el
1772 2537 1836 2594 de
1864 2540 2011 2606 ejus-

472 2623 557 2660 em
591 2607 798 2676 Moysi:
827 2614 1009 2670 male,
1039 2608 1153 2661 vita
1182 2609 1462 2677 variisque
1489 2609 1806 2662 nominibus
1831 2627 1846 2676 ;
1878 2610 2011 2664 item

434 2677 499 2732 de
527 2679 786 2748 Egyplio
817 2677 1058 2743 homine,
1090 2693 1250 2746 quem
1279 2679 1377 2731 ille
1405 2679 1564 2733 verbo
1608 2679 1872 2735 occidisse
1919 2681 2010 2735 di-

437 2749 583 2803 citur
601 2765 622 2809 ,·
652 2750 723 2802 de
750 2748 894 2803 miro
916 2764 1018 2818 quo
1042 2750 1137 2803 ille
1158 2749 1464 2816 Nechephri
1482 2749 1870 2819 Egypliorum
1890 2754 2013 2818 regi

436 2819 702 2888 apparuit
732 2819 919 2880 modo;
941 2820 1190 2890 (levarit;
1218 2820 1630 2890 multiplicique
1659 2822 1814 2875 illius
1837 2825 2012 2877 scim-

436 2891 514 2944 tia
545 2899 597 2944 et
616 2890 902 2957 sapientia
925 2906 946 2949 ;
995 2889 1061 2942 de
1104 2891 1223 2960 ejus
1271 2891 1406 2960 lege,
1433 2907 1598 2960 quam
1627 2891 1864 2960 benigna
1891 2895 1965 2946 sit
1988 2910 2008 2954 ,-

435 2976 538 3042 q‘uo
561 2961 692 3042 jure
712 2961 981 3042 [erudita
1002 2959 1283 3042 @gyprios
1312 2959 1718 3042 apo-licuerat],-
1747 2959 2007 3042 quomodo

434 3031 688 3114 Christus
717 3034 886 3114 legem
917 3031 1228 3114 impleverit
1248 3048 1269 3092 ;
1299 3032 1367 3114 de
1397 3032 1592 3114 bellica
1615 3031 1814 3114 Alnus-is
1831 3037 2004 3114 scien-

430 3104 528 3165 lia,
561 3106 730 3155 noctu
787 3102 1082 3167 lsi-uelites,
1123 3102 1582 3172 quemadmodum
1641 3102 1908 3161 Miltiades
1957 3114 2008 3162 et

427 3173 804 3243 Thrasybulus
833 3188 982 3236 suos,
1013 3172 1278 3235 ducendo,
1310 3179 1363 3228 et
1394 3175 1661 3243 quomodo
1695 3180 2003 3233 moriturus

423 3261 460 3299 α
488 3246 647 3300 Iosue
673 3253 726 3299 et
750 3244 920 3299 Caleb
945 3243 1160 3315 duplex
1183 3246 1330 3299 visus
1357 3247 1549 3314 fuerit.

428 3369 504 3423 Ad
537 3369 824 3438 quosdam
857 3367 1254 3437 particulatim
1289 3384 1466 3438 sacra
1495 3367 1803 3437 Scriptura
1826 3370 2005 3427 libros

351 3443 420 3494 ut
443 3437 766 3500 veniamus,
791 3439 1238 3510 primoquidem
1269 3437 1540 3510 Clemens
1573 3438 1788 3510 librum
1820 3445 2000 3496 Gene-

346 3526 480 3567 seos
519 3510 726 3582 Moysi,
759 3507 890 3565 vero
922 3507 1082 3582 illius
1130 3507 1358 3582 auctori
1385 3509 1774 3564 disertissime
1823 3512 2004 3566 ascri-

346 3582 459 3638 bit.
489 3579 794 3648 Quoddam
854 3579 1010 3635 enim
1063 3579 1489 3651 testimonium,
1523 3596 1590 3634 ex
1633 3597 1698 3635 eo
1725 3583 2001 3651 deprom-

349 3658 546 3722 ptum,
574 3654 694 3708 bac
715 3653 811 3708 ille
835 3652 980 3724 citat
1001 3651 1057 3705 in
1080 3651 1282 3705 verba:
1302 3650 2001 3724 «SapientissimusMoy-

347 3721 450 3780 sos
479 3722 1096 3796 pulchrerepetitione
1143 3739 1318 3796 usus,
1343 3721 1692 3796 signiﬁcavit
1742 3721 2001 3795 corporis

348 3801 415 3851 et
464 3792 676 3850 anima
736 3792 1232 3864 incorruptionem
1287 3792 1623 3849 describens
1653 3794 1712 3848 in
1747 3792 2004 3852 Rebecca

349 3867 467 3923 hoc
499 3867 673 3923 modo
699 3883 712 3920 :
746 3888 774 3916 «
798 3865 975 3935 Virgo
1002 3869 1196 3919 autem
1220 3869 1344 3920 erat
1367 3865 1633 3932 pulchra,
1656 3865 1744 3920 vir
1765 3884 1879 3922 non
1902 3885 2001 3922 co-

347 3937 556 4009 gnovit
585 3954 714 3994 eam
736 3937 857 4009 ‘°.__»
880 3935 1035 3990 Alibi
1078 3951 1250 3991 vero:
1301 3958 1353 4009 (ξ
1355 3935 1581 4007 Moyses
1629 3936 1857 3994 videtur
1886 3939 2001 3995 Do-

351 4006 592 4064 fninum
639 4006 935 4079 appellare
984 4011 1262 4081 pactum:
1315 4006 1465 4063 Ecce
1484 4024 1612 4079 ego,
1645 4008 1866 4078 dicens,
1900 4028 2000 4081 pa-

345 4084 514 4137 ctum
550 4078 743 4135 meum
771 4084 963 4134 tecum
993 4078 1059 4130 δι.
1097 4099 1126 4128 ››

427 4152 701 4221 Ejusdem
735 4166 967 4221 quoque
985 4147 1202 4220 Moysis
1225 4148 1460 4221 nomine
1488 4151 1906 4221 transcriptum
1933 4167 2002 4208 ex

345 4219 792 4278 Deu'teronomii
824 4219 977 4292 libro
1018 4219 1419 4276 testimonium
1452 4221 1534 4276 ita
1565 4220 1660 4276 ille
1692 4221 1829 4277 alibi
1863 4239 1998 4292 pro-

343 4293 528 4349 tulit:
567 4317 588 4344 ι
623 4293 788 4350 Unde
819 4293 902 4348 eis
925 4291 1143 4346 dictum
1164 4295 1255 4346 est
1275 4309 1308 4346 a
1330 4292 1560 4358 Moyse:
1613 4292 1728 4363 Ego
1759 4291 1997 4349 amula-

346 4366 515 4421 tione
544 4381 644 4420 vos
677 4364 999 4434 provocabo
1031 4363 1094 4432 ⁵³,
1129 4383 1150 4412 ι
1192 4366 1324 4434 etc.
1359 4363 1506 4426 Quid
1566 4365 1741 4434 quod,
1793 4367 1996 4421 eodem

346 4435 548 4492 adhuc
579 4431 792 4508 Moysis
822 4435 1060 4508 nomine
1083 4431 1286 4508 'ab_i|lo
1339 4438 1469 4502 post
1516 4431 1841 4508 Barnabam
1882 4436 2000 4508 alia

343 4504 691 4562 laudantur'
720 4523 832 4561 non
893 4505 1086 4561 solum
1149 4504 1606 4570 Deuteronomii,
1661 4508 1760 4561 sed
1820 4506 1995 4562 etiam

343 4579 531 4635 Exodi
565 4576 690 4633 loca
709 4577 800 4632 '3?
833 4578 940 4632 Sed
970 4577 1110 4646 quid
1150 4592 1310 4648 ropus
1358 4581 1448 4630 est
1493 4576 1756 4647 singulos
1783 4579 1998 4648 Moysis

347 4650 537 4705 libros
560 4665 920 4720 percurrere,
943 4647 1369 4720 cumClemens
1392 4663 1527 4702 eum
1576 4647 1764 4720 totius,
1787 4647 1995 4704 Penta-

345 4721 544 4777 teuchi
578 4726 878 4776 auctorem
909 4735 1037 4774 esse
1060 4719 1139 4772 ibi
1163 4719 1379 4773 diserte
1403 4725 1645 4783 arserat,
1670 4719 1767 4773 ubi
1803 4737 1996 4775 mora-

344 4792 437 4848 les
467 4791 642 4861 leges,
675 4809 800 4861 qua
833 4791 888 4844 in
922 4807 989 4846 eo
1020 4788 1315 4857 leguntur,
1345 4791 1415 4861 ab
1445 4789 1574 4859 ipso
1607 4790 1804 4859 Moyse
1846 4791 1991 4846 scri—

346 4870 484 4934 ptas
506 4859 634 4918 esse
651 4859 864 4917 tradit:
902 4881 928 4913 α
958 4861 1193 4916 Clarum
1214 4865 1333 4934 est,
1366 4859 1580 4931 inquit,
1613 4877 1817 4934 omnes
1848 4878 1989 4932 quo-

346 4930 466 5004 que
496 4935 640 4990 alias
671 4935 1086 5004 virtutestqua
1114 4930 1343 5004 scripta
1376 4930 1515 4986 sunt
1544 4935 1701 5004 apud,
1731 4930 1990 4998 Moysen,

342 5001 404 5059 οὗ.
433 5005 578 5079 παρᾲ
608 5008 902 5079 τᾼῷᾼΜωσεῖ
937 5001 1436 5079 ᾁναγ-εγραμμὲνᾳξ,
1470 5003 1807 5079 _prab_u_i_s_se
1835 5008 1990 5079 Gra-

343 5079 430 5132 cis
465 5073 815 5148 principium
851 5073 1176 5130 totiusldci
1207 5074 1448 5148 moralis
1468 5074 1530 5127 ⁵⁸.
1559 5097 1611 5148 ε-
1645 5073 1752 5148 Ubi
1807 5076 1987 5148 enim,

341 5145 554 5205 amabo
584 5145 668 5218 te,
694 5147 806 5203 nisi
858 5148 915 5201 in
972 5145 1382 5218 Pentateucho,
1414 5145 1500 5199 ba
1559 5145 1774 5218 Moysis
1812 5147 1988 5218 leges

341 5221 576 5292 scripta
634 5216 828 5275 sunt?
887 5221 958 5272 At
1011 5216 1253 5282 nemini,
1296 5216 1378 5272 uti
1441 5216 1738 5287 putamus,
1774 5217 1985 5272 sinceri

2119 1753 2502 1825 philosophos
2531 1770 2599 1808 ex
2629 1753 2846 1808 iisdem
2869 1753 3082 1825 Moysis
3114 1755 3302 1820 libris,
3335 1771 3462 1817 sua,
3498 1759 3560 1806 ut
3605 1754 3759 1825 intra

2120 1824 2470 1892 videbimus,
2504 1826 2725 1879 veriora
2776 1824 3050 1895 dogmata
3107 1826 3376 1880 hausisse
3434 1824 3644 1878 asserit
3690 1839 3756 1876 ac

2119 1895 2532 1966 demonstrat?
2583 1897 2693 1950 Sed
2735 1897 2814 1962 id,
2845 1898 2996 1966 quod
3034 1897 3160 1966 ipsa
3191 1897 3317 1951 luce
3375 1896 3591 1966 clarius
3646 1902 3754 1958 est,

2119 1965 2388 2036 pluribus
2420 1967 2680 2021 stabilire
2711 1965 3074 2037 argumentis
3113 1984 3246 2022 cum
3279 1965 3638 2036 superfluum
3671 1966 3757 2018 vi-

2118 2038 2343 2100 deatur,
2363 2037 2498 2106 quid
2527 2039 2598 2092 de
2631 2039 2882 2108 ipsemet
2930 2044 3124 2108 Moyse
3153 2039 3450 2107 singulare
3481 2043 3536 2091 et
3556 2039 3754 2092 obser-

2119 2114 2254 2234 ἔδω
2299 2109 2544 2232 dignum
2595 2109 2690 2163 ille
2739 2109 2970 2177 dixerit,
2998 2113 3122 2180 jam
3155 2127 3188 2164 a
3218 2109 3387 2164 nobis
3418 2109 3754 2164 sxan’iinan-

2165 2197 2260 2234 um
2292 2195 2354 2234 es
2388 2223 2402 2234 .

2165 2197 2260 2234 um
2292 2188 2402 2235 est.

2191 2274 2272 2323 De
2300 2268 2460 2322 illius
2483 2273 2665 2337 atate,
2691 2269 2966 2324 omnibus
2998 2269 3228 2324 Gracia
3261 2266 3626 2337 philosophis
3651 2284 3758 2320 an-

2120 2340 2395 2410 tiquiore,
2430 2339 2597 2410 plura
2635 2341 2868 2409 quidem
2919 2340 3186 2396 Clemens
3236 2345 3432 2394 noster
3481 2340 3758 2410 disputat,

2121 2412 2416 2477 variisque
2443 2412 2736 2466 variorum
2772 2415 3074 2467 auctorum
3127 2410 3541 2480 chronologiis,
3574 2426 3606 2463 a
3657 2426 3760 2463 no-

2121 2482 2215 2536 bis
2244 2481 2398 2536 inf'ra
2428 2489 2695 2537 accurate
2725 2483 3235 2552 reprasentandis,
3259 2483 3464 2552 probat
3492 2481 3760 2552 eumdem

2121 2553 2361 2624 Moysen
2407 2558 2463 2606 et
2511 2551 2868 2624 paganorum
2917 2555 3055 2618 diis,
3083 2559 3142 2608 et
3184 2551 3464 2608 omnibus
3521 2551 3758 2607 illorum

2121 2623 2484 2695 sapientibus
2513 2641 2580 2679 ac
2601 2623 3002 2695 philosophis,
3030 2625 3408 2695 poetisiatque
3456 2624 3759 2694 scriptori-

2120 2694 2231 2749 bus
2262 2710 2390 2749 esse
2423 2694 2593 2765 longe
2620 2694 2999 2750 vetustiOrem
3024 2696 3088 2748 ⁵⁸.
3117 2700 3191 2748 De
3220 2694 3328 2748 hac
3359 2699 3552 2749 autem
3607 2701 3760 2749 vete-

2119 2782 2248 2819 rum
2283 2769 2574 2820 sententia
2607 2768 2663 2820 in
2699 2766 2915 2821 nostris
2942 2767 3002 2820 in
3030 2765 3248 2821 Justini
3285 2765 3558 2836 martyris
3579 2771 3635 2820 et
3656 2767 3762 2821 Ta-

2117 2837 2260 2891 tiani
2310 2852 2484 2906 opera
2540 2837 3056 2892 dissertationibus
3115 2837 3282 2903 satis,
3314 2837 3398 2891 uti
3457 2841 3757 2907 putamus,

2117 2908 2482 2976 disputatum
2515 2913 2605 2962 est
2631 2909 2695 2962 δ”.

2187 2995 2449 3051 Posthac
2480 2996 2750 3053 Clemens
2784 2996 2970 3052 multa
3000 2997 3070 3051 de
3101 2995 3314 3059 Moysis
3345 3005 3495 3064 ortu,
3525 2996 3647 3052 vita
3699 3001 3758 3053 et

2033 3039 2076 3107 (ἶ
2115 3066 2361 3122 historia
2391 3073 2608 3130 narrat,
2633 3086 2758 3139 qua
2781 3073 2837 3124 et
2859 3085 2989 3124 cum
3015 3039 3576 3122 tribus’Philonis’de
3598 3068 3754 3138 ejus-

2113 3140 2245 3194 dem
2278 3139 2493 3210 Moysis
2524 3139 2638 3194 vita
2653 3138 2919 3206 ilibris,et
2949 3138 3186 3207 Josephi
3221 3140 3476 3210 secundo
3509 3139 3759 3208 Antiqui-

2115 3215 2286 3264 lalum
2315 3209 2678 3265 Iudaicarum
2707 3212 2852 3265 libro
2869 3210 3218 3264 contendere
3251 3209 3471 3263 nemini
3496 3210 3753 3277 profecto

2113 3280 2319 3334 inutile
2353 3282 2472 3335 fore
2519 3283 2879 3337 arbitramur
2903 3281 2966 3334 ⁵⁸.
2990 3280 3189 3350 Neque
3248 3294 3749 3350 supervacaneum

2113 3366 2343 3422 quoque
2376 3351 2478 3404 tibi
2513 3352 2641 3418 erit,
2679 3353 2726 3407 si
2776 3352 2918 3407 velis
2950 3349 3124 3422 citata
3153 3368 3185 3404 a
3214 3349 3510 3422 Clemente
3539 3350 3583 3384 ‘9
3616 3350 3753 3404 Eze-

2113 3419 2284 3494 chieli
2318 3429 2496 3490 poeta
2528 3423 2598 3477 de
2628 3423 2841 3494 Moysis
2896 3421 3248 3494 educatione,
3300 3419 3584 3494 carmina,
3616 3438 3750 3476 cum

2113 3491 2229 3564 illis
2253 3508 2610 3564 componere
2658 3490 2783 3564 qlia
2815 3493 3106 3548 Eusebius
3139 3490 3328 3546 fusius
3361 3507 3464 3545 nec
3497 3491 3622 3546 sine
3652 3510 3753 3547 va-

2113 3563 2222 3646 riis
2249 3563 2600 3669 lec‘tioranibus
2631 3563 2699 3620 ex
2723 3566 2922 3622 eodem
2962 3564 3300 3619 Judaorum
3361 3568 3531 3634 poeta
3587 3569 3752 3618 tran-

2113 3650 2316 3669 αηπιηο.

2111 3633 2349 3705 scripsit
2376 3635 2436 3688 °°.

2184 3722 2844 3779 Animadversionevero
2864 3727 3063 3778 nostra
3081 3721 3224 3777 illud
3252 3738 3493 3792 prorsus
3505 3723 3748 3793 dignum

2108 3793 2521 3865 videtur,quod
2554 3795 2626 3849 de
2653 3795 2851 3865 magni
2883 3795 3127 3864 hujusce
3159 3794 3752 3864 Israelitarumlegis-

2109 3864 2312 3921 latoris
2345 3865 2580 3921 nomine
2610 3864 2772 3921 hunc
2789 3867 3056 3922 Clemens
3098 3865 3336 3935 scripsit
3365 3866 3424 3919 in
3458 3867 3693 3920 modum
3730 3885 3743 3922 :

2110 3959 2138 3988 α
2170 3936 2354 4008 Puero
2387 3937 2639 4008 imponit
2668 3954 2880 3993 nomen
2914 3937 3132 4006 regina,
3179 3936 3428 4008 Moyses,
3460 3942 3598 4007 apta
3626 3943 3746 4008 ety-

2110 4007 2379 4077 mologia,
2413 4007 2484 4063 eo
2511 4009 2664 4078 quod
2695 4025 2828 4064 eum
2861 4026 2930 4064 ex
2955 4026 3109 4078 aqua
3138 4007 3493 4062 sustulisset.
3516 4007 3744 4078 Aquam

2107 4078 2262 4136 enim
2293 4095 2417 4152 moy
2447 4085 2654 4134 vocant
2683 4081 2956 4152 Egyptii,
2981 4080 3040 4134 in
3064 4096 3176 4150 qua
3199 4079 3517 4152 moriturus
3557 4080 3747 4134 fuerat

2107 4149 2430 4222 expositus.
2463 4154 2692 4222 Moysen
2721 4149 2876 4206 enim
2908 4149 3118 4206 vocant
3147 4166 3280 4205 eum
3331 4149 3431 4221 qui
3481 4166 3551 4205 ex
3593 4167 3746 4222 aqua

2107 4221 2383 4304 emersus.
2403 4221 2793 4292 respiraverit.
2817 4223 3047 4304 Clarum
3079 4226 3171 4304 est
3200 4238 3336 4304 ergo
3367 4222 3521 4292 quod
3557 4221 3741 4304 prius,

2107 4292 2455 4348 circumciso
2514 4309 2712 4363 puero,
2742 4299 3011 4363 parentes
3043 4292 3276 4361 aliquod
3313 4308 3520 4348 nomen
3553 4292 3742 4362 impo-

2106 4368 2368 4419 suerunt.
2399 4363 2729 4420 Vocabatur
2757 4371 2946 4420 autem
2978 4363 3265 4419 Joachim.
3300 4363 3516 4420 Habuit
3545 4369 3738 4419 autem

2029 4403 2075 4469 D
2108 4436 2346 4490 tertium
2379 4451 2612 4505 quoque
2640 4451 2849 4491 nomen
2882 4435 2938 4490 in
2972 4435 3134 4503 coelo,
3171 4440 3476 4506 postquam
3509 4451 3741 4490 assum-

2108 4512 2244 4575 ptus
2265 4510 2374 4570 est,
2401 4512 2465 4560 ut
2485 4507 2689 4560 dicunt
2719 4510 2941 4577 mysta,
2965 4521 3175 4576 nempe
3205 4506 3413 4561 Melchi
3439 4506 3540 4577 “.-
3577 4507 3738 4570 Quod

2107 4579 2256 4634 145
2288 4578 2358 4631 de
2391 4578 2646 4649 nominis
2669 4600 2696 4626 ιι
2722 4576 2946 4649 Meyses
2968 4600 2996 4625 ››
3029 4577 3379 4649 etymologia
3407 4581 3465 4632 et
3495 4576 3737 4649 imposi-

2104 4650 2260 4703 tione
2293 4647 2559 4716 perhibet
2589 4647 2878 4714 Clemens,
2911 4649 2965 4702 id
2999 4647 3197 4718 procul
3243 4647 3422 4703 dubio
3479 4664 3546 4703 ex
3587 4647 3738 4704 ’Phi-

2101 4718 2234 4774 lone
2263 4719 2583 4774 delibatum
2615 4732 2699 4775 est
2719 4720 2785 4776 ⁸³.
2813 4720 2939 4774 Hac
2970 4720 3121 4774 enim
3153 4723 3293 4773 sunt
3324 4718 3484 4773 illius
3514 4720 3688 4775 verba
3719 4735 3732 4775 :

2098 4790 2169 4863 Τὸ
2199 4787 2310 4863 γὰρ
2333 4787 2478 4861 ὕδωρ
2515 4794 2631 4863 μῷς
2663 4789 3017 4860 ὀνομάζουσιν
3059 4787 3377 4863 Αἷγῦπτιομ
3419 4793 3557 4863 Qua
3603 4791 3734 4863 qui-

2101 4860 2349 4936 demsic
2381 4860 2534 4936 apud
2567 4862 2923 4936 Clementem
2956 4860 3267 4936 leguntur:
3318 4861 3391 4914 Τὸ
3415 4860 3537 4936 γὰρ
3587 4860 3735 4934 ὕδωρ

2103 4936 2211 5006 μοῦ-
2240 4929 2596 5002 ὀνομάζουσιν
2632 4929 2922 5006 Αῗγᾷπτιοι
2946 5005 2954 5006 7
2978 4933 3086 4988 Ubi
3133 4935 3294 4988 vides
3320 4929 3566 5006 totidem
3609 4929 3737 4991 esse

2099 5004 2407 5074 utriusque
2437 5006 2629 5066 verba,
2665 5004 2777 5060 nisi
2809 5005 2961 5073 quod
3006 5022 3109 5075 pro
3162 5007 3278 5075 μῶς
3309 5005 3598 5072 Clemens,
3652 5007 3735 5060 vel

2098 5077 2292 5146 potius
2324 5092 2565 5147 operum
2597 5076 2726 5145 ejus
2777 5092 3167 5147 amanuenses
3197 5075 3420 5131 librarii
3454 5079 3558 5147 μοῦ
3589 5078 3736 5132 scri-

2096 5146 2580 5216 pserunt.Utrum
2608 5154 2801 5202 tamen
2829 5146 2882 5200 id
2909 5164 3106 5202 eorum
3132 5146 3737 5209 oscitantiatribuen-

2099 5219 2241 5273 dum
2274 5219 2372 5284 sit,
2399 5218 2552 5272 haud
2586 5218 2880 5272 immerito
2911 5217 3440 5273 dubitaveris.Nam
3475 5219 3532 5273 in
3564 5221 3738 5275 editis

408 5416 453 5450 ἰτ
481 5415 740 5486 ibid.,,p.
770 5415 876 5469 678
905 5416 1113 5486 etseq.
1189 5410 1365 5486 δίζω).
1400 5428 1484 5480 111,
1522 5413 1810 5486 Deidoctr.
1842 5412 2001 5486 Chris

2118 5428 2132 5486 ξ
2183 5412 2272 5466 29.
2305 5413 2632 5486 uestram.
2667 5411 2769 5486 lib,
2804 5429 2858 5477 ν,
2891 5412 3103 5486 p.562.
3194 5412 3370 5486 σθω).
3405 5430 3480 5477 1v,
3516 5413 3730 5483 p.539.

339 5487 381 5523 ⁵¹
426 5487 527 5542 lib.
557 5505 575 5542 1
617 5482 834 5542 Strom.
871 5502 924 5556 p.
959 5482 1088 5556 356i
1229 5483 1521 5556 l"Strom.
1554 5483 1656 5537 lib.
1691 5501 1753 5548 ιι,
1789 5501 1841 5554 p.
1875 5485 2001 5554 379,
2029 5484 2153 5556 389.
2303 5483 2348 5517 ⁵³
2378 5482 2476 5536 lib.
2511 5500 2567 5546 v,
2602 5499 2657 5552 p.
2841 5482 2906 5536 et,
2942 5485 3067 5536 577.
3139 5555 3163 5556 Π
3215 5484 3259 5556 5f
3291 5484 3390 5538 lib.
3425 5501 3485 5556 ῃ,
3605 5486 3729 5540 394.

338 5559 382 5593 ⁵⁵
414 5557 514 5612 lib.
545 5577 583 5623 1,
615 5575 667 5628 p.
702 5557 826 5612 354.
872 5553 885 5556 ⁷
963 5555 1017 5628 ξθ
1045 5557 1258 5628 Strom.
1285 5554 1393 5628 _l_ib.
1430 5572 1490 5622 11,
1525 5556 1718 5628 p.320
1747 5553 1804 5610 et
1833 5572 1956 5627 seq.
2107 5555 2150 5628 f7
2199 5553 2298 5608 lib.
2333 5557 2673 5628 1_1A_Appar.,_
2695 5554 2930 5628 dissert.
2962 5557 3015 5628 g,
3049 5555 3185 5628 c._7,
3218 5555 3303 5628 §__i
3333 5574 3346 5621 ;
3406 5553 3639 5610 dissert.
3671 5557 3725 5612 5.

341 5645 468 5700 cap.
499 5632 556 5694 2,
589 5624 675 5696 ξι
712 5630 768 5682 et
797 5629 850 5700 8.
962 5626 1004 5660 ⁵⁸
1035 5626 1250 5700 Strom.
1421 5644 1460 5694 1,

344 5645 468 5700 cap.
499 5632 556 5694 2,
589 5627 675 5696 ξι
712 5630 768 5682 et
797 5629 850 5681 8.
962 5627 1004 5660 ⁵⁸
1035 5627 1250 5680 Strom.
1283 5627 1385 5680 lib.
1421 5644 1460 5694 1,
1495 5644 1547 5697 p.
1579 5627 1686 5680 3/12
1713 5635 1765 5682 et
1797 5644 1919 5694 seq.

344 5715 455 5770 ev.,
485 5717 536 5756 c.
567 5700 638 5754 28
667 5701 725 5754 et
766 5699 855 5767 '29,
890 5713 1022 5770 pag.
1055 5697 1158 5752 437
1201 5699 1259 5752 et
1303 5697 1426 5752 444.
1573 5699 1616 5734 ⁶¹
1647 5701 1859 5754 Strom.
1894 5697 1919 5752 l‘

2031 5626 2076 5662 "
2103 5627 2318 5681 Strom.
2354 5624 2453 5680 lib.‘
2489 5642 2530 5689 1,

1573 5699 1616 5734 ⁶¹
1647 5701 1859 5754 Strom.
1894 5696 1996 5753 lib.
2031 5714 2070 5767 1,
2102 5715 2156 5768 p.
2190 5697 2312 5752 343.

2564 5611 2811 5696 ρη344ςη
2884 5625 2929 5660 ⁸⁸
2962 5611 3197 5690 Εὐεθῦί,
3219 5611 3442 5691 lib.l1x,
3475 5611 3724 5696 Prapar,

2459 5696 2505 5730 θ’
2536 5694 2720 5761 Philo,
2752 5693 2855 5750 lib.
2891 5713 2931 5751 11
2974 5702 3055 5752 De
3101 5697 3218 5753 vita
3265 5697 3472 5769 Moys.,
3504 5713 3560 5768 p.
3593 5693 3719 5754 605.
