4030 6202
433 204 570 262 1087

1150 203 1225 258 ΙΝ
1259 205 1702 258 CLEMENTEM
1741 203 1952 256 ALEX.
1995 202 2058 252 D.
2098 200 2190 254 LE
2225 200 2521 256 NOURRY
2558 204 3034 261 DISSERTATIO
3071 208 3139 259 lI.

3753 206 3871 260 1083

430 327 1028 409 propheticorumque
1057 325 1338 409 librorum
1387 323 1790 409 interpretatio
1821 321 2083 409 .concin-
2112 325 2166 390 Α
2197 326 2487 409 servatum
2518 324 2702 409 est“,
2762 325 3069 409 Etelemteo
3127 327 3269 409 Lagi
3319 327 3456 383 ﬁlio
3527 327 3870 408 imperante,

437 394 578 456 nata
609 400 801 464 fuerit,
836 394 1048 454 sic-ille
1095 396 1310 450 ibidem
1372 394 1638 466 explicat.
1698 394 2085 464 Septuaginta

439 475 578 538 duo,
612 471 715 536 ait,
748 471 1041 536 Seniores,
1076 468 1180 522 viri
1217 468 1415 536 utique
1446 467 1796 533 doctissimi,
1821 471 2084 520 etGraace

437 542 786 615 peritissimi
806 541 1114 615 adumpta,
1148 540 1259 593 sub
1284 539 1972 615 Macedonuniditionem
1997 555 2083 591 re-

441 609 650 676 dactis,
671 615 742 667 ad
757 610 1205 681 Philadelphum
1223 611 1383 664 missi
1402 618 1559 664 sunt.
1576 610 1831 672 Quicum
1859 609 1924 662 ad
1951 625 2085 663 eum

442 684 849 750 accessissent,
875 691 931 737 et
954 699 1153 736 eorum
1175 705 1201 730 «
1221 681 1628 750 unusquisque
1643 681 1988 750 singillatim
2020 697 2089 734 ex

437 774 546 812 sua
571 755 802 825 propria
822 755 1238 822 interpretatus
1255 760 1410 825 esset
1437 752 1762 825 prephetia,
1785 751 2088 820 conspira-

435 823 990 882 rent—oninessimul
1012 825 1236 879 collata:
1253 823 1768 893 interpretationes
1789 831 1847 876 et
1864 829 2089 876 senten-

433 900 534 953 tiis
555 904 610 952 et
630 897 1007 951 dictionibus.
1038 897 1129 950 Dei
1155 897 1309 950 enim
1328 895 1763 961 eratveluntas,
1787 911 1911 964 qua:
1938 893 1989 946 id
2017 894 2088 947 ad

435 970 768 1025 Graecorum
793 984 965 1022 aures
998 967 1269 1022 consulto
1300 973 1738 1034 comparaverat
1760 965 1824 1019 ²².
1861 987 1889 1014 ››
1916 965 2093 1033 Atqui

435 1040 494 1096 id
517 1040 675 1094 hunc
696 1039 754 1093 in
788 1039 1023 1093 modum
1049 1038 1172 1092 ﬁeri
1200 1055 1311 1091 non
1339 1037 1544 1107 potuit,
1575 1036 1684 1091 nisi
1710 1037 2094 1107 Septuaginta

441 1111 710 1167 Seniores
734 1110 979 1164 diversis
1003 1110 1408 1179 separatisque
1450 1108 1504 1161 in
1537 1107 1692 1179 locis
1730 1124 1930 1162 omnes
1962 1108 2093 1163 illos

445 1181 756 1252 Scriptura
781 1198 959 1236 sacra:
989 1177 1174 1252 libros
1193 1177 1788 1252 Grzecerettdiderint.
1817 1179 1877 1231 Hi
1899 1186 2093 1233 autem

443 1249 618 1308 divisi
649 1272 682 1306 a
712 1270 774 1307 se
807 1252 1050 1306 invicem
1071 1251 1181 1305 loci
1201 1268 1310 1304 non
1336 1249 1432 1305 alii
1451 1266 1579 1304 esse
1604 1251 1893 1310 videntur,
1918 1267 2093 1318 quam

440 1325 553 1380 illis
577 1323 820 1388 cellulis,
854 1340 1105 1392 quarum
1135 1321 1407 1375 Justinus
1441 1326 1683 1392 martyr,
1719 1322 1801 1375 uti
1834 1321 1972 1376 alibi
2010 1321 2091 1375 vi-

436 1397 634 1451 dimus
649 1395 713 1462 ²³,
749 1395 1104 1448 mentionem
1141 1393 1294 1448 fecit.

505 1467 720 1529 Quarto
769 1466 1044 1534 denique,
1104 1463 1372 1518 Clemens
1424 1462 1574 1516 hanc
1631 1462 1973 1534 versionem
2023 1463 2094 1516 ab

433 1537 646 1592 iisdem
679 1532 1014 1590 senioribus
1049 1552 1165 1590 non
1197 1537 1323 1589 sine
1354 1534 1536 1589 divini
1566 1534 1828 1588 numinis
1888 1532 2092 1587 afﬂatu

440 1611 757 1680 perfectam
782 1623 911 1680 esse
941 1605 1196 1680 d_eclarat
1221 1622 1234 1661 :
1273 1605 1528 1680 -__Neque
1559 1621 1712 1680 vero,
1741 1605 1932 1680 pergit
1973 1604 2091 1680 ille,

2199 394 2382 469 fuisse
2412 398 2746 469 perfectam.
2783 397 2889 451 Sed
2925 398 3086 453 illius
3116 394 3466 469 opinionem
3509 394 3694 465 pau'ci
3756 403 3870 468 qui-

2197 465 2355 528 dam,
2374 471 2436 518 ut
2453 467 2760 521 Anatolius
2778 474 2834 521 et
2855 465 3278 533 Theodoretus,
3301 470 3515 525 secuti
3542 476 3712 522 sunt.
3737 465 3868 525 A'lit-s

2197 543 2386 590 autem
2423 538 2591 607 longe
2625 538 2910 608 plurimos
2939 542 3381 596 Aristeanorum
3415 541 3747 596 sententiae
3769 549 3864 596 snt"-

2199 607 2449 676 fragium
2484 607 2695 663 tulisse
2727 612 2839 664 alio
2870 612 2930 665 in
2965 612 3087 666 loco
3119 614 3563 667 adnotavimus
3588 613 3657 665 ³³.

2267 684 2347 733 De
2371 678 2484 734 alia
2518 697 2686 750 porro
2719 684 2918 736 Graeca
2975 684 3200 738 Veteris
3252 683 3650 739 Testamenti
3708 682 3861 739 inter-

2199 821 2543 891 pretatione,
2573 839 2747 892 quam
2783 823 2914 883 hac.
2949 825 3019 878 de
3050 841 3166 893 qua
3189 824 3858 893 agimusantiquiorem

2200 892 2438 964 quidam
2460 894 2853 961 praedicabant
2869 895 2949 948 sic
2967 892 3296 964 loquentem
3315 896 3752 950 Aristobulum
3768 897 3858 951 Cir-

2201 980 2365 1017 mens
2386 962 2611 1017 inducit
2640 981 2653 1018 :
2687 987 2714 1012 «
2740 962 3112 1022 Aristobulus
3142 969 3200 1022 in
3236 969 3437 1034 primo
3466 968 3631 1022 libro
3654 969 3724 1020 ad
3747 972 3858 1021 Phi-

2201 1034 2506 1088 louiatrem
2539 1035 2742 1089 scribit
2771 1037 2865 1090 his
2918 1038 3148 1094 verbis:
3208 1039 3477 1093 Secutus
3528 1043 3630 1092 est
3688 1045 3853 1094 autem

2204 1111 2435 1178 nostras
2468 1123 2699 1176 quoque
2731 1107 2886 1177 leges
2922 1109 3100 1168 Plato.
3133 1115 3190 1164 et
3219 1109 3368 1164 satis
3426 1116 3647 1178 aperte
3693 1118 3852 1164 osten-

2202 1177 2289 1230 dit
2318 1193 2380 1230 se
2409 1193 2635 1240 eorum,
2668 1194 2795 1248 quae
2817 1180 2872 1232 in
2898 1180 2982 1233 eis
3005 1181 3300 1245 dicuntur,
3327 1177 3537 1235 fuisse
3561 1182 3851 1235 admodum

2203 1249 2554 1303 studiosum.
2591 1255 2740 1303 Ante
2770 1249 3125 1305 Demetrium
3161 1258 3354 1306 autem
3395 1253 3756 1321 priusquam
3785 1271 3848 1307 re-

2205 1335 2334 1373 rum
2370 1322 2700 1387 potirentur
2731 1322 3051 1376 Alexander
3075 1329 3132 1377 et
3158 1322 3370 1387 Persas,
3410 1339 3602 1376 versa
3635 1330 3846 1384 fuerant,

2203 1396 2261 1444 et
2291 1406 2422 1460 quae
2451 1392 2523 1445 ab
2556 1391 2811 1446 Hebrais
2842 1393 3060 1446 nostris
3082 1403 3244 1464 gesta
3277 1395 3530 1448 fuerant
3555 1394 3613 1446 in
3637 1401 3780 1447 exntu
3801 1412 3847 1448 et

2204 1465 2470 1531 Egypto,
2503 1469 2559 1516 et
2591 1479 2953 1536 quaecunque
2985 1465 3068 1518 eis
3101 1465 3355 1536 insignia
3389 1469 3456 1520 et
3495 1468 3656 1518 facta
3694 1473 3842 1530 erant,

2204 1539 2262 1587 et
2291 1539 2709 1606 apparuerant,
2741 1541 2796 1589 et
2828 1535 3084 1606 regionis
3126 1535 3240 1605 per
3262 1536 3381 1591 vim
3445 1538 3706 1606 quaesita
3745 1553 3843 1606 pes-

2205 1605 2413 1677 sessio,
2445 1609 2502 1677 et
2531 1605 2821 1677 omnium,
2854 1605 2977 1673 quas
3010 1606 3143 1662 latae
3174 1614 3332 1673 sunt,
3397 1605 3613 1677 legum
3665 1605 3842 1662 descri-

442 1675 514 1758 ab
540 1678 930 1758 inspiratione
963 1677 1064 1733 Dei
1083 1683 1222 1758 erat
1251 1676 1536 1742 alienum,
1570 1677 1670 1758 qui
1725 1676 2092 1758 prophetiam
2128 1694 2173 1758 Β
2205 1675 2358 1758 ptio;
2394 1676 2537 1730 adeo
2557 1681 2631 1756 .ut
2661 1676 2880 1758 clarum
2925 1677 3392 1758 sitAantedictum
3455 1675 3838 1758 philosophum

446 1750 707 1814 dederat,
734 1755 796 1802 ut
819 1749 1356 1818 interpretationem
1381 1764 1616 1818 quoque
1638 1752 1918 1816 tanquam
1941 1751 2094 1801 Gree-

446 1837 573 1876 cam
602 1821 857 1876 efﬁceret
885 1820 1248 1890 prophetiam
1271 1821 1334 1872 ²⁴.
1365 1841 1393 1868 ››

519 1891 720 1948 Utrum
752 1899 946 1946 autem
973 1889 1097 1963 ipse
1129 1891 1398 1945 Clemens
1450 1889 1966 1963 h4anc_0pini_on_em
1999 1905 2099 1944 ve-

442 1979 579 2018 ram
617 1963 948 2028 crediderit,
973 1961 1141 2031 eique
1173 1978 1372 2031 reapse
1403 1961 1840 2030 subscripserit,
1871 1961 1927 2014 in
1960 1976 2099 2014 con-

439 2033 790 2089 troversiam
829 2035 979 2088 haud
1015 2034 1307 2088 immerito
1349 2033 1682 2088 adduxeris.
1720 2033 1793 2086 De
1813 2048 1880 2086 ea
1910 2032 2098 2085 enim-

441 2121 577 2160 vero
611 2104 757 2160 nihil
793 2105 961 2175 plane
989 2105 1130 2159 certi
1154 2106 1388 2159 videtur
1410 2110 1687 2170 statuere,
1723 2103 1823 2157 sed
1849 2102 2097 2157 aliorum

487 2177 638 2232 otius
663 2176 874 2231 referre
904 2178 1244 2231 sententias.
1279 2179 1348 2229 Et
1373 2191 1505 2229 vero
1530 2180 1728 2228 utrum
1762 2175 1883 2228 haec
1913 2175 2099 2227 versio

493 2247 752 2302 tolemaao
813 2247 977 2317 Lagi,
1032 2248 1120 2302 vel
1181 2245 1521 2316 Piladelpho
1581 2252 1884 2317 regnante,
1942 2244 2101 2299 edita

445 2318 541 2388 sit,
575 2335 688 2374 non
708 2319 833 2374 leve
863 2316 1015 2374 inter
1046 2317 1361 2389 scriptores
1383 2316 1695 2372 dissidium
1715 2316 1898 2389 fuisse
1919 2320 2100 2371 testa-

442 2395 560 2444 tur.
594 2390 718 2445 Non
777 2389 921 2444 satis
971 2388 1177 2444 autern
1230 2394 1427 2460 aperte
1485 2389 1744 2443 declarat
1802 2388 1861 2442 in
1921 2404 2098 2459 quam

441 2460 568 2532 ipse
599 2461 935 2532 opinionem
970 2461 1228 2532 inclinet.

514 2535 585 2586 At
615 2529 884 2603 quamvis
941 2531 1214 2588 Clemens
1254 2529 1375 2586 haec
1415 2529 1693 2603 historice
1753 2530 2096 2603 narraverit,

443 2601 598 2674 illud,
615 2601 811 2658 tamen
838 2620 948 2658 non
969 2602 1838 2674 prohibetquominushaudita
1854 2602 2100 2674 obscure

450 2673 745 2742 signiﬁcet
775 2672 1121 2744 persuasum
1155 2689 1217 2728 se
1249 2673 1526 2728 habuisse
1559 2672 1718 2726 illam
1753 2673 2093 2727 Veteris'l‘e-

454 2747 732 2799 stamenti
764 2744 1304 2814 interpretationem
1337 2761 1370 2797 a
1429 2744 1809 2815 Septuaginta
1866 2745 2097 2798 duobus

441 2815 789 2870 Senioribus
821 2833 949 2870 vere
978 2832 1107 2886 esse
1140 2816 1480 2886 profectam.
1532 2816 1601 2869 Et
1630 2820 1783 2886 certe
1813 2831 1944 2868 cum
1983 2831 2096 2868 non

446 2886 707 2951 aliunde,
742 2903 918 2958 quam
952 2903 1020 2941 ex
1048 2884 1156 2941 illa
1180 2885 1241 2958 in,
1259 2886 1383 2958 suis
1409 2885 1575 2941 libris
1599 2884 1932 2958 testimonia
1948 2891 2095 2958 Scri-

450 2961 636 3027 pturae
669 2963 728 3013 et
754 2956 1038 3023 citaverit,
1063 2962 1118 3011 et
1141 2956 1385 3011 totidem
1412 2958 1528 3011 fere
1551 2972 1780 3025 semper
1802 2956 1992 3011 verbis
2014 2973 2096 3010 re-

446 3029 670 3096 tulerit,
707 3046 899 3084 nonne
929 3029 1039 3084 hoc
1069 3043 1176 3083 nec
1204 3029 1471 3094 obscure,
1523 3045 1626 3082 nec
1661 3028 1878 3083 incerto
1927 3029 2096 3084 nobis

451 3105 798 3171 argumento
820 3105 910 3155 est
926 3100 1084 3155 illam
1107 3099 1430 3155 versionem
1453 3099 1563 3171 ipsi
1588 3100 1890 3171 probatam
1915 3100 2098 3171 maxi-

449 3169 542 3242 me
563 3177 620 3226 et
639 3180 937 3242 acceptam
961 3171 1164 3236 fuisse,
1191 3169 1571 3239 quantumvis
1593 3169 1861 3225 nonnulli
1909 3171 1980 3225 de
2026 3170 2095 3224 il-

442 3241 560 3297 lius
587 3241 1011 3313 disputaverint
1041 3247 1254 3297 aetate?

512 3311 762 3378 Quinam
795 3319 992 3371 autem
1020 3313 1117 3368 isti
1153 3311 1390 3378 fuerint,
1417 3311 1632 3367 tacitus
1676 3311 1792 3382 ille,
1827 3313 1926 3367 sed
1978 3329 2093 3368 non

439 3383 789 3456 imprudens
841 3385 1288 3454 praetermisisse
1328 3383 1563 3456 videtur
1603 3385 1667 3439 ³⁵.
1701 3384 2090 3448 Quamobrem

438 3455 614 3513 de’iis
645 3458 796 3512 scire
827 3457 1051 3523 aliquid
1079 3455 1337 3528 cupienti
1375 3459 1436 3528 ut
1459 3455 1744 3528 faciamus
1767 3455 1934 3528 satis,
1966 3456 2092 3510 bre-

437 3528 586 3582 viter
615 3528 942 3583 dicemus“
963 3527 1474 3595 Irenaeum,-cujus
1505 3527 1682 3582 verba
1731 3528 1804 3582 ab
1843 3527 2092 3582 Eusebio

444 3599 640 3653 Graece
669 3599 927 3654 exhibita
957 3605 1098 3654 sunt
1116 3599 1178 3654 ³⁷.
1206 3598 1576 3654 existimasse
1623 3598 1775 3654 hanc
1806 3597 2090 3668 interpre-

444 3669 729 3724 tationem
759 3687 793 3726 a
822 3671 1204 3745 Septuaginta
1236 3670 1602 3739 Senioribus,
1629 3671 1710 3724 uti
1731 3687 1765 3726 a
1795 3669 1966 3725 nobis
1996 3670 2094 3724 ob-

2206 1746 2395 1800 multa
2423 1763 2486 1801 ex
2518 1748 2602 1801 eis
2629 1748 2957 1819 sumpsisse
2982 1749 3044 1801 ⁸⁰.
3077 1768 3102 1803 ι
3133 1748 3342 1804 Utrum
3371 1746 3588 1803 autem
3611 1746 3838 1805 Clemens

2207 1819 2535 1888 pedibusin
2574 1821 2719 1873 hanc
2743 1819 3091 1874 sententiam
3143 1821 3331 1882 iverit,
3367 1820 3595 1875 merito
3651 1820 3835 1875 dubita-

2185 1889 2379 1942 veris.
2412 1888 2696 1944 Eusebius
2725 1892 2880 1944 enim
2915 1907 3030 1946 non
3066 1890 3257 1946 solum
3290 1891 3420 1945 haec
3485 1894 3688 1947 retulit
3736 1892 3832 1946 Cle-

2209 1959 2425 2014 mentis
2457 1962 2641 2014 nostri
2668 1962 2864 2026 verba,
2899 1963 2999 2016 sed
3060 1968 3248 2018 totum
3307 1963 3501 2018 etiam
3553 1961 3830 2017 Aristobuli

2206 2031 2598 2098 fragmentum
2634 2031 2805 2102 longe
2828 2035 3017 2088 fusius
3049 2051 3223 2103 quam
3257 2033 3542 2089 Clemens
3593 2035 3824 2089 transcri-

2206 2103 2390 2174 psit‘“.
2405 2103 2560 2174 Idem
2577 2104 2774 2174 itaque
2788 2105 3102 2159 deClemen
3114 2113 3166 2160 te
3179 2121 3308 2160 esse
3321 2106 3525 2174 debetj
3539 2106 3824 2160 udiciumac

2207 2173 2280 2227 de
2311 2173 2582 2237 Eusebio,
2603 2173 2776 2244 quem
2801 2174 3148 2242 nullusjure
3170 2179 3378 2232 merito
3410 2173 3628 2230 diierit
3655 2177 3705 2230 in
3725 2175 3821 2230 Cle-

2208 2245 2424 2317 mentis
2439 2247 2622 2300 nostri
2639 2251 2739 2300 etA
2753 2247 3016 2301 ristobuli
3035 2248 3161 2302 ideo
3175 2249 3517 2303 concessise
3531 2248 3816 2317 opinionem

2208 2314 2345 2388 quia
2362 2317 2750 2386 utriusquead
2777 2333 2839 2372 ea
2863 2335 2990 2387 quas
3015 2320 3311 2387 probanda
3335 2314 3692 2388 susceperat,
3720 2335 3816 2388 pro-

2204 2387 2343 2440 tulit
2375 2388 2803 2459 testimonium.
2831 2389 2886 2442 ld
2921 2389 3138 2459 quippe
3162 2391 3210 2444 si
3243 2407 3449 2445 verum
3483 2387 3641 2453 feret,
3680 2387 3808 2459 quot,

2210 2460 2362 2532 Deus
2383 2459 2554 2532 bene,
2569 2458 2627 2532 in
2650 2461 2841 2514 varias
2857 2458 3174 2532 secumque
3189 2469 3522 2532 pugnantes
3542 2458 3811 2516 sententias

2205 2529 2381 2584 ivisse
2413 2531 2697 2603 dicendus
2727 2541 2874 2586 esset
2898 2529 3206 2599 Eusebius,
3231 2529 3332 2603 qui
3368 2533 3548 2588 libros
3577 2549 3700 2587 suos
3736 2531 3806 2584 in-

2207 2601 2470 2656 numeris
2485 2607 2811 2667 auctorum,
2831 2619 2963 2657 cum
2985 2601 3477 2669 Christianorum,
3493 2611 3606 2658 tum
3619 2604 3802 2658 Judae-

2206 2688 2336 2747 rum
2370 2678 2432 2747 et_
2454 2673 2822 2747 ethnicorum
2854 2673 3216 2747 testimoniis
3242 2682 3301 2747 et
3318 2675 3653 2747 fragmentis
3689 2689 3798 2728 eon-

2205 2743 2776 2816 einnavitlclemens
2817 2761 2988 2816 porro
3013 2746 3333 2802 Aristobuli
3384 2743 3634 2815 hominis,
3677 2748 3795 2816 testo

2205 2815 3179 2888 Eusebio”,_Hebraei,ieruditique
3210 2818 3521 2888 scriptoris,
3547 2833 3606 2888 ac
3655 2815 3788 2869 Peri-

2205 2886 2468 2956 pateticae
2503 2886 2882 2957 philosophim
2900 2886 3205 2943 sectatoris
3225 2886 3393 2943 verba
3414 2887 3780 2957 auctoritatem-

2206 2955 2319 3028 que
2349 2955 2564 3029 idcirco
2592 2955 2878 3023 adhibuit.
2913 2964 2977 3014 ut
3007 2976 3072 3015 ea
3105 2961 3391 3015 efﬁcacius
3415 2959 3641 3029 probaret
3658 2955 3766 3008 Pla-

2212 3027 2405 3100 tonem
2440 3071 2453 3096 ,
2509 3027 2774 3099 aliosque
2831 3031 3283 3100 antiquissimos
3336 3027 3757 3100 philosophosex

2210 3099 2426 3169 Moysis
2445 3103 2501 3154 et
2524 3097 2934 3170 prophetarum
2957 3097 3125 3156 libris
3144 3097 3599 3170 verioradogmsta
3613 3097 3764 3170 etiam

2207 3172 2371 3241 prius
2404 3169 2671 3243 hausisse
2692 3189 2867 3242 quam
2897 3174 3282 3243 Septuaginta
3309 3174 3416 3227 duo
3431 3169 3583 3227 Senes
3603 3169 3772 3243 Grece

2204 3259 2473 3315 sermone
2502 3242 2635 3297 illos
2665 3241 2913 3298 fuissent
2944 3241 3329 3315 interpretati.
3378 3249 3447 3300 At
3471 3244 3514 3315 si
3538 3241 3650 3311 quis
3672 3255 3782 3308 per-

2201 3313 2813 3388 tinaciuscontendat,
2857 3313 3146 3388 nobisque
3165 3315 3375 3371 validis
3404 3314 3665 3388 rationum
3691 3324 3791 3388 me-

2205 3384 2417 3439 mentis
2448 3386 2801 3440 demonstret
2826 3387 2898 3441 ab
2930 3384 3065 3453 ipso
3083 3388 3403 3442 admissam
3464 3385 3628 3439 fuisse
3672 3384 3798 3435 anti-

2205 3456 2466 3526 quiorem
2496 3457 2654 3511 illam
2678 3457 2902 3513 Veteris
2919 3456 3272 3514 Testamenti
3290 3457 3800 3526 interpretationem,

2202 3524 2340 3581 huic
2371 3527 2632 3582 dicemus
2665 3531 2937 3584 eumdem
2961 3529 3316 3584 Clementem
3341 3524 3600 3583 nostrum
3620 3524 3803 3595 plures,

2203 3605 2269 3652 ut
2295 3598 2433 3652 alibi
2457 3599 2710 3654 vidimus
2743 3606 2808 3665 ³³,
2831 3600 3109 3656 habuisse
3167 3601 3417 3672 hujusce
3473 3596 3736 3671 opinionis
3759 3596 3805 3648 et

2202 3674 2481 3740 patronos
2515 3677 2571 3726 et
2601 3673 2984 3727 adversarios.

1839 3944 2225 4040 CAPUT
2292 3945 2444 4041 IV.

1639 4126 1726 4186 De
1767 4125 1922 4188 Novi
1960 4125 2341 4187 Testamenti
2379 4125 2647 4206 scriptis.

935 4412 1090 4469 152
1125 4411 1530 4467 ARTICULUS
1560 4414 1602 4466 Ι.

441 4481 515 4538 De
534 4482 713 4538 sacris
742 4488 980 4554 quatuor
1011 4484 1344 4552 Evangeliis,
1374 4499 1439 4538 ae
1468 4483 1532 4537 de
1561 4482 1852 4551 Evangelia
1896 4496 2092 4536 secun-

691 4556 827 4609 dum
862 4556 1116 4612 Hebraeos
1141 4562 1189 4610 et
1209 4555 1507 4610 secundum
1537 4557 1838 4626 Αῗρῃριὶοδ.

512 4695 597 4750 Ad
630 4695 770 4750 Novi
801 4697 1160 4751 Testamenti
1186 4696 1367 4752 libros
1389 4700 1446 4750 et
1466 4697 1687 4767 scripta
1705 4696 1906 4766 utjam
1931 4711 2089 4751 acce-

441 4766 676 4828 damus,
701 4767 965 4824 Clemens
997 4774 1198 4822 noster
1227 4768 1463 4838 vulgala
1493 4773 1548 4822 et
1571 4766 1643 4822 ab
1676 4768 1952 4838 omnibus
1999 4783 2089 4821 re-

444 4844 614 4911 cepta
627 4845 880 4909 quatuor
899 4844 1127 4911 tantum
1154 4837 1464 4911 Evangelia
1486 4856 1589 4894 can
1607 4838 1804 4908 micis,
1822 4844 1884 4891 ut
1902 4837 2086 4907 aiunt,

443 4915 500 4963 et
530 4909 740 4964 divinae
770 4909 1137 4965 auctoritatis
1157 4909 1795 4965 libris'ﬁennumeranda
1816 4926 1944 4963 esse
1967 4926 2089 4964 cre-
2137 4935 2143 4942 -

439 4981 607 5034 didit.
642 4981 722 5034 De
750 4981 824 5035 iis
855 4987 1047 5036 autem
1085 4981 1222 5052 quid
1257 4983 1315 5035 in
1348 4983 1474 5036 suis
1531 4983 1602 5036 de
1657 4982 2086 5050 Hypott'post'bus

438 5053 878 5108 commentariis
908 5052 1234 5121 tradiderit,
1268 5055 1349 5107 ita
1381 5059 1577 5107 narrat
1608 5053 1892 5107 Eusebius
1919 5069 1930 5104 :
1973 5074 1997 5101 α
2024 5055 2084 5108 In

435 5123 527 5177 his
555 5124 725 5178 libris
755 5123 1022 5178 Clemens
1051 5125 1425 5179 traditionem
1453 5126 1767 5194 quamdam
1791 5125 1861 5177 de
1885 5122 2087 5178 ordine

433 5195 903 5264 Evangeliorum,
958 5212 1132 5265 quam
1168 5213 1200 5249 a
1256 5196 1674 5250 vetustioribus
1733 5195 2085 5263 presbyteris

432 5277 756 5338 acceperat,
783 5270 958 5323 refert
989 5269 1046 5321 in
1084 5267 1241 5322 hunc
1273 5268 1535 5322 modum.
1573 5266 1812 5321 Dicebat
1836 5285 1902 5322 ex
1931 5268 2079 5321 Evan

501 5445 546 5479 ιι
581 5462 635 5515 ρ,
669 5446 791 5499 342,
871 5446 917 5481 2³
947 5463 1078 5516 sup.
1115 5448 1154 5502 Ι.
1190 5465 1252 5505 ιι.
1287 5447 1517 5502 dissert.
1539 5449 1596 5511 2,
1627 5462 1678 5500 e.
1710 5447 1765 5511 6,
1799 5452 1906 5501 art.
1947 5446 2001 5514 5,
2033 5464 2092 5500 ar

2203 5469 2226 5500 ν.
2305 5445 2350 5488 ²ι
2382 5444 2520 5498 ibid.
2601 5445 2645 5481 ²⁵
2673 5444 2906 5510 Euseb.,
2938 5443 2978 5497 l.
3010 5460 3043 5497 v
3075 5441 3222 5516 Hist.
3246 5443 3370 5516 c.‘8.
3453 5445 3498 5479 ²⁶
3545 5431 3794 5516 Αρρειικ]Σ

435 5531 494 5578 ιι,
528 5516 762 5571 dissert.
795 5519 850 5585 6,
884 5534 931 5571 c.
970 5519 1018 5584 4,
1052 5520 1159 5585 §2.
1236 5520 1277 5552 ²⁷
1309 5518 1499 5573 Vales.
1535 5517 1592 5572 in
1623 5518 1720 5571 cit.
1772 5519 1985 5573 Euseb.
2021 5517 2130 5584 loc,

1079 5606 1135 5660 p.
1168 5590 1290 5643 342.
1371 5589 1415 5625 ³³
1450 5589 1687 5657 Euseb.,
1722 5588 1760 5643 l.
1793 5607 1893 5643 vm
1930 5591 2084 5660 Przep

2208 5582 2402 5660 ev.,‘c'.
2436 5589 2491 5654 6,
2528 5606 2580 5660 p.
2615 5588 2739 5653 410,
2772 5592 2829 5641 et
2871 5587 2908 5642 l.
2932 5603 3064 5660 xm,
3098 5582 3267 5660 c._t5,
3301 5582 3516 5657 p.664.
3589 5587 3630 5621 ³³
3673 5582 3790 5638 Prte-

432 5585 575 5638 ibid.
608 5587 652 5621 3°
682 5588 1045 5648 Strom.l.1.

2125 4411 2171 4476 Ι)
2203 4409 2371 4482 geliis
2404 4409 2566 4480 prius
2600 4414 2796 4481 scrpta
2825 4425 2954 4464 esse
2985 4409 3105 4482 illa,
3165 4425 3292 4480 quae
3351 4408 3565 4482 seriem
3595 4402 3812 4482 generis

2204 4475 2830 4552 Dominicicontin'ent.
2882 4481 3055 4535 Marci
3107 4475 3298 4536 autem
3360 4475 3727 4552 Evangelium
3762 4490 3812 4529 ex

2201 4551 2539 4622 hujusmodi
2572 4553 2873 4608 occasione
2904 4554 3186 4622 scriptum
3227 4552 3442 4606 fuisse:
3476 4549 3613 4605 cum
3647 4549 3812 4604 Petrus

2199 4623 2256 4678 in
2285 4626 2427 4679 urbe
2461 4625 2644 4679 Roma
2700 4625 2942 4680 verbum
3001 4623 3099 4678 Dei
3160 4622 3392 4693 publice
3448 4622 3808 4692 praedicasset,

2199 4695 2370 4749 multi
2403 4697 2501 4766 qui
2542 4697 2785 4751 adorant
2818 4695 3073 4750 Marcum
3105 4692 3390 4766 cohortati
3423 4700 3607 4766 sunt,
3643 4693 3809 4766 utpote

2199 4768 2294 4832 qui
2331 4762 2560 4821 Petrum
2591 4767 2943 4834 jamdudum
2978 4770 3232 4820 sectatus
3255 4765 3466 4819 fuisset
3485 4762 3808 4834 etdictaejus

2198 4837 2482 4892 memoria
2512 4832 2751 4903 teneret,
2787 4844 2851 4892 ut
2900 4855 3027 4904 quae
3083 4839 3154 4891 ab
3215 4835 3476 4907 apostolo
3538 4832 3807 4907 pradicant

2197 4915 2363 4983 erant
2393 4908 3269 4983 conscriberet._Marcusigitur
3298 4907 3664 4983 Evangelium
3687 4917 3807 4983 cotti-

2196 4982 2410 5050 posuit,
2442 4982 2653 5051 iisque,
2675 4980 2771 5051 qui
2805 4981 2948 5035 illud
2975 4981 3045 5034 ab
3069 4978 3197 5050 ipso
3216 4978 3802 5051 rogabant,impertiit.

2196 5048 2352 5118 Quod
2389 5048 2762 5107 cum'Petr'us
2794 5048 3194 5122 comperisset,
3227 5048 3351 5122 nec,
3386 5048 3684 5122 prohibuit
3708 5060 3804 5100 em-

2196 5124 2334 5178 nino
2366 5140 2485 5178 rem
2518 5123 2660 5191 ﬁeri,
2696 5139 2798 5178 nec
2835 5129 2896 5178 ut
2932 5121 3094 5177 ﬁeret
3122 5121 3400 5177 incitavit.
3436 5125 3509 5174 At
3563 5121 3804 5175 Joannes,

2195 5195 2458 5249 omnium
2496 5205 2816 5266 potremus,
2849 5211 2980 5248 cum
3013 5194 3235 5266 videret
3264 5194 3322 5247 in
3356 5192 3619 5266 aliorum
3655 5191 3802 5244 Evan-

2189 5267 2358 5337 geliis
2390 5263 2640 5336 ea,'quae
2674 5269 2742 5322 ad
2778 5282 2991 5338 corpus
3015 5265 3235 5321 Christi
3267 5265 3583 5336 pertinent,
3608 5263 3683 5317 ita
3702 5270 3802 5314 esse

2208 5517 2254 5552 ²⁸
2287 5522 2501 5586 Appar.
2559 5533 2688 5582 sup.
2730 5517 2763 5569 Ι.
2799 5505 3035 5570 dissert.
3072 5515 3156 5584 12,
3179 5530 3228 5586 c.
3290 5513 3342 5577 1,
3373 5516 3456 5586 ἕὲ
3483 5519 3539 5572 et
3593 5505 3703 5586 seq:
3762 5505 3795 5539 ”

431 5668 554 5722 par.
583 5671 692 5724 ev.,
723 5657 763 5721 1,
794 5674 896 5722 vn,
922 5675 972 5713 c.
1008 5657 1096 5727 13,
1126 5676 1180 5730 p.
1214 5660 1340 5727 323;
1373 5677 1411 5731 ι.
1444 5676 1569 5727 vui,
1601 5677 1649 5715 c.
1683 5661 1740 5727 9,
1776 5678 1831 5732 p.
1863 5662 1988 5716 375.
2054 5657 2111 5697 ’³³
2143 5677 2277 5731 sup,
2317 5659 2354 5714 ι.
2390 5677 2454 5726 ιι,
2489 5659 2723 5714 dissert.
2749 5662 2805 5724 2,
2837 5675 2890 5713 c.
2921 5659 2975 5727 8,
3009 5662 3120 5713 art.
3155 5657 3208 5712 4.
