4030 6202
341 84 480 138 1119

339 210 650 283 orthodoxi
679 209 861 283 hujus
889 211 1177 283 dogmatis
1209 211 1547 268 defensione
1599 214 1734 268 ante
1785 223 1994 283 supre-

340 301 507 340 mum
535 281 786 339 Victoris
818 281 992 355 papae
1011 282 1413 355 pontificatum
1442 285 1825 354 scripserunt.
1851 281 1995 355 «Ju-

341 356 590 423 stinum,
615 353 934 426 inquit’ill’e
960 353 1026 424 θεέ
1050 354 1332 426 intelligo,
1356 359 1413 411 et
1435 353 1780 422 Miltiadem,
1798 359 1854 408 et
1883 353 1996 426 Ta-

339 429 594 494 tianum,
627 430 683 481 et
701 425 1090 510 Clementem,
1119 425 1400 510 latiusque
1419 426 1914 510 quamplurimas,
1936 425 1994 480 in

344 514 596 572 quarum
630 497 892 553 omnium
924 497 1091 552 libris
1113 497 1324 572 Christi
1346 497 1622 554 divinitas
1646 497 1992 572 esti-uitur»;

415 569 604 626 Unum
627 584 763 640 ergo
787 572 967 640 restat
989 585 1023 622 a
1045 569 1213 625 nobis
1233 572 1686 636 observandum,
1712 567 1991 623 Clementi

340 641 530 697 visum
585 639 712 695 esse
757 639 1138 695 orthodoxam
1171 643 1243 697 de
1281 642 1654 698 sanctissima
1711 640 1993 694 Trinitate

341 713 664 785 doctrinam
691 716 809 766 tam
834 715 990 767 certo
1006 715 1062 766 et
1075 712 1381 785 perspicue
1395 713 1452 767 in
1469 713 1652 768 sacris
1673 711 1901 785 Scrith
1913 710 1991 766 ris

346 783 659 856 declarari,
681 787 746 838 ut
776 799 902 838 eam
937 782 1182 854 paganis
1215 782 1575 852 auctoribus,
1599 783 1700 856 qui
1731 782 1900 856 plura
1924 799 1992 856 ex

343 855 463 910 illis
493 855 977 927 hauserunthon
1011 856 1250 911 omnino
1282 855 1642 927 incognitam
1669 855 1849 927 fuisse
1871 855 1992 927 exi-

338 926 678 983 stimaverit.
713 926 794 981 De
843 926 1086 982 Platone
1131 928 1346 983 etenim
1381 925 1502 982 haec
1530 926 1628 983 ille
1659 925 1863 982 scribit
1896 926 1940 960 ⁹²
1973 942 1986 980 :

341 999 525 1055 Deum
549 998 886 1072 {omnium
920 1014 1158 1072 causam
1192 1015 1324 1072 cum
1359 997 1636 1072 appellat,
1662 998 1988 1072 secundum

341 1068 722 1127 autem'circa
757 1070 1036 1138 secunda,
1067 1075 1124 1124 et
1154 1068 1413 1125 tertiumi
1439 1068 1602 1124 circa
1648 1069 1841 1135 tertia,
1875 1085 1987 1123 non

341 1141 510 1197 aliter
537 1140 800 1212 intelligo
833 1157 1008 1212 quam
1054 1146 1320 1212 sanctam
1369 1141 1693 1212 signiﬁcari
1735 1140 1989 1212 Trinita-

341 1219 458 1268 tem
475 1228 496 1285 Δε
515 1232 538 1263 ii
559 1209 657 1285 ρύκ
686 1206 874 1273 ἄῖλωξ
905 1206 1078 1285 ἔγωγε
1107 1210 1365 1282 ἐξακούω,
1400 1206 1451 1278 ’δ’
1475 1213 1574 1280 τὴν
1606 1210 1757 1284 ἁγίαν
1785 1207 1988 1285 Ἰίριάδα

388 1281 662 1356 messenii.
698 1285 837 1356 Post
865 1281 1177 1339 concilium
1211 1300 1444 1356 quoque
1475 1281 1777 1356 Nictenum
1805 1281 1990 1356 Cyril-

369 1374 437 1412 us
467 1355 896 1410 Alexandrinus
919 1372 987 1410 ex
1020 1355 1246 1424 eodem,
1271 1359 1327 1411 et
1357 1355 1492 1421 alio,
1513 1371 1688 1425 quem
1721 1355 1986 1410 Clemens

341 1427 803 1500 post_Justinum
819 1431 1133 1500 martyrem
1155 1426 1249 1500 hic
1275 1425 1474 1482 retulit
1493 1427 1557 1496 9³,
1580 1425 1986 1500 Platonisloco

343 1497 630 1580 similiter
643 1497 991 1570 probat,non
1015 1498 1185 1580 plane
1209 1499 1638 1580 incompertum
1655 1498 1986 1580 fuissehuic

341 1568 822 1642 philosophorum
841 1568 1182 1642 icory'phaio
1239 1568 1624 1626 sanctissime:
1678 1569 1983 1625 Trinitatis

340 1640 690 1712 mysterium
724 1657 737 1694 :
775 1661 798 1692 ι
838 1640 1123 1708 Tametsi,
1153 1641 1370 1712 inquit,
1401 1642 1752 1711 secundum,
1780 1645 1839 1696 et
1869 1646 1984 1696 ter-

341 1713 494 1768 tium
519 1711 783 1767 nominat
807 1712 1005 1782 Deum,
1028 1713 1183 1768 haud
1211 1711 1362 1769 recte
1387 1729 1400 1767 :
1430 1714 1530 1768 sed
1563 1713 1710 1773 suis.
1745 1716 1808 1768 ut
1837 1729 1985 1781 reor,

341 1785 468 1856 ipse
490 1799 824 1856 repugnans
839 1784 1488 1856 sententiis.Postquam
1512 1785 1666 1840 enim
1690 1799 1790 1841 eos
1803 1801 1986 1840 unum

342 1855 508 1926 dixit,
540 1855 598 1910 in
631 1861 751 1910 tres
785 1872 993 1927 rursus
1051 1856 1276 1925 dividit,
1308 1855 1365 1912 et
1393 1857 1637 1912 seoreim
1695 1856 1986 1927 singulos,

342 1927 460 1999 nisi
490 1927 642 1999 quod
676 1927 900 1999 Patrem
932 1925 1015 1983 ait
1044 1927 1272 1998 opiﬁcis
1308 1929 1487 1985 Deum
1510 1931 1776 1999 oportere
1799 1925 1988 1982 nomi-

342 1998 486 2054 nari.
508 1997 549 2048 “››
583 1997 830 2067 Cyrillus
862 2000 1052 2070 itaque
1083 1997 1146 2066 νδ,
1172 1999 1328 2055 haud
1379 1997 1566 2070 secus
1592 2016 1658 2054 ac
1715 1999 1987 2055 Clemens

341 2074 559 2134 noster,
594 2086 940 2142 persuasum
961 2069 1146 2142 plane
1176 2070 1384 2127 habuit
1418 2069 1713 2127 Platonem
1745 2072 1991 2126 sanctis-

341 2142 504 2199 simae
531 2141 859 2210 Trinitatis,
883 2141 1154 2214 quamvis
1175 2143 1485 2199 obscurius
1508 2159 1613 2198 nec
1633 2143 1867 2198 omnino
1899 2160 1988 2198 re-

342 2218 454 2280 cte,
500 2229 561 2269 re
615 2218 805 2269 tamen
866 2231 1001 2270 vera
1053 2215 1262 2270 fecisse
1319 2214 1698 2270 mentionem.
1727 2219 1802 2268 At
1849 2215 1986 2270 inde

340 2283 508 2357 haud
528 2285 748 2341 incerto
782 2286 1090 2341 conﬁcitur
1109 2287 1373 2342 eamdem
1397 2286 1624 2357 penitus
1649 2286 1832 2342 fuisse
1862 2285 1988 2340 Cle-

334 2356 548 2430 mentis
577 2361 752 2430 atque
781 2357 978 2430 Cyrilli
1011 2359 1082 2413 de
1111 2356 1489 2430 sanctissima
1519 2357 1806 2430 Trinitate
1853 2374 1988 2413 sen-

334 2429 600 2485 tentiam.
627 2427 842 2484 Eodem
872 2429 1086 2499 quippe
1114 2429 1376 2484 Platonis
1397 2429 1731 2484 testimonio
1758 2430 1986 2499 ",quod

338 2501 662 2556 etiamnum
687 2499 877 2555 fusius
908 2505 967 2555 et
997 2502 1147 2571 apud
1184 2500 1501 2556 Eusebium
1525 2502 1591 2565 ³⁸,
1615 2507 1670 2556 et
1702 2499 1761 2555 in
1797 2501 1986 2555 Plato-

341 2573 434 2627 nis
466 2572 744 2642 operibus
775 2571 963 2639 legere
989 2576 1098 2644 est,
1132 2577 1378 2644 uterque
1409 2589 1576 2644 usus,
1603 2572 1785 2644 simili
1818 2573 1987 2628 modo

343 2658 412 2698 ex
441 2659 507 2697 eo
539 2646 1004 2714 argumentatur.
1029 2642 1134 2698 His
1167 2642 1440 2712 denique,
1472 2643 1522 2699 si
1560 2643 1744 2710 lubet,
1775 2644 1986 2714 adjun-

345 2729 557 2786 gamus
589 2729 624 2768 e
650 2712 958 2786 Clemente
978 2714 1512 2786 rursusobservari
1570 2712 1988 2780 similem,'hoc

341 2784 435 2868 est
460 2785 778 2868 obscurum
806 2784 994 2868 Patris
1024 2789 1080 2868 et
1100 2785 1239 2868 Filii
1262 2801 1588 2868 sermonem
1604 2803 1644 2868 _a
1667 2785 1852 2868 poetis
1885 2787 1987 2868 _Or-

341 2856 510 2939 phaq,
527 2856 799 2939 Homero,
814 2856 1106 2939 etscenico
1121 2855 1469 2939 philosopho
1483 2855 1758 2939 Euripide
1777 2858 1986 2939 fieri”.

341 2927 455 3007 _Sed
475 2927 596 3007 haec
614 2926 994 3007 obscuritatis
1018 2926 1984 3007 reprehensio_,quidAaliud,amabo
2015 2940 2059 3007 ο

338 3002 417 3068 te,
453 2999 564 3054 nisi
600 3015 805 3054 sanam
837 2999 1099 3068 omnino,
1131 3004 1188 3056 et
1235 2999 1500 3056 eamdem
1556 2999 1871 3056 Clementis
1921 3017 1986 3057 ac

339 3069 978 3144 PatrumNictenorum
1010 3071 1080 3126 de
1107 3072 1417 3144 Trinitatis
1458 3073 1736 3144 mysterio
1770 3074 1988 3128 doctri—

341 3157 478 3215 uam
512 3141 699 3215 fuisse
729 3143 1128 3215 demonstrat?
1151 3145 1334 3215 Quam
1366 3141 1706 3199 constanter
1735 3160 1905 3215 porro
1927 3145 1988 3200 in

340 3212 450 3268 hoc
474 3213 764 3299 praecipuo
784 3213 1122 3270 Christiana:
1145 3214 1445 3299 religionis
1475 3212 1751 3299 dogmate
1780 3233 1989 3287 propu-

339 3286 572 3367 gnando
604 3285 710 3367 ille.
735 3287 1218 3367 perseveraverit,
1239 3285 1496 3367 iisnsane
1527 3285 1987 3367 o:mnibus_,_q‘utea

340 3373 375 3411 a
405 3356 574 3412 nobis
604 3373 672 3412 ex
697 3356 790 3430 his
806 3358 1146 3413 Stromatum
1169 3362 1228 3413 et
1248 3357 1380 3414 aliis
1402 3359 1531 3430 ejus
1553 3358 1719 3414 libris
1737 3356 1990 3415 adducta

341 3433 500 3496 sunt,
533 3427 858 3502 tamclare
896 3432 962 3502 et
1010 3430 1220 3484 invicte
1269 3427 1572 3501 probatur,
1600 3434 1664 3485 ut
1711 3431 1809 3502 qui
1841 3431 1987 3486 illud

341 3515 577 3570 negare,
601 3499 692 3570 vel
720 3501 778 3555 in
811 3500 1063 3556 dubium
1084 3499 1286 3556 Vocare
1316 3518 1498 3557 ausus
1530 3499 1782 3569 fuerit,is
1813 3502 1987 3558 meri-

341 3570 516 3626 diano
546 3569 656 3626 soli
681 3569 880 3628 lumen
911 3572 1169 3628 adimere
1197 3572 1342 3628 velle
1374 3574 1664 3629 videatur.

802 3712 956 3768 168
987 3712 1386 3770 ARTICULUS
1424 3715 1522 3770 ΙΙΙ.

343 3799 657 3872 Singularis
685 3809 747 3857 et‘
782 3818 929 3856 nova
975 3804 1300 3858 recentiori:
1359 3802 1649 3868 cuiusdam
1702 3802 1990 3859 Sociniani

481 3883 673 3928 contra
706 3873 909 3928 Christi
935 3873 1286 3929 divinitatem
1321 3873 1514 3944 opinio
1546 3874 1844 3947 refellitur.

411 3997 729 4068 Postquam
760 3996 882 4052 haec
927 4014 966 4068 7a
1012 3995 1182 4052 nobis
1213 4001 1415 4053 contra
1443 4002 1666 4054 veteres
1698 4015 1989 4068 novosque

338 4067 690 4140 Arianorum
721 4072 778 4124 et
807 4067 1254 4140 Socinianorum
1286 4085 1512 4125 errores
1561 4071 1644 4126 ite
1687 4067 1988 4140 disputata

340 4157 408 4195 ac
438 4139 697 4196 stabilita
730 4145 889 4206 sunt,
923 4140 1082 4196 venit
1127 4139 1185 4194 in
1234 4155 1445 4197 manus
1477 4147 1707 4198 nostras
1739 4139 1988 4198 furtivus

341 4211 581 4284 quidem
617 4211 809 4284 nescio
858 4212 1029 4282 cujus
1064 4211 1368 4284 _Sociniani
1419 4213 1678 4269 hominis
1727 4211 1986 4284 libellus,

339 4281 460 4354 quo
484 4282 582 4337 ille
613 4299 680 4337 ex
710 4281 969 4338 Platonis
998 4281 1158 4354 Λόγῳ
1189 4284 1401 4339 factam
1437 4284 1614 4340 fuisse
1659 4303 1692 4340 a
1741 4281 1981 4340 secundi

338 4353 608 4411 Ecclesiae
657 4354 855 4410 saeculi
904 4353 1176 4410 Patribus
1226 4357 1544 4411 secundam
1597 4356 1983 4412 sanctissimae

335 4427 633 4482 Trinitatis
687 4443 994 4498 personam
1043 4426 1397 4482 intolerabili
1447 4445 1692 4498 prorsus
1740 4429 1985 4483 audacia

340 4501 654 4553 asseverat.
679 4498 784 4553 Sed
817 4498 951 4569 quis
981 4516 1062 4569 ost
1085 4499 1559 4569 impurissimum
1583 4504 1642 4554 et
1670 4499 1982 4555 incredibi-

341 4569 455 4624 lem
487 4569 662 4641 plane
693 4568 999 4641 scriptoris
1032 4568 1191 4625 illius
1223 4569 1653 4641 impudentiam
1686 4572 1853 4637 ferat,
1887 4572 1986 4641 qui

339 4657 473 4713 cum
505 4657 716 4713 negare
746 4658 861 4697 non
883 4642 1381 4712 possitsummam
1397 4642 1986 4698 Christidivinitatem

337 4730 372 4768 a
391 4711 688 4768 Clemente
710 4711 910 4769 nostro
937 4713 1126 4784 palam
1151 4716 1209 4767 et
1230 4718 1427 4784 aperte
1457 4715 1757 4784 praedicari
1787 4730 1854 4770 ac
1885 4716 1989 4769 de-

337 4785 518 4857 fendi,
553 4784 732 4857 stulte
762 4785 1002 4857 omnino
1033 4789 1091 4838 et
1121 4783 1344 4839 insulse
1374 4783 1558 4857 garrit
1589 4785 1753 4840 illum
1779 4802 1847 4841 ex
1870 4786 1986 4857 pri-

339 4855 451 4911 mis
492 4855 762 4912 Ecclesiae
794 4855 1068 4912 Patribus
1103 4871 1228 4911 esse
1261 4855 1464 4923 unum,
1497 4857 1596 4924 qui
1631 4873 1698 4911 ex
1729 4855 1990 4913 Platonis

339 4927 540 5000 schola
598 4929 658 4983 in
715 4928 1034 4983 secretiora
1089 4927 1433 5000 Christianze
1465 4927 1761 5000 Ecclesim
1816 4930 1991 5000 adyta

341 4999 450 5055 hoc
507 5014 718 5072 novum
770 5001 981 5072 dogma
1033 4999 1269 5054 invexit.
1302 4999 1505 5072 Fingit
1561 5000 1715 5054 enim
1749 5000 1840 5054 vir
1892 5000 1990 5056 ille

343 5071 780 5127 audacissimus
830 5071 1015 5142 primo
1064 5075 1198 5141 post
1253 5071 1469 5126 Christi
1524 5077 1715 5125 ortum
1776 5072 1990 5126 saeculo

341 5142 704 5199 Christianos
718 5141 1049 5212 omnes,qui
1065 5142 1305 5212 gentilis
1320 5141 1698 5213 philosophias
1715 5144 1988 5198 nuntium

343 5215 515 5287 plane
548 5216 918 5279 remiserant,
941 5213 1151 5287 Christi
1184 5215 1823 5287 negassetdivinitatem
1851 5233 1866 5281 ;
1898 5231 1990 5270 se-

343 5286 536 5343 cundo
566 5292 761 5342 autem
795 5286 1004 5342 saeculo
1039 5286 1276 5341 ineunte
1305 5286 1602 5341 Justinum
1657 5291 1989 5354 martyrem,

340 5377 405 5415 ac
454 5365 661 5430 postea
709 5359 1065 5414 Clementem
1117 5361 1406 5424 nostrum,
1436 5357 1698 5414 Platonis
1731 5357 1990 5413 imbutos

412 5502 454 5536 ⁹¹
490 5501 726 5566 Euseb.,
760 5499 798 5554 l.
832 5517 868 5553 v
897 5501 1069 5566 Hist.,
1103 5516 1152 5554 c.
1185 5500 1276 5561 28,
1312 5517 1364 5569 p.
1402 5498 1521 5553 196.

341 5571 384 5642 f"
415 5571 454 5628 l.
475 5585 586 5642 tvm
616 5575 771 5626 cont.
802 5571 1044 5635 Julian.,
1077 5588 1133 5642 p.
1164 5573 1288 5624 272.

1044 89 1118 140 IN
1157 89 1599 142 CLEMENTEM
1640 87 1850 139 ALEX.
1891 86 1961 136 D.
2005 83 2096 158 ιβ
2132 82 2432 136 NOURRY
2470 83 2948 138 DlSSERTATIO
2986 87 3058 138 ΙΙ.

1404 5500 1521 5553 196.
1690 5501 1733 5534 9³
1767 5500 1865 5554 lib.
1889 5517 1920 5554 v
1952 5500 2188 5564 Strom.,
2220 5515 2272 5569 p.
2308 5500 2433 5554 598.
2603 5500 2646 5534 93
2675 5500 2919 5562 Justin.,
2954 5500 3188 5551 Exhort.
3221 5500 3289 5550 ed
3321 5500 3524 5559 Graec,
3559 5500 3702 5568 p.21.

1404 5571 1455 5642 9f,
1481 5571 1662 5637 Plato,
1695 5577 1739 5627 t.
1775 5572 1874 5637 III,
1902 5571 2073 5642 epist.
2105 5571 2160 5640 8,
2193 5572 2264 5642 ad
2296 5571 2516 5638 Eruet,
2551 5575 2684 5640 etc.,
2719 5573 2776 5626 et
2805 5569 2979 5641 epist.
3009 5571 3045 5623 2
3071 5568 3143 5624 ad
3176 5567 3408 5641 Dionys.
3443 5563 3705 5628 “Euseb,

3665 90 3784 146 1120

2024 211 2079 278 Α
2107 206 2396 290 doctrina,
2414 222 2552 290 eam
2567 206 2917 290 Christianis
2937 210 3322 290 documentis
3349 215 3785 290 accomudasse,

2108 284 2306 360 atque
2339 294 2407 360 ex
2617 277 2820 360 Aemi,
2859 281 3073 360 Verhn,
3114 285 3472 360 sapientia,
3528 277 3783 360 aliisque:

2103 366 2231 420 quae
2258 348 2406 404 Plato
2439 350 2638 422 divine
2666 348 2952 408 attributa
2981 348 3231 422 dicebat,
3263 348 3612 412 distinctas
3635 377 3666 414 e
3685 348 3782 418 Deo

2100 426 2292 497 Patre,
2327 422 2428 497 sed
2457 421 2721 497 ejusdem
2756 429 2978 497 naturis
3010 421 3301 497 personas
3334 430 3747 489 constituisse.

2172 493 2280 548 Sed
2296 492 2430 563 quis
2443 494 2800 563 stupendum
2815 493 2960 552 illud
2979 492 3154 563 atque
3167 515 3261 554 om
3276 499 3480 556 nibus
3507 501 3777 561 hactenus

2100 563 2446 642 inauditum
2464 567 2822 642 paradoxum
2851 566 2911 622 in
2943 567 3201 626 hominis
3221 571 3516 642 alicujus
3538 581 3774 632 mentem

2098 637 2352 709 venisse,
2388 635 2652 709 illudque
2683 639 2755 693 ab
2787 637 2914 709 ipso
2955 648 3069 694 tam
3118 635 3474 698 insolentér
3506 644 3570 699 in
3602 644 3771 704 lucem

2101 707 2446 782 proferri,_et
2465 708 2656 782 doceri
2681 707 3198 782 non—obstupescat
3219 713 3246 768 Ῡ
3282 715 3563 770 Missum
3597 718 3770 772 enim-

2098 795 2259 860 vero.
2288 779 2534 860 facimus
2593 781 2716 860 hoc_
2759 779 3159 860 commentum
3193 783 3388 860 plane
3425 787 3768 860 penitusque

2101 851 2284 929 rejici,
2305 859 2362 929 _et.
2383 850 2718 929 impugnari
2741 853 2813 907 ab
2836 854 3122 929 ejusdem,
3147 850 3331 929 cujus
3371 850 3642 929 scriptor
3674 850 3765 917 iste

2099 923 2430 1001 neotericus
2461 925 2790 1001 fautorest,
2825 930 2995 979 sectae
3026 923 3416 996 homin—ibus,
3457 923 3566 1001 qui
3598 932 3767 986 Justi-

2099 997 2598 1074 nuuimartyram,
2618 999 2680 1074 et
2695 995 3051 1074 Clementem
3071 1004 3353 1074 nostrum
3382 1001 3451 1055 in
3479 995 3624 1058 suas
3646 1020 3763 1059 con-

2095 1068 2187 1120 tra
2215 1065 2449 1138 Christi,
2481 1065 2843 1138 divinitatem
2875 1072 3069 1138 partes
3101 1071 3343 1126 trahere
3379 1075 3591 1128 conati
3624 1085 3759 1129 sunt.

2096 1141 2174 1191 Ex
2203 1137 2376 1192 solita
2405 1136 2695 1208 siquidem
2724 1136 3048 1195 errantium
3097 1140 3432 1198 hominum
3482 1146 3758 1208 contradi-

2095 1208 2285 1283 ctione
2301 1205 2581 1283 adversus
2595 1209 3062 1266 insulsissimum
3077 1214 3394 1282 opinionis
3412 1205 3757 1283 mohstrum,

2095 1280 2250 1351 quod
2279 1279 2474 1359 seipse
2505 1285 2740 1337 corruat
2769 1298 3006 1338 necesse
3035 1279 3146 1352 est,
3178 1287 3597 1359 pugnandum
3644 1279 3753 1344 esse

2093 1367 2209 1408 non
2241 1352 2616 1406 arbitramur.

2166 1422 2329 1478 Illius
2360 1423 2558 1510 itaque
2587 1422 2903 1510 falsitatem
2936 1423 3608 1510 exniisieviden‘tiusime
3637 1446 3749 1510 pro-

2092 1494 2324 1583 bamus,
2357 1494 2574 1583 quibus
2604 1494 2980 1583 doctissimos
3007 1496 3279 1583 Ecclesiae
3315 1494 3746 1583 Patres,primo

2017 1580 2062 1644 Β
2090 1571 2148 1621 et
2167 1565 2426 1649 secundo
2458 1567 2720 1692 ejusdem
2748 1567 3015 1623 Ecclesiae
3039 1569 3274 1640 saeculo,
3305 1575 3503 1644 atque
3541 1565 3742 1643 ipsum-

2093 1641 2214 1692 met
2243 1642 2417 1692 etiam
2448 1640 2487 1691 C
2511 1642 2802 1692 ementem
2837 1643 3103 1692 nostrum
3153 1657 3512 1692 sunremam
3547 1642 3738 1692 Christi

2093 1641 2214 1713 met
2243 1637 2417 1713 etiam
2448 1637 2802 1713 Clementem
2837 1643 3103 1694 nostrum
3153 1637 3514 1713 suprem'am
3547 1637 3739 1698 Christi

2093 1709 2478 1784 divinitatem,
2502 1710 2818 1784 agnovisset
2842 1709 3295 1784 constanterque
3328 1714 3669 1769 vindicasse
3694 1714 3738 1768 in

2093 1780 2202 1836 hac
2233 1779 2483 1851 aliisque
2515 1779 2918 1852 superioribus
2961 1784 3180 1840 nostris
3203 1779 3734 1842 dissertationibus

2092 1852 2326 1908 abunde
2355 1853 2825 1908 demonstratum
2859 1857 2966 1910 est.

2167 1924 2384 1998 Deinde
2415 1940 2549 1980 vero
2581 1923 2891 1998 ridiculum
2944 1924 3116 1996 plane
3145 1925 3452 1998 vigilantis
3502 1926 3730 1983 hominis

2095 1996 2392 2082 somniant
2427 2000 2517 2077 est
2547 2013 2580 2050 e
2607 1995 2842 2082 iustino
2866 1995 3722 2082 martyre,_aut_quolibet_alio,

2094 2083 2229 2139 cum
2263 2066 2561 2139 Platonica
2591 2067 2964 2139 philosophia
3011 2066 3068 2123 in
3117 2066 3525 2126 Christianam
3556 2070 3724 2125 Eccle-

2095 2137 2241 2193 siem
2261 2138 2450 2194 introd
2463 2137 2661 2193 uctu‘m
2677 2137 2860 2194 fuisse
2873 2140 2983 2195 hoc
2994 2140 3065 2194 de
3076 2141 3278 2196 eadem
3293 2142 3518 2198 Christi
3539 2142 3717 2196 divini-

2095 2214 2213 2265 tate
2227 2209 2667 2284 documentum.
2683 2212 2844 2284 Quod
2868 2212 3188 2284 quidemﬁut
3210 2213 3462 2284 plenum
3477 2213 3718 2269 omnibus

2094 2285 2152 2337 et
2186 2282 2566 2354 manifestum
2600 2282 2722 2347 fiat,
2754 2283 2918 2354 prius
2949 2283 3153 2340 sedulo
3185 2282 3613 2340 observandum
3644 2288 3716 2338 est

2094 2360 2255 2408 extra
2311 2353 2605 2408 nascentis
2653 2359 2710 2408 et
2756 2353 3148 2410 adolescentis
3207 2355 3478 2413 Ecclesiae
3533 2355 3707 2410 limina

2095 2424 2525 2499 philosophiam
2559 2424 2964 2499 gentilem,uti
2993 2426 3349 2484 Socinianus
3381 2444 3600 2499 quoque
3624 2427 3704 2499 ille

2094 2497 2347 2570 scriptor
2376 2497 2591 2570 fatetur
2633 2513 2856 2570 nosque
2909 2498 3060 2553 infra
3116 2497 3699 2570 ostendemus—procul

2095 2568 2280 2623 tuisse
2311 2568 2708 2639 emendatam.
2753 2568 2963 2624 Postea
3003 2585 3138 2625 vero
3186 2570 3470 2638 Clemens,
3513 2568 3693 2639 aliique

2095 2639 2481 2714 eruditissimi
2517 2638 2788 2714 hamines
2818 2641 2974 2709 quod
3008 2640 3067 2695 in
3099 2656 3168 2696 ea
3197 2641 3441 2714 aliisque
3467 2638 3690 2714 philoso-

2095 2711 2345 2784 phorum
2381 2709 2631 2784 placitis
2645 2727 2843 2784 verum
2895 2715 3041 2779 erat,
3075 2709 3442 2784 quodque—ab
3467 2709 3681 2768 Hebreis

2094 2781 2312 2838 ethnici
2345 2781 2675 2853 philosophi
2711 2781 3052 2848 hauserant,
3079 2781 3111 2838 εἰ
3143 2781 3470 2840 Christianis
3493 2784 3675 2838 admit-

2093 2856 2229 2910 tend
2241 2870 2338 2908 um
2353 2869 2482 2909 esse
2502 2853 2676 2908 variis
2692 2855 2985 2909 rationum
3002 2858 3317 2912 momentis
3334 2854 3657 2910 convicerunt.

2095 2927 2202 2981 Sed
2235 2931 2363 2980 tum
2394 2925 2502 2994 illi,
2535 2925 3029 2996 quemadmodum
3063 2927 3236 2982 etiam
3262 2927 3387 2982 infra
3411 2925 3651 2996 diceturet

2097 2997 2403 3067 diligenter
2431 2993 2814 3070 animadverti
2845 2998 3032 3070 debet,
3059 2997 3261 3070 plures
3286 3011 3463 3068 eosque
3480 2993 3650 3070 egeri-i-

2095 3086 2222 3126 mos
2243 3067 2464 3140 experti
2491 3072 2630 3140 sunt
2647 3067 3032 3140 adversarios,
3047 3067 3170 3140 qui,
3199 3087 3331 3125 cum
3347 3067 3400 3124 id
3414 3067 3656 3140 pmtracte

2095 3137 2394 3214 negarent,
2412 3139 2677 3214 non‘sine
2695 3139 2867 3214 longo
2898 3137 3180 3214 temporis
3202 3141 3392 3214 lapsu,
3411 3137 3588 3214 aliquit}
3613 3149 3672 3214 ει

2137 3209 2458 3285 egenorum
2491 3209 2858 3285 philosophia
2881 3229 2914 3268 a
2936 3209 3155 3285 nostris
3172 3209 3498 3285 susceptum
3514 3209 3682 3285 astitit

2137 3231 2456 3285 egenorum
2491 3231 2858 3283 pniiosopnia
2881 3231 2914 3268 a
2936 3231 3155 3268 nostris
3172 3231 3498 3285 susceptum
3517 3231 3682 3264 BSLJLIL

2095 3231 2190 3340 liis
2221 3284 2421 3360 itaque
2446 3283 2880 3360 ita_observa_tis
2902 3284 3196 3360 evidenter
3217 3285 3496 3360 colligitur
3508 3280 3684 3360 [etsunt

2095 3353 2339 3412 omnino
2363 3371 2493 3410 esse
2523 3354 2866 3422 Clementis,
2932 3356 3239 3422 multoque
3270 3353 3464 3411 minus
3511 3353 3688 3410 Justini

2096 3427 2374 3499 martyris
2417 3430 2604 3494 aetate,
2635 3442 2752 3497 qua
2809 3426 3054 3499 hujusce
3110 3425 3499 3483 altercationis
3546 3425 3686 3478 estus

2096 3498 2286 3570 major
2314 3502 2457 3567 erat,
2492 3499 2804 3570 novumtde
2833 3498 3046 3570 Christi
3076 3499 3613 3570 divinitatetdogma
3634 3507 3688 3546 ex

2096 3568 2352 3625 Platonis
2383 3570 2686 3625 Academia
2707 3569 2763 3623 in
2789 3569 3254 3626 Christianorum
3284 3568 3578 3626 Ecclesiam
3603 3579 3688 3635 po-

2093 3642 2279 3698 tuisse
2308 3641 2650 3717 transmitti.
2685 3644 2749 3696 In
2781 3657 2914 3696 eum
2935 3642 3253 3717 enimvero,
3275 3643 3382 3717 _qui
3421 3641 3478 3696 id
3510 3642 3691 3717 tentare

2095 3712 2537 3786 ausust‘uisset,
2561 3717 2945 3786 omnescerte
2977 3712 3385 3786 Christiani,ac
3415 3712 3693 3786 praesrtim

2095 3784 2331 3858 gentilis
2364 3783 2746 3858 philosophice
2771 3783 2998 3858 inimici
3021 3784 3191 3858 illico
3223 3783 3588 3858 involassent,
3617 3791 3696 3832 nec

2096 3854 2338 3928 impune
2364 3854 2640 3911 tulissent
2662 3856 2735 3911 ab
2767 3854 2866 3912 illo
2897 3856 3160 3928 funditus
3179 3857 3356 3912 everti
3384 3854 3700 3928 praecipiti}!!!

2096 3873 2338 3928 impune
2364 3873 2640 3911 tulissent
2662 3873 2735 3911 an
2767 3873 2866 3912 lllO
2897 3873 3160 3912 iunuitus
3179 3873 3356 3912 everti
3429 3873 3699 3926 Γωοιρυυω

2096 3928 2229 3984 ﬁdei
2267 3932 2476 4011 nostras
2507 3927 3134 4011 fu_ndam_entum.9ua
3181 3873 3556 4011 ergo-.li'onte
3596 3920 3699 4011 Cit:

2096 4016 2264 4055 mens
2295 4007 2497 4054 noster
2551 3999 2611 4054 in
2670 3999 2796 4054 suis
2852 3999 3129 4054 omnibus
3160 3998 3416 4070 scriptis,
3455 3998 3698 4069 praecipue

2095 4071 2319 4145 verosin
2355 4070 2820 4145 hisUStrmnamnt
2867 4070 3054 4138 libris,
3107 4071 3558 4145 uhi__tantopere
3597 4078 3703 4145 vera

2095 4143 2338 4198 ethnicis
2370 4141 2748 4212 philosophiae
2781 4143 3133 4197 documenta
3156 4159 3189 4197 a
3211 4141 3567 4212 Christianis
3584 4141 3702 4193 reci-

2096 4214 2308 4286 piende
2323 4211 2450 4268 esse
2475 4213 3072 4286 probat,divinitatem
3095 4213 3332 4286 Christi,
3355 4213 3438 4269 uti
3463 4211 3698 4286 vidimus,

2094 4283 2313 4356 passim
2347 4285 2602 4340 asseruit
2627 4291 2680 4340 et
2714 4285 3076 4341 vindicavit?
3117 4285 3235 4340 Cur
3270 4283 3701 4341 adversariorum

2097 4374 2337 4413 suorum
2373 4356 2618 4430 insidias
2640 4361 2698 4412 et
2721 4356 3184 4430 malevolentiam
3208 4356 3701 4430 minimedepreca-

2096 4433 2216 4496 tus,
2237 4445 2336 4483 eas
2367 4426 2594 4484 amoliri
2630 4446 2743 4483 non
2775 4429 3162 4496 conatur,imo
3181 4444 3312 4483 vero
3338 4428 3508 4483 deiis
3538 4426 3704 4496 nequi'

2070 4493 2230 4555 -dem
2266 4499 2523 4570 cogitet?
2570 4500 2682 4555 Cur
2714 4501 2820 4556 hoc
2851 4493 3086 4572 dogma,
3121 4517 3234 4555 non
3267 4515 3433 4555 secus
3486 4515 3550 4554 ac
3598 4493 3704 4572 alia,

2098 4572 2314 4643 quibus
2337 4564 2516 4626 nemo
2547 4588 2807 4642 unquam
2841 4564 3168 4642 refFagatus
3199 4576 3434 4637 est,tam
3469 4572 3647 4643 aperte
3663 4564 3705 4616 et

2099 4642 2455 4699 conﬁdenter
2485 4644 2754 4713 proponit
2785 4659 2851 4698 ec
2884 4645 3259 4714 propugnat?
3289 4643 3493 4697 Nonne
3525 4642 3576 4696 id
3605 4652 3704 4692 ma-

2098 4714 2486 4770 nifestissimo
2503 4716 2670 4768 nobis
2695 4714 2910 4769 indicio
2925 4714 3174 4769 csthanc
3197 4729 3569 4769 communem
3590 4722 3705 4766 sem-

2100 4800 2202 4858 per
2249 4784 2431 4858 fuisse
2476 4786 2742 4858 omnium
2800 4785 3272 4841 Christianorum
3323 4785 3639 4857 opinionem
3663 4778 3705 4830 et

2099 4855 2453 4929 sententiam
2471 4855 2498 4910 ‘I
3111 4924 3124 4929 _
3343 4855 3376 4929 ς
3604 4923 3622 4929 Δ
3675 4917 3684 4929 ι

2170 4928 2318 4991 Quid
2351 4944 2505 4994 vero,
2539 4929 2690 4998 quod
2735 4927 2834 4981 ille
2881 4943 2997 4980 non
3047 4924 3246 4998 minus
3291 4925 3547 4998 planum
3599 4921 3705 4978 facit

2101 4999 2346 5066 Platoni,
2379 4997 2579 5069 utpote
2608 4999 2975 5054 Hebraeorum
3013 4997 3260 5052 scientia
3286 4997 3589 5062 instructo,
3616 5005 3703 5048 non

2101 5071 2246 5125 bene
2277 5075 2642 5140 compertum
2676 5071 2854 5125 fuisse
2884 5069 3273 5124 sanctissimis
3293 5069 3592 5124 Trinitatis
3615 5078 3707 5131 my-

2101 5142 2368 5211 sterium,
2404 5146 2579 5212 atque
2607 5143 2663 5195 in
2689 5158 2754 5196 eo
2777 5141 3119 5211 exponendo
3152 5157 3184 5194 e
3220 5140 3464 5212 veritate
3489 5157 3597 5195 non
3627 5151 3704 5206 pa-

2101 5232 2229 5269 rum
2261 5211 2580 5269 descivisse
2624 5215 2652 5268 ‘I
2711 5212 2855 5275 Quid
2890 5213 3088 5279 etiam,
3121 5211 3274 5280 quod
3307 5213 3460 5266 idem
3484 5212 3707 5280 Clemens

2102 5286 2248 5341 nihil
2280 5304 2348 5341 ex
2379 5286 2496 5351 his,
2528 5303 2653 5353 qurn
2688 5285 2784 5339 ille
2833 5279 3318 5354 philosophorum
3367 5283 3535 5338 facile
3583 5279 3707 5354 prin:

2101 5374 2235 5425 ceps
2269 5359 2336 5410 de
2369 5358 2462 5412 Dei
2486 5347 2678 5430 λέγῃ),
2712 5347 2919 5425 Verbo,
2949 5361 3004 5410 et
3036 5347 3323 5424 sapientia
3365 5347 3601 5422 dixerat,
3629 5347 3703 5406 sed

2220 5515 2272 5569 p.
2308 5498 2433 5554 598.
2603 5499 2646 5534 93
2675 5497 2919 5562 Justin.,
2954 5496 3188 5569 Exhort.
3221 5495 3289 5569 ed
3321 5499 3540 5569 Graiae.L
3559 5512 3609 5568 p.
3637 5489 3702 5569 gl.

339 5639 380 5695 l.
415 5659 434 5695 i
466 5641 710 5710 Praepar.
744 5656 857 5708 ev.,
897 5657 948 5696 c.
985 5639 1095 5710 16,—
1114 5642 1177 5694 17
1209 5644 1264 5695 et
1295 5641 1380 5694 18.
1413 5641 1456 5675 ⁸⁷
1486 5642 1697 5696 Strom.
1731 5642 1771 5697 l.
1798 5659 1853 5711 v,
1887 5639 1955 5714 pf
1975 5641 2102 5710 581,
2127 5639 2247 5697 604.
