3990 6152
371 191 510 247 1179

377 321 448 374 de
480 335 598 389 qua
641 335 747 374 nos
786 322 930 374 tom.
968 319 1014 374 II
1067 320 1363 389 Apparat.,
1415 319 1650 374 dissert.
1701 318 1756 385 3,
1807 334 1932 388 cap.
1967 318 2023 388 5,
2053 320 2106 386 Α

375 391 404 458 §
434 391 482 443 4.
520 391 628 444 Sed
660 395 868 461 praeter
899 391 1121 445 multos
1153 407 1186 445 a
1216 391 1387 445 nobis
1417 390 1535 444 illic
1565 389 1856 456 laudatos,
1881 389 2025 444 alios

377 479 410 515 a
440 462 725 517 Cotelerio
773 463 829 515 in
865 461 990 517 suis
1020 463 1088 516 ad
1124 463 1371 517 Pastoris
1404 461 1620 516 librum
1671 462 2026 517 observatio-

376 534 511 588 bus.
550 551 602 603 p.
635 533 726 601 64,
760 533 952 587 adhuc
986 534 1194 588 citatos
1225 534 1506 589 invenies.

451 603 807 658 Clementem
833 620 1004 674 porro
1027 606 1097 659 de
1121 606 1394 660 secundis
1423 609 1551 674 post
1581 603 1848 674 conjugis
1874 619 2026 656 mor-

380 679 496 730 tem
530 675 754 746 nuptiis
777 676 1173 746 disputantem
1201 676 1486 732 hactenus
1509 675 1863 730 audivimus.
1882 675 2028 739 Quid

381 752 578 802 autem
613 747 708 801 ille
734 747 804 801 de
824 751 1035 803 veteris
1065 748 1394 802 testamenti
1430 746 2028 817 patriarcharum,qui

382 819 581 890 plures
605 818 781 872 simul
808 836 1017 874 uxores
1043 819 1354 885 habebant,
1379 819 2027 890 polygamia,_docuerit,

382 889 631 961 strictim
657 891 823 958 juvat
875 892 1177 961 attingere.
1211 888 1445 945 Fatetur
1475 888 1668 945 autem
1724 888 1910 953 illam,
1943 893 2026 943 ta-

384 960 558 1014 metsi
590 961 938 1017 Christianis
987 960 1223 1017 omnino
1268 963 1442 1016 vetita
1502 962 1788 1031 sit,justa
1837 966 2028 1015 tamen

385 1048 564 1086 causa
596 1033 776 1087 fuisse
811 1033 1161 1100 patriarchis
1195 1032 1310 1087 illis
1352 1035 1424 1087 ab
1457 1032 1708 1103 ipsomet
1746 1031 1861 1086 Deo
1894 1047 2030 1085 con-

386 1119 633 1158 cessam.
678 1126 704 1152 α
737 1108 895 1158 Tunc
948 1107 1126 1172 enim,
1181 1105 1373 1174 inquit
1422 1104 1515 1158 ille
1536 1105 1604 1168 η,
1652 1103 1708 1156 id
1765 1103 2029 1173 exigebat

381 1175 558 1255 Deus,
576 1176 810 1255 quando
842 1177 1148 1255 oportebat
1178 1192 1363 1245 genus
1387 1175 1712 1255 humanum
1739 1175 1934 1255 augeri
1973 1179 2030 1228 et

383 1245 820 1316 multiplicari.»
843 1245 921 1301 De
954 1247 1276 1301 Abrahamo
1316 1253 1508 1302 autem
1553 1245 1900 1301 nominatim
1931 1261 2025 1299 eo-

384 1317 514 1370 dem
554 1317 724 1387 plane
758 1319 927 1372 modo
962 1319 1407 1386 pronuntiat”:
1434 1340 1460 1366 «
1497 1318 1573 1372 Ex
1614 1318 1801 1372 tribus
1835 1316 2025 1370 uxori-

383 1389 496 1460 bus
530 1390 743 1442 liberos
777 1395 1137 1460 susceperat,
1161 1407 1274 1444 non
1300 1395 1365 1444 ut
1397 1390 1688 1444 frueretur
1709 1387 2026 1460 voluptate,

382 1459 485 1532 sed
518 1461 671 1529 quod
707 1458 1063 1532 speraref,ut
1095 1461 1333 1532 puto,in
1360 1461 1642 1532 principio
1665 1458 2028 1532 genusmul-

382 1530 670 1600 tiplicare.
698 1553 724 1580 »
751 1530 935 1592 Quam
971 1531 1206 1601 quidem
1241 1530 1632 1597 rationem,_ut
1665 1530 1902 1586 minime
1925 1533 2028 1584 du-

381 1601 647 1669 biam,ac
678 1603 918 1657 omnino
958 1607 1172 1658 certam
1219 1603 1435 1672 profert
1473 1603 1819 1658 Ambrosius
1839 1603 1904 1669 ²⁴,
1938 1603 2024 1657 fu-

381 1673 628 1753 siusque
659 1672 1198 1753 expl_icat.__\li_desis,
1227 1675 1275 1728 si
1303 1675 1496 1753 placet
1518 1679 1575 1753 et
1597 1679 1780 1753 vacat,
1807 1691 1933 1744 quae
1967 1674 2024 1753 in
2057 1688 2104 1753 Β

378 1745 647 1817 ejusdem
683 1744 970 1799 Ambrosii
1017 1745 1198 1801 libros
1228 1747 1764 1814 subnotavimus,et
1795 1762 1921 1817 quae
1952 1745 2023 1799 de

377 1815 1119 1888 Abrahamiialiorumque
1175 1817 1638 1886 patriarcharum
1691 1815 2025 1888 polfgamia

375 1886 630 1957 theologi
656 1887 988 1942 scholastici
1011 1889 1068 1942 in
1103 1906 1157 1942 1v
1181 1890 1450 1954 Sentent.,
1473 1886 1734 1943 distinct.
1760 1886 1854 1952 35,
1874 1893 1930 1942 et
1963 1889 2020 1940 in

381 1958 442 2012 D.
479 1958 686 2014 Thom.
721 1959 1013 2031 supplem.
1043 1965 1244 2030 quaest.
1275 1961 1364 2024 65,
1401 1964 1509 2016 art.
1537 1961 1591 2029 2,
1623 1960 2020 2030 disputarunt.

924 2057 1322 2114 ARTICULUS
1367 2057 1466 2113 IIl.

488 2144 562 2198 De
593 2143 949 2199 matrimonii
979 2145 1204 2201 vinculo
1242 2162 1530 2217 nunquam
1557 2145 1916 2202 dissoluenda.

451 2246 636 2310 Quam
663 2248 892 2298 arctum
915 2249 968 2299 et
990 2244 1400 2300 indissolubile
1420 2245 1496 2300 sit
1521 2245 1878 2300 matrimonii
1902 2245 2023 2300 vin-

378 2317 578 2369 culum
606 2314 697 2369 his
713 2315 981 2370 Clemens
1007 2322 1204 2370 noster
1226 2317 1472 2386 explicat
1497 2317 1688 2372 verbis
1711 2318 1755 2351 ³⁸
1779 2335 1835 2373 :«
1861 2318 2023 2382 Quod

379 2391 573 2440 autem
607 2386 905 2441 consuluit
938 2387 1236 2458 Scriptura
1287 2405 1526 2443 uxorem
1577 2389 1808 2452 ducere,
1832 2395 1890 2443 et
1923 2405 2025 2443 nec

378 2475 410 2512 a
451 2459 730 2540 conjugio
779 2475 1052 2540 unquam
1112 2461 1399 2540 permittit
1455 2460 1773 2526 discedere,
1834 2460 2022 2540 legem

381 2535 580 2597 aperte
628 2530 970 2584 constituit:
1009 2530 1129 2586 Non
1163 2531 1429 2586 dimittes
1476 2547 1735 2598 uxorem,
1787 2537 2022 2601 praster-

380 2615 558 2669 quam
613 2606 846 2671 propter
895 2602 1361 2668 fornicationem.
1401 2602 1770 2657 Adulterium
1829 2607 2023 2658 autem

381 2671 677 2744 existimat
699 2672 977 2742 conjungi
1003 2674 1401 2738 matrimonio,
1423 2673 1548 2727 vivo
1572 2673 1751 2727 altero
1773 2689 1840 2727 ex
1863 2691 2024 2744 sepa-

382 2741 546 2794 ratis.
576 2763 602 2789 »
632 2743 801 2796 Docet
831 2741 1027 2812 itaque
1058 2744 1352 2798 neminem
1376 2745 1448 2798 ad
1477 2744 1795 2798 ineundum
1832 2741 2026 2799 matri-

383 2813 645 2866 monium
678 2813 799 2867 ulla
841 2815 1150 2884 Scripturaa
1183 2815 1307 2885 lege
1339 2815 1612 2885 astringi;
1647 2816 1744 2870 sed
1780 2815 1875 2869 ubi
1909 2816 2025 2869 ini-

385 2888 511 2938 tum
545 2890 652 2951 est,
678 2889 817 2959 tunc
848 2887 1062 2959 conjux
1080 2885 1276 2941 divina
1304 2886 1430 2958 lege
1461 2892 1694 2941 tenetur
1716 2887 2024 2959 conjugem

386 2971 692 3025 nunquam
726 2955 1039 3011 dimittere.

459 3025 669 3108 Verum
704 3027 940 3120 quidem
967 3031 1081 3120 est,
1103 3027 1374 3120 inqpiunt
1400 3026 1604 3120 aliqui,
1630 3028 2022 3084 arctissimum
2059 3052 2102 3120 α

383 3097 645 3170 coniugii
673 3099 973 3154 vinculum
1003 3100 1082 3153 ibi
1108 3117 1142 3154 a
1162 3099 1454 3154 Clemente
1481 3115 1851 3170 summopere
1873 3117 2026 3156 com-

385 3167 763 3242 mendari.iAt
788 3171 928 3240 quia
959 3171 1175 3226 ibidem
1209 3171 1422 3242 adjecit
1449 3167 1594 3239 πλὴν
1629 3169 1675 3223 εἰ
1708 3167 1783 3242 μὴ
1818 3169 1902 3225 ἐπὶ
1935 3170 2026 3226 λό-

382 3259 466 3312 γῳ
493 3240 764 3311 πορνείας,
785 3243 920 3296 inde
943 3242 1214 3314 colligere
1237 3240 1298 3298 se
1321 3260 1492 3314 posse
1517 3240 1722 3312 putant
1744 3243 2022 3299 Clementi

383 3329 731 3383 persuasum
765 3314 946 3370 fuisse
976 3314 1084 3369 hoc
1132 3314 1286 3369 idem
1341 3314 1700 3369 matrimonii
1729 3315 2026 3372 vinculum

386 3383 910 3458 adniteriorevera
949 3389 1005 3440 et
1049 3385 1311 3458 dissolvi,
1340 3391 1398 3440 et
1447 3386 1741 3441 innocenti
1793 3387 2028 3458 conjugi

385 3455 622 3510 licuisse
645 3457 826 3522 aliud,
853 3473 984 3512 cum
1010 3456 1202 3523 vellet,
1228 3459 1374 3511 inire
1397 3458 1856 3514 matrimonium.
1877 3455 2030 3524 Quo-

385 3526 536 3579 circa
563 3529 714 3596 quod
751 3529 1046 3584 subnectit
1072 3529 1340 3584 Clemens
1380 3528 1732 3584 adulterium
1764 3547 1912 3599 esse,
1945 3530 2028 3584 vi-

381 3599 849 3670 venteconjuge,
877 3600 1251 3655 matrimonio
1277 3600 1557 3670 copulari,
1586 3601 1664 3655 ibi
1696 3601 1862 3656 aiunt
1890 3602 2029 3656 sub-

387 3666 597 3740 audiri,
629 3666 865 3740 excepta
912 3671 1318 3727 fornicationis
1349 3666 1558 3740 causa;
1595 3672 1666 3726 ob
1698 3689 1828 3727 eam
1872 3673 2028 3728 enim

388 3738 573 3814 solam
625 3738 972 3810 secundum,
1005 3743 1227 3798 vivente
1277 3738 1554 3814 conjuge,
1589 3744 2026 3798 matrimonium

385 3809 613 3865 licitum
642 3828 774 3886 esse
829 3816 1051 3886 putavit
1083 3833 1096 3869 :
1130 3832 1247 3885 qua
1277 3809 1516 3886 quidem
1549 3830 1726 3870 causa
1773 3815 2030 3884 sublata,

388 3888 544 3938 esset
575 3882 766 3953 reipsa
797 3882 1177 3940 adulterium.

458 3954 567 4008 Sed
601 3971 871 4010 veremur
913 3973 986 4012 ne
1015 3956 1074 4010 hi
1107 3956 1422 4012 Clementis
1474 3959 1726 4011 mentem
1775 3957 2029 4013 assecuti

388 4041 503 4079 non
537 4027 771 4099 fuerint.
792 4029 944 4082 Audi
967 4029 1371 4098 enim,quasso,
1390 4027 1525 4098 quid
1553 4036 1753 4099 postea
1776 4028 1872 4083 Ille
1894 4029 2029 4083 sub-

391 4097 676 4170 texuit“:
705 4122 730 4148 ι(
765 4100 871 4164 Qui
918 4103 1112 4154 autem
1147 4097 1454 4155 dimissam
1504 4097 1714 4170 accipit
1767 4116 2026 4167 uxorem,

393 4168 954 4244 mmchatur,_inquit
978 4187 994 4244 :_
1016 4171 1075 4225 Si
1098 4172 1232 4241 quis
1263 4171 1420 4244 enim
1449 4168 1741 4244 dimiserit
1771 4187 2030 4244 uxorem,

392 4239 719 4314 moechatur
745 4239 958 4311 ipsam,
983 4242 1090 4295 hoc
1114 4239 1203 4298 est
1233 4243 1388 4314 cogit
1416 4258 1544 4297 eam
1579 4242 1876 4298 mmehari.
1901 4239 2029 4298 Non

390 4310 579 4383 solum
615 4310 806 4367 autem
831 4314 930 4382 qui
957 4314 1202 4378 dimisit,
1228 4310 1467 4383 est'ejus
1495 4330 1694 4381 causa,
1718 4316 1817 4369 sed
1852 4315 2030 4370 etiam
2075 4325 2083 4332 ‘

386 4382 483 4462 qui
516 4399 643 4437 eam
677 4385 944 4466 suscipit,
977 4387 1239 4454 praebens
1285 4384 1518 4479 mulieri
1551 4387 1827 4479 peccandi
1863 4403 2029 4479 ojcca-
2064 4416 2108 4479 D

388 4455 650 4519 sionem;
683 4455 731 4528 si
755 4455 935 4528 enim
987 4474 1100 4512 non
1155 4456 1458 4528 suscipiat,
1494 4461 1812 4528 revertetur
1843 4458 1913 4512 ad
1944 4456 2034 4510 vi-

387 4541 539 4578 rum.
570 4546 594 4576 ιι
621 4526 789 4592 Quid,
821 4528 1062 4583 obsecro
1109 4532 1186 4593 te,
1228 4526 1350 4584 hmo
1399 4527 1512 4581 sibi
1561 4526 1801 4583 volunt?
1831 4532 2034 4585 Nonne

390 4595 659 4670 Clemens
687 4598 768 4670 ibi
803 4599 1189 4655 disertissime
1212 4599 1507 4670 signiﬁcat
1530 4600 1888 4654 matrimonii
1908 4599 2032 4654 vin-

393 4667 594 4723 culum
621 4669 800 4742 etiam
847 4672 1000 4727 200
1033 4667 1756 4742 propterqfornicationem
1808 4689 1923 4726 non
1958 4672 2036 4726 ita

395 4754 523 4795 esse
569 4741 827 4796 solutum
863 4746 927 4798 ut
956 4741 1212 4799 dimissae
1243 4743 1474 4798 mulieri
1507 4741 1676 4797 liceat
1706 4741 1871 4797 alteri
1915 4743 2036 4798 viro

395 4811 635 4874 nubere,
669 4818 773 4868 aut
819 4813 875 4868 in
924 4831 1162 4870 uxorem
1213 4815 1286 4868 ab
1334 4813 1529 4884 altero
1565 4813 1790 4884 accipi?
1835 4814 2039 4869 Nonne

395 4897 667 4951 expresse
724 4886 898 4940 tradit
947 4888 1066 4940 fore
1097 4890 1162 4941 ut
1205 4885 1323 4947 illa.
1358 4885 1407 4940 si
1437 4883 1581 4938 nulli
1634 4883 1921 4955 nupserit.
1965 4886 2036 4940 ad

393 4955 582 5028 virum
617 4957 986 5011 revertatur?
1031 4957 1150 5012 Hoc
1192 4957 1372 5028 igitur
1403 4955 1647 5028 divortio
1697 4955 1840 5010 nihil
1878 4955 2035 5012 aliud

396 5026 683 5089 Clemens,
719 5028 829 5082 nisi
876 5029 1063 5084 solam
1098 5026 1296 5083 uxoris
1327 5046 1359 5083 a
1387 5027 1512 5081 viro
1557 5028 2037 5096 disjunctionem,

398 5097 536 5162 sive,
571 5103 635 5152 ut
682 5098 934 5167 theologi
984 5099 1326 5168 loquuntur,
1360 5098 1676 5169 conjugum
1729 5101 1913 5169 quoad
1950 5108 2040 5155 to-

398 5187 551 5232 rum,
573 5187 687 5226 non
707 5174 896 5242 quoad
919 5171 1218 5228 vinculum
1239 5169 1665 5242 separationem
1685 5170 2041 5227 intellexisse

394 5242 480 5296 vid
492 5247 584 5296 etu
596 5260 640 5298 r.

463 5315 527 5368 Et.
562 5331 620 5367 re
649 5315 884 5384 quidem
938 5315 1068 5387 ipsa
1112 5315 1268 5369 hunc
1319 5329 1445 5368 esse
1495 5311 1809 5387 Clementis
1837 5311 2041 5387 nostri

395 5400 634 5440 sensum
662 5403 727 5441 ea
758 5384 1110 5453 adhuc,quze
1133 5387 1600 5456 subsequuntur,
1619 5384 1773 5440 haud
1797 5385 2042 5456 obscure

395 5456 824 5514 demonstrant.
855 5458 1044 5529 Pergit
1065 5459 1221 5514 enim
1246 5459 1290 5492 ²⁷
1317 5455 1364 5511 εί·
1391 5456 1538 5520 Quid
1567 5471 1702 5512 vero
1731 5457 1816 5512 lex
1839 5455 2041 5527 (nimi-

467 5598 512 5631 ²²
542 5598 754 5651 Strom.
792 5597 830 5650 l.
864 5616 948 5664 ιη,
984 5617 1040 5668 p.
1076 5601 1196 5653 461.

1067 199 1141 250 IN
1180 198 1633 250 CLEMENNEM
1673 195 1886 249 ALEX.
1928 197 1996 248 D.
2037 195 2128 248 LE
2165 194 2464 249 NOURRY
2501 196 2976 248 DISSERTATIO
3011 198 3082 248 II.

1275 5598 1385 5654 1'31.
1420 5616 1483 5664 ιι,
1530 5615 1587 5666 p.
1621 5599 1746 5653 493.
1823 5600 1867 5633 ²⁴
1896 5597 2193 5666 Ambros,
2225 5596 2263 5652 1.
2301 5616 2318 5653 1
2370 5598 2441 5654 de
2487 5597 2730 5663 Abrah.,
2778 5614 2828 5653 ο.

3727 186 3831 239 US!)

2139 333 2269 371 rum
2301 315 2693 383 Mosaical,’ut
2723 318 3003 388 reprimat
3031 319 3102 373 ad
3148 314 3328 388 vitia
3365 311 3832 388 propensionem,

2131 389 2297 459 jubet
2328 389 2398 443 de
2431 389 2622 443 medio
2654 385 2961 456 tolli—eam,
2987 406 3117 458 quae
3160 385 3580 459 adulterata,
3613 389 3671 436 et
3701 385 3832 459 adul-

2139 456 2263 514 terii
2300 461 2466 514 fuerit
2493 461 2781 527 convicta;
2813 461 2901 514 sin
2927 456 3123 515 autem
3163 456 3382 512 fuerit
3409 470 3573 508 uxor
3596 456 3835 511 sacerdo-

2139 531 2233 597 tis,
2260 532 2429 601 jubet
2459 548 2586 585 eam
2621 533 2737 603 igni
2775 531 2965 586 tradi?
3001 532 3329 588 Obruitur
3377 532 3605 603 autem
3639 529 3835 581 adulter

2139 599 2369 674 quoque
2399 599 2717 673 lapidibus,
2741 605 2838 658 sed
2875 621 2988 658 non
3021 603 3078 658 in
3111 604 3370 658 eodem
3409 599 3678 674 loco,_ne
3708 614 3832 654 mors

2138 668 2374 745 quidem
2428 668 2505 728 sit
2559 675 2644 729 eis
2693 668 3046 730 Communis.
3079 676 3323 740 Neque
3382 687 3554 745 vero,
3594 668 3686 745 lex
3728 688 3831 726 cum

2138 741 2446 816 Evangelio
2478 756 2716 817 pugnat,
2744 748 2843 801 sed
2885 746 2937 800 ei
2986 747 3354 817 consentit;
3398 741 3630 817 quid_ni
3683 746 3828 810 enim,

2138 834 2268 873 cum
2289 813 2364 870 sit
2385 813 2689 887 utriusque
2709 819 3111 888 suppedxtator
3128 816 3388 873 Domin
3405 831 3483 867 us
3501 814 3531 866 ?
3551 813 3688 875 Qua
3706 830 3828 870 enim

2137 900 2222 944 est
2255 889 2709 963 fornicata,vivit
2737 889 2975 959 quidem
3013 895 3305 960 peccato,
3343 889 3466 963 sed
3507 891 3742 963 mortua
3767 895 3830 940 est

2139 960 2461 1027 mandatis;
2496 976 2620 1029 qum
2647 958 2838 1014 autem
2867 958 3040 1015 ducta
3070 967 3160 1016 est
3189 958 3627 1030 paenitentia,
3648 963 3710 1010 ut
3730 973 3827 1026 qua

2137 1033 2213 1085 sit
2246 1027 2584 1101 regenerata
2625 1047 2726 1102 per
2765 1032 2892 1085 vita:
2935 1027 3686 1102 conversi—onem,ihabet
3732 1031 3824 1082 viis

2137 1101 2653 1172 regenerationem,
2671 1110 2902 1156 mortua
2924 1104 3159 1173 quidem
3180 1107 3428 1156 vetere
3457 1101 3824 1164 fornicati-its,

2136 1174 2193 1227 in
2228 1173 2400 1227 vitam
2435 1179 2629 1227 autem
2659 1190 2867 1229 rursus
2900 1176 3166 1245 ingressa
3200 1191 3315 1236 ea,
3344 1178 3626 1245 quaest
3655 1173 3818 1241 genita

2177 1262 2239 1298 er
2271 1245 2690 1312 paenitentiam.
2716 1267 2744 1295 »
2770 1243 3011 1300 Planum
3037 1247 3114 1299 ibi
3139 1246 3464 1300 Clemens
3492 1243 3638 1297 facit
3666 1248 3717 1296 in
3741 1247 3816 1297 hoc

2159 1333 2322 1388 egeﬁm
2354 1322 2602 1388 veterem
2636 1333 2767 1371 cum
2801 1316 3130 1388 evangelica
3165 1314 3591 1388 consentire,
3619 1321 3682 1368 ut
3711 1331 3818 1388 uxor

2137 1385 2409 1442 adulterii
2443 1388 2706 1442 convicta
2753 1389 2824 1442 de
2868 1385 3061 1442 medio
3111 1388 3423 1442 tollatur.
3462 1385 3587 1439 Lex
3633 1386 3811 1457 quippe

2136 1464 2299 1513 vetus
2322 1460 2494 1527 jubet
2523 1475 2649 1513 eam
2674 1459 2841 1513 obrui
2870 1460 3188 1530 lapidibus,
3215 1463 3344 1512 aut
3377 1457 3434 1512 si
3469 1473 3629 1530 uxor
3658 1460 3809 1530 sitas-

2138 1531 2414 1597 cerdotis,
2446 1531 2580 1600 igne
2623 1531 2908 1586 comburi.
2929 1528 3059 1586 Lex
3089 1547 3229 1585 vero
3269 1528 3656 1600 evangelica
3684 1528 3807 1581 illam

2138 1601 2429 1673 mandatis
2459 1599 2517 1673 et
2547 1601 2672 1656 vitae
2705 1601 2999 1673 spirituali
3033 1607 3358 1656 mortuam
3399 1599 3692 1655 declarat.
3722 1600 3800 1654 Sed

2135 1672 2255 1727 haec
2279 1690 2428 1727 nova
2457 1672 2709 1744 lex,qua3
2742 1672 2917 1729 veteri
2953 1673 3117 1741 longe
3149 1674 3523 1744 plurimum
3563 1687 3800 1744 mansne-

2131 1744 2335 1798 tudine
2367 1741 2684 1809 antecellit,
2704 1744 3034 1800 adulteram
3068 1741 3347 1800 interﬁci
3387 1760 3517 1798 non
3549 1741 3792 1813 praecipit,

2134 1819 2200 1869 ut
2227 1816 2396 1870 detur
2425 1815 2534 1885 ipsi
2583 1815 2899 1886 pmnitendi
2948 1815 3135 1882 locus,
3159 1833 3231 1871 ac
3291 1816 3552 1870 sincera
3582 1830 3791 1882 veraque

2131 1887 2472 1958 pcenitentia
2504 1887 2574 1941 ad
2608 1887 3031 1958 vitamscilicet
3053 1887 3463 1958 spiritualem
3501 1893 3787 1939 revocetur.

2133 1960 2272 2014 Post
2288 1963 2476 2012 actam
2503 1975 2671 2030 porro
2693 1957 2930 2014 sceleris
2946 1959 3035 2014 sui
3065 1957 3340 2030 pmniten
3352 1959 3510 2030 tiam
3535 1959 3609 2012 ad
3632 1957 3781 2030 virum

2131 2046 2302 2111 suum
2335 2028 2565 2113 reverti,
2597 2035 2654 2084 et
2684 2032 2754 2084 ab
2781 2031 2908 2113 ipso
2934 2027 3157 2113 suscipi
3192 2029 3587 2113 potest:_Nqn
3621 2027 3782 2113 exisii-

2134 2101 2311 2178 mavit
2341 2099 2477 2178 ergo
2498 2101 2764 2178 Clemens
2789 2099 3237 2178 matrimonium
3276 2101 3591 2178 adulterio
3623 2099 3692 2152 ita
3716 2099 3779 2178 di:

2133 2172 2290 2238 rimi,
2342 2177 2408 2227 ut
2450 2173 2705 2227 secundo
2758 2177 2956 2244 postea
2991 2173 3275 2298 coniugio
3303 2174 3496 2228 etiam
3522 2172 3774 2226 innocenti

2133 2243 2367 2298 coniugi
2409 2243 2670 2298 conulari
2705 2245 2790 2298 fas
2832 2245 3024 2298 fuerit.
3055 2247 3091 2298 A
3123 2250 3320 2298 teram
3359 2245 3523 2298 enim
3570 2256 3768 2296 uxorem

2132 2243 2367 2313 conjugi
2409 2243 2670 2312 copulari
2705 2243 2790 2299 fas
2832 2245 3024 2298 fuerit.
3055 2243 3320 2299 Alteram
3359 2245 3523 2299 enim
3570 2256 3768 2296 uxorem

2135 2315 2182 2370 si
2215 2317 2301 2370 vir
2333 2315 2616 2387 duxisset,
2651 2332 2765 2371 non
2799 2316 2998 2387 utique
3029 2317 3337 2386 potuisset
3365 2313 3763 2384 ampliusprio-

2135 2402 2257 2441 rem
2289 2385 2617 2441 adulteram
2646 2385 2956 2458 recipere;
2989 2385 3166 2458 quam
3217 2392 3437 2442 tamen
3489 2390 3755 2458 postquam

2136 2458 2537 2529 paenitentiam
2569 2457 2709 2528 egit,
2741 2454 2813 2513 ab
2857 2459 2981 2530 ipso
3006 2454 3756 2530 suscipiendam'esseCle-

2136 2545 2300 2585 mens
2333 2530 2699 2584 testiﬁcatur.

2205 2601 2319 2656 Nec
2349 2607 2436 2654 est
2465 2617 2624 2666 sane,
2651 2601 2805 2670 quod
2835 2601 2967 2670 quis
2999 2600 3168 2655 nobis
3201 2601 3453 2668 objiciat
3482 2597 3739 2670 Clementi,

2132 2677 2190 2752 et
2211 2672 2645 2752 antiquissimis
2664 2668 2932 2752 Ecclesiae
2952 2673 3246 2752 Patribus,
3269 2673 3499 2752 penitus
3525 2668 3739 2750 incogni-

2134 2749 2256 2819 tam
2290 2742 2471 2819 fuisse
2493 2745 2878 2819 excogitatam
2903 2762 2936 2798 a
2957 2744 3336 2819 scholasticis
3359 2742 3607 2819 theologis
3621 2756 3726 2819 ima-

2135 2815 2398 2869 trimonii
2432 2817 2621 2884 quoad
2642 2813 2864 2870 "torum
2897 2821 2955 2870 et
2985 2816 3176 2885 quoad
3212 2815 3510 2885 vinculum,
3535 2813 3717 2885 disjun-

2135 2886 2409 2957 ctionem.
2447 2880 2524 2940 Ex
2556 2887 2808 2957 ipsomet
2855 2880 3147 2956 siquidem
3185 2886 3448 2957 Apostolo
3470 2884 3540 2957 sic
3573 2880 3703 2933 illam

2135 2956 2404 3030 Clemens
2429 2955 2694 3026 probavit
2716 2959 2758 2993 ³⁸
2786 2974 2835 3030 τες
2859 2955 3020 3023 Quod
3053 2974 3123 3013 ex
3146 2955 3414 3030 consensu
3432 2955 3690 3030 adtempns

2141 3029 2389 3100 orationi
2412 3025 2576 3083 vacat
2607 3029 2966 3099 coniugium,
2985 3028 3260 3084 doctrina
3280 3034 3354 3084 est
3373 3025 3687 3100 continentiae.

2139 3099 2366 3170 Adjecit
2395 3101 2551 3155 enim
2604 3100 2743 3155 illud
2797 3101 3057 3170 quidem,
3090 3117 3161 3155 ex
3193 3112 3552 3161 consensu,ne
3588 3099 3696 3161 quis

2135 3171 2479 3227 dissolveret
2511 3171 2972 3227 matrimonium.
3000 3172 3081 3228 Ad
3110 3177 3354 3241 tempus
3383 3174 3635 3232 antem,ne
3651 3177 3709 3214 ex

2137 3244 2494 3316 necessitate
2534 3259 2809 3316 exercens
2840 3240 3266 3316 continentiam
3299 3242 3375 3309 is,
3399 3240 3487 3311 qui
3523 3248 3716 3316 uxorein

2137 3315 2389 3380 duxerit,
2423 3314 2739 3385 aliquando
2788 3313 3022 3370 labatur
3052 3314 3108 3368 in
3144 3319 3470 3385 peccatum,
3492 3313 3719 3385 ut_qui1n

2140 3387 2196 3442 id
2231 3386 2468 3450 incidat,
2496 3379 2558 3440 u't
2582 3403 2687 3457 suo
2711 3387 2948 3457 quidem
2977 3379 3253 3455 conju'gio
3283 3379 3725 3457 parcat,_alienum

2140 3463 2333 3511 autem
2368 3453 2761 3527 concupiscat.
2790 3479 2816 3505 ››
2849 3453 3364 3524 Nemini—profecto
3386 3453 3605 3511 dubium
3630 3461 3726 3527 esse

2141 3534 2334 3599 potest
2364 3517 2720 3602 Clementem
2753 3528 2832 3582 ibi
2855 3528 3038 3602 _loqui
3085 3517 3155 3602 de
3204 3527 3552 3602 conjugibus
3578 3517 3723 3602 quoad

2140 3597 2332 3656 torum
2367 3601 2667 3668 duntaxat,
2702 3604 2759 3655 et
2802 3599 2872 3654 ad
2915 3597 3151 3670 aliquod
3188 3597 3475 3670 temporis
3503 3597 3729 3667 spatium.

2141 3677 2204 3726 ut
2235 3670 2479 3726 orationi
2505 3670 2735 3726 facilius
2764 3675 3055 3736 vacarent,
3085 3688 3118 3725 a
3140 3687 3202 3725 se
3224 3670 3482 3725 invicem
3512 3678 3732 3737 separan-

2140 3743 2252 3800 dis.
2283 3744 2355 3797 At
2384 3758 2518 3797 cum
2553 3742 2736 3809 addit,
2762 3765 2790 3790 «
2825 3759 2892 3797 ex
2932 3758 3246 3805 consensu,
3272 3764 3300 3791 »
3341 3741 3610 3796 nimirum
3631 3749 3732 3809 inu-

2139 3819 2262 3879 tuo,
2287 3836 2314 3863 ‹‹
2344 3830 2413 3868 ne
2444 3814 2577 3883 quis
2608 3807 2948 3869 dissolveret
2970 3813 3438 3880 matrimonium,
3459 3834 3489 3862 ››
3513 3807 3646 3883 aliud
3665 3820 3737 3859 os-

2139 3886 2328 3962 tendit
2346 3882 2477 3962 esse
2495 3885 2958 3962 divortium_._quo
2982 3883 3345 3962 matrimonii
3369 3882 3647 3962 vinculum
3667 3889 3736 3962 pg:

2140 3957 2298 4012 nitus
2329 3956 2673 4011 dissolvitur
2701 3973 2766 4012 ac
2797 3951 3116 4011 dirimitur.
3153 3955 3301 4011 Illud
3333 3972 3534 4026 porro,
3564 3951 3738 4026 vivente

2138 4027 2567 4100 conjuge,_solvi
2593 4029 2833 4100 omnino
2857 4045 2922 4083 ac
2941 4028 3137 4082 dirimi
3163 4024 3426 4100 unquam
3450 4040 3615 4097 posse
3633 4024 3736 4100 satis

2139 4093 2348 4170 aperte
2371 4097 2651 4170 Clemens,
2687 4099 2978 4154 inﬁciatus
3009 4105 3117 4154 est.
3153 4093 3366 4153 Eadem
3413 4093 3637 4168 quoque
3673 4093 3737 4170 e§l

2139 4169 2430 4227 sententia
2457 4169 2952 4240 Tertulliani,qui
3001 4171 3072 4225 ad
3127 4186 3366 4225 uxorem
3419 4185 3587 4225 suam
3627 4169 3736 4218 scri-

2140 4242 2220 4296 bit
2243 4243 2287 4277 ²⁰
2312 4260 2323 4296 :
2351 4264 2388 4317 «_
2411 4242 2561 4317 Quot
2609 4247 2768 4317 su_nt_,
2799 4241 2914 4317 qui_
2947 4241 3143 4296 statim
3174 4258 3229 4317 _a
3269 4241 3505 4296 lavacro
3555 4247 3733 4317 carnem

2141 4330 2310 4370 suam
2339 4313 2694 4383 obsignant?
2719 4315 2873 4385 Quot
2902 4313 3062 4376 item,
3088 4312 3648 4385 quiconsensuipari
3675 4312 3735 4385 ia-

2140 4390 2228 4441 ter
2275 4401 2336 4439 se
2397 4384 2753 4439 matrimonii
2813 4386 3076 4438 debitum
3132 4383 3386 4438 tollunt?
3423 4383 3738 4440 Volunt—ariis

2141 4455 2506 4526 spadonibus
2539 4473 2640 4526 pro
2667 4455 2988 4525 cupiditate
3019 4455 3260 4524 coslesti,
3289 4454 3449 4510 salvo
3483 4453 3737 4526 matrimo-

2145 4529 2263 4590 nio,
2287 4527 2642 4582 abstinentia
2675 4527 2974 4582 toleratur.
2999 4550 3017 4574 υ
3049 4527 3252 4582 Eidem
3285 4527 3587 4582 sententia!
3609 4533 3743 4579 maxi-

2145 4616 2239 4654 mo
2271 4614 2411 4653 sane
2444 4614 2730 4654 consensu
2764 4599 3160 4669 suffragantur
3189 4602 3246 4653 et
3275 4598 3372 4653 alii
3396 4603 3612 4662 Patres,
3631 4603 3735 4664 quos

2144 4671 2203 4725 in
2239 4686 2297 4724 re
2327 4669 2655 4725 certissima
2684 4670 3025 4726 nominibus
3057 4669 3353 4741 appellare
3402 4670 3532 4725 suis
3583 4678 3735 4737 super-

2145 4757 2460 4797 vacaneum
2493 4741 2791 4796 duximus.
3145 4809 3156 4813 _
3244 4809 3287 4813 ί,
3547 4811 3563 4813 _
3709 4801 3718 4813 .

2219 4813 2394 4867 Porro
2426 4817 2620 4868 autem
2656 4829 2788 4868 cum
2822 4828 2891 4866 ex
2922 4809 3199 4882 Apostolo
3230 4809 3500 4867 Clemens
3531 4804 3739 4866 docuerit

2148 4885 2427 4954 conjuges
2458 4901 2629 4954 posse
2659 4884 2897 4954 quidem
2921 4900 2954 4938 a
2976 4899 3038 4938 se
3067 4882 3315 4937 invicem
3344 4883 3412 4937 ad
3439 4887 3656 4947 tempus
3678 4891 3741 4954 sq-

2149 4945 2479 5028 parari,sed
2507 4945 2734 5028 tantum
2759 4973 2828 5011 ex
2858 4959 3063 5028 mutuo
3086 4976 3115 5004 «
3148 4970 3497 5028 consensu,-
3526 4945 3743 5028 animad-

2150 5022 2326 5093 verte,
2347 5043 2564 5098 quasso,
2589 5045 2660 5082 an
2692 5027 2828 5082 inde
2851 5027 2985 5095 jure
3017 5025 3225 5098 merito
3257 5026 3447 5097 possit
3476 5022 3656 5095 colligi
3680 5033 3742 5098 ξο-

2152 5099 2268 5154 lam
2315 5090 2732 5154 fornicationis
2783 5090 3019 5154 causam
3069 5097 3139 5152 ad
3177 5090 3422 5170 uxorem
3474 5090 3746 5170 quomodq-

2151 5187 2382 5244 cunque
2413 5171 2830 5244 dimittendum
2863 5170 2920 5244 in
2943 5167 3255 5240 Evangelio
3286 5168 3416 5224 ideo
3451 5167 3742 5244 memorari:

2151 5239 2301 5310 quia
2320 5242 2392 5297 ob
2433 5257 2562 5297 eam
2611 5240 2797 5299 solam
2847 5241 2934 5295 vir
2981 5256 3220 5296 uxorem
3273 5256 3468 5306 suam,
3503 5239 3746 5296 adulterii.

2151 5330 2334 5387 ream,
2357 5313 2531 5369 etiam
2553 5310 3262 5387 reclamantem,_invitam
3288 5316 3354 5387 et_
3370 5312 3748 5387 repuguantgm

2151 5385 2448 5440 dimittere
2481 5389 2728 5456 poterat.
2761 5386 2864 5440 Sed
2895 5385 2966 5438 de
3001 5383 3112 5440 hac
3151 5380 3474 5454 quaestione
3504 5381 3637 5439 alibi
3663 5380 3746 5434 dis-

2152 5457 2492 5528 putavimus
2522 5457 2587 5511 ³ο.

2884 5597 2935 5665 4,
2985 5599 3013 5665 §
3056 5597 3150 5664 24,
3204 5613 3260 5668 p.
3305 5597 3436 5668 29,1.
3515 5598 3746 5652 “Strom.

400 5665 535 5752 1:11.
569 5685 625 5752 p.
659 5669 782 5752 [$24.
821 5665 1078 5752 l’f‘i’b‘id.
1153 5671 1196 5703 ³⁷
1226 5669 1370 5724 ibid.
1450 5670 1494 5704 2³
1523 5665 1737 5724 Strom.
1770 5669 1811 5726 l.
1843 5687 1928 5738 III,
1974 5687 2027 5740 p.

2143 5665 2185 5726 3.
2263 5670 2307 5704 ²⁹
2339 5670 2585 5752 Tertul.,
2618 5669 2656 5726 l.
2691 5687 2708 5724 ι
2741 5670 2827 5725 Ad
2862 5686 3050 5736 uxor.,
3085 5686 3132 5724 c.
3165 5665 3222 5722 ϐξ
3295 5667 3341 5703 ³ο
3374 5667 3479 5724 lib.
3512 5687 3531 5724 ι
3561 5673 3748 5742 Δρρεικυ

399 5738 633 5794 dissert.
665 5738 719 5804 4,
751 5741 862 5789 art.
893 5739 983 5790 24.
