  <div class='ocr_page' id='page_1' title='image "/cluster/home/n/w/nwhite01/storage/ocr_20150623/9/mdp.39015008686282/604.png"; bbox 0 0 3990 6152; ppageno 0'>
   <div class='ocr_carea' id='block_1_1' title="bbox 250 223 387 278">
    <p class='ocr_par' dir='ltr' id='par_1_1' title="bbox 250 223 387 278">
     <span class='ocr_line' id='line_1_1' title="bbox 250 223 387 278; baseline -0.007 0"><span class='ocrx_word' id='word_1_1' title='bbox 250 223 387 278; x_wconf 83' lang='grc'>1193</span> 
     </span>
    </p>
   </div>
   <div class='ocr_carea' id='block_1_2' title="bbox 1513 229 2373 287">
    <p class='ocr_par' dir='ltr' id='par_1_2' title="bbox 1513 229 2373 287">
     <span class='ocr_line' id='line_1_2' title="bbox 1513 229 2373 287; baseline 0.01 -9"><span class='ocrx_word' id='word_1_2' title='bbox 1513 229 1607 279; x_wconf 82' lang='lat' dir='ltr'>DE</span> <span class='ocrx_word' id='word_1_3' title='bbox 1644 230 1876 283; x_wconf 82' lang='lat' dir='ltr'>LIBRIS</span> <span class='ocrx_word' id='word_1_4' title='bbox 1911 232 2246 286; x_wconf 76' lang='lat' dir='ltr'>STROMAT</span> <span class='ocrx_word' id='word_1_5' title='bbox 2254 236 2373 287; x_wconf 78' lang='grc' dir='ltr'>ΟΜ.</span> 
     </span>
    </p>
   </div>
   <div class='ocr_carea' id='block_1_3' title="bbox 3510 236 3649 289">
    <p class='ocr_par' dir='ltr' id='par_1_3' title="bbox 3510 236 3649 289">
     <span class='ocr_line' id='line_1_3' title="bbox 3510 236 3649 289; baseline 0 0"><span class='ocrx_word' id='word_1_6' title='bbox 3510 236 3649 289; x_wconf 86' lang='grc'>1194</span> 
     </span>
    </p>
   </div>
   <div class='ocr_carea' id='block_1_4' title="bbox 240 344 3639 470">
    <p class='ocr_par' dir='ltr' id='par_1_4' title="bbox 240 344 3639 470">
     <span class='ocr_line' id='line_1_4' title="bbox 240 344 3639 470; baseline 0.003 -68"><span class='ocrx_word' id='word_1_7' title='bbox 240 363 342 402; x_wconf 90' lang='lat' dir='ltr'>sus</span> <span class='ocrx_word' id='word_1_8' title='bbox 389 346 707 427; x_wconf 70' lang='lat' dir='ltr'>timensne</span> <span class='ocrx_word' id='word_1_9' title='bbox 737 344 1012 470; x_wconf 61' lang='lat' dir='ltr'>saetiger,</span> <span class='ocrx_word' id='word_1_10' title='bbox 1049 344 1342 415; x_wconf 90' lang='lat' dir='ltr'>meipsum</span> <span class='ocrx_word' id='word_1_11' title='bbox 1376 344 1578 419; x_wconf 83' lang='lat' dir='ltr'>diligo,</span> <span class='ocrx_word' id='word_1_12' title='bbox 1610 348 1885 405; x_wconf 82' lang='lat' dir='ltr'>timorem</span> <span class='ocrx_word' id='word_1_13' title='bbox 1912 357 1967 422; x_wconf 82' lang='grc' dir='ltr'><strong>Α</strong></span> <span class='ocrx_word' id='word_1_14' title='bbox 1998 353 2296 408; x_wconf 89' lang='lat' dir='ltr'>tritionem</span> <span class='ocrx_word' id='word_1_15' title='bbox 2327 352 2748 423; x_wconf 80' lang='lat' dir='ltr'>imperfectam,</span> <span class='ocrx_word' id='word_1_16' title='bbox 2784 367 2911 422; x_wconf 84' lang='lat' dir='ltr'>quae</span> <span class='ocrx_word' id='word_1_17' title='bbox 2962 352 3183 409; x_wconf 87' lang='lat' dir='ltr'>attritio</span> <span class='ocrx_word' id='word_1_18' title='bbox 3227 354 3462 424; x_wconf 88' lang='lat' dir='ltr'>dicitur,</span> <span class='ocrx_word' id='word_1_19' title='bbox 3495 373 3639 427; x_wconf 84' lang='lat' dir='ltr'>quo-</span> 
     </span>
     <span class='ocr_line' id='line_1_5' title="bbox 240 416 3636 470; baseline 0 0"><span class='ocrx_word' id='word_1_20' title='bbox 240 418 478 470; x_wconf 69' lang='lat' dir='ltr'>eligens.</span> <span class='ocrx_word' id='word_1_21' title='bbox 513 419 621 470; x_wconf 83' lang='lat' dir='ltr'>Om</span> <span class='ocrx_word' id='word_1_22' title='bbox 652 421 823 470; x_wconf 83' lang='lat' dir='ltr'>timet</span> <span class='ocrx_word' id='word_1_23' title='bbox 852 418 906 470; x_wconf 89' lang='lat' dir='ltr'>Ol</span> <span class='ocrx_word' id='word_1_24' title='bbox 932 416 1144 470; x_wconf 88' lang='lat' dir='ltr'>endere</span> <span class='ocrx_word' id='word_1_25' title='bbox 1177 422 1425 470; x_wconf 81' lang='lat' dir='ltr'>patrem.</span> <span class='ocrx_word' id='word_1_26' title='bbox 1456 419 1718 470; x_wconf 86' lang='lat' dir='ltr'>seinsnm</span> <span class='ocrx_word' id='word_1_27' title='bbox 1748 421 1881 470; x_wconf 86' lang='lat' dir='ltr'>dili-</span> <span class='ocrx_word' id='word_1_28' title='bbox 1998 424 2152 470; x_wconf 74' lang='lat' dir='ltr'>niam</span> <span class='ocrx_word' id='word_1_29' title='bbox 2182 424 2268 470; x_wconf 73' lang='lat' dir='ltr'>vel</span> <span class='ocrx_word' id='word_1_30' title='bbox 2303 441 2368 470; x_wconf 66' lang='lat' dir='ltr'>ex</span> <span class='ocrx_word' id='word_1_31' title='bbox 2401 423 2789 470; x_wconf 79' lang='lat' dir='ltr'>turnitndinis</span> <span class='ocrx_word' id='word_1_32' title='bbox 2814 424 3031 470; x_wconf 78' lang='lat' dir='ltr'>neccati</span> <span class='ocrx_word' id='word_1_33' title='bbox 3059 426 3528 470; x_wconf 59' lang='grc' dir='ltr'>αηηςιὶίὶριιηϋηηρ</span> <span class='ocrx_word' id='word_1_34' title='bbox 3553 428 3636 470; x_wconf 65' lang='lat' dir='ltr'>val</span> 
     </span>
    </p>
   </div>
   <div class='ocr_carea' id='block_1_5' title="bbox 238 416 1881 489">
    <p class='ocr_par' dir='ltr' id='par_1_5' title="bbox 238 416 1881 489">
     <span class='ocr_line' id='line_1_6' title="bbox 238 416 1881 489; baseline 0.001 -16"><span class='ocrx_word' id='word_1_35' title='bbox 238 418 478 489; x_wconf 85' lang='lat' dir='ltr'>eligens.</span> <span class='ocrx_word' id='word_1_36' title='bbox 513 417 621 481; x_wconf 88' lang='lat' dir='ltr'>Qui</span> <span class='ocrx_word' id='word_1_37' title='bbox 652 417 823 472; x_wconf 85' lang='lat' dir='ltr'>timet</span> <span class='ocrx_word' id='word_1_38' title='bbox 852 416 1144 471; x_wconf 79' lang='lat' dir='ltr'>ollendere</span> <span class='ocrx_word' id='word_1_39' title='bbox 1177 422 1425 489; x_wconf 83' lang='lat' dir='ltr'>patrem,</span> <span class='ocrx_word' id='word_1_40' title='bbox 1456 416 1718 489; x_wconf 77' lang='lat' dir='ltr'>seipsum</span> <span class='ocrx_word' id='word_1_41' title='bbox 1748 421 1881 475; x_wconf 87' lang='lat' dir='ltr'>dili-</span> 
     </span>
    </p>
   </div>
   <div class='ocr_carea' id='block_1_6' title="bbox 241 487 1877 561">
    <p class='ocr_par' dir='ltr' id='par_1_6' title="bbox 241 487 1877 561">
     <span class='ocr_line' id='line_1_7' title="bbox 241 487 1877 561; baseline 0.003 -19"><span class='ocrx_word' id='word_1_42' title='bbox 241 487 340 561; x_wconf 53' lang='lat' dir='ltr'>git:</span> <span class='ocrx_word' id='word_1_43' title='bbox 369 512 397 538; x_wconf 87' lang='lat'>»</span> <span class='ocrx_word' id='word_1_44' title='bbox 421 490 651 544; x_wconf 80' lang='lat' dir='ltr'>Primus</span> <span class='ocrx_word' id='word_1_45' title='bbox 682 489 1075 561; x_wconf 79' lang='lat' dir='ltr'>itaquetimor</span> <span class='ocrx_word' id='word_1_46' title='bbox 1091 490 1259 561; x_wconf 83' lang='lat' dir='ltr'>juxta</span> <span class='ocrx_word' id='word_1_47' title='bbox 1274 487 1597 561; x_wconf 80' lang='lat' dir='ltr'>Clementis</span> <span class='ocrx_word' id='word_1_48' title='bbox 1623 496 1877 547; x_wconf 86' lang='lat' dir='ltr'>mentem</span> 
     </span>
    </p>
   </div>
   <div class='ocr_carea' id='block_1_7' title="bbox 242 558 1879 634">
    <p class='ocr_par' dir='ltr' id='par_1_7' title="bbox 242 558 1879 634">
     <span class='ocr_line' id='line_1_8' title="bbox 242 558 1879 634; baseline 0.001 -19"><span class='ocrx_word' id='word_1_49' title='bbox 242 558 337 615; x_wconf 73' lang='lat' dir='ltr'>ille</span> <span class='ocrx_word' id='word_1_50' title='bbox 368 566 477 626; x_wconf 92' lang='lat' dir='ltr'>est,</span> <span class='ocrx_word' id='word_1_51' title='bbox 511 576 626 631; x_wconf 92' lang='lat' dir='ltr'>quo</span> <span class='ocrx_word' id='word_1_52' title='bbox 659 559 792 634; x_wconf 83' lang='lat' dir='ltr'>quis</span> <span class='ocrx_word' id='word_1_53' title='bbox 822 558 1231 634; x_wconf 75' lang='lat' dir='ltr'>aliquidsicut</span> <span class='ocrx_word' id='word_1_54' title='bbox 1264 560 1443 615; x_wconf 88' lang='lat' dir='ltr'>feram</span> <span class='ocrx_word' id='word_1_55' title='bbox 1465 564 1706 634; x_wconf 80' lang='lat' dir='ltr'>metuit,</span> <span class='ocrx_word' id='word_1_56' title='bbox 1744 579 1879 634; x_wconf 87' lang='lat' dir='ltr'>pro-</span> 
     </span>
    </p>
   </div>
   <div class='ocr_carea' id='block_1_8' title="bbox 245 629 1879 714">
    <p class='ocr_par' dir='ltr' id='par_1_8' title="bbox 245 629 1879 714">
     <span class='ocr_line' id='line_1_9' title="bbox 245 629 1879 714; baseline -0.007 -28"><span class='ocrx_word' id='word_1_57' title='bbox 245 638 363 714; x_wconf 76' lang='lat' dir='ltr'>pter</span> <span class='ocrx_word' id='word_1_58' title='bbox 396 629 623 714; x_wconf 61' lang='lat' dir='ltr'>poenam</span> <span class='ocrx_word' id='word_1_59' title='bbox 647 629 928 714; x_wconf 80' lang='lat' dir='ltr'>nimirum</span> <span class='ocrx_word' id='word_1_60' title='bbox 949 629 1347 714; x_wconf 58' lang='lat' dir='ltr'>infligendam.</span> <span class='ocrx_word' id='word_1_61' title='bbox 1376 635 1443 684; x_wconf 84' lang='lat' dir='ltr'>At</span> <span class='ocrx_word' id='word_1_62' title='bbox 1465 631 1558 686; x_wconf 92' lang='lat' dir='ltr'>hic</span> <span class='ocrx_word' id='word_1_63' title='bbox 1581 629 1758 714; x_wconf 56' lang='lat' dir='ltr'>timor</span> <span class='ocrx_word' id='word_1_64' title='bbox 1780 650 1879 714; x_wconf 73' lang='lat' dir='ltr'>Pe-</span> 
     </span>
    </p>
   </div>
   <div class='ocr_carea' id='block_1_9' title="bbox 248 700 1873 770">
    <p class='ocr_par' dir='ltr' id='par_1_9' title="bbox 248 700 1873 770">
     <span class='ocr_line' id='line_1_10' title="bbox 248 700 1873 770; baseline 0.001 -12"><span class='ocrx_word' id='word_1_65' title='bbox 248 700 412 758; x_wconf 78' lang='lat' dir='ltr'>nitus</span> <span class='ocrx_word' id='word_1_66' title='bbox 431 701 659 757; x_wconf 89' lang='lat' dir='ltr'>servilis</span> <span class='ocrx_word' id='word_1_67' title='bbox 690 706 778 756; x_wconf 92' lang='lat' dir='ltr'>est</span> <span class='ocrx_word' id='word_1_68' title='bbox 806 705 982 770; x_wconf 91' lang='lat' dir='ltr'>atque</span> <span class='ocrx_word' id='word_1_69' title='bbox 1029 700 1196 755; x_wconf 91' lang='lat' dir='ltr'>illum</span> <span class='ocrx_word' id='word_1_70' title='bbox 1236 701 1505 758; x_wconf 85' lang='lat' dir='ltr'>Clemens</span> <span class='ocrx_word' id='word_1_71' title='bbox 1536 705 1667 759; x_wconf 91' lang='lat' dir='ltr'>odio</span> <span class='ocrx_word' id='word_1_72' title='bbox 1728 700 1873 761; x_wconf 80' lang='lat' dir='ltr'>mis—</span> 
     </span>
    </p>
   </div>
   <div class='ocr_carea' id='block_1_10' title="bbox 248 772 837 829">
    <p class='ocr_par' dir='ltr' id='par_1_10' title="bbox 248 772 837 829">
     <span class='ocr_line' id='line_1_11' title="bbox 248 772 837 829; baseline -0.008 0"><span class='ocrx_word' id='word_1_73' title='bbox 248 780 371 829; x_wconf 91' lang='lat' dir='ltr'>tum</span> <span class='ocrx_word' id='word_1_74' title='bbox 402 789 531 829; x_wconf 90' lang='lat' dir='ltr'>esse</span> <span class='ocrx_word' id='word_1_75' title='bbox 563 772 837 828; x_wconf 86' lang='lat' dir='ltr'>declarat.</span> 
     </span>
    </p>
   </div>
   <div class='ocr_carea' id='block_1_11' title="bbox 313 843 1877 913">
    <p class='ocr_par' dir='ltr' id='par_1_11' title="bbox 313 843 1877 913">
     <span class='ocr_line' id='line_1_12' title="bbox 313 843 1877 913; baseline 0.001 -14"><span class='ocrx_word' id='word_1_76' title='bbox 313 844 473 899; x_wconf 83' lang='lat' dir='ltr'>Alter</span> <span class='ocrx_word' id='word_1_77' title='bbox 492 845 669 898; x_wconf 86' lang='lat' dir='ltr'>timor</span> <span class='ocrx_word' id='word_1_78' title='bbox 696 848 805 913; x_wconf 88' lang='lat' dir='ltr'>est,</span> <span class='ocrx_word' id='word_1_79' title='bbox 831 858 947 913; x_wconf 89' lang='lat' dir='ltr'>quo</span> <span class='ocrx_word' id='word_1_80' title='bbox 977 843 1111 913; x_wconf 90' lang='lat' dir='ltr'>quis</span> <span class='ocrx_word' id='word_1_81' title='bbox 1131 847 1362 913; x_wconf 82' lang='lat' dir='ltr'>patrum</span> <span class='ocrx_word' id='word_1_82' title='bbox 1385 860 1559 898; x_wconf 89' lang='lat' dir='ltr'>suum</span> <span class='ocrx_word' id='word_1_83' title='bbox 1583 844 1877 901; x_wconf 74' lang='lat' dir='ltr'>offendere</span> 
     </span>
    </p>
   </div>
   <div class='ocr_carea' id='block_1_12' title="bbox 243 914 1879 986">
    <p class='ocr_par' dir='ltr' id='par_1_12' title="bbox 243 914 1879 986">
     <span class='ocr_line' id='line_1_13' title="bbox 243 914 1879 986; baseline 0.001 -16"><span class='ocrx_word' id='word_1_84' title='bbox 243 924 491 972; x_wconf 87' lang='lat' dir='ltr'>veretur.</span> <span class='ocrx_word' id='word_1_85' title='bbox 522 915 636 969; x_wconf 91' lang='lat' dir='ltr'>Iste</span> <span class='ocrx_word' id='word_1_86' title='bbox 667 920 861 970; x_wconf 90' lang='lat' dir='ltr'>autem</span> <span class='ocrx_word' id='word_1_87' title='bbox 894 914 1072 969; x_wconf 85' lang='lat' dir='ltr'>timor</span> <span class='ocrx_word' id='word_1_88' title='bbox 1101 930 1257 968; x_wconf 90' lang='lat' dir='ltr'>mere</span> <span class='ocrx_word' id='word_1_89' title='bbox 1289 914 1482 970; x_wconf 85' lang='lat' dir='ltr'>lilialis</span> <span class='ocrx_word' id='word_1_90' title='bbox 1514 921 1622 985; x_wconf 90' lang='lat' dir='ltr'>est,</span> <span class='ocrx_word' id='word_1_91' title='bbox 1656 915 1777 986; x_wconf 91' lang='lat' dir='ltr'>qui,</span> <span class='ocrx_word' id='word_1_92' title='bbox 1815 920 1879 971; x_wconf 88' lang='lat' dir='ltr'>ut</span> 
     </span>
    </p>
   </div>
   <div class='ocr_carea' id='block_1_13' title="bbox 243 986 1285 1057">
    <p class='ocr_par' dir='ltr' id='par_1_13' title="bbox 243 986 1285 1057">
     <span class='ocr_line' id='line_1_14' title="bbox 243 986 1285 1057; baseline -0.005 -14"><span class='ocrx_word' id='word_1_93' title='bbox 243 988 325 1043; x_wconf 90' lang='lat' dir='ltr'>ait</span> <span class='ocrx_word' id='word_1_94' title='bbox 355 986 642 1050; x_wconf 82' lang='lat' dir='ltr'>Clemens,</span> <span class='ocrx_word' id='word_1_95' title='bbox 672 986 854 1041; x_wconf 91' lang='lat' dir='ltr'>amori</span> <span class='ocrx_word' id='word_1_96' title='bbox 886 986 1285 1057; x_wconf 87' lang='lat' dir='ltr'>conjungitur.</span> 
     </span>
    </p>
   </div>
   <div class='ocr_carea' id='block_1_14' title="bbox 312 1056 1876 1127">
    <p class='ocr_par' dir='ltr' id='par_1_14' title="bbox 312 1056 1876 1127">
     <span class='ocr_line' id='line_1_15' title="bbox 312 1056 1876 1127; baseline 0 -14"><span class='ocrx_word' id='word_1_97' title='bbox 312 1058 569 1113; x_wconf 89' lang='lat' dir='ltr'>Tertium</span> <span class='ocrx_word' id='word_1_98' title='bbox 595 1058 843 1127; x_wconf 90' lang='lat' dir='ltr'>denique</span> <span class='ocrx_word' id='word_1_99' title='bbox 868 1056 1134 1111; x_wconf 85' lang='lat' dir='ltr'>timorem</span> <span class='ocrx_word' id='word_1_100' title='bbox 1159 1060 1212 1113; x_wconf 89' lang='lat' dir='ltr'>et</span> <span class='ocrx_word' id='word_1_101' title='bbox 1237 1057 1389 1111; x_wconf 90' lang='lat' dir='ltr'>inter</span> <span class='ocrx_word' id='word_1_102' title='bbox 1410 1060 1724 1127; x_wconf 90' lang='lat' dir='ltr'>utrumque</span> <span class='ocrx_word' id='word_1_103' title='bbox 1752 1073 1876 1113; x_wconf 86' lang='lat' dir='ltr'>me-</span> 
     </span>
    </p>
   </div>
   <div class='ocr_carea' id='block_1_15' title="bbox 240 1127 1879 1199">
    <p class='ocr_par' dir='ltr' id='par_1_15' title="bbox 240 1127 1879 1199">
     <span class='ocr_line' id='line_1_16' title="bbox 240 1127 1879 1199; baseline 0 -16"><span class='ocrx_word' id='word_1_104' title='bbox 240 1130 425 1196; x_wconf 89' lang='lat' dir='ltr'>dium,</span> <span class='ocrx_word' id='word_1_105' title='bbox 451 1129 571 1183; x_wconf 90' lang='lat' dir='ltr'>sive</span> <span class='ocrx_word' id='word_1_106' title='bbox 604 1127 798 1199; x_wconf 83' lang='lat' dir='ltr'>potius</span> <span class='ocrx_word' id='word_1_107' title='bbox 821 1128 1236 1183; x_wconf 85' lang='lat' dir='ltr'>secundarium</span> <span class='ocrx_word' id='word_1_108' title='bbox 1262 1128 1470 1198; x_wconf 83' lang='lat' dir='ltr'>prioris</span> <span class='ocrx_word' id='word_1_109' title='bbox 1492 1129 1722 1183; x_wconf 86' lang='lat' dir='ltr'>timoris</span> <span class='ocrx_word' id='word_1_110' title='bbox 1747 1129 1879 1183; x_wconf 73' lang='lat' dir='ltr'>effe-</span> 
     </span>
    </p>
   </div>
   <div class='ocr_carea' id='block_1_16' title="bbox 241 1199 1877 1263">
    <p class='ocr_par' dir='ltr' id='par_1_16' title="bbox 241 1199 1877 1263">
     <span class='ocr_line' id='line_1_17' title="bbox 241 1199 1877 1263; baseline 0.001 -10"><span class='ocrx_word' id='word_1_111' title='bbox 241 1205 398 1254; x_wconf 91' lang='lat' dir='ltr'>ctum</span> <span class='ocrx_word' id='word_1_112' title='bbox 421 1215 555 1254; x_wconf 90' lang='lat' dir='ltr'>eum</span> <span class='ocrx_word' id='word_1_113' title='bbox 579 1214 707 1254; x_wconf 87' lang='lat' dir='ltr'>esse</span> <span class='ocrx_word' id='word_1_114' title='bbox 728 1199 995 1254; x_wconf 86' lang='lat' dir='ltr'>Clemens</span> <span class='ocrx_word' id='word_1_115' title='bbox 1018 1199 1158 1253; x_wconf 85' lang='lat' dir='ltr'>dicit</span> <span class='ocrx_word' id='word_1_116' title='bbox 1184 1215 1197 1253; x_wconf 88' lang='lat'><strong>:</strong></span> <span class='ocrx_word' id='word_1_117' title='bbox 1226 1220 1250 1249; x_wconf 76' lang='grc' dir='ltr'><strong><em>α</em></strong></span> <span class='ocrx_word' id='word_1_118' title='bbox 1285 1201 1407 1263; x_wconf 92' lang='lat' dir='ltr'>Quo</span> <span class='ocrx_word' id='word_1_119' title='bbox 1431 1216 1638 1254; x_wconf 89' lang='lat' dir='ltr'>rursus</span> <span class='ocrx_word' id='word_1_120' title='bbox 1659 1201 1877 1255; x_wconf 90' lang='lat' dir='ltr'>timens</span> 
     </span>
    </p>
   </div>
   <div class='ocr_carea' id='block_1_17' title="bbox 242 1270 1871 1341">
    <p class='ocr_par' dir='ltr' id='par_1_17' title="bbox 242 1270 1871 1341">
     <span class='ocr_line' id='line_1_18' title="bbox 242 1270 1871 1341; baseline -0.003 -16"><span class='ocrx_word' id='word_1_121' title='bbox 242 1287 311 1325; x_wconf 91' lang='lat' dir='ltr'>ne</span> <span class='ocrx_word' id='word_1_122' title='bbox 367 1271 960 1341; x_wconf 76' lang='lat' dir='ltr'>castiger,_meipsum</span> <span class='ocrx_word' id='word_1_123' title='bbox 1009 1270 1210 1341; x_wconf 82' lang='lat' dir='ltr'>diligo,</span> <span class='ocrx_word' id='word_1_124' title='bbox 1246 1270 1515 1325; x_wconf 88' lang='lat' dir='ltr'>timorem</span> <span class='ocrx_word' id='word_1_125' title='bbox 1567 1270 1812 1341; x_wconf 86' lang='lat' dir='ltr'>eligens.</span> <span class='ocrx_word' id='word_1_126' title='bbox 1850 1293 1871 1320; x_wconf 73' lang='grc' dir='ltr'><strong>ο</strong></span> 
     </span>
    </p>
   </div>
   <div class='ocr_carea' id='block_1_18' title="bbox 245 1339 1876 1413">
    <p class='ocr_par' dir='ltr' id='par_1_18' title="bbox 245 1339 1876 1413">
     <span class='ocr_line' id='line_1_19' title="bbox 245 1339 1876 1413; baseline 0.001 -18"><span class='ocrx_word' id='word_1_127' title='bbox 245 1343 444 1410; x_wconf 82' lang='lat' dir='ltr'>itaque</span> <span class='ocrx_word' id='word_1_128' title='bbox 473 1339 569 1410; x_wconf 79' lang='lat' dir='ltr'>qui</span> <span class='ocrx_word' id='word_1_129' title='bbox 604 1339 702 1395; x_wconf 91' lang='lat' dir='ltr'>illo</span> <span class='ocrx_word' id='word_1_130' title='bbox 735 1339 943 1413; x_wconf 83' lang='lat' dir='ltr'>timore</span> <span class='ocrx_word' id='word_1_131' title='bbox 990 1339 1266 1406; x_wconf 84' lang='lat' dir='ltr'>afficitur,</span> <span class='ocrx_word' id='word_1_132' title='bbox 1296 1340 1377 1413; x_wconf 89' lang='lat' dir='ltr'>ita</span> <span class='ocrx_word' id='word_1_133' title='bbox 1429 1339 1876 1413; x_wconf 74' lang='lat' dir='ltr'>castigationem</span> 
     </span>
    </p>
   </div>
   <div class='ocr_carea' id='block_1_19' title="bbox 246 1412 1877 1483">
    <p class='ocr_par' dir='ltr' id='par_1_19' title="bbox 246 1412 1877 1483">
     <span class='ocr_line' id='line_1_20' title="bbox 246 1412 1877 1483; baseline -0.001 -15"><span class='ocrx_word' id='word_1_134' title='bbox 246 1413 472 1480; x_wconf 87' lang='lat' dir='ltr'>metuit,</span> <span class='ocrx_word' id='word_1_135' title='bbox 498 1416 561 1466; x_wconf 92' lang='lat' dir='ltr'>ut</span> <span class='ocrx_word' id='word_1_136' title='bbox 582 1413 774 1482; x_wconf 86' lang='lat' dir='ltr'>potius</span> <span class='ocrx_word' id='word_1_137' title='bbox 800 1412 1086 1482; x_wconf 87' lang='lat' dir='ltr'>seipsum,</span> <span class='ocrx_word' id='word_1_138' title='bbox 1104 1429 1283 1483; x_wconf 91' lang='lat' dir='ltr'>quam</span> <span class='ocrx_word' id='word_1_139' title='bbox 1307 1412 1495 1477; x_wconf 87' lang='lat' dir='ltr'>illum,</span> <span class='ocrx_word' id='word_1_140' title='bbox 1518 1412 1688 1483; x_wconf 89' lang='lat' dir='ltr'>aquo</span> <span class='ocrx_word' id='word_1_141' title='bbox 1721 1413 1877 1468; x_wconf 91' lang='lat' dir='ltr'>haud</span> 
     </span>
    </p>
   </div>
   <div class='ocr_carea' id='block_1_20' title="bbox 240 1483 1875 1564">
    <p class='ocr_par' dir='ltr' id='par_1_20' title="bbox 240 1483 1875 1564">
     <span class='ocr_line' id='line_1_21' title="bbox 240 1483 1875 1564; baseline 0 -27"><span class='ocrx_word' id='word_1_142' title='bbox 240 1484 417 1538; x_wconf 89' lang='lat' dir='ltr'>dubie</span> <span class='ocrx_word' id='word_1_143' title='bbox 448 1489 684 1564; x_wconf 66' lang='lat' dir='ltr'>propter</span> <span class='ocrx_word' id='word_1_144' title='bbox 712 1483 948 1564; x_wconf 51' lang='lat' dir='ltr'>culpam</span> <span class='ocrx_word' id='word_1_145' title='bbox 979 1483 1343 1564; x_wconf 76' lang='lat' dir='ltr'>et_o€fensam</span> <span class='ocrx_word' id='word_1_146' title='bbox 1377 1483 1875 1564; x_wconf 44' lang='lat' dir='ltr'>castigari‘timet,</span> 
     </span>
    </p>
   </div>
   <div class='ocr_carea' id='block_1_21' title="bbox 243 1553 1874 1626">
    <p class='ocr_par' dir='ltr' id='par_1_21' title="bbox 243 1553 1874 1626">
     <span class='ocr_line' id='line_1_22' title="bbox 243 1553 1874 1626; baseline 0.001 -17"><span class='ocrx_word' id='word_1_147' title='bbox 243 1570 437 1610; x_wconf 80' lang='lat' dir='ltr'>revera</span> <span class='ocrx_word' id='word_1_148' title='bbox 466 1553 704 1626; x_wconf 87' lang='lat' dir='ltr'>diligat._</span> <span class='ocrx_word' id='word_1_149' title='bbox 719 1554 794 1608; x_wconf 90' lang='lat' dir='ltr'>De</span> <span class='ocrx_word' id='word_1_150' title='bbox 818 1553 935 1609; x_wconf 91' lang='lat' dir='ltr'>hoc</span> <span class='ocrx_word' id='word_1_151' title='bbox 956 1558 1153 1609; x_wconf 87' lang='lat' dir='ltr'>autem</span> <span class='ocrx_word' id='word_1_152' title='bbox 1178 1554 1395 1624; x_wconf 91' lang='lat' dir='ltr'>duplici</span> <span class='ocrx_word' id='word_1_153' title='bbox 1428 1553 1770 1626; x_wconf 46' lang='lat' dir='ltr'>seu—triplici</span> <span class='ocrx_word' id='word_1_154' title='bbox 1803 1556 1874 1610; x_wconf 93' lang='lat' dir='ltr'>ti-</span> 
     </span>
    </p>
   </div>
   <div class='ocr_carea' id='block_1_22' title="bbox 242 1624 1878 1696">
    <p class='ocr_par' dir='ltr' id='par_1_22' title="bbox 242 1624 1878 1696">
     <span class='ocr_line' id='line_1_23' title="bbox 242 1624 1878 1696; baseline 0.002 -17"><span class='ocrx_word' id='word_1_155' title='bbox 242 1626 421 1681; x_wconf 90' lang='lat' dir='ltr'>moris</span> <span class='ocrx_word' id='word_1_156' title='bbox 450 1624 660 1695; x_wconf 79' lang='lat' dir='ltr'>genere</span> <span class='ocrx_word' id='word_1_157' title='bbox 693 1624 905 1696; x_wconf 84' lang='lat' dir='ltr'>legesis</span> <span class='ocrx_word' id='word_1_158' title='bbox 935 1626 1088 1696; x_wconf 89' lang='lat' dir='ltr'>quod</span> <span class='ocrx_word' id='word_1_159' title='bbox 1122 1632 1362 1680; x_wconf 89' lang='lat' dir='ltr'>sanctus</span> <span class='ocrx_word' id='word_1_160' title='bbox 1402 1624 1659 1681; x_wconf 79' lang='lat' dir='ltr'>Thomas</span> <span class='ocrx_word' id='word_1_161' title='bbox 1691 1627 1878 1681; x_wconf 84' lang='lat' dir='ltr'>tradi-</span> 
     </span>
    </p>
   </div>
   <div class='ocr_carea' id='block_1_23' title="bbox 1998 423 3639 494">
    <p class='ocr_par' dir='ltr' id='par_1_23' title="bbox 1998 423 3639 494">
     <span class='ocr_line' id='line_1_24' title="bbox 1998 423 3639 494; baseline 0.004 -16"><span class='ocrx_word' id='word_1_162' title='bbox 1998 424 2156 478; x_wconf 88' lang='lat' dir='ltr'>niam</span> <span class='ocrx_word' id='word_1_163' title='bbox 2182 424 2270 478; x_wconf 85' lang='lat' dir='ltr'>vel</span> <span class='ocrx_word' id='word_1_164' title='bbox 2303 441 2372 480; x_wconf 78' lang='lat' dir='ltr'>ex</span> <span class='ocrx_word' id='word_1_165' title='bbox 2401 423 2789 494; x_wconf 86' lang='lat' dir='ltr'>turpitudinis</span> <span class='ocrx_word' id='word_1_166' title='bbox 2814 424 3032 493; x_wconf 79' lang='lat' dir='ltr'>peccati</span> <span class='ocrx_word' id='word_1_167' title='bbox 3059 423 3528 483; x_wconf 75' lang='lat' dir='ltr'>consideratione</span> <span class='ocrx_word' id='word_1_168' title='bbox 3553 428 3639 484; x_wconf 90' lang='lat' dir='ltr'>vel</span> 
     </span>
    </p>
   </div>
   <div class='ocr_carea' id='block_1_24' title="bbox 1990 495 3637 565">
    <p class='ocr_par' dir='ltr' id='par_1_24' title="bbox 1990 495 3637 565">
     <span class='ocr_line' id='line_1_25' title="bbox 1990 495 3637 565; baseline 0.005 -18"><span class='ocrx_word' id='word_1_169' title='bbox 1990 511 2058 548; x_wconf 80' lang='lat' dir='ltr'>ex</span> <span class='ocrx_word' id='word_1_170' title='bbox 2089 495 2368 565; x_wconf 68' lang='lat' dir='ltr'>gehennae</span> <span class='ocrx_word' id='word_1_171' title='bbox 2399 501 2455 549; x_wconf 89' lang='lat' dir='ltr'>et</span> <span class='ocrx_word' id='word_1_172' title='bbox 2486 510 2794 565; x_wconf 64' lang='lat' dir='ltr'>poenarum</span> <span class='ocrx_word' id='word_1_173' title='bbox 2828 498 2985 549; x_wconf 90' lang='lat' dir='ltr'>metu</span> <span class='ocrx_word' id='word_1_174' title='bbox 3018 497 3410 565; x_wconf 85' lang='lat' dir='ltr'>communiter</span> <span class='ocrx_word' id='word_1_175' title='bbox 3441 500 3637 555; x_wconf 89' lang='lat' dir='ltr'>conci-</span> 
     </span>
    </p>
   </div>
   <div class='ocr_carea' id='block_1_25' title="bbox 1989 564 3633 641">
    <p class='ocr_par' dir='ltr' id='par_1_25' title="bbox 1989 564 3633 641">
     <span class='ocr_line' id='line_1_26' title="bbox 1989 564 3633 641; baseline 0.005 -23"><span class='ocrx_word' id='word_1_176' title='bbox 1989 564 2174 641; x_wconf 75' lang='lat' dir='ltr'>pitur,</span> <span class='ocrx_word' id='word_1_177' title='bbox 2202 564 2646 641; x_wconf 79' lang='lat' dir='ltr'>sivoluntatem</span> <span class='ocrx_word' id='word_1_178' title='bbox 2674 565 2892 635; x_wconf 78' lang='lat' dir='ltr'>peccati</span> <span class='ocrx_word' id='word_1_179' title='bbox 2924 564 3213 641; x_wconf 80' lang='lat' dir='ltr'>excludat,</span> <span class='ocrx_word' id='word_1_180' title='bbox 3240 584 3371 641; x_wconf 87' lang='lat' dir='ltr'>cum</span> <span class='ocrx_word' id='word_1_181' title='bbox 3407 587 3509 641; x_wconf 91' lang='lat' dir='ltr'>spe</span> <span class='ocrx_word' id='word_1_182' title='bbox 3537 587 3633 626; x_wconf 90' lang='lat' dir='ltr'>ve-</span> 
     </span>
    </p>
   </div>
   <div class='ocr_carea' id='block_1_26' title="bbox 1989 636 3637 712">
    <p class='ocr_par' dir='ltr' id='par_1_26' title="bbox 1989 636 3637 712">
     <span class='ocr_line' id='line_1_27' title="bbox 1989 636 3637 712; baseline 0.004 -23"><span class='ocrx_word' id='word_1_183' title='bbox 1989 636 2119 712; x_wconf 51' lang='lat' dir='ltr'>nire,</span> <span class='ocrx_word' id='word_1_184' title='bbox 2145 636 2400 691; x_wconf 88' lang='lat' dir='ltr'>declarat</span> <span class='ocrx_word' id='word_1_185' title='bbox 2426 653 2539 712; x_wconf 81' lang='lat' dir='ltr'>non</span> <span class='ocrx_word' id='word_1_186' title='bbox 2564 636 2755 691; x_wconf 90' lang='lat' dir='ltr'>solum</span> <span class='ocrx_word' id='word_1_187' title='bbox 2782 652 2895 690; x_wconf 92' lang='lat' dir='ltr'>non</span> <span class='ocrx_word' id='word_1_188' title='bbox 2921 636 3109 690; x_wconf 85' lang='lat' dir='ltr'>facere</span> <span class='ocrx_word' id='word_1_189' title='bbox 3137 636 3637 712; x_wconf 42' lang='lat' dir='ltr'>hominem-hypo-</span> 
     </span>
    </p>
   </div>
   <div class='ocr_carea' id='block_1_27' title="bbox 1987 707 3634 778">
    <p class='ocr_par' dir='ltr' id='par_1_27' title="bbox 1987 707 3634 778">
     <span class='ocr_line' id='line_1_28' title="bbox 1987 707 3634 778; baseline 0.004 -19"><span class='ocrx_word' id='word_1_190' title='bbox 1987 709 2196 778; x_wconf 85' lang='lat' dir='ltr'>critam</span> <span class='ocrx_word' id='word_1_191' title='bbox 2229 712 2286 762; x_wconf 90' lang='lat' dir='ltr'>et</span> <span class='ocrx_word' id='word_1_192' title='bbox 2317 707 2505 778; x_wconf 88' lang='lat' dir='ltr'>magis</span> <span class='ocrx_word' id='word_1_193' title='bbox 2538 712 2920 777; x_wconf 88' lang='lat' dir='ltr'>peccatorem,</span> <span class='ocrx_word' id='word_1_194' title='bbox 2949 722 3151 762; x_wconf 88' lang='lat' dir='ltr'>verum</span> <span class='ocrx_word' id='word_1_195' title='bbox 3183 709 3359 763; x_wconf 90' lang='lat' dir='ltr'>etiam</span> <span class='ocrx_word' id='word_1_196' title='bbox 3393 707 3634 766; x_wconf 77' lang='lat' dir='ltr'>domum</span> 
     </span>
    </p>
   </div>
   <div class='ocr_carea' id='block_1_28' title="bbox 1988 777 3638 848">
    <p class='ocr_par' dir='ltr' id='par_1_28' title="bbox 1988 777 3638 848">
     <span class='ocr_line' id='line_1_29' title="bbox 1988 777 3638 848; baseline 0.004 -17"><span class='ocrx_word' id='word_1_197' title='bbox 1988 777 2086 831; x_wconf 88' lang='lat' dir='ltr'>Dei</span> <span class='ocrx_word' id='word_1_198' title='bbox 2117 793 2245 833; x_wconf 89' lang='lat' dir='ltr'>esse</span> <span class='ocrx_word' id='word_1_199' title='bbox 2275 784 2331 833; x_wconf 90' lang='lat' dir='ltr'>et</span> <span class='ocrx_word' id='word_1_200' title='bbox 2358 777 2609 848; x_wconf 79' lang='lat' dir='ltr'>Spiritus</span> <span class='ocrx_word' id='word_1_201' title='bbox 2658 777 2847 832; x_wconf 83' lang='lat' dir='ltr'>sancti</span> <span class='ocrx_word' id='word_1_202' title='bbox 2899 778 3248 848; x_wconf 79' lang='lat' dir='ltr'>impulsum,</span> <span class='ocrx_word' id='word_1_203' title='bbox 3286 797 3398 834; x_wconf 88' lang='lat' dir='ltr'>non</span> <span class='ocrx_word' id='word_1_204' title='bbox 3444 783 3638 837; x_wconf 90' lang='lat' dir='ltr'>adhuc</span> 
     </span>
    </p>
   </div>
   <div class='ocr_carea' id='block_1_29' title="bbox 1987 849 3633 924">
    <p class='ocr_par' dir='ltr' id='par_1_29' title="bbox 1987 849 3633 924">
     <span class='ocr_line' id='line_1_30' title="bbox 1987 849 3633 924; baseline 0.004 -23"><span class='ocrx_word' id='word_1_205' title='bbox 1987 849 2226 924; x_wconf 78' lang='lat' dir='ltr'>quidem</span> <span class='ocrx_word' id='word_1_206' title='bbox 2279 849 2686 924; x_wconf 84' lang='lat' dir='ltr'>inhabitantis,</span> <span class='ocrx_word' id='word_1_207' title='bbox 2722 849 2822 924; x_wconf 80' lang='lat' dir='ltr'>sed</span> <span class='ocrx_word' id='word_1_208' title='bbox 2859 853 3099 924; x_wconf 61' lang='lat' dir='ltr'>tantum</span> <span class='ocrx_word' id='word_1_209' title='bbox 3152 853 3461 924; x_wconf 85' lang='lat' dir='ltr'>moventis,</span> <span class='ocrx_word' id='word_1_210' title='bbox 3513 870 3633 924; x_wconf 91' lang='lat' dir='ltr'>quo</span> 
     </span>
    </p>
   </div>
   <div class='ocr_carea' id='block_1_30' title="bbox 1989 918 3628 993">
    <p class='ocr_par' dir='ltr' id='par_1_30' title="bbox 1989 918 3628 993">
     <span class='ocr_line' id='line_1_31' title="bbox 1989 918 3628 993; baseline 0 -20"><span class='ocrx_word' id='word_1_211' title='bbox 1989 918 2275 993; x_wconf 72' lang='lat' dir='ltr'>pmnitens</span> <span class='ocrx_word' id='word_1_212' title='bbox 2306 921 2544 993; x_wconf 81' lang='lat' dir='ltr'>adjutus</span> <span class='ocrx_word' id='word_1_213' title='bbox 2574 921 2731 993; x_wconf 82' lang='lat' dir='ltr'>viam</span> <span class='ocrx_word' id='word_1_214' title='bbox 2762 918 2875 993; x_wconf 83' lang='lat' dir='ltr'>sibi</span> <span class='ocrx_word' id='word_1_215' title='bbox 2919 921 2986 973; x_wconf 89' lang='lat' dir='ltr'>ad</span> <span class='ocrx_word' id='word_1_216' title='bbox 3033 920 3329 989; x_wconf 86' lang='lat' dir='ltr'>justitiam</span> <span class='ocrx_word' id='word_1_217' title='bbox 3381 918 3564 993; x_wconf 77' lang='lat' dir='ltr'>parat.</span> <span class='ocrx_word' id='word_1_218' title='bbox 3600 947 3628 974; x_wconf 77' lang='grc'>››</span> 
     </span>
    </p>
   </div>
   <div class='ocr_carea' id='block_1_31' title="bbox 1985 990 3629 1061">
    <p class='ocr_par' dir='ltr' id='par_1_31' title="bbox 1985 990 3629 1061">
     <span class='ocr_line' id='line_1_32' title="bbox 1985 990 3629 1061; baseline 0.003 -17"><span class='ocrx_word' id='word_1_219' title='bbox 1985 991 2191 1045; x_wconf 88' lang='lat' dir='ltr'>Nonne</span> <span class='ocrx_word' id='word_1_220' title='bbox 2238 992 2394 1045; x_wconf 92' lang='lat' dir='ltr'>enim</span> <span class='ocrx_word' id='word_1_221' title='bbox 2452 992 2571 1046; x_wconf 75' lang='lat' dir='ltr'>haec</span> <span class='ocrx_word' id='word_1_222' title='bbox 2623 990 2927 1061; x_wconf 89' lang='lat' dir='ltr'>ipsissima</span> <span class='ocrx_word' id='word_1_223' title='bbox 2973 999 3060 1045; x_wconf 88' lang='lat' dir='ltr'>est</span> <span class='ocrx_word' id='word_1_224' title='bbox 3090 990 3405 1047; x_wconf 77' lang='lat' dir='ltr'>Clementis</span> <span class='ocrx_word' id='word_1_225' title='bbox 3439 996 3629 1049; x_wconf 85' lang='lat' dir='ltr'>nostri</span> 
     </span>
    </p>
   </div>
   <div class='ocr_carea' id='block_1_32' title="bbox 1988 1062 3635 1136">
    <p class='ocr_par' dir='ltr' id='par_1_32' title="bbox 1988 1062 3635 1136">
     <span class='ocr_line' id='line_1_33' title="bbox 1988 1062 3635 1136; baseline 0.004 -21"><span class='ocrx_word' id='word_1_226' title='bbox 1988 1062 2275 1136; x_wconf 86' lang='lat' dir='ltr'>doctrina,</span> <span class='ocrx_word' id='word_1_227' title='bbox 2309 1062 2431 1132; x_wconf 92' lang='lat' dir='ltr'>qui,</span> <span class='ocrx_word' id='word_1_228' title='bbox 2469 1068 2534 1116; x_wconf 91' lang='lat' dir='ltr'>ut</span> <span class='ocrx_word' id='word_1_229' title='bbox 2564 1062 3079 1136; x_wconf 70' lang='lat' dir='ltr'>_vidi_mus,_sae_pi_us</span> <span class='ocrx_word' id='word_1_230' title='bbox 3112 1065 3318 1131; x_wconf 87' lang='lat' dir='ltr'>repetit</span> <span class='ocrx_word' id='word_1_231' title='bbox 3347 1070 3402 1136; x_wconf 86' lang='lat' dir='ltr'>et</span> <span class='ocrx_word' id='word_1_232' title='bbox 3424 1068 3635 1136; x_wconf 84' lang='lat' dir='ltr'>probat</span> 
     </span>
    </p>
   </div>
   <div class='ocr_carea' id='block_1_33' title="bbox 1986 1132 3633 1203">
    <p class='ocr_par' dir='ltr' id='par_1_33' title="bbox 1986 1132 3633 1203">
     <span class='ocr_line' id='line_1_34' title="bbox 1986 1132 3633 1203; baseline 0.004 -17"><span class='ocrx_word' id='word_1_233' title='bbox 1986 1133 2255 1187; x_wconf 89' lang='lat' dir='ltr'>timorem</span> <span class='ocrx_word' id='word_1_234' title='bbox 2289 1149 2418 1187; x_wconf 90' lang='lat' dir='ltr'>esse</span> <span class='ocrx_word' id='word_1_235' title='bbox 2450 1133 2774 1202; x_wconf 73' lang='lat' dir='ltr'>sapientiae,</span> <span class='ocrx_word' id='word_1_236' title='bbox 2808 1132 3136 1203; x_wconf 80' lang='lat' dir='ltr'>disciplinae</span> <span class='ocrx_word' id='word_1_237' title='bbox 3168 1140 3224 1187; x_wconf 87' lang='lat' dir='ltr'>et</span> <span class='ocrx_word' id='word_1_238' title='bbox 3254 1132 3461 1190; x_wconf 66' lang='lat' dir='ltr'>divinae</span> <span class='ocrx_word' id='word_1_239' title='bbox 3493 1138 3633 1192; x_wconf 89' lang='lat' dir='ltr'>dile-</span> 
     </span>
    </p>
   </div>
   <div class='ocr_carea' id='block_1_34' title="bbox 1986 1203 3636 1276">
    <p class='ocr_par' dir='ltr' id='par_1_34' title="bbox 1986 1203 3636 1276">
     <span class='ocr_line' id='line_1_35' title="bbox 1986 1203 3636 1276; baseline 0.003 -18"><span class='ocrx_word' id='word_1_240' title='bbox 1986 1204 2199 1258; x_wconf 89' lang='lat' dir='ltr'>ctionis</span> <span class='ocrx_word' id='word_1_241' title='bbox 2222 1203 2664 1274; x_wconf 88' lang='lat' dir='ltr'>initium,atque</span> <span class='ocrx_word' id='word_1_242' title='bbox 2688 1203 2854 1276; x_wconf 88' lang='lat' dir='ltr'>illum</span> <span class='ocrx_word' id='word_1_243' title='bbox 2885 1204 2952 1256; x_wconf 90' lang='lat' dir='ltr'>ad</span> <span class='ocrx_word' id='word_1_244' title='bbox 2982 1204 3411 1274; x_wconf 78' lang='lat' dir='ltr'>pmnitentiam,</span> <span class='ocrx_word' id='word_1_245' title='bbox 3436 1208 3636 1276; x_wconf 83' lang='lat' dir='ltr'>ﬁdem,</span> 
     </span>
    </p>
   </div>
   <div class='ocr_carea' id='block_1_35' title="bbox 1987 1274 3639 1351">
    <p class='ocr_par' dir='ltr' id='par_1_35' title="bbox 1987 1274 3639 1351">
     <span class='ocr_line' id='line_1_36' title="bbox 1987 1274 3639 1351; baseline 0.004 -23"><span class='ocrx_word' id='word_1_246' title='bbox 1987 1290 2150 1351; x_wconf 85' lang='lat' dir='ltr'>spem</span> <span class='ocrx_word' id='word_1_247' title='bbox 2183 1280 2239 1329; x_wconf 91' lang='lat' dir='ltr'>et</span> <span class='ocrx_word' id='word_1_248' title='bbox 2265 1276 2760 1351; x_wconf 81' lang='lat' dir='ltr'>perfectissimam</span> <span class='ocrx_word' id='word_1_249' title='bbox 2792 1274 3138 1330; x_wconf 89' lang='lat' dir='ltr'>charitatem</span> <span class='ocrx_word' id='word_1_250' title='bbox 3160 1276 3312 1331; x_wconf 89' lang='lat' dir='ltr'>viam</span> <span class='ocrx_word' id='word_1_251' title='bbox 3337 1278 3506 1334; x_wconf 93' lang='lat' dir='ltr'>nobis</span> <span class='ocrx_word' id='word_1_252' title='bbox 3530 1274 3639 1351; x_wconf 49' lang='lat' dir='ltr'>pa;</span> 
     </span>
    </p>
   </div>
   <div class='ocr_carea' id='block_1_36' title="bbox 1988 1346 3337 1400">
    <p class='ocr_par' dir='ltr' id='par_1_36' title="bbox 1988 1346 3337 1400">
     <span class='ocr_line' id='line_1_37' title="bbox 1988 1346 3337 1400; baseline 0.004 -1"><span class='ocrx_word' id='word_1_253' title='bbox 1988 1348 2238 1400; x_wconf 87' lang='lat' dir='ltr'>tel&#39;acere</span> <span class='ocrx_word' id='word_1_254' title='bbox 2262 1346 2289 1400; x_wconf 85' lang='lat'><strong>?</strong></span> <span class='ocrx_word' id='word_1_255' title='bbox 3334 1380 3337 1383; x_wconf 51' lang='grc'><strong>&lt;</strong></span> 
     </span>
    </p>
   </div>
   <div class='ocr_carea' id='block_1_37' title="bbox 2062 1414 3635 1487">
    <p class='ocr_par' dir='ltr' id='par_1_37' title="bbox 2062 1414 3635 1487">
     <span class='ocr_line' id='line_1_38' title="bbox 2062 1414 3635 1487; baseline 0.003 -16"><span class='ocrx_word' id='word_1_256' title='bbox 2062 1417 2267 1471; x_wconf 87' lang='lat' dir='ltr'>Verum</span> <span class='ocrx_word' id='word_1_257' title='bbox 2291 1416 2506 1487; x_wconf 89' lang='lat' dir='ltr'>aliquis</span> <span class='ocrx_word' id='word_1_258' title='bbox 2539 1415 2783 1470; x_wconf 85' lang='lat' dir='ltr'>forsitan</span> <span class='ocrx_word' id='word_1_259' title='bbox 2817 1414 3051 1487; x_wconf 80' lang='lat' dir='ltr'>objiciet</span> <span class='ocrx_word' id='word_1_260' title='bbox 3071 1416 3428 1473; x_wconf 86' lang='lat' dir='ltr'>Clementem</span> <span class='ocrx_word' id='word_1_261' title='bbox 3450 1419 3635 1475; x_wconf 87' lang='lat' dir='ltr'>diser-</span> 
     </span>
    </p>
   </div>
   <div class='ocr_carea' id='block_1_38' title="bbox 1985 1486 3641 1559">
    <p class='ocr_par' dir='ltr' id='par_1_38' title="bbox 1985 1486 3641 1559">
     <span class='ocr_line' id='line_1_39' title="bbox 1985 1486 3641 1559; baseline 0.002 -18"><span class='ocrx_word' id='word_1_262' title='bbox 1985 1486 2625 1559; x_wconf 82' lang='lat' dir='ltr'>tissimepronuntiare</span> <span class='ocrx_word' id='word_1_263' title='bbox 2652 1486 2934 1559; x_wconf 87' lang='lat' dir='ltr'>eum,qui</span> <span class='ocrx_word' id='word_1_264' title='bbox 2966 1487 3056 1541; x_wconf 91' lang='lat' dir='ltr'>vel</span> <span class='ocrx_word' id='word_1_265' title='bbox 3088 1488 3389 1558; x_wconf 89' lang='lat' dir='ltr'>supplicii,</span> <span class='ocrx_word' id='word_1_266' title='bbox 3410 1490 3499 1545; x_wconf 91' lang='lat' dir='ltr'>vel</span> <span class='ocrx_word' id='word_1_267' title='bbox 3534 1493 3641 1545; x_wconf 92' lang='lat' dir='ltr'>im-</span> 
     </span>
    </p>
   </div>
   <div class='ocr_carea' id='block_1_39' title="bbox 1986 1557 3639 1632">
    <p class='ocr_par' dir='ltr' id='par_1_39' title="bbox 1986 1557 3639 1632">
     <span class='ocr_line' id='line_1_40' title="bbox 1986 1557 3639 1632; baseline 0.004 -21"><span class='ocrx_word' id='word_1_268' title='bbox 1986 1557 2269 1613; x_wconf 81' lang='lat' dir='ltr'>minentis</span> <span class='ocrx_word' id='word_1_269' title='bbox 2304 1557 2565 1632; x_wconf 63' lang='lat' dir='ltr'>periculj,</span> <span class='ocrx_word' id='word_1_270' title='bbox 2600 1558 2685 1613; x_wconf 88' lang='lat' dir='ltr'>vel</span> <span class='ocrx_word' id='word_1_271' title='bbox 2719 1558 3052 1632; x_wconf 85' lang='lat' dir='ltr'>odii_metu,</span> <span class='ocrx_word' id='word_1_272' title='bbox 3086 1557 3216 1632; x_wconf 73' lang='lat' dir='ltr'>imo</span> <span class='ocrx_word' id='word_1_273' title='bbox 3238 1557 3378 1632; x_wconf 83' lang='lat' dir='ltr'>vero</span> <span class='ocrx_word' id='word_1_274' title='bbox 3404 1568 3639 1632; x_wconf 85' lang='lat' dir='ltr'>prepter</span> 
     </span>
    </p>
   </div>
   <div class='ocr_carea' id='block_1_40' title="bbox 1986 1628 3641 1701">
    <p class='ocr_par' dir='ltr' id='par_1_40' title="bbox 1986 1628 3641 1701">
     <span class='ocr_line' id='line_1_41' title="bbox 1986 1628 3641 1701; baseline 0.003 -17"><span class='ocrx_word' id='word_1_275' title='bbox 1986 1628 2412 1701; x_wconf 84' lang='lat' dir='ltr'>consequendae</span> <span class='ocrx_word' id='word_1_276' title='bbox 2445 1647 2478 1685; x_wconf 90' lang='lat' dir='ltr'>a</span> <span class='ocrx_word' id='word_1_277' title='bbox 2504 1629 2620 1683; x_wconf 91' lang='lat' dir='ltr'>Deo</span> <span class='ocrx_word' id='word_1_278' title='bbox 2645 1628 2924 1684; x_wconf 90' lang='lat' dir='ltr'>mercedis</span> <span class='ocrx_word' id='word_1_279' title='bbox 2958 1645 3142 1698; x_wconf 89' lang='lat' dir='ltr'>spem,</span> <span class='ocrx_word' id='word_1_280' title='bbox 3164 1631 3233 1684; x_wconf 92' lang='lat' dir='ltr'>ab</span> <span class='ocrx_word' id='word_1_281' title='bbox 3260 1628 3553 1701; x_wconf 76' lang='lat' dir='ltr'>injuétitia</span> <span class='ocrx_word' id='word_1_282' title='bbox 3578 1651 3641 1689; x_wconf 89' lang='lat' dir='ltr'>se</span> 
     </span>
    </p>
   </div>
   <div class='ocr_carea' id='block_1_41' title="bbox 239 1696 3633 1783">
    <p class='ocr_par' dir='ltr' id='par_1_41' title="bbox 239 1696 3633 1783">
     <span class='ocr_line' id='line_1_42' title="bbox 239 1696 3633 1783; baseline 0.003 -32"><span class='ocrx_word' id='word_1_283' title='bbox 239 1698 324 1751; x_wconf 87' lang='lat' dir='ltr'>dit</span> <span class='ocrx_word' id='word_1_284' title='bbox 353 1696 810 1783; x_wconf 34' lang='lat' dir='ltr'>fﬂindelquippe</span> <span class='ocrx_word' id='word_1_285' title='bbox 840 1696 941 1783; x_wconf 59' lang='lat' dir='ltr'>Lux</span> <span class='ocrx_word' id='word_1_286' title='bbox 970 1696 1365 1783; x_wconf 41' lang='lat' dir='ltr'>non‘minima</span> <span class='ocrx_word' id='word_1_287' title='bbox 1395 1696 1529 1751; x_wconf 87' lang='lat' dir='ltr'>huic</span> <span class='ocrx_word' id='word_1_288' title='bbox 1560 1697 1877 1753; x_wconf 86' lang='lat' dir='ltr'>Clementis</span> <span class='ocrx_word' id='word_1_289' title='bbox 1914 1718 1961 1783; x_wconf 82' lang='grc' dir='ltr'><strong>Β</strong></span> <span class='ocrx_word' id='word_1_290' title='bbox 1992 1696 2268 1783; x_wconf 72' lang='lat' dir='ltr'>abstinet,</span> <span class='ocrx_word' id='word_1_291' title='bbox 2300 1700 2457 1755; x_wconf 91' lang='lat' dir='ltr'>hunc</span> <span class='ocrx_word' id='word_1_292' title='bbox 2487 1717 2595 1782; x_wconf 76' lang='lat' dir='ltr'>sua</span> <span class='ocrx_word' id='word_1_293' title='bbox 2646 1705 2853 1770; x_wconf 89' lang='lat' dir='ltr'>sponte</span> <span class='ocrx_word' id='word_1_294' title='bbox 2878 1696 3013 1783; x_wconf 41' lang='lat' dir='ltr'>.non</span> <span class='ocrx_word' id='word_1_295' title='bbox 3068 1696 3633 1783; x_wconf 39' lang='lat' dir='ltr'>bonpmfac‘potius</span> 
     </span>
    </p>
   </div>
   <div class='ocr_carea' id='block_1_42' title="bbox 245 1767 1233 1839">
    <p class='ocr_par' dir='ltr' id='par_1_42' title="bbox 245 1767 1233 1839">
     <span class='ocr_line' id='line_1_43' title="bbox 245 1767 1233 1839; baseline 0 -17"><span class='ocrx_word' id='word_1_296' title='bbox 245 1767 429 1839; x_wconf 83' lang='lat' dir='ltr'>nostri</span> <span class='ocrx_word' id='word_1_297' title='bbox 466 1767 768 1839; x_wconf 72' lang='lat' dir='ltr'>sententiae</span> <span class='ocrx_word' id='word_1_298' title='bbox 799 1767 992 1823; x_wconf 77' lang='lat' dir='ltr'>afferri</span> <span class='ocrx_word' id='word_1_299' title='bbox 1024 1772 1233 1839; x_wconf 85' lang='lat' dir='ltr'>potest.</span> 
     </span>
    </p>
   </div>
   <div class='ocr_carea' id='block_1_43' title="bbox 312 1836 1885 1909">
    <p class='ocr_par' dir='ltr' id='par_1_43' title="bbox 312 1836 1885 1909">
     <span class='ocr_line' id='line_1_44' title="bbox 312 1836 1885 1909; baseline 0.001 -16"><span class='ocrx_word' id='word_1_300' title='bbox 312 1838 521 1896; x_wconf 91' lang='lat' dir='ltr'>Utrum</span> <span class='ocrx_word' id='word_1_301' title='bbox 552 1855 684 1895; x_wconf 88' lang='lat' dir='ltr'>vero</span> <span class='ocrx_word' id='word_1_302' title='bbox 713 1838 977 1895; x_wconf 87' lang='lat' dir='ltr'>Clemens</span> <span class='ocrx_word' id='word_1_303' title='bbox 1007 1836 1310 1909; x_wconf 85' lang='lat' dir='ltr'>quodlibet</span> <span class='ocrx_word' id='word_1_304' title='bbox 1338 1836 1483 1893; x_wconf 89' lang='lat' dir='ltr'>illud</span> <span class='ocrx_word' id='word_1_305' title='bbox 1528 1838 1756 1894; x_wconf 89' lang='lat' dir='ltr'>timoris</span> <span class='ocrx_word' id='word_1_306' title='bbox 1786 1854 1885 1909; x_wconf 90' lang='lat' dir='ltr'>ge-</span> 
     </span>
    </p>
   </div>
   <div class='ocr_carea' id='block_1_44' title="bbox 247 1909 1881 1982">
    <p class='ocr_par' dir='ltr' id='par_1_44' title="bbox 247 1909 1881 1982">
     <span class='ocr_line' id='line_1_45' title="bbox 247 1909 1881 1982; baseline 0 -17"><span class='ocrx_word' id='word_1_307' title='bbox 247 1926 360 1967; x_wconf 89' lang='lat' dir='ltr'>nus</span> <span class='ocrx_word' id='word_1_308' title='bbox 392 1911 613 1967; x_wconf 90' lang='lat' dir='ltr'>bonum</span> <span class='ocrx_word' id='word_1_309' title='bbox 644 1925 774 1982; x_wconf 84' lang='lat' dir='ltr'>esse</span> <span class='ocrx_word' id='word_1_310' title='bbox 804 1911 1112 1982; x_wconf 87' lang='lat' dir='ltr'>putaverit,</span> <span class='ocrx_word' id='word_1_311' title='bbox 1147 1910 1196 1965; x_wconf 92' lang='lat' dir='ltr'>si</span> <span class='ocrx_word' id='word_1_312' title='bbox 1244 1909 1512 1979; x_wconf 86' lang='lat' dir='ltr'>inquiras</span> <span class='ocrx_word' id='word_1_313' title='bbox 1564 1909 1881 1982; x_wconf 81' lang='lat' dir='ltr'>perpende,</span> 
     </span>
    </p>
   </div>
   <div class='ocr_carea' id='block_1_45' title="bbox 244 1980 1885 2065">
    <p class='ocr_par' dir='ltr' id='par_1_45' title="bbox 244 1980 1885 2065">
     <span class='ocr_line' id='line_1_46' title="bbox 244 1980 1885 2065; baseline -0.001 -29"><span class='ocrx_word' id='word_1_314' title='bbox 244 1998 443 2065; x_wconf 55' lang='lat' dir='ltr'>quisse</span> <span class='ocrx_word' id='word_1_315' title='bbox 474 1982 633 2065; x_wconf 69' lang='lat' dir='ltr'>quod</span> <span class='ocrx_word' id='word_1_316' title='bbox 659 1980 962 2065; x_wconf 60' lang='lat' dir='ltr'>illepaulo</span> <span class='ocrx_word' id='word_1_317' title='bbox 996 1986 1125 2051; x_wconf 90' lang='lat' dir='ltr'>post</span> <span class='ocrx_word' id='word_1_318' title='bbox 1172 1996 1241 2034; x_wconf 85' lang='lat' dir='ltr'>ex</span> <span class='ocrx_word' id='word_1_319' title='bbox 1259 1982 1494 2065; x_wconf 56' lang='lat' dir='ltr'>yermzs</span> <span class='ocrx_word' id='word_1_320' title='bbox 1517 1980 1745 2065; x_wconf 62' lang='lat' dir='ltr'>Pectore</span> <span class='ocrx_word' id='word_1_321' title='bbox 1769 1980 1885 2065; x_wconf 64' lang='lat' dir='ltr'>col-</span> 
     </span>
    </p>
   </div>
   <div class='ocr_carea' id='block_1_46' title="bbox 245 2052 1884 2124">
    <p class='ocr_par' dir='ltr' id='par_1_46' title="bbox 245 2052 1884 2124">
     <span class='ocr_line' id='line_1_47' title="bbox 245 2052 1884 2124; baseline 0 -17"><span class='ocrx_word' id='word_1_322' title='bbox 245 2052 375 2124; x_wconf 87' lang='lat' dir='ltr'>ligit</span> <span class='ocrx_word' id='word_1_323' title='bbox 401 2053 444 2087; x_wconf 78' lang='lat'>‘°</span> <span class='ocrx_word' id='word_1_324' title='bbox 466 2052 539 2109; x_wconf 52' lang='grc' dir='ltr'>εἴ(</span> <span class='ocrx_word' id='word_1_325' title='bbox 568 2052 721 2108; x_wconf 87' lang='lat' dir='ltr'>Dicit</span> <span class='ocrx_word' id='word_1_326' title='bbox 738 2052 1066 2124; x_wconf 86' lang='lat' dir='ltr'>timendum</span> <span class='ocrx_word' id='word_1_327' title='bbox 1098 2068 1226 2107; x_wconf 89' lang='lat' dir='ltr'>esse</span> <span class='ocrx_word' id='word_1_328' title='bbox 1256 2052 1573 2107; x_wconf 91' lang='lat' dir='ltr'>Dominum</span> <span class='ocrx_word' id='word_1_329' title='bbox 1602 2053 1673 2107; x_wconf 83' lang='lat' dir='ltr'>ad</span> <span class='ocrx_word' id='word_1_330' title='bbox 1709 2052 1884 2107; x_wconf 76' lang='lat' dir='ltr'>aaditi-</span> 
     </span>
    </p>
   </div>
   <div class='ocr_carea' id='block_1_47' title="bbox 248 2122 1884 2189">
    <p class='ocr_par' dir='ltr' id='par_1_47' title="bbox 248 2122 1884 2189">
     <span class='ocr_line' id='line_1_48' title="bbox 248 2122 1884 2189; baseline -0.001 -9"><span class='ocrx_word' id='word_1_331' title='bbox 248 2122 562 2189; x_wconf 74' lang='lat' dir='ltr'>cationem,</span> <span class='ocrx_word' id='word_1_332' title='bbox 584 2124 681 2180; x_wconf 89' lang='lat' dir='ltr'>sed</span> <span class='ocrx_word' id='word_1_333' title='bbox 708 2140 823 2179; x_wconf 90' lang='lat' dir='ltr'>non</span> <span class='ocrx_word' id='word_1_334' title='bbox 847 2122 1146 2179; x_wconf 87' lang='lat' dir='ltr'>diabolum</span> <span class='ocrx_word' id='word_1_335' title='bbox 1165 2124 1237 2177; x_wconf 88' lang='lat' dir='ltr'>ad</span> <span class='ocrx_word' id='word_1_336' title='bbox 1261 2124 1640 2178; x_wconf 86' lang='lat' dir='ltr'>eversionem.</span> <span class='ocrx_word' id='word_1_337' title='bbox 1668 2124 1884 2178; x_wconf 87' lang='lat' dir='ltr'>Contra</span> 
     </span>
    </p>
   </div>
   <div class='ocr_carea' id='block_1_48' title="bbox 248 2194 1881 2266">
    <p class='ocr_par' dir='ltr' id='par_1_48' title="bbox 248 2194 1881 2266">
     <span class='ocr_line' id='line_1_49' title="bbox 248 2194 1881 2266; baseline -0.001 -16"><span class='ocrx_word' id='word_1_338' title='bbox 248 2200 459 2266; x_wconf 17' lang='lat' dir='ltr'>autem,</span> <span class='ocrx_word' id='word_1_339' title='bbox 487 2211 662 2266; x_wconf 88' lang='lat' dir='ltr'>opera</span> <span class='ocrx_word' id='word_1_340' title='bbox 710 2196 948 2266; x_wconf 89' lang='lat' dir='ltr'>quidem</span> <span class='ocrx_word' id='word_1_341' title='bbox 997 2194 1251 2264; x_wconf 89' lang='lat' dir='ltr'>Domini,</span> <span class='ocrx_word' id='word_1_342' title='bbox 1284 2194 1392 2250; x_wconf 91' lang='lat' dir='ltr'>hoc</span> <span class='ocrx_word' id='word_1_343' title='bbox 1439 2199 1530 2248; x_wconf 88' lang='lat' dir='ltr'>est</span> <span class='ocrx_word' id='word_1_344' title='bbox 1577 2200 1881 2266; x_wconf 59' lang='lat' dir='ltr'>praecepta,</span> 
     </span>
    </p>
   </div>
   <div class='ocr_carea' id='block_1_49' title="bbox 248 2265 1882 2335">
    <p class='ocr_par' dir='ltr' id='par_1_49' title="bbox 248 2265 1882 2335">
     <span class='ocr_line' id='line_1_50' title="bbox 248 2265 1882 2335; baseline -0.002 -13"><span class='ocrx_word' id='word_1_345' title='bbox 248 2282 378 2322; x_wconf 88' lang='lat' dir='ltr'>esse</span> <span class='ocrx_word' id='word_1_346' title='bbox 408 2265 706 2335; x_wconf 91' lang='lat' dir='ltr'>diligenda</span> <span class='ocrx_word' id='word_1_347' title='bbox 733 2265 809 2321; x_wconf 87' lang='lat' dir='ltr'>et</span> <span class='ocrx_word' id='word_1_348' title='bbox 857 2266 1165 2333; x_wconf 87' lang='lat' dir='ltr'>facienda;</span> <span class='ocrx_word' id='word_1_349' title='bbox 1197 2282 1374 2335; x_wconf 89' lang='lat' dir='ltr'>opera</span> <span class='ocrx_word' id='word_1_350' title='bbox 1421 2268 1618 2320; x_wconf 88' lang='lat' dir='ltr'>autem</span> <span class='ocrx_word' id='word_1_351' title='bbox 1669 2265 1882 2321; x_wconf 90' lang='lat' dir='ltr'>diaboli</span> 
     </span>
    </p>
   </div>
   <div class='ocr_carea' id='block_1_50' title="bbox 246 2336 1883 2393">
    <p class='ocr_par' dir='ltr' id='par_1_50' title="bbox 246 2336 1883 2393">
     <span class='ocr_line' id='line_1_51' title="bbox 246 2336 1883 2393; baseline -0.001 -1"><span class='ocrx_word' id='word_1_352' title='bbox 246 2353 377 2393; x_wconf 88' lang='lat' dir='ltr'>esse</span> <span class='ocrx_word' id='word_1_353' title='bbox 407 2337 669 2392; x_wconf 90' lang='lat' dir='ltr'>timenda</span> <span class='ocrx_word' id='word_1_354' title='bbox 688 2341 745 2391; x_wconf 90' lang='lat' dir='ltr'>et</span> <span class='ocrx_word' id='word_1_355' title='bbox 765 2353 880 2391; x_wconf 91' lang='lat' dir='ltr'>non</span> <span class='ocrx_word' id='word_1_356' title='bbox 906 2337 1190 2392; x_wconf 88' lang='lat' dir='ltr'>facienda.</span> <span class='ocrx_word' id='word_1_357' title='bbox 1214 2336 1413 2391; x_wconf 91' lang='lat' dir='ltr'>Timor</span> <span class='ocrx_word' id='word_1_358' title='bbox 1434 2340 1629 2391; x_wconf 87' lang='lat' dir='ltr'>autem</span> <span class='ocrx_word' id='word_1_359' title='bbox 1651 2336 1883 2392; x_wconf 93' lang='lat' dir='ltr'>Domini</span> 
     </span>
    </p>
   </div>
   <div class='ocr_carea' id='block_1_51' title="bbox 245 2406 1886 2478">
    <p class='ocr_par' dir='ltr' id='par_1_51' title="bbox 245 2406 1886 2478">
     <span class='ocr_line' id='line_1_52' title="bbox 245 2406 1886 2478; baseline 0.001 -17"><span class='ocrx_word' id='word_1_360' title='bbox 245 2409 459 2475; x_wconf 82' lang='lat' dir='ltr'>erudit,</span> <span class='ocrx_word' id='word_1_361' title='bbox 492 2412 551 2462; x_wconf 89' lang='lat' dir='ltr'>et</span> <span class='ocrx_word' id='word_1_362' title='bbox 579 2407 827 2478; x_wconf 84' lang='lat' dir='ltr'>castigat</span> <span class='ocrx_word' id='word_1_363' title='bbox 864 2413 920 2463; x_wconf 91' lang='lat' dir='ltr'>et</span> <span class='ocrx_word' id='word_1_364' title='bbox 967 2406 1335 2462; x_wconf 88' lang='lat' dir='ltr'>dilectionem</span> <span class='ocrx_word' id='word_1_365' title='bbox 1374 2408 1672 2463; x_wconf 88' lang='lat' dir='ltr'>restituit:</span> <span class='ocrx_word' id='word_1_366' title='bbox 1708 2409 1886 2463; x_wconf 88' lang='lat' dir='ltr'>timor</span> 
     </span>
    </p>
   </div>
   <div class='ocr_carea' id='block_1_52' title="bbox 248 2477 1882 2534">
    <p class='ocr_par' dir='ltr' id='par_1_52' title="bbox 248 2477 1882 2534">
     <span class='ocr_line' id='line_1_53' title="bbox 248 2477 1882 2534; baseline -0.001 0"><span class='ocrx_word' id='word_1_367' title='bbox 248 2486 443 2534; x_wconf 87' lang='lat' dir='ltr'>autem</span> <span class='ocrx_word' id='word_1_368' title='bbox 477 2477 971 2534; x_wconf 32' lang='lat' dir='ltr'>onerum’diaboli</span> <span class='ocrx_word' id='word_1_369' title='bbox 1002 2478 1177 2534; x_wconf 87' lang='lat' dir='ltr'>habet</span> <span class='ocrx_word' id='word_1_370' title='bbox 1206 2478 1379 2533; x_wconf 90' lang='lat' dir='ltr'>etiam</span> <span class='ocrx_word' id='word_1_371' title='bbox 1412 2479 1612 2534; x_wconf 87' lang='lat' dir='ltr'>odium</span> <span class='ocrx_word' id='word_1_372' title='bbox 1645 2478 1882 2534; x_wconf 90' lang='lat' dir='ltr'>cohabi-</span> 
     </span>
    </p>
   </div>
   <div class='ocr_carea' id='block_1_53' title="bbox 247 2548 1885 2619">
    <p class='ocr_par' dir='ltr' id='par_1_53' title="bbox 247 2548 1885 2619">
     <span class='ocr_line' id='line_1_54' title="bbox 247 2548 1885 2619; baseline 0 -14"><span class='ocrx_word' id='word_1_373' title='bbox 247 2554 399 2606; x_wconf 89' lang='lat' dir='ltr'>tans.</span> <span class='ocrx_word' id='word_1_374' title='bbox 428 2572 457 2599; x_wconf 87' lang='lat'>»</span> <span class='ocrx_word' id='word_1_375' title='bbox 489 2548 570 2604; x_wconf 85' lang='lat' dir='ltr'>Ex</span> <span class='ocrx_word' id='word_1_376' title='bbox 590 2549 683 2605; x_wconf 92' lang='lat' dir='ltr'>his</span> <span class='ocrx_word' id='word_1_377' title='bbox 706 2554 901 2604; x_wconf 89' lang='lat' dir='ltr'>autem</span> <span class='ocrx_word' id='word_1_378' title='bbox 924 2554 982 2604; x_wconf 92' lang='lat' dir='ltr'>et</span> <span class='ocrx_word' id='word_1_379' title='bbox 1003 2548 1404 2619; x_wconf 88' lang='lat' dir='ltr'>superioribus</span> <span class='ocrx_word' id='word_1_380' title='bbox 1425 2549 1678 2606; x_wconf 90' lang='lat' dir='ltr'>auctoris</span> <span class='ocrx_word' id='word_1_381' title='bbox 1702 2550 1885 2605; x_wconf 87' lang='lat' dir='ltr'>nostri</span> 
     </span>
    </p>
   </div>
   <div class='ocr_carea' id='block_1_54' title="bbox 246 2619 1883 2692">
    <p class='ocr_par' dir='ltr' id='par_1_54' title="bbox 246 2619 1883 2692">
     <span class='ocr_line' id='line_1_55' title="bbox 246 2619 1883 2692; baseline 0.001 -17"><span class='ocrx_word' id='word_1_382' title='bbox 246 2621 438 2677; x_wconf 88' lang='lat' dir='ltr'>verbis</span> <span class='ocrx_word' id='word_1_383' title='bbox 487 2621 635 2692; x_wconf 67' lang='lat'>207</span> <span class='ocrx_word' id='word_1_384' title='bbox 676 2619 863 2692; x_wconf 85' lang='lat' dir='ltr'>facile,</span> <span class='ocrx_word' id='word_1_385' title='bbox 899 2621 982 2675; x_wconf 86' lang='lat' dir='ltr'>uti</span> <span class='ocrx_word' id='word_1_386' title='bbox 1033 2621 1406 2692; x_wconf 89' lang='lat' dir='ltr'>arbitramur,</span> <span class='ocrx_word' id='word_1_387' title='bbox 1436 2621 1718 2692; x_wconf 87' lang='lat' dir='ltr'>intelligis</span> <span class='ocrx_word' id='word_1_388' title='bbox 1749 2637 1883 2691; x_wconf 91' lang='lat' dir='ltr'>per-</span> 
     </span>
    </p>
   </div>
   <div class='ocr_carea' id='block_1_55' title="bbox 248 2690 1882 2762">
    <p class='ocr_par' dir='ltr' id='par_1_55' title="bbox 248 2690 1882 2762">
     <span class='ocr_line' id='line_1_56' title="bbox 248 2690 1882 2762; baseline 0 -15"><span class='ocrx_word' id='word_1_389' title='bbox 248 2708 494 2747; x_wconf 90' lang='lat' dir='ltr'>suasum</span> <span class='ocrx_word' id='word_1_390' title='bbox 523 2690 636 2762; x_wconf 89' lang='lat' dir='ltr'>ipsi</span> <span class='ocrx_word' id='word_1_391' title='bbox 667 2691 849 2747; x_wconf 80' lang='lat' dir='ltr'>fuisse</span> <span class='ocrx_word' id='word_1_392' title='bbox 877 2692 1145 2746; x_wconf 89' lang='lat' dir='ltr'>timorem</span> <span class='ocrx_word' id='word_1_393' title='bbox 1190 2691 1428 2759; x_wconf 89' lang='lat' dir='ltr'>diaboli,</span> <span class='ocrx_word' id='word_1_394' title='bbox 1458 2696 1561 2747; x_wconf 91' lang='lat' dir='ltr'>aut</span> <span class='ocrx_word' id='word_1_395' title='bbox 1603 2690 1882 2762; x_wconf 74' lang='lat' dir='ltr'>ferarum,</span> 
     </span>
    </p>
   </div>
   <div class='ocr_carea' id='block_1_56' title="bbox 248 2762 1881 2835">
    <p class='ocr_par' dir='ltr' id='par_1_56' title="bbox 248 2762 1881 2835">
     <span class='ocr_line' id='line_1_57' title="bbox 248 2762 1881 2835; baseline 0.001 -18"><span class='ocrx_word' id='word_1_396' title='bbox 248 2763 356 2817; x_wconf 91' lang='lat' dir='ltr'>hoc</span> <span class='ocrx_word' id='word_1_397' title='bbox 386 2767 476 2817; x_wconf 91' lang='lat' dir='ltr'>est</span> <span class='ocrx_word' id='word_1_398' title='bbox 507 2779 686 2835; x_wconf 68' lang='lat' dir='ltr'>poenas</span> <span class='ocrx_word' id='word_1_399' title='bbox 716 2768 775 2818; x_wconf 89' lang='lat' dir='ltr'>et</span> <span class='ocrx_word' id='word_1_400' title='bbox 804 2762 1102 2835; x_wconf 90' lang='lat' dir='ltr'>supplicii,</span> <span class='ocrx_word' id='word_1_401' title='bbox 1124 2762 1174 2835; x_wconf 84' lang='lat' dir='ltr'>si</span> <span class='ocrx_word' id='word_1_402' title='bbox 1205 2763 1285 2817; x_wconf 91' lang='lat' dir='ltr'>ibi</span> <span class='ocrx_word' id='word_1_403' title='bbox 1316 2766 1547 2818; x_wconf 90' lang='lat' dir='ltr'>tantum</span> <span class='ocrx_word' id='word_1_404' title='bbox 1577 2763 1881 2830; x_wconf 90' lang='lat' dir='ltr'>consistat,</span> 
     </span>
    </p>
   </div>
   <div class='ocr_carea' id='block_1_57' title="bbox 250 2832 1883 2905">
    <p class='ocr_par' dir='ltr' id='par_1_57' title="bbox 250 2832 1883 2905">
     <span class='ocr_line' id='line_1_58' title="bbox 250 2832 1883 2905; baseline -0.001 -16"><span class='ocrx_word' id='word_1_405' title='bbox 250 2850 366 2905; x_wconf 84' lang='lat' dir='ltr'>non</span> <span class='ocrx_word' id='word_1_406' title='bbox 397 2832 525 2905; x_wconf 86' lang='lat' dir='ltr'>esse</span> <span class='ocrx_word' id='word_1_407' title='bbox 554 2834 796 2898; x_wconf 90' lang='lat' dir='ltr'>bonum,</span> <span class='ocrx_word' id='word_1_408' title='bbox 831 2832 1032 2903; x_wconf 81' lang='lat' dir='ltr'>utpote</span> <span class='ocrx_word' id='word_1_409' title='bbox 1061 2832 1158 2902; x_wconf 91' lang='lat' dir='ltr'>qui</span> <span class='ocrx_word' id='word_1_410' title='bbox 1191 2850 1306 2888; x_wconf 91' lang='lat' dir='ltr'>non</span> <span class='ocrx_word' id='word_1_411' title='bbox 1334 2850 1615 2901; x_wconf 88' lang='lat' dir='ltr'>amorem,</span> <span class='ocrx_word' id='word_1_412' title='bbox 1646 2835 1883 2905; x_wconf 8' lang='lat' dir='ltr'>sedgpo-</span> 
     </span>
    </p>
   </div>
   <div class='ocr_carea' id='block_1_58' title="bbox 250 2903 1886 2960">
    <p class='ocr_par' dir='ltr' id='par_1_58' title="bbox 250 2903 1886 2960">
     <span class='ocr_line' id='line_1_59' title="bbox 250 2903 1886 2960; baseline 0.001 -2"><span class='ocrx_word' id='word_1_413' title='bbox 250 2903 368 2959; x_wconf 91' lang='lat' dir='ltr'>tius</span> <span class='ocrx_word' id='word_1_414' title='bbox 398 2904 599 2959; x_wconf 90' lang='lat' dir='ltr'>odium</span> <span class='ocrx_word' id='word_1_415' title='bbox 631 2905 976 2960; x_wconf 82' lang='lat' dir='ltr'>adiunctum</span> <span class='ocrx_word' id='word_1_416' title='bbox 1004 2904 1236 2959; x_wconf 89' lang='lat' dir='ltr'>habeat.</span> <span class='ocrx_word' id='word_1_417' title='bbox 1269 2905 1482 2959; x_wconf 86' lang='lat' dir='ltr'>Contra</span> <span class='ocrx_word' id='word_1_418' title='bbox 1510 2920 1642 2960; x_wconf 90' lang='lat' dir='ltr'>vero</span> <span class='ocrx_word' id='word_1_419' title='bbox 1671 2903 1886 2959; x_wconf 53' lang='lat' dir='ltr'>Dei&#39;ti-</span> 
     </span>
    </p>
   </div>
   <div class='ocr_carea' id='block_1_59' title="bbox 252 2921 1880 3046">
    <p class='ocr_par' dir='ltr' id='par_1_59' title="bbox 252 2921 1880 3046">
     <span class='ocr_line' id='line_1_60' title="bbox 252 2921 1880 2960; baseline 0.001 -2"><span class='ocrx_word' id='word_1_420' title='bbox 252 2921 368 2959; x_wconf 87' lang='lat' dir='ltr'>uus</span> <span class='ocrx_word' id='word_1_421' title='bbox 398 2921 599 2959; x_wconf 82' lang='lat' dir='ltr'>omum</span> <span class='ocrx_word' id='word_1_422' title='bbox 631 2921 707 2959; x_wconf 86' lang='lat' dir='ltr'>aa</span> <span class='ocrx_word' id='word_1_423' title='bbox 735 2921 976 2960; x_wconf 82' lang='lat' dir='ltr'>unctum</span> <span class='ocrx_word' id='word_1_424' title='bbox 1004 2921 1236 2959; x_wconf 80' lang='lat' dir='ltr'>naneat.</span> <span class='ocrx_word' id='word_1_425' title='bbox 1269 2921 1482 2959; x_wconf 79' lang='lat' dir='ltr'>uontra</span> <span class='ocrx_word' id='word_1_426' title='bbox 1510 2921 1642 2960; x_wconf 91' lang='lat' dir='ltr'>vero</span> <span class='ocrx_word' id='word_1_427' title='bbox 1671 2921 1774 2959; x_wconf 82' lang='lat' dir='ltr'>U61</span> <span class='ocrx_word' id='word_1_428' title='bbox 1804 2921 1880 2959; x_wconf 79' lang='lat' dir='ltr'><strong>u-</strong></span> 
     </span>
     <span class='ocr_line' id='line_1_61' title="bbox 252 2921 1880 3046; baseline 0.002 -18"><span class='ocrx_word' id='word_1_429' title='bbox 252 2990 494 3039; x_wconf 88' lang='lat' dir='ltr'>morem,</span> <span class='ocrx_word' id='word_1_430' title='bbox 521 2992 638 3045; x_wconf 91' lang='lat' dir='ltr'>quo</span> <span class='ocrx_word' id='word_1_431' title='bbox 658 2921 826 3029; x_wconf 76' lang='lat' dir='ltr'>illum</span> <span class='ocrx_word' id='word_1_432' title='bbox 850 2975 1003 3031; x_wconf 90' lang='lat' dir='ltr'>sicut</span> <span class='ocrx_word' id='word_1_433' title='bbox 1024 2978 1245 3046; x_wconf 89' lang='lat' dir='ltr'>patrem</span> <span class='ocrx_word' id='word_1_434' title='bbox 1268 2973 1559 3030; x_wconf 78' lang='lat' dir='ltr'>offendere</span> <span class='ocrx_word' id='word_1_435' title='bbox 1581 2977 1880 3046; x_wconf 87' lang='lat' dir='ltr'>timemus,</span> 
     </span>
    </p>
   </div>
   <div class='ocr_carea' id='block_1_60' title="bbox 1993 1770 3636 1844">
    <p class='ocr_par' dir='ltr' id='par_1_60' title="bbox 1993 1770 3636 1844">
     <span class='ocr_line' id='line_1_62' title="bbox 1993 1770 3636 1844; baseline 0.004 -19"><span class='ocrx_word' id='word_1_436' title='bbox 1993 1772 2194 1844; x_wconf 86' lang='lat' dir='ltr'>videri,</span> <span class='ocrx_word' id='word_1_437' title='bbox 2229 1788 2403 1841; x_wconf 90' lang='lat' dir='ltr'>quam</span> <span class='ocrx_word' id='word_1_438' title='bbox 2454 1770 2823 1844; x_wconf 83' lang='lat' dir='ltr'>reipsa_esse</span> <span class='ocrx_word' id='word_1_439' title='bbox 2866 1770 3117 1839; x_wconf 90' lang='lat' dir='ltr'>justum.</span> <span class='ocrx_word' id='word_1_440' title='bbox 3169 1770 3319 1844; x_wconf 88' lang='lat' dir='ltr'>Ergo</span> <span class='ocrx_word' id='word_1_441' title='bbox 3367 1770 3636 1831; x_wconf 84' lang='lat' dir='ltr'>Clemens</span> 
     </span>
    </p>
   </div>
   <div class='ocr_carea' id='block_1_61' title="bbox 1994 1841 3637 1916">
    <p class='ocr_par' dir='ltr' id='par_1_61' title="bbox 1994 1841 3637 1916">
     <span class='ocr_line' id='line_1_63' title="bbox 1994 1841 3637 1916; baseline 0.003 -20"><span class='ocrx_word' id='word_1_442' title='bbox 1994 1842 2366 1897; x_wconf 84' lang='lat' dir='ltr'>existimabat</span> <span class='ocrx_word' id='word_1_443' title='bbox 2398 1841 2670 1916; x_wconf 80' lang='lat' dir='ltr'>supplicii</span> <span class='ocrx_word' id='word_1_444' title='bbox 2706 1846 2945 1916; x_wconf 81' lang='lat' dir='ltr'>metum,</span> <span class='ocrx_word' id='word_1_445' title='bbox 2964 1846 3021 1916; x_wconf 85' lang='lat' dir='ltr'>et</span> <span class='ocrx_word' id='word_1_446' title='bbox 3050 1841 3519 1916; x_wconf 83' lang='lat' dir='ltr'>mercedisspem</span> <span class='ocrx_word' id='word_1_447' title='bbox 3553 1848 3637 1901; x_wconf 88' lang='lat' dir='ltr'>fa-</span> 
     </span>
    </p>
   </div>
   <div class='ocr_carea' id='block_1_62' title="bbox 1993 1911 3637 1985">
    <p class='ocr_par' dir='ltr' id='par_1_62' title="bbox 1993 1911 3637 1985">
     <span class='ocr_line' id='line_1_64' title="bbox 1993 1911 3637 1985; baseline 0.002 -17"><span class='ocrx_word' id='word_1_448' title='bbox 1993 1928 2143 1979; x_wconf 88' lang='lat' dir='ltr'>cere,</span> <span class='ocrx_word' id='word_1_449' title='bbox 2193 1911 2678 1985; x_wconf 88' lang='lat' dir='ltr'>quemadmodem</span> <span class='ocrx_word' id='word_1_450' title='bbox 2731 1911 2984 1967; x_wconf 65' lang='lat' dir='ltr'>haeretici</span> <span class='ocrx_word' id='word_1_451' title='bbox 3036 1914 3225 1982; x_wconf 91' lang='lat' dir='ltr'>aiunt,</span> <span class='ocrx_word' id='word_1_452' title='bbox 3260 1936 3288 1964; x_wconf 87' lang='lat'><strong><em>«</em></strong></span> <span class='ocrx_word' id='word_1_453' title='bbox 3335 1911 3637 1972; x_wconf 79' lang='lat' dir='ltr'>hominem</span> 
     </span>
    </p>
   </div>
   <div class='ocr_carea' id='block_1_63' title="bbox 1994 1984 3635 2057">
    <p class='ocr_par' dir='ltr' id='par_1_63' title="bbox 1994 1984 3635 2057">
     <span class='ocr_line' id='line_1_65' title="bbox 1994 1984 3635 2057; baseline 0.002 -18"><span class='ocrx_word' id='word_1_454' title='bbox 1994 1984 2359 2057; x_wconf 81' lang='lat' dir='ltr'>hypocritum</span> <span class='ocrx_word' id='word_1_455' title='bbox 2403 1990 2459 2057; x_wconf 77' lang='lat' dir='ltr'>et</span> <span class='ocrx_word' id='word_1_456' title='bbox 2509 1984 2697 2055; x_wconf 89' lang='lat' dir='ltr'>magis</span> <span class='ocrx_word' id='word_1_457' title='bbox 2749 1987 3133 2054; x_wconf 88' lang='lat' dir='ltr'>peccatorem.</span> <span class='ocrx_word' id='word_1_458' title='bbox 3173 2007 3193 2034; x_wconf 73' lang='grc' dir='ltr'>ιι</span> <span class='ocrx_word' id='word_1_459' title='bbox 3229 1985 3452 2057; x_wconf 81' lang='lat' dir='ltr'>Siccine</span> <span class='ocrx_word' id='word_1_460' title='bbox 3501 2005 3635 2043; x_wconf 91' lang='lat' dir='ltr'>vero</span> 
     </span>
    </p>
   </div>
   <div class='ocr_carea' id='block_1_64' title="bbox 1992 2054 3633 2126">
    <p class='ocr_par' dir='ltr' id='par_1_64' title="bbox 1992 2054 3633 2126">
     <span class='ocr_line' id='line_1_66' title="bbox 1992 2054 3633 2126; baseline 0.001 -16"><span class='ocrx_word' id='word_1_461' title='bbox 1992 2054 2371 2111; x_wconf 84' lang='lat' dir='ltr'>doctissimus</span> <span class='ocrx_word' id='word_1_462' title='bbox 2398 2054 2495 2109; x_wconf 89' lang='lat' dir='ltr'>ille</span> <span class='ocrx_word' id='word_1_463' title='bbox 2524 2054 2698 2109; x_wconf 34' lang='lat' dir='ltr'>vir’in</span> <span class='ocrx_word' id='word_1_464' title='bbox 2730 2070 2984 2109; x_wconf 91' lang='lat' dir='ltr'>errorem</span> <span class='ocrx_word' id='word_1_465' title='bbox 3002 2072 3043 2126; x_wconf 18' lang='lat' dir='ltr'>7a</span> <span class='ocrx_word' id='word_1_466' title='bbox 3065 2072 3127 2110; x_wconf 89' lang='lat' dir='ltr'>se</span> <span class='ocrx_word' id='word_1_467' title='bbox 3160 2056 3353 2126; x_wconf 86' lang='lat' dir='ltr'>toties,</span> <span class='ocrx_word' id='word_1_468' title='bbox 3390 2062 3452 2111; x_wconf 88' lang='lat' dir='ltr'>ut</span> <span class='ocrx_word' id='word_1_469' title='bbox 3482 2058 3633 2113; x_wconf 90' lang='lat' dir='ltr'>vidi-</span> 
     </span>
    </p>
   </div>
   <div class='ocr_carea' id='block_1_65' title="bbox 1994 2125 3631 2198">
    <p class='ocr_par' dir='ltr' id='par_1_65' title="bbox 1994 2125 3631 2198">
     <span class='ocr_line' id='line_1_67' title="bbox 1994 2125 3631 2198; baseline 0.002 -16"><span class='ocrx_word' id='word_1_470' title='bbox 1994 2143 2146 2193; x_wconf 90' lang='lat' dir='ltr'>mus,</span> <span class='ocrx_word' id='word_1_471' title='bbox 2181 2127 2570 2198; x_wconf 90' lang='lat' dir='ltr'>proscriptum</span> <span class='ocrx_word' id='word_1_472' title='bbox 2600 2126 2846 2198; x_wconf 82' lang='lat' dir='ltr'>tandum</span> <span class='ocrx_word' id='word_1_473' title='bbox 2893 2125 3203 2198; x_wconf 83' lang='lat' dir='ltr'>prolapsus</span> <span class='ocrx_word' id='word_1_474' title='bbox 3254 2128 3389 2182; x_wconf 84' lang='lat' dir='ltr'>est?</span> <span class='ocrx_word' id='word_1_475' title='bbox 3419 2128 3631 2186; x_wconf 89' lang='lat' dir='ltr'>Nullus</span> 
     </span>
    </p>
   </div>
   <div class='ocr_carea' id='block_1_66' title="bbox 1992 2196 3635 2269">
    <p class='ocr_par' dir='ltr' id='par_1_66' title="bbox 1992 2196 3635 2269">
     <span class='ocr_line' id='line_1_68' title="bbox 1992 2196 3635 2269; baseline 0.002 -17"><span class='ocrx_word' id='word_1_476' title='bbox 1992 2196 2372 2269; x_wconf 28' lang='lat' dir='ltr'>poculfdubio</span> <span class='ocrx_word' id='word_1_477' title='bbox 2404 2213 2560 2269; x_wconf 72' lang='lat' dir='ltr'>sanae</span> <span class='ocrx_word' id='word_1_478' title='bbox 2594 2196 2805 2251; x_wconf 89' lang='lat' dir='ltr'>mentis</span> <span class='ocrx_word' id='word_1_479' title='bbox 2834 2196 3009 2269; x_wconf 88' lang='lat' dir='ltr'>homo</span> <span class='ocrx_word' id='word_1_480' title='bbox 3041 2196 3097 2251; x_wconf 86' lang='lat' dir='ltr'>id</span> <span class='ocrx_word' id='word_1_481' title='bbox 3138 2198 3196 2251; x_wconf 91' lang='lat' dir='ltr'>in</span> <span class='ocrx_word' id='word_1_482' title='bbox 3249 2199 3515 2254; x_wconf 91' lang='lat' dir='ltr'>animum</span> <span class='ocrx_word' id='word_1_483' title='bbox 3548 2201 3635 2256; x_wconf 82' lang='lat' dir='ltr'>ta-</span> 
     </span>
    </p>
   </div>
   <div class='ocr_carea' id='block_1_67' title="bbox 1992 2268 3632 2339">
    <p class='ocr_par' dir='ltr' id='par_1_67' title="bbox 1992 2268 3632 2339">
     <span class='ocr_line' id='line_1_69' title="bbox 1992 2268 3632 2339; baseline 0.001 -16"><span class='ocrx_word' id='word_1_484' title='bbox 1992 2268 2100 2324; x_wconf 83' lang='lat' dir='ltr'>eile</span> <span class='ocrx_word' id='word_1_485' title='bbox 2130 2268 2242 2323; x_wconf 90' lang='lat' dir='ltr'>sibi</span> <span class='ocrx_word' id='word_1_486' title='bbox 2274 2268 2586 2323; x_wconf 81' lang='lat' dir='ltr'>induxerit.</span> <span class='ocrx_word' id='word_1_487' title='bbox 2611 2272 2807 2337; x_wconf 90' lang='lat' dir='ltr'>Neque</span> <span class='ocrx_word' id='word_1_488' title='bbox 2829 2284 2958 2322; x_wconf 90' lang='lat' dir='ltr'>vero</span> <span class='ocrx_word' id='word_1_489' title='bbox 2988 2268 3108 2323; x_wconf 79' lang='lat' dir='ltr'>haec</span> <span class='ocrx_word' id='word_1_490' title='bbox 3139 2284 3397 2339; x_wconf 91' lang='lat' dir='ltr'>unquam</span> <span class='ocrx_word' id='word_1_491' title='bbox 3432 2271 3541 2325; x_wconf 87' lang='lat' dir='ltr'>fuit</span> <span class='ocrx_word' id='word_1_492' title='bbox 3561 2271 3632 2325; x_wconf 91' lang='lat' dir='ltr'>il-</span> 
     </span>
    </p>
   </div>
   <div class='ocr_carea' id='block_1_68' title="bbox 1991 2339 3633 2411">
    <p class='ocr_par' dir='ltr' id='par_1_68' title="bbox 1991 2339 3633 2411">
     <span class='ocr_line' id='line_1_70' title="bbox 1991 2339 3633 2411; baseline 0.001 -16"><span class='ocrx_word' id='word_1_493' title='bbox 1991 2340 2108 2395; x_wconf 90' lang='lat' dir='ltr'>lius</span> <span class='ocrx_word' id='word_1_494' title='bbox 2136 2356 2305 2411; x_wconf 85' lang='lat' dir='ltr'>mens</span> <span class='ocrx_word' id='word_1_495' title='bbox 2336 2344 2393 2394; x_wconf 89' lang='lat' dir='ltr'>et</span> <span class='ocrx_word' id='word_1_496' title='bbox 2423 2355 2653 2394; x_wconf 92' lang='lat' dir='ltr'>sensus.</span> <span class='ocrx_word' id='word_1_497' title='bbox 2674 2339 2759 2392; x_wconf 82' lang='lat' dir='ltr'>Ab</span> <span class='ocrx_word' id='word_1_498' title='bbox 2779 2339 2904 2409; x_wconf 92' lang='lat' dir='ltr'>ipso</span> <span class='ocrx_word' id='word_1_499' title='bbox 2934 2340 3089 2393; x_wconf 89' lang='lat' dir='ltr'>enim</span> <span class='ocrx_word' id='word_1_500' title='bbox 3113 2339 3231 2393; x_wconf 66' lang='lat' dir='ltr'>haec</span> <span class='ocrx_word' id='word_1_501' title='bbox 3261 2341 3495 2411; x_wconf 88' lang='lat' dir='ltr'>scriptis</span> <span class='ocrx_word' id='word_1_502' title='bbox 3512 2347 3633 2397; x_wconf 88' lang='lat' dir='ltr'>tra-</span> 
     </span>
    </p>
   </div>
   <div class='ocr_carea' id='block_1_69' title="bbox 1992 2410 3631 2482">
    <p class='ocr_par' dir='ltr' id='par_1_69' title="bbox 1992 2410 3631 2482">
     <span class='ocr_line' id='line_1_71' title="bbox 1992 2410 3631 2482; baseline 0.001 -16"><span class='ocrx_word' id='word_1_503' title='bbox 1992 2413 2114 2466; x_wconf 91' lang='lat' dir='ltr'>dita</span> <span class='ocrx_word' id='word_1_504' title='bbox 2136 2410 2383 2480; x_wconf 84' lang='lat' dir='ltr'>legimus</span> <span class='ocrx_word' id='word_1_505' title='bbox 2404 2410 2450 2444; x_wconf 77' lang='grc'><strong>⁴⁴</strong></span> <span class='ocrx_word' id='word_1_506' title='bbox 2473 2429 2485 2465; x_wconf 89' lang='lat'><strong>:</strong></span> <span class='ocrx_word' id='word_1_507' title='bbox 2512 2433 2539 2459; x_wconf 83' lang='lat'><strong>«</strong></span> <span class='ocrx_word' id='word_1_508' title='bbox 2563 2414 2894 2482; x_wconf 15' lang='lat' dir='ltr'>Nosiautem</span> <span class='ocrx_word' id='word_1_509' title='bbox 2918 2426 3074 2482; x_wconf 90' lang='lat' dir='ltr'>eum,</span> <span class='ocrx_word' id='word_1_510' title='bbox 3103 2410 3203 2479; x_wconf 87' lang='lat' dir='ltr'>qui</span> <span class='ocrx_word' id='word_1_511' title='bbox 3225 2410 3457 2482; x_wconf 84' lang='lat' dir='ltr'>semper</span> <span class='ocrx_word' id='word_1_512' title='bbox 3496 2416 3552 2467; x_wconf 90' lang='lat' dir='ltr'>et</span> <span class='ocrx_word' id='word_1_513' title='bbox 3572 2413 3631 2467; x_wconf 93' lang='lat' dir='ltr'>in</span> 
     </span>
    </p>
   </div>
   <div class='ocr_carea' id='block_1_70' title="bbox 1991 2481 3620 2551">
    <p class='ocr_par' dir='ltr' id='par_1_70' title="bbox 1991 2481 3620 2551">
     <span class='ocr_line' id='line_1_72' title="bbox 1991 2481 3620 2551; baseline 0.001 -14"><span class='ocrx_word' id='word_1_514' title='bbox 1991 2482 2264 2538; x_wconf 90' lang='lat' dir='ltr'>omnibus</span> <span class='ocrx_word' id='word_1_515' title='bbox 2290 2489 2346 2536; x_wconf 91' lang='lat' dir='ltr'>et</span> <span class='ocrx_word' id='word_1_516' title='bbox 2374 2482 2591 2551; x_wconf 82' lang='lat' dir='ltr'>justus,</span> <span class='ocrx_word' id='word_1_517' title='bbox 2620 2481 2767 2535; x_wconf 81' lang='lat' dir='ltr'>scire</span> <span class='ocrx_word' id='word_1_518' title='bbox 2798 2481 3090 2548; x_wconf 85' lang='lat' dir='ltr'>cupimus,</span> <span class='ocrx_word' id='word_1_519' title='bbox 3124 2482 3222 2551; x_wconf 93' lang='lat' dir='ltr'>qui</span> <span class='ocrx_word' id='word_1_520' title='bbox 3272 2481 3378 2537; x_wconf 79' lang='lat' dir='ltr'>nec</span> <span class='ocrx_word' id='word_1_521' title='bbox 3406 2483 3620 2539; x_wconf 91' lang='lat' dir='ltr'>timens</span> 
     </span>
    </p>
   </div>
   <div class='ocr_carea' id='block_1_71' title="bbox 1993 2552 3626 2634">
    <p class='ocr_par' dir='ltr' id='par_1_71' title="bbox 1993 2552 3626 2634">
     <span class='ocr_line' id='line_1_73' title="bbox 1993 2552 3626 2634; baseline 0 -25"><span class='ocrx_word' id='word_1_522' title='bbox 1993 2552 2305 2634; x_wconf 72' lang='lat' dir='ltr'>supplicia,</span> <span class='ocrx_word' id='word_1_523' title='bbox 2338 2568 2461 2634; x_wconf 80' lang='lat' dir='ltr'>quae</span> <span class='ocrx_word' id='word_1_524' title='bbox 2493 2552 3057 2634; x_wconf 75' lang='lat' dir='ltr'>alegestatuuntur,</span> <span class='ocrx_word' id='word_1_525' title='bbox 3091 2568 3193 2606; x_wconf 91' lang='lat' dir='ltr'>nec</span> <span class='ocrx_word' id='word_1_526' title='bbox 3240 2569 3437 2634; x_wconf 79' lang='lat' dir='ltr'>eorum</span> <span class='ocrx_word' id='word_1_527' title='bbox 3482 2570 3626 2634; x_wconf 64' lang='lat' dir='ltr'>cum</span> 
     </span>
    </p>
   </div>
   <div class='ocr_carea' id='block_1_72' title="bbox 1991 2622 3627 2705">
    <p class='ocr_par' dir='ltr' id='par_1_72' title="bbox 1991 2622 3627 2705">
     <span class='ocr_line' id='line_1_74' title="bbox 1991 2622 3627 2705; baseline 0.001 -28"><span class='ocrx_word' id='word_1_528' title='bbox 1991 2622 2508 2705; x_wconf 45' lang='lat' dir='ltr'>quibus&#39;versatur,</span> <span class='ocrx_word' id='word_1_529' title='bbox 2525 2627 2580 2676; x_wconf 91' lang='lat' dir='ltr'>et</span> <span class='ocrx_word' id='word_1_530' title='bbox 2595 2622 2694 2693; x_wconf 89' lang='lat' dir='ltr'>qui</span> <span class='ocrx_word' id='word_1_531' title='bbox 2710 2628 2942 2705; x_wconf 78' lang='lat' dir='ltr'>peccata</span> <span class='ocrx_word' id='word_1_532' title='bbox 2966 2638 3211 2705; x_wconf 75' lang='lat' dir='ltr'>persequ</span> <span class='ocrx_word' id='word_1_533' title='bbox 3223 2624 3519 2705; x_wconf 36' lang='lat' dir='ltr'>untur,lodi</span> <span class='ocrx_word' id='word_1_534' title='bbox 3531 2641 3627 2679; x_wconf 91' lang='lat' dir='ltr'>um</span> 
     </span>
    </p>
   </div>
   <div class='ocr_carea' id='block_1_73' title="bbox 1989 2693 3635 2765">
    <p class='ocr_par' dir='ltr' id='par_1_73' title="bbox 1989 2693 3635 2765">
     <span class='ocr_line' id='line_1_75' title="bbox 1989 2693 3635 2765; baseline 0.002 -17"><span class='ocrx_word' id='word_1_535' title='bbox 1989 2693 2189 2765; x_wconf 72' lang='lat' dir='ltr'>vitans</span> <span class='ocrx_word' id='word_1_536' title='bbox 2209 2695 2268 2747; x_wconf 93' lang='lat' dir='ltr'>in</span> <span class='ocrx_word' id='word_1_537' title='bbox 2291 2695 2615 2765; x_wconf 89' lang='lat' dir='ltr'>improbos,</span> <span class='ocrx_word' id='word_1_538' title='bbox 2647 2709 2753 2765; x_wconf 89' lang='lat' dir='ltr'>nec</span> <span class='ocrx_word' id='word_1_539' title='bbox 2782 2694 2934 2765; x_wconf 87' lang='lat' dir='ltr'>quod</span> <span class='ocrx_word' id='word_1_540' title='bbox 2967 2710 3032 2747; x_wconf 86' lang='lat' dir='ltr'>ex</span> <span class='ocrx_word' id='word_1_541' title='bbox 3058 2693 3548 2765; x_wconf 81' lang='lat' dir='ltr'>ipsissceleribus</span> <span class='ocrx_word' id='word_1_542' title='bbox 3576 2701 3635 2751; x_wconf 88' lang='lat' dir='ltr'>et</span> 
     </span>
    </p>
   </div>
   <div class='ocr_carea' id='block_1_74' title="bbox 1991 2762 3629 2836">
    <p class='ocr_par' dir='ltr' id='par_1_74' title="bbox 1991 2762 3629 2836">
     <span class='ocr_line' id='line_1_76' title="bbox 1991 2762 3629 2836; baseline 0.002 -17"><span class='ocrx_word' id='word_1_543' title='bbox 1991 2764 2231 2836; x_wconf 85' lang='lat' dir='ltr'>ﬂagitiis</span> <span class='ocrx_word' id='word_1_544' title='bbox 2270 2762 2591 2836; x_wconf 82' lang='lat' dir='ltr'>impendet,</span> <span class='ocrx_word' id='word_1_545' title='bbox 2625 2762 2947 2836; x_wconf 81' lang='lat' dir='ltr'>periculum</span> <span class='ocrx_word' id='word_1_546' title='bbox 2994 2764 3402 2831; x_wconf 82' lang='lat' dir='ltr'>reformidans,</span> <span class='ocrx_word' id='word_1_547' title='bbox 3426 2762 3629 2835; x_wconf 83' lang='lat' dir='ltr'>justus</span> 
     </span>
    </p>
   </div>
   <div class='ocr_carea' id='block_1_75' title="bbox 1990 2833 3631 2907">
    <p class='ocr_par' dir='ltr' id='par_1_75' title="bbox 1990 2833 3631 2907">
     <span class='ocr_line' id='line_1_77' title="bbox 1990 2833 3631 2907; baseline 0.001 -16"><span class='ocrx_word' id='word_1_548' title='bbox 1990 2833 2311 2907; x_wconf 71' lang='lat' dir='ltr'>permanet.</span> <span class='ocrx_word' id='word_1_549' title='bbox 2333 2833 2438 2900; x_wconf 86' lang='lat' dir='ltr'>Qui</span> <span class='ocrx_word' id='word_1_550' title='bbox 2459 2834 2610 2888; x_wconf 90' lang='lat' dir='ltr'>enim</span> <span class='ocrx_word' id='word_1_551' title='bbox 2638 2838 2871 2907; x_wconf 82' lang='lat' dir='ltr'>propter</span> <span class='ocrx_word' id='word_1_552' title='bbox 2892 2833 3013 2888; x_wconf 66' lang='lat' dir='ltr'>haec</span> <span class='ocrx_word' id='word_1_553' title='bbox 3036 2836 3293 2891; x_wconf 89' lang='lat' dir='ltr'>abstinet</span> <span class='ocrx_word' id='word_1_554' title='bbox 3315 2854 3349 2891; x_wconf 89' lang='lat' dir='ltr'>a</span> <span class='ocrx_word' id='word_1_555' title='bbox 3366 2833 3631 2893; x_wconf 86' lang='lat' dir='ltr'>faciendo</span> 
     </span>
    </p>
   </div>
   <div class='ocr_carea' id='block_1_76' title="bbox 1992 2904 3624 2978">
    <p class='ocr_par' dir='ltr' id='par_1_76' title="bbox 1992 2904 3624 2978">
     <span class='ocr_line' id='line_1_78' title="bbox 1992 2904 3624 2978; baseline 0.001 -16"><span class='ocrx_word' id='word_1_556' title='bbox 1992 2904 2205 2976; x_wconf 77' lang='lat' dir='ltr'>aliquid</span> <span class='ocrx_word' id='word_1_557' title='bbox 2239 2924 2307 2961; x_wconf 85' lang='lat' dir='ltr'>ex</span> <span class='ocrx_word' id='word_1_558' title='bbox 2338 2907 2409 2961; x_wconf 92' lang='lat' dir='ltr'>iis</span> <span class='ocrx_word' id='word_1_559' title='bbox 2441 2922 2568 2975; x_wconf 62' lang='lat' dir='ltr'>qua;</span> <span class='ocrx_word' id='word_1_560' title='bbox 2600 2909 2740 2978; x_wconf 79' lang='lat' dir='ltr'>sunt</span> <span class='ocrx_word' id='word_1_561' title='bbox 2767 2904 3130 2978; x_wconf 9' lang='lat' dir='ltr'>injustarnon</span> <span class='ocrx_word' id='word_1_562' title='bbox 3147 2912 3235 2961; x_wconf 89' lang='lat' dir='ltr'>est</span> <span class='ocrx_word' id='word_1_563' title='bbox 3255 2924 3363 2962; x_wconf 92' lang='lat' dir='ltr'>sua</span> <span class='ocrx_word' id='word_1_564' title='bbox 3393 2914 3624 2978; x_wconf 90' lang='lat' dir='ltr'>sponte,</span> 
     </span>
    </p>
   </div>
   <div class='ocr_carea' id='block_1_77' title="bbox 1990 2976 3634 3046">
    <p class='ocr_par' dir='ltr' id='par_1_77' title="bbox 1990 2976 3634 3046">
     <span class='ocr_line' id='line_1_79' title="bbox 1990 2976 3634 3046; baseline 0.001 -13"><span class='ocrx_word' id='word_1_565' title='bbox 1990 2979 2093 3034; x_wconf 91' lang='lat' dir='ltr'>sed</span> <span class='ocrx_word' id='word_1_566' title='bbox 2125 2983 2282 3033; x_wconf 89' lang='lat' dir='ltr'>metu</span> <span class='ocrx_word' id='word_1_567' title='bbox 2315 2978 2624 3032; x_wconf 91' lang='lat' dir='ltr'>bonus.....</span> <span class='ocrx_word' id='word_1_568' title='bbox 2650 2976 2924 3031; x_wconf 90' lang='lat' dir='ltr'>Siautem</span> <span class='ocrx_word' id='word_1_569' title='bbox 2948 2977 3020 3030; x_wconf 88' lang='lat' dir='ltr'>ab</span> <span class='ocrx_word' id='word_1_570' title='bbox 3051 2977 3347 3046; x_wconf 85' lang='lat' dir='ltr'>injustitia</span> <span class='ocrx_word' id='word_1_571' title='bbox 3370 2976 3634 3035; x_wconf 84' lang='lat' dir='ltr'>facienda</span> 
     </span>
    </p>
   </div>
   <div class='ocr_carea' id='block_1_78' title="bbox 247 3045 3639 3140">
    <p class='ocr_par' dir='ltr' id='par_1_78' title="bbox 247 3045 3639 3140">
     <span class='ocr_line' id='line_1_80' title="bbox 247 3045 3639 3140; baseline 0.001 -39"><span class='ocrx_word' id='word_1_572' title='bbox 247 3062 373 3140; x_wconf 65' lang='lat' dir='ltr'>esse</span> <span class='ocrx_word' id='word_1_573' title='bbox 403 3062 602 3140; x_wconf 45' lang='lat' dir='ltr'>reve‘ra</span> <span class='ocrx_word' id='word_1_574' title='bbox 618 3048 883 3140; x_wconf 46' lang='lat' dir='ltr'>Jbonum;</span> <span class='ocrx_word' id='word_1_575' title='bbox 909 3045 1246 3140; x_wconf 66' lang='lat' dir='ltr'>quippeqqi</span> <span class='ocrx_word' id='word_1_576' title='bbox 1276 3046 1627 3118; x_wconf 90' lang='lat' dir='ltr'>principium</span> <span class='ocrx_word' id='word_1_577' title='bbox 1649 3045 1885 3102; x_wconf 50' lang='lat' dir='ltr'>sitdile;</span> <span class='ocrx_word' id='word_1_578' title='bbox 1925 3073 1967 3140; x_wconf 67' lang='grc' dir='ltr'><strong>ρ</strong></span> <span class='ocrx_word' id='word_1_579' title='bbox 2006 3048 2377 3140; x_wconf 35' lang='lat' dir='ltr'>abstinuerit)</span> <span class='ocrx_word' id='word_1_580' title='bbox 2410 3053 2642 3140; x_wconf 51' lang='lat' dir='ltr'>pro|pter</span> <span class='ocrx_word' id='word_1_581' title='bbox 2688 3062 2852 3128; x_wconf 83' lang='lat' dir='ltr'>spem</span> <span class='ocrx_word' id='word_1_582' title='bbox 2898 3045 3385 3140; x_wconf 47' lang='lat' dir='ltr'>remunerationis</span> <span class='ocrx_word' id='word_1_583' title='bbox 3437 3068 3476 3131; x_wconf 40' lang='grc' dir='ltr'>,ει</span> <span class='ocrx_word' id='word_1_584' title='bbox 3523 3051 3639 3132; x_wconf 87' lang='lat' dir='ltr'>De_o</span> 
     </span>
    </p>
   </div>
   <div class='ocr_carea' id='block_1_79' title="bbox 248 3115 1251 3174">
    <p class='ocr_par' dir='ltr' id='par_1_79' title="bbox 248 3115 1251 3174">
     <span class='ocr_line' id='line_1_81' title="bbox 248 3115 1251 3174; baseline -0.001 -2"><span class='ocrx_word' id='word_1_585' title='bbox 248 3115 460 3172; x_wconf 92' lang='lat' dir='ltr'>ctionis</span> <span class='ocrx_word' id='word_1_586' title='bbox 490 3121 548 3171; x_wconf 91' lang='lat' dir='ltr'>et</span> <span class='ocrx_word' id='word_1_587' title='bbox 577 3117 812 3174; x_wconf 81' lang='lat' dir='ltr'>adeam</span> <span class='ocrx_word' id='word_1_588' title='bbox 844 3115 949 3172; x_wconf 81' lang='lat' dir='ltr'>nos</span> <span class='ocrx_word' id='word_1_589' title='bbox 981 3115 1251 3172; x_wconf 82' lang='lat' dir='ltr'>adducat.</span> 
     </span>
    </p>
   </div>
   <div class='ocr_carea' id='block_1_80' title="bbox 318 3188 1891 3258">
    <p class='ocr_par' dir='ltr' id='par_1_80' title="bbox 318 3188 1891 3258">
     <span class='ocr_line' id='line_1_82' title="bbox 318 3188 1891 3258; baseline 0.001 -16"><span class='ocrx_word' id='word_1_590' title='bbox 318 3188 520 3257; x_wconf 88' lang='lat' dir='ltr'>Neque</span> <span class='ocrx_word' id='word_1_591' title='bbox 550 3191 747 3244; x_wconf 89' lang='lat' dir='ltr'>tamen</span> <span class='ocrx_word' id='word_1_592' title='bbox 780 3188 840 3242; x_wconf 92' lang='lat' dir='ltr'>in</span> <span class='ocrx_word' id='word_1_593' title='bbox 872 3193 1064 3257; x_wconf 90' lang='lat' dir='ltr'>tuum,</span> <span class='ocrx_word' id='word_1_594' title='bbox 1098 3205 1313 3258; x_wconf 66' lang='lat' dir='ltr'>quasso,</span> <span class='ocrx_word' id='word_1_595' title='bbox 1346 3188 1593 3243; x_wconf 88' lang='lat' dir='ltr'>inducas</span> <span class='ocrx_word' id='word_1_596' title='bbox 1625 3188 1891 3244; x_wconf 89' lang='lat' dir='ltr'>animum</span> 
     </span>
    </p>
   </div>
   <div class='ocr_carea' id='block_1_81' title="bbox 246 3258 1889 3329">
    <p class='ocr_par' dir='ltr' id='par_1_81' title="bbox 246 3258 1889 3329">
     <span class='ocr_line' id='line_1_83' title="bbox 246 3258 1889 3329; baseline 0 -16"><span class='ocrx_word' id='word_1_597' title='bbox 246 3258 319 3314; x_wconf 90' lang='lat' dir='ltr'>ab</span> <span class='ocrx_word' id='word_1_598' title='bbox 353 3259 456 3314; x_wconf 90' lang='lat' dir='ltr'>illo</span> <span class='ocrx_word' id='word_1_599' title='bbox 485 3275 721 3314; x_wconf 91' lang='lat' dir='ltr'>omnem</span> <span class='ocrx_word' id='word_1_600' title='bbox 757 3275 995 3328; x_wconf 86' lang='lat' dir='ltr'>prorsus</span> <span class='ocrx_word' id='word_1_601' title='bbox 1025 3258 1294 3314; x_wconf 90' lang='lat' dir='ltr'>servilem</span> <span class='ocrx_word' id='word_1_602' title='bbox 1328 3264 1549 3314; x_wconf 90' lang='lat' dir='ltr'>metum</span> <span class='ocrx_word' id='word_1_603' title='bbox 1582 3259 1889 3329; x_wconf 88' lang='lat' dir='ltr'>proscribi,</span> 
     </span>
    </p>
   </div>
   <div class='ocr_carea' id='block_1_82' title="bbox 245 3329 1894 3401">
    <p class='ocr_par' dir='ltr' id='par_1_82' title="bbox 245 3329 1894 3401">
     <span class='ocr_line' id='line_1_84' title="bbox 245 3329 1894 3401; baseline -0.001 -16"><span class='ocrx_word' id='word_1_604' title='bbox 245 3343 310 3385; x_wconf 91' lang='lat' dir='ltr'>ac</span> <span class='ocrx_word' id='word_1_605' title='bbox 334 3334 620 3401; x_wconf 88' lang='lat' dir='ltr'>tanquam</span> <span class='ocrx_word' id='word_1_606' title='bbox 646 3330 869 3385; x_wconf 91' lang='lat' dir='ltr'>malum</span> <span class='ocrx_word' id='word_1_607' title='bbox 894 3330 1127 3401; x_wconf 85' lang='lat' dir='ltr'>penitus</span> <span class='ocrx_word' id='word_1_608' title='bbox 1151 3329 1467 3400; x_wconf 91' lang='lat' dir='ltr'>repudiari.</span> <span class='ocrx_word' id='word_1_609' title='bbox 1494 3329 1639 3384; x_wconf 89' lang='lat' dir='ltr'>Nam</span> <span class='ocrx_word' id='word_1_610' title='bbox 1663 3334 1894 3399; x_wconf 70' lang='lat' dir='ltr'>praster-</span> 
     </span>
    </p>
   </div>
   <div class='ocr_carea' id='block_1_83' title="bbox 242 3400 1893 3471">
    <p class='ocr_par' dir='ltr' id='par_1_83' title="bbox 242 3400 1893 3471">
     <span class='ocr_line' id='line_1_85' title="bbox 242 3400 1893 3471; baseline -0.001 -15"><span class='ocrx_word' id='word_1_611' title='bbox 242 3417 428 3471; x_wconf 90' lang='lat' dir='ltr'>quam</span> <span class='ocrx_word' id='word_1_612' title='bbox 459 3400 614 3471; x_wconf 86' lang='lat' dir='ltr'>quod</span> <span class='ocrx_word' id='word_1_613' title='bbox 648 3400 744 3455; x_wconf 91' lang='lat' dir='ltr'>ille</span> <span class='ocrx_word' id='word_1_614' title='bbox 776 3400 978 3456; x_wconf 84' lang='lat' dir='ltr'>contra</span> <span class='ocrx_word' id='word_1_615' title='bbox 1008 3401 1330 3468; x_wconf 66' lang='lat' dir='ltr'>haereticos,</span> <span class='ocrx_word' id='word_1_616' title='bbox 1360 3401 1444 3454; x_wconf 90' lang='lat' dir='ltr'>uti</span> <span class='ocrx_word' id='word_1_617' title='bbox 1485 3401 1760 3466; x_wconf 84' lang='lat' dir='ltr'>diximus,</span> <span class='ocrx_word' id='word_1_618' title='bbox 1796 3416 1893 3455; x_wconf 90' lang='lat' dir='ltr'>os-</span> 
     </span>
    </p>
   </div>
   <div class='ocr_carea' id='block_1_84' title="bbox 242 3470 1891 3543">
    <p class='ocr_par' dir='ltr' id='par_1_84' title="bbox 242 3470 1891 3543">
     <span class='ocr_line' id='line_1_86' title="bbox 242 3470 1891 3543; baseline -0.002 -15"><span class='ocrx_word' id='word_1_619' title='bbox 242 3470 437 3528; x_wconf 64' lang='lat' dir='ltr'>tbndit</span> <span class='ocrx_word' id='word_1_620' title='bbox 464 3470 716 3527; x_wconf 80' lang='lat' dir='ltr'>veterem</span> <span class='ocrx_word' id='word_1_621' title='bbox 744 3471 954 3543; x_wconf 84' lang='lat' dir='ltr'>legem,</span> <span class='ocrx_word' id='word_1_622' title='bbox 978 3471 1367 3543; x_wconf 89' lang='lat' dir='ltr'>timoremque</span> <span class='ocrx_word' id='word_1_623' title='bbox 1388 3472 1461 3525; x_wconf 87' lang='lat' dir='ltr'>ab</span> <span class='ocrx_word' id='word_1_624' title='bbox 1483 3487 1549 3525; x_wconf 94' lang='lat' dir='ltr'>eo</span> <span class='ocrx_word' id='word_1_625' title='bbox 1582 3470 1891 3543; x_wconf 76' lang='lat' dir='ltr'>incussum</span> 
     </span>
    </p>
   </div>
   <div class='ocr_carea' id='block_1_85' title="bbox 241 3541 1893 3614">
    <p class='ocr_par' dir='ltr' id='par_1_85' title="bbox 241 3541 1893 3614">
     <span class='ocr_line' id='line_1_87' title="bbox 241 3541 1893 3614; baseline -0.003 -15"><span class='ocrx_word' id='word_1_626' title='bbox 241 3543 496 3599; x_wconf 87' lang='lat' dir='ltr'>minime</span> <span class='ocrx_word' id='word_1_627' title='bbox 524 3559 654 3598; x_wconf 90' lang='lat' dir='ltr'>esse</span> <span class='ocrx_word' id='word_1_628' title='bbox 684 3541 860 3612; x_wconf 78' lang='lat' dir='ltr'>mala,</span> <span class='ocrx_word' id='word_1_629' title='bbox 894 3543 1127 3614; x_wconf 86' lang='lat' dir='ltr'>quando</span> <span class='ocrx_word' id='word_1_630' title='bbox 1159 3557 1228 3614; x_wconf 83' lang='lat' dir='ltr'>ex</span> <span class='ocrx_word' id='word_1_631' title='bbox 1258 3542 1367 3596; x_wconf 88' lang='lat' dir='ltr'>hoc</span> <span class='ocrx_word' id='word_1_632' title='bbox 1397 3542 1709 3614; x_wconf 75' lang='lat' dir='ltr'>timoread</span> <span class='ocrx_word' id='word_1_633' title='bbox 1744 3541 1893 3614; x_wconf 49' lang='lat' dir='ltr'>ﬁlia:</span> 
     </span>
    </p>
   </div>
   <div class='ocr_carea' id='block_1_86' title="bbox 238 3611 1893 3681">
    <p class='ocr_par' dir='ltr' id='par_1_86' title="bbox 238 3611 1893 3681">
     <span class='ocr_line' id='line_1_88' title="bbox 238 3611 1893 3681; baseline -0.002 -13"><span class='ocrx_word' id='word_1_634' title='bbox 238 3614 358 3670; x_wconf 88' lang='lat' dir='ltr'>lem</span> <span class='ocrx_word' id='word_1_635' title='bbox 392 3618 638 3679; x_wconf 91' lang='lat' dir='ltr'>metum,</span> <span class='ocrx_word' id='word_1_636' title='bbox 660 3611 928 3669; x_wconf 80' lang='lat' dir='ltr'>amorem</span> <span class='ocrx_word' id='word_1_637' title='bbox 946 3618 1003 3669; x_wconf 90' lang='lat' dir='ltr'>et</span> <span class='ocrx_word' id='word_1_638' title='bbox 1025 3612 1369 3668; x_wconf 88' lang='lat' dir='ltr'>charitatem</span> <span class='ocrx_word' id='word_1_639' title='bbox 1394 3611 1772 3668; x_wconf 89' lang='lat' dir='ltr'>ascendimus</span> <span class='ocrx_word' id='word_1_640' title='bbox 1798 3611 1893 3681; x_wconf 91' lang='lat' dir='ltr'>;id</span> 
     </span>
    </p>
   </div>
   <div class='ocr_carea' id='block_1_87' title="bbox 241 3683 1894 3755">
    <p class='ocr_par' dir='ltr' id='par_1_87' title="bbox 241 3683 1894 3755">
     <span class='ocr_line' id='line_1_89' title="bbox 241 3683 1894 3755; baseline -0.002 -14"><span class='ocrx_word' id='word_1_641' title='bbox 241 3701 393 3742; x_wconf 88' lang='lat' dir='ltr'>sane</span> <span class='ocrx_word' id='word_1_642' title='bbox 424 3685 642 3741; x_wconf 90' lang='lat' dir='ltr'>clarius</span> <span class='ocrx_word' id='word_1_643' title='bbox 672 3686 1057 3748; x_wconf 89' lang='lat' dir='ltr'>demonstrat,</span> <span class='ocrx_word' id='word_1_644' title='bbox 1106 3684 1201 3739; x_wconf 90' lang='lat' dir='ltr'>ubi</span> <span class='ocrx_word' id='word_1_645' title='bbox 1226 3684 1443 3754; x_wconf 87' lang='lat' dir='ltr'>quibus</span> <span class='ocrx_word' id='word_1_646' title='bbox 1472 3683 1753 3755; x_wconf 88' lang='lat' dir='ltr'>gradibus</span> <span class='ocrx_word' id='word_1_647' title='bbox 1785 3683 1894 3738; x_wconf 87' lang='lat' dir='ltr'>hoc</span> 
     </span>
    </p>
   </div>
   <div class='ocr_carea' id='block_1_88' title="bbox 242 3755 1894 3823">
    <p class='ocr_par' dir='ltr' id='par_1_88' title="bbox 242 3755 1894 3823">
     <span class='ocr_line' id='line_1_90' title="bbox 242 3755 1894 3823; baseline -0.002 -12"><span class='ocrx_word' id='word_1_648' title='bbox 242 3760 370 3823; x_wconf 87' lang='lat' dir='ltr'>liat,</span> <span class='ocrx_word' id='word_1_649' title='bbox 407 3756 487 3811; x_wconf 91' lang='lat' dir='ltr'>ita</span> <span class='ocrx_word' id='word_1_650' title='bbox 515 3756 788 3811; x_wconf 89' lang='lat' dir='ltr'>edisserit</span> <span class='ocrx_word' id='word_1_651' title='bbox 816 3759 860 3797; x_wconf 74' lang='grc' dir='ltr'>ὀί</span> <span class='ocrx_word' id='word_1_652' title='bbox 888 3773 901 3811; x_wconf 88' lang='lat'><strong>:</strong></span> <span class='ocrx_word' id='word_1_653' title='bbox 928 3776 952 3806; x_wconf 77' lang='lat' dir='ltr'>a</span> <span class='ocrx_word' id='word_1_654' title='bbox 989 3755 1147 3811; x_wconf 89' lang='lat' dir='ltr'>Licet</span> <span class='ocrx_word' id='word_1_655' title='bbox 1177 3771 1292 3811; x_wconf 92' lang='lat' dir='ltr'>non</span> <span class='ocrx_word' id='word_1_656' title='bbox 1324 3771 1454 3810; x_wconf 90' lang='lat' dir='ltr'>esse</span> <span class='ocrx_word' id='word_1_657' title='bbox 1484 3755 1672 3809; x_wconf 86' lang='lat' dir='ltr'>ﬁlium</span> <span class='ocrx_word' id='word_1_658' title='bbox 1707 3755 1894 3809; x_wconf 91' lang='lat' dir='ltr'>incre-</span> 
     </span>
    </p>
   </div>
   <div class='ocr_carea' id='block_1_89' title="bbox 240 3826 1895 3895">
    <p class='ocr_par' dir='ltr' id='par_1_89' title="bbox 240 3826 1895 3895">
     <span class='ocr_line' id='line_1_91' title="bbox 240 3826 1895 3895; baseline -0.002 -12"><span class='ocrx_word' id='word_1_659' title='bbox 240 3828 539 3895; x_wconf 88' lang='lat' dir='ltr'>dulitatis,</span> <span class='ocrx_word' id='word_1_660' title='bbox 569 3828 669 3882; x_wconf 90' lang='lat' dir='ltr'>sed</span> <span class='ocrx_word' id='word_1_661' title='bbox 701 3826 956 3883; x_wconf 89' lang='lat' dir='ltr'>transire</span> <span class='ocrx_word' id='word_1_662' title='bbox 985 3843 1020 3880; x_wconf 90' lang='lat' dir='ltr'>a</span> <span class='ocrx_word' id='word_1_663' title='bbox 1048 3827 1308 3882; x_wconf 89' lang='lat' dir='ltr'>tenebris</span> <span class='ocrx_word' id='word_1_664' title='bbox 1336 3827 1408 3881; x_wconf 91' lang='lat' dir='ltr'>ad</span> <span class='ocrx_word' id='word_1_665' title='bbox 1435 3830 1639 3891; x_wconf 90' lang='lat' dir='ltr'>vitam,</span> <span class='ocrx_word' id='word_1_666' title='bbox 1670 3830 1727 3880; x_wconf 91' lang='lat' dir='ltr'>et</span> <span class='ocrx_word' id='word_1_667' title='bbox 1757 3841 1895 3895; x_wconf 85' lang='lat' dir='ltr'>aure</span> 
     </span>
    </p>
   </div>
   <div class='ocr_carea' id='block_1_90' title="bbox 243 3894 1894 3971">
    <p class='ocr_par' dir='ltr' id='par_1_90' title="bbox 243 3894 1894 3971">
     <span class='ocr_line' id='line_1_92' title="bbox 243 3894 1894 3971; baseline -0.005 -15"><span class='ocrx_word' id='word_1_668' title='bbox 243 3898 554 3971; x_wconf 65' lang='lat' dir='ltr'>sapientia</span> <span class='ocrx_word' id='word_1_669' title='bbox 587 3899 1051 3971; x_wconf 84' lang='lat' dir='ltr'>accommodata,</span> <span class='ocrx_word' id='word_1_670' title='bbox 1085 3898 1351 3971; x_wconf 17' lang='lat' dir='ltr'>esseiDei</span> <span class='ocrx_word' id='word_1_671' title='bbox 1401 3896 1729 3971; x_wconf 79' lang='lat' dir='ltr'>legitimum</span> <span class='ocrx_word' id='word_1_672' title='bbox 1757 3894 1894 3971; x_wconf 64' lang='lat' dir='ltr'>;yé-</span> 
     </span>
    </p>
   </div>
   <div class='ocr_carea' id='block_1_91' title="bbox 250 3964 1891 4042">
    <p class='ocr_par' dir='ltr' id='par_1_91' title="bbox 250 3964 1891 4042">
     <span class='ocr_line' id='line_1_93' title="bbox 250 3964 1891 4042; baseline -0.002 -18"><span class='ocrx_word' id='word_1_673' title='bbox 250 3964 434 4042; x_wconf 53' lang='lat' dir='ltr'>gat—pexi</span> <span class='ocrx_word' id='word_1_674' title='bbox 466 3970 600 4023; x_wconf 79' lang='grc' dir='ltr'>εἶναι</span> <span class='ocrx_word' id='word_1_675' title='bbox 634 3970 780 4033; x_wconf 82' lang='grc' dir='ltr'>θεοῦ,</span> <span class='ocrx_word' id='word_1_676' title='bbox 812 3964 1055 4042; x_wconf 79' lang='lat' dir='ltr'>servum</span> <span class='ocrx_word' id='word_1_677' title='bbox 1100 3970 1337 4042; x_wconf 82' lang='lat' dir='ltr'>quidem</span> <span class='ocrx_word' id='word_1_678' title='bbox 1385 3964 1642 4042; x_wconf 67' lang='lat' dir='ltr'>primum</span> <span class='ocrx_word' id='word_1_679' title='bbox 1693 3964 1891 4042; x_wconf 54' lang='grc' dir='ltr'>δοῷλεξγ</span> 
     </span>
    </p>
   </div>
   <div class='ocr_carea' id='block_1_92' title="bbox 249 4035 1897 4112">
    <p class='ocr_par' dir='ltr' id='par_1_92' title="bbox 249 4035 1897 4112">
     <span class='ocr_line' id='line_1_94' title="bbox 249 4035 1897 4112; baseline -0.002 -16"><span class='ocrx_word' id='word_1_680' title='bbox 249 4035 349 4112; x_wconf 49' lang='lat' dir='ltr'>at;</span> <span class='ocrx_word' id='word_1_681' title='bbox 382 4041 449 4094; x_wconf 78' lang='grc' dir='ltr'>τὰ</span> <span class='ocrx_word' id='word_1_682' title='bbox 492 4044 685 4110; x_wconf 80' lang='grc' dir='ltr'>πρῶτα</span> <span class='ocrx_word' id='word_1_683' title='bbox 732 4042 949 4112; x_wconf 88' lang='lat' dir='ltr'>deinde</span> <span class='ocrx_word' id='word_1_684' title='bbox 987 4035 1574 4112; x_wconf 9' lang='lat' dir='ltr'>ﬁdei—emrfamulum.</span> <span class='ocrx_word' id='word_1_685' title='bbox 1606 4035 1789 4092; x_wconf 78' lang='grc' dir='ltr'>ἔπειτὰ</span> <span class='ocrx_word' id='word_1_686' title='bbox 1838 4035 1897 4092; x_wconf 81' lang='grc' dir='ltr'>δὲ</span> 
     </span>
    </p>
   </div>
   <div class='ocr_carea' id='block_1_93' title="bbox 245 4111 1895 4186">
    <p class='ocr_par' dir='ltr' id='par_1_93' title="bbox 245 4111 1895 4186">
     <span class='ocr_line' id='line_1_95' title="bbox 245 4111 1895 4186; baseline -0.001 -20"><span class='ocrx_word' id='word_1_687' title='bbox 245 4111 442 4167; x_wconf 68' lang='grc' dir='ltr'>πιστὸν</span> <span class='ocrx_word' id='word_1_688' title='bbox 514 4112 757 4186; x_wconf 15' lang='grc' dir='ltr'>γενὲῗσθᾳι</span> <span class='ocrx_word' id='word_1_689' title='bbox 830 4111 1131 4186; x_wconf 57' lang='grc' dir='ltr'>θεράποντα</span> <span class='ocrx_word' id='word_1_690' title='bbox 1204 4111 1507 4186; x_wconf 76' lang='lat' dir='ltr'>timentem</span> <span class='ocrx_word' id='word_1_691' title='bbox 1581 4112 1895 4186; x_wconf 73' lang='lat' dir='ltr'>Deminum</span> 
     </span>
    </p>
   </div>
   <div class='ocr_carea' id='block_1_94' title="bbox 250 4182 1896 4254">
    <p class='ocr_par' dir='ltr' id='par_1_94' title="bbox 250 4182 1896 4254">
     <span class='ocr_line' id='line_1_96' title="bbox 250 4182 1896 4254; baseline -0.003 -13"><span class='ocrx_word' id='word_1_692' title='bbox 250 4189 458 4241; x_wconf 87' lang='lat' dir='ltr'>Deum.</span> <span class='ocrx_word' id='word_1_693' title='bbox 483 4182 646 4250; x_wconf 85' lang='lat' dir='ltr'>Quod</span> <span class='ocrx_word' id='word_1_694' title='bbox 678 4184 728 4239; x_wconf 92' lang='lat' dir='ltr'>si</span> <span class='ocrx_word' id='word_1_695' title='bbox 759 4182 900 4254; x_wconf 85' lang='lat' dir='ltr'>quis</span> <span class='ocrx_word' id='word_1_696' title='bbox 925 4182 1171 4238; x_wconf 89' lang='lat' dir='ltr'>ulterius</span> <span class='ocrx_word' id='word_1_697' title='bbox 1194 4183 1544 4247; x_wconf 87' lang='lat' dir='ltr'>ascenderit,</span> <span class='ocrx_word' id='word_1_698' title='bbox 1568 4182 1813 4237; x_wconf 85' lang='lat' dir='ltr'>refertur</span> <span class='ocrx_word' id='word_1_699' title='bbox 1834 4182 1896 4237; x_wconf 91' lang='lat' dir='ltr'>in</span> 
     </span>
    </p>
   </div>
   <div class='ocr_carea' id='block_1_95' title="bbox 248 4254 1895 4325">
    <p class='ocr_par' dir='ltr' id='par_1_95' title="bbox 248 4254 1895 4325">
     <span class='ocr_line' id='line_1_97' title="bbox 248 4254 1895 4325; baseline -0.003 -13"><span class='ocrx_word' id='word_1_700' title='bbox 248 4270 570 4312; x_wconf 90' lang='lat' dir='ltr'>numerum</span> <span class='ocrx_word' id='word_1_701' title='bbox 595 4254 871 4310; x_wconf 85' lang='lat' dir='ltr'>filiorum.</span> <span class='ocrx_word' id='word_1_702' title='bbox 897 4255 1210 4324; x_wconf 89' lang='lat' dir='ltr'>Postquam</span> <span class='ocrx_word' id='word_1_703' title='bbox 1242 4260 1435 4309; x_wconf 89' lang='lat' dir='ltr'>autem</span> <span class='ocrx_word' id='word_1_704' title='bbox 1468 4254 1725 4325; x_wconf 88' lang='lat' dir='ltr'>charitas</span> <span class='ocrx_word' id='word_1_705' title='bbox 1754 4270 1895 4325; x_wconf 88' lang='lat' dir='ltr'>ope-</span> 
     </span>
    </p>
   </div>
   <div class='ocr_carea' id='block_1_96' title="bbox 246 4324 1894 4405">
    <p class='ocr_par' dir='ltr' id='par_1_96' title="bbox 246 4324 1894 4405">
     <span class='ocr_line' id='line_1_98' title="bbox 246 4324 1894 4405; baseline -0.003 -22"><span class='ocrx_word' id='word_1_706' title='bbox 246 4327 438 4405; x_wconf 75' lang='lat' dir='ltr'>ruerit</span> <span class='ocrx_word' id='word_1_707' title='bbox 460 4325 898 4405; x_wconf 72' lang='lat' dir='ltr'>mnltitudinem</span> <span class='ocrx_word' id='word_1_708' title='bbox 923 4334 1312 4405; x_wconf 75' lang='lat' dir='ltr'>peccatorum,</span> <span class='ocrx_word' id='word_1_709' title='bbox 1340 4326 1519 4405; x_wconf 66' lang='lat' dir='ltr'>beatae</span> <span class='ocrx_word' id='word_1_710' title='bbox 1544 4324 1668 4396; x_wconf 92' lang='lat' dir='ltr'>spei</span> <span class='ocrx_word' id='word_1_711' title='bbox 1708 4324 1894 4405; x_wconf 83' lang='lat' dir='ltr'>perfe-</span> 
     </span>
    </p>
   </div>
   <div class='ocr_carea' id='block_1_97' title="bbox 244 4397 1896 4467">
    <p class='ocr_par' dir='ltr' id='par_1_97' title="bbox 244 4397 1896 4467">
     <span class='ocr_line' id='line_1_99' title="bbox 244 4397 1896 4467; baseline -0.002 -13"><span class='ocrx_word' id='word_1_712' title='bbox 244 4398 466 4463; x_wconf 91' lang='lat' dir='ltr'>ctione,</span> <span class='ocrx_word' id='word_1_713' title='bbox 498 4397 631 4452; x_wconf 89' lang='lat' dir='ltr'>licet</span> <span class='ocrx_word' id='word_1_714' title='bbox 659 4413 792 4453; x_wconf 90' lang='lat' dir='ltr'>eum</span> <span class='ocrx_word' id='word_1_715' title='bbox 821 4402 962 4453; x_wconf 90' lang='lat' dir='ltr'>tunc</span> <span class='ocrx_word' id='word_1_716' title='bbox 992 4402 1228 4452; x_wconf 90' lang='lat' dir='ltr'>auctum</span> <span class='ocrx_word' id='word_1_717' title='bbox 1260 4397 1545 4452; x_wconf 90' lang='lat' dir='ltr'>charitate</span> <span class='ocrx_word' id='word_1_718' title='bbox 1576 4397 1896 4467; x_wconf 84' lang='lat' dir='ltr'>suscipere,</span> 
     </span>
    </p>
   </div>
   <div class='ocr_carea' id='block_1_98' title="bbox 250 4465 1900 4539">
    <p class='ocr_par' dir='ltr' id='par_1_98' title="bbox 250 4465 1900 4539">
     <span class='ocr_line' id='line_1_100' title="bbox 250 4465 1900 4539; baseline -0.002 -14"><span class='ocrx_word' id='word_1_719' title='bbox 250 4470 504 4525; x_wconf 87' lang='lat' dir='ltr'>relatum</span> <span class='ocrx_word' id='word_1_720' title='bbox 536 4469 593 4523; x_wconf 92' lang='lat' dir='ltr'>in</span> <span class='ocrx_word' id='word_1_721' title='bbox 626 4468 872 4524; x_wconf 87' lang='lat' dir='ltr'>electam</span> <span class='ocrx_word' id='word_1_722' title='bbox 904 4467 1161 4523; x_wconf 88' lang='lat' dir='ltr'>filiorum</span> <span class='ocrx_word' id='word_1_723' title='bbox 1190 4468 1586 4539; x_wconf 83' lang='lat' dir='ltr'>adoptionem,</span> <span class='ocrx_word' id='word_1_724' title='bbox 1619 4465 1757 4537; x_wconf 71' lang='lat' dir='ltr'>quae</span> <span class='ocrx_word' id='word_1_725' title='bbox 1795 4465 1900 4522; x_wconf 90' lang='lat' dir='ltr'>Dei</span> 
     </span>
    </p>
   </div>
   <div class='ocr_carea' id='block_1_99' title="bbox 246 4538 1899 4607">
    <p class='ocr_par' dir='ltr' id='par_1_99' title="bbox 246 4538 1899 4607">
     <span class='ocr_line' id='line_1_101' title="bbox 246 4538 1899 4607; baseline -0.002 -11"><span class='ocrx_word' id='word_1_726' title='bbox 246 4545 458 4596; x_wconf 85' lang='lat' dir='ltr'>vocata</span> <span class='ocrx_word' id='word_1_727' title='bbox 486 4544 576 4595; x_wconf 90' lang='lat' dir='ltr'>est</span> <span class='ocrx_word' id='word_1_728' title='bbox 605 4541 815 4596; x_wconf 89' lang='lat' dir='ltr'>amica.</span> <span class='ocrx_word' id='word_1_729' title='bbox 855 4563 875 4589; x_wconf 73' lang='grc' dir='ltr'><strong><em>η</em></strong></span> <span class='ocrx_word' id='word_1_730' title='bbox 912 4539 1075 4595; x_wconf 87' lang='lat' dir='ltr'>Servi</span> <span class='ocrx_word' id='word_1_731' title='bbox 1111 4556 1245 4607; x_wconf 75' lang='lat' dir='ltr'>ergo</span> <span class='ocrx_word' id='word_1_732' title='bbox 1275 4538 1332 4595; x_wconf 84' lang='lat' dir='ltr'>et</span> <span class='ocrx_word' id='word_1_733' title='bbox 1379 4538 1585 4594; x_wconf 86' lang='lat' dir='ltr'>famuli</span> <span class='ocrx_word' id='word_1_734' title='bbox 1630 4539 1899 4593; x_wconf 85' lang='lat' dir='ltr'>timorem</span> 
     </span>
    </p>
   </div>
   <div class='ocr_carea' id='block_1_100' title="bbox 247 4610 1901 4680">
    <p class='ocr_par' dir='ltr' id='par_1_100' title="bbox 247 4610 1901 4680">
     <span class='ocr_line' id='line_1_102' title="bbox 247 4610 1901 4680; baseline -0.001 -14"><span class='ocrx_word' id='word_1_735' title='bbox 247 4612 522 4667; x_wconf 88' lang='lat' dir='ltr'>Clemens</span> <span class='ocrx_word' id='word_1_736' title='bbox 563 4615 701 4667; x_wconf 90' lang='lat' dir='ltr'>tunc</span> <span class='ocrx_word' id='word_1_737' title='bbox 731 4612 951 4666; x_wconf 91' lang='lat' dir='ltr'>bonum</span> <span class='ocrx_word' id='word_1_738' title='bbox 983 4627 1112 4666; x_wconf 90' lang='lat' dir='ltr'>esse</span> <span class='ocrx_word' id='word_1_739' title='bbox 1141 4610 1515 4679; x_wconf 86' lang='lat' dir='ltr'>existimavit,</span> <span class='ocrx_word' id='word_1_740' title='bbox 1548 4610 1782 4680; x_wconf 91' lang='lat' dir='ltr'>quando</span> <span class='ocrx_word' id='word_1_741' title='bbox 1834 4624 1901 4665; x_wconf 89' lang='lat' dir='ltr'>eo</span> 
     </span>
    </p>
   </div>
   <div class='ocr_carea' id='block_1_101' title="bbox 249 4680 1902 4753">
    <p class='ocr_par' dir='ltr' id='par_1_101' title="bbox 249 4680 1902 4753">
     <span class='ocr_line' id='line_1_103' title="bbox 249 4680 1902 4753; baseline -0.002 -16"><span class='ocrx_word' id='word_1_742' title='bbox 249 4684 469 4739; x_wconf 88' lang='lat' dir='ltr'>timore</span> <span class='ocrx_word' id='word_1_743' title='bbox 500 4683 853 4753; x_wconf 86' lang='lat' dir='ltr'>pedetentim</span> <span class='ocrx_word' id='word_1_744' title='bbox 887 4682 960 4737; x_wconf 90' lang='lat' dir='ltr'>ad</span> <span class='ocrx_word' id='word_1_745' title='bbox 999 4682 1099 4737; x_wconf 90' lang='lat' dir='ltr'>Dei</span> <span class='ocrx_word' id='word_1_746' title='bbox 1132 4698 1390 4737; x_wconf 87' lang='lat' dir='ltr'>amorem</span> <span class='ocrx_word' id='word_1_747' title='bbox 1440 4686 1499 4737; x_wconf 91' lang='lat' dir='ltr'>et</span> <span class='ocrx_word' id='word_1_748' title='bbox 1546 4680 1902 4752; x_wconf 84' lang='lat' dir='ltr'>perfectissi-</span> 
     </span>
    </p>
   </div>
   <div class='ocr_carea' id='block_1_102' title="bbox 254 4753 1207 4824">
    <p class='ocr_par' dir='ltr' id='par_1_102' title="bbox 254 4753 1207 4824">
     <span class='ocr_line' id='line_1_104' title="bbox 254 4753 1207 4824; baseline -0.004 -14"><span class='ocrx_word' id='word_1_749' title='bbox 254 4771 416 4810; x_wconf 90' lang='lat' dir='ltr'>mam</span> <span class='ocrx_word' id='word_1_750' title='bbox 445 4753 776 4810; x_wconf 88' lang='lat' dir='ltr'>charitatim</span> <span class='ocrx_word' id='word_1_751' title='bbox 810 4754 1207 4824; x_wconf 87' lang='lat' dir='ltr'>perducimur.</span> 
     </span>
    </p>
   </div>
   <div class='ocr_carea' id='block_1_103' title="bbox 327 4822 1903 4896">
    <p class='ocr_par' dir='ltr' id='par_1_103' title="bbox 327 4822 1903 4896">
     <span class='ocr_line' id='line_1_105' title="bbox 327 4822 1903 4896; baseline -0.002 -15"><span class='ocrx_word' id='word_1_752' title='bbox 327 4825 470 4891; x_wconf 88' lang='lat' dir='ltr'>Quis</span> <span class='ocrx_word' id='word_1_753' title='bbox 492 4824 692 4896; x_wconf 91' lang='lat' dir='ltr'>itaque</span> <span class='ocrx_word' id='word_1_754' title='bbox 715 4822 830 4880; x_wconf 83' lang='lat' dir='ltr'>non</span> <span class='ocrx_word' id='word_1_755' title='bbox 855 4824 1051 4879; x_wconf 90' lang='lat' dir='ltr'>videat</span> <span class='ocrx_word' id='word_1_756' title='bbox 1074 4823 1227 4896; x_wconf 77' lang='lat' dir='ltr'>hanc</span> <span class='ocrx_word' id='word_1_757' title='bbox 1250 4822 1568 4896; x_wconf 89' lang='lat' dir='ltr'>Clementis</span> <span class='ocrx_word' id='word_1_758' title='bbox 1590 4823 1661 4878; x_wconf 90' lang='lat' dir='ltr'>de</span> <span class='ocrx_word' id='word_1_759' title='bbox 1692 4823 1903 4878; x_wconf 88' lang='lat' dir='ltr'>timore</span> 
     </span>
    </p>
   </div>
   <div class='ocr_carea' id='block_1_104' title="bbox 254 4894 1903 4953">
    <p class='ocr_par' dir='ltr' id='par_1_104' title="bbox 254 4894 1903 4953">
     <span class='ocr_line' id='line_1_106' title="bbox 254 4894 1903 4953; baseline -0.002 -2"><span class='ocrx_word' id='word_1_760' title='bbox 254 4896 357 4952; x_wconf 90' lang='lat' dir='ltr'>Dei</span> <span class='ocrx_word' id='word_1_761' title='bbox 400 4894 751 4953; x_wconf 79' lang='lat' dir='ltr'>doctriinam</span> <span class='ocrx_word' id='word_1_762' title='bbox 782 4896 1083 4952; x_wconf 67' lang='lat' dir='ltr'>sententia:</span> <span class='ocrx_word' id='word_1_763' title='bbox 1132 4894 1607 4949; x_wconf 89' lang='lat' dir='ltr'>Tridentinorum</span> <span class='ocrx_word' id='word_1_764' title='bbox 1661 4897 1903 4948; x_wconf 88' lang='lat' dir='ltr'>Patrum</span> 
     </span>
    </p>
   </div>
   <div class='ocr_carea' id='block_1_105' title="bbox 255 4965 1903 5036">
    <p class='ocr_par' dir='ltr' id='par_1_105' title="bbox 255 4965 1903 5036">
     <span class='ocr_line' id='line_1_107' title="bbox 255 4965 1903 5036; baseline -0.001 -15"><span class='ocrx_word' id='word_1_765' title='bbox 255 4968 497 5023; x_wconf 89' lang='lat' dir='ltr'>omnino</span> <span class='ocrx_word' id='word_1_766' title='bbox 527 4984 656 5024; x_wconf 87' lang='lat' dir='ltr'>esse</span> <span class='ocrx_word' id='word_1_767' title='bbox 687 4971 1160 5032; x_wconf 89' lang='lat' dir='ltr'>consentaneam,</span> <span class='ocrx_word' id='word_1_768' title='bbox 1187 4982 1251 5020; x_wconf 90' lang='lat' dir='ltr'>ac</span> <span class='ocrx_word' id='word_1_769' title='bbox 1276 4965 1449 5036; x_wconf 90' lang='lat' dir='ltr'>plane</span> <span class='ocrx_word' id='word_1_770' title='bbox 1469 4965 1736 5021; x_wconf 88' lang='lat' dir='ltr'>eamdem</span> <span class='ocrx_word' id='word_1_771' title='bbox 1768 4979 1903 5036; x_wconf 80' lang='lat' dir='ltr'>cum</span> 
     </span>
    </p>
   </div>
   <div class='ocr_carea' id='block_1_106' title="bbox 255 5034 1904 5107">
    <p class='ocr_par' dir='ltr' id='par_1_106' title="bbox 255 5034 1904 5107">
     <span class='ocr_line' id='line_1_108' title="bbox 255 5034 1904 5107; baseline -0.002 -15"><span class='ocrx_word' id='word_1_772' title='bbox 255 5037 367 5093; x_wconf 84' lang='lat' dir='ltr'>hac</span> <span class='ocrx_word' id='word_1_773' title='bbox 397 5038 630 5094; x_wconf 91' lang='lat' dir='ltr'>illorum</span> <span class='ocrx_word' id='word_1_774' title='bbox 662 5038 1156 5107; x_wconf 84' lang='lat' dir='ltr'>deﬁnitione,qua</span> <span class='ocrx_word' id='word_1_775' title='bbox 1180 5034 1393 5092; x_wconf 64' lang='lat' dir='ltr'>nostris</span> <span class='ocrx_word' id='word_1_776' title='bbox 1423 5037 1613 5092; x_wconf 70' lang='lat' dir='ltr'>aetatis</span> <span class='ocrx_word' id='word_1_777' title='bbox 1643 5034 1904 5107; x_wconf 82' lang='lat' dir='ltr'>haeretici</span> 
     </span>
    </p>
   </div>
   <div class='ocr_carea' id='block_1_107' title="bbox 254 5106 1905 5181">
    <p class='ocr_par' dir='ltr' id='par_1_107' title="bbox 254 5106 1905 5181">
     <span class='ocr_line' id='line_1_109' title="bbox 254 5106 1905 5181; baseline -0.002 -17"><span class='ocrx_word' id='word_1_778' title='bbox 254 5109 366 5165; x_wconf 89' lang='lat' dir='ltr'>hoc</span> <span class='ocrx_word' id='word_1_779' title='bbox 394 5110 769 5166; x_wconf 89' lang='lat' dir='ltr'>anathemate</span> <span class='ocrx_word' id='word_1_780' title='bbox 800 5106 1199 5181; x_wconf 89' lang='lat' dir='ltr'>percelluntur</span> <span class='ocrx_word' id='word_1_781' title='bbox 1233 5109 1277 5143; x_wconf 78' lang='grc'>⁴²</span> <span class='ocrx_word' id='word_1_782' title='bbox 1298 5108 1325 5162; x_wconf 86' lang='lat'><strong>?</strong></span> <span class='ocrx_word' id='word_1_783' title='bbox 1358 5129 1387 5181; x_wconf 50' lang='grc' dir='ltr'>ξ(</span> <span class='ocrx_word' id='word_1_784' title='bbox 1421 5107 1655 5181; x_wconf 79' lang='lat' dir='ltr'>Siquis</span> <span class='ocrx_word' id='word_1_785' title='bbox 1694 5106 1905 5181; x_wconf 70' lang='lat' dir='ltr'>dixerit</span> 
     </span>
    </p>
   </div>
   <div class='ocr_carea' id='block_1_108' title="bbox 250 5176 1903 5252">
    <p class='ocr_par' dir='ltr' id='par_1_108' title="bbox 250 5176 1903 5252">
     <span class='ocr_line' id='line_1_110' title="bbox 250 5176 1903 5252; baseline -0.003 -16"><span class='ocrx_word' id='word_1_786' title='bbox 250 5181 536 5250; x_wconf 71' lang='lat' dir='ltr'>gehennae</span> <span class='ocrx_word' id='word_1_787' title='bbox 568 5176 819 5246; x_wconf 65' lang='lat' dir='ltr'>metum,</span> <span class='ocrx_word' id='word_1_788' title='bbox 847 5197 950 5252; x_wconf 92' lang='lat' dir='ltr'>per</span> <span class='ocrx_word' id='word_1_789' title='bbox 979 5196 1152 5252; x_wconf 89' lang='lat' dir='ltr'>quam</span> <span class='ocrx_word' id='word_1_790' title='bbox 1186 5181 1255 5234; x_wconf 91' lang='lat' dir='ltr'>ad</span> <span class='ocrx_word' id='word_1_791' title='bbox 1292 5176 1758 5252; x_wconf 83' lang='lat' dir='ltr'>misericordiam</span> <span class='ocrx_word' id='word_1_792' title='bbox 1802 5176 1903 5252; x_wconf 81' lang='lat' dir='ltr'>Dei</span> 
     </span>
    </p>
   </div>
   <div class='ocr_carea' id='block_1_109' title="bbox 252 5249 1902 5323">
    <p class='ocr_par' dir='ltr' id='par_1_109' title="bbox 252 5249 1902 5323">
     <span class='ocr_line' id='line_1_111' title="bbox 252 5249 1902 5323; baseline -0.002 -17"><span class='ocrx_word' id='word_1_793' title='bbox 252 5249 324 5323; x_wconf 88' lang='lat' dir='ltr'>de</span> <span class='ocrx_word' id='word_1_794' title='bbox 355 5253 608 5323; x_wconf 89' lang='lat' dir='ltr'>peccatis</span> <span class='ocrx_word' id='word_1_795' title='bbox 639 5249 889 5307; x_wconf 80' lang='lat' dir='ltr'>dolendo</span> <span class='ocrx_word' id='word_1_796' title='bbox 920 5249 1427 5321; x_wconf 88' lang='lat' dir='ltr'>confugimus,vel</span> <span class='ocrx_word' id='word_1_797' title='bbox 1450 5266 1483 5305; x_wconf 91' lang='lat' dir='ltr'>a</span> <span class='ocrx_word' id='word_1_798' title='bbox 1507 5249 1902 5323; x_wconf 80' lang='lat' dir='ltr'>peccatoabs-</span> 
     </span>
    </p>
   </div>
   <div class='ocr_carea' id='block_1_110' title="bbox 250 5321 1903 5394">
    <p class='ocr_par' dir='ltr' id='par_1_110' title="bbox 250 5321 1903 5394">
     <span class='ocr_line' id='line_1_112' title="bbox 250 5321 1903 5394; baseline 0 -20"><span class='ocrx_word' id='word_1_799' title='bbox 250 5321 512 5394; x_wconf 81' lang='lat' dir='ltr'>tinemus</span> <span class='ocrx_word' id='word_1_800' title='bbox 560 5327 864 5394; x_wconf 87' lang='lat' dir='ltr'>peccatum</span> <span class='ocrx_word' id='word_1_801' title='bbox 923 5338 1073 5391; x_wconf 90' lang='lat' dir='ltr'>esse,</span> <span class='ocrx_word' id='word_1_802' title='bbox 1121 5325 1240 5394; x_wconf 89' lang='lat' dir='ltr'>aut_</span> <span class='ocrx_word' id='word_1_803' title='bbox 1272 5321 1903 5394; x_wconf 19' lang='lat' dir='ltr'>peccatore‘s_majores</span> 
     </span>
    </p>
   </div>
   <div class='ocr_carea' id='block_1_111' title="bbox 247 5391 1899 5463">
    <p class='ocr_par' dir='ltr' id='par_1_111' title="bbox 247 5391 1899 5463">
     <span class='ocr_line' id='line_1_113' title="bbox 247 5391 1899 5463; baseline 0.001 -18"><span class='ocrx_word' id='word_1_804' title='bbox 247 5393 458 5463; x_wconf 87' lang='lat' dir='ltr'>facere,</span> <span class='ocrx_word' id='word_1_805' title='bbox 492 5391 803 5449; x_wconf 73' lang='lat' dir='ltr'>anathema</span> <span class='ocrx_word' id='word_1_806' title='bbox 833 5394 930 5449; x_wconf 90' lang='lat' dir='ltr'>sit.</span> <span class='ocrx_word' id='word_1_807' title='bbox 964 5392 1393 5457; x_wconf 71' lang='lat' dir='ltr'>nQuamobrem</span> <span class='ocrx_word' id='word_1_808' title='bbox 1443 5391 1579 5447; x_wconf 91' lang='lat' dir='ltr'>alibi</span> <span class='ocrx_word' id='word_1_809' title='bbox 1628 5391 1749 5445; x_wconf 66' lang='lat' dir='ltr'>haec</span> <span class='ocrx_word' id='word_1_810' title='bbox 1797 5407 1899 5446; x_wconf 92' lang='lat' dir='ltr'>eo-</span> 
     </span>
    </p>
   </div>
   <div class='ocr_carea' id='block_1_112' title="bbox 247 5463 1898 5537">
    <p class='ocr_par' dir='ltr' id='par_1_112' title="bbox 247 5463 1898 5537">
     <span class='ocr_line' id='line_1_114' title="bbox 247 5463 1898 5537; baseline -0.001 -20"><span class='ocrx_word' id='word_1_811' title='bbox 247 5467 521 5521; x_wconf 89' lang='lat' dir='ltr'>rumdem</span> <span class='ocrx_word' id='word_1_812' title='bbox 552 5466 792 5522; x_wconf 89' lang='lat' dir='ltr'>Patrum</span> <span class='ocrx_word' id='word_1_813' title='bbox 825 5465 1085 5537; x_wconf 82' lang='lat' dir='ltr'>synodus</span> <span class='ocrx_word' id='word_1_814' title='bbox 1115 5464 1159 5498; x_wconf 79' lang='grc'>⁴³</span> <span class='ocrx_word' id='word_1_815' title='bbox 1188 5480 1199 5516; x_wconf 93' lang='lat'>:</span> <span class='ocrx_word' id='word_1_816' title='bbox 1233 5485 1261 5513; x_wconf 86' lang='lat'><strong>«</strong></span> <span class='ocrx_word' id='word_1_817' title='bbox 1299 5463 1492 5535; x_wconf 88' lang='lat' dir='ltr'>Illam,</span> <span class='ocrx_word' id='word_1_818' title='bbox 1525 5463 1721 5533; x_wconf 90' lang='lat' dir='ltr'>inquit</span> <span class='ocrx_word' id='word_1_819' title='bbox 1763 5478 1898 5518; x_wconf 92' lang='lat' dir='ltr'>con-</span> 
     </span>
    </p>
   </div>
   <div class='ocr_carea' id='block_1_113' title="bbox 328 5677 1337 5748">
    <p class='ocr_par' dir='ltr' id='par_1_113' title="bbox 328 5677 1337 5748">
     <span class='ocr_line' id='line_1_115' title="bbox 328 5677 1337 5748; baseline 0.001 -16"><span class='ocrx_word' id='word_1_820' title='bbox 328 5677 377 5713; x_wconf 77' lang='lat'><strong>”</strong></span> <span class='ocrx_word' id='word_1_821' title='bbox 404 5678 525 5732; x_wconf 87' lang='lat'>2-2.</span> <span class='ocrx_word' id='word_1_822' title='bbox 559 5694 618 5748; x_wconf 90' lang='lat' dir='ltr'>q.</span> <span class='ocrx_word' id='word_1_823' title='bbox 674 5678 763 5743; x_wconf 84' lang='grc'>19,</span> <span class='ocrx_word' id='word_1_824' title='bbox 798 5681 908 5733; x_wconf 88' lang='lat' dir='ltr'>art.</span> <span class='ocrx_word' id='word_1_825' title='bbox 940 5678 992 5733; x_wconf 87' lang='lat'>2.</span> <span class='ocrx_word' id='word_1_826' title='bbox 1068 5678 1114 5713; x_wconf 75' lang='lat'>‘°</span> <span class='ocrx_word' id='word_1_827' title='bbox 1145 5677 1337 5748; x_wconf 10' lang='lat' dir='ltr'>ribid.,</span> 
     </span>
    </p>
   </div>
   <div class='ocr_carea' id='block_1_114' title="bbox 2006 3118 3642 3191">
    <p class='ocr_par' dir='ltr' id='par_1_114' title="bbox 2006 3118 3642 3191">
     <span class='ocr_line' id='line_1_116' title="bbox 2006 3118 3642 3191; baseline -0.001 -16"><span class='ocrx_word' id='word_1_828' title='bbox 2006 3120 2450 3191; x_wconf 70' lang='lat' dir='ltr'>consequendaa,</span> <span class='ocrx_word' id='word_1_829' title='bbox 2475 3120 2547 3173; x_wconf 93' lang='lat' dir='ltr'>0b</span> <span class='ocrx_word' id='word_1_830' title='bbox 2577 3134 2643 3172; x_wconf 90' lang='lat' dir='ltr'>ea</span> <span class='ocrx_word' id='word_1_831' title='bbox 2673 3135 2799 3186; x_wconf 70' lang='lat' dir='ltr'>quze</span> <span class='ocrx_word' id='word_1_832' title='bbox 2824 3119 2985 3191; x_wconf 76' lang='lat' dir='ltr'>juste</span> <span class='ocrx_word' id='word_1_833' title='bbox 3018 3118 3237 3191; x_wconf 84' lang='lat' dir='ltr'>fecerit,</span> <span class='ocrx_word' id='word_1_834' title='bbox 3266 3137 3369 3174; x_wconf 90' lang='lat' dir='ltr'>nec</span> <span class='ocrx_word' id='word_1_835' title='bbox 3401 3122 3485 3175; x_wconf 90' lang='lat' dir='ltr'>sic</span> <span class='ocrx_word' id='word_1_836' title='bbox 3516 3123 3642 3191; x_wconf 91' lang='lat' dir='ltr'>qui-</span> 
     </span>
    </p>
   </div>
   <div class='ocr_carea' id='block_1_115' title="bbox 2003 3189 3638 3261">
    <p class='ocr_par' dir='ltr' id='par_1_115' title="bbox 2003 3189 3638 3261">
     <span class='ocr_line' id='line_1_117' title="bbox 2003 3189 3638 3261; baseline 0 -15"><span class='ocrx_word' id='word_1_837' title='bbox 2003 3190 2133 3246; x_wconf 90' lang='lat' dir='ltr'>dem</span> <span class='ocrx_word' id='word_1_838' title='bbox 2168 3189 2274 3245; x_wconf 79' lang='lat' dir='ltr'>sua</span> <span class='ocrx_word' id='word_1_839' title='bbox 2296 3195 2506 3261; x_wconf 87' lang='lat' dir='ltr'>sponte</span> <span class='ocrx_word' id='word_1_840' title='bbox 2529 3191 2717 3243; x_wconf 91' lang='lat' dir='ltr'>bonus</span> <span class='ocrx_word' id='word_1_841' title='bbox 2737 3194 2844 3261; x_wconf 86' lang='lat' dir='ltr'>est.</span> <span class='ocrx_word' id='word_1_842' title='bbox 2869 3189 3037 3261; x_wconf 88' lang='lat' dir='ltr'>Sicut</span> <span class='ocrx_word' id='word_1_843' title='bbox 3052 3190 3205 3243; x_wconf 90' lang='lat' dir='ltr'>enim</span> <span class='ocrx_word' id='word_1_844' title='bbox 3231 3191 3394 3244; x_wconf 81' lang='lat' dir='ltr'>illum</span> <span class='ocrx_word' id='word_1_845' title='bbox 3410 3189 3638 3261; x_wconf 80' lang='lat' dir='ltr'>metus,</span> 
     </span>
    </p>
   </div>
   <div class='ocr_carea' id='block_1_116' title="bbox 2004 3260 3642 3330">
    <p class='ocr_par' dir='ltr' id='par_1_116' title="bbox 2004 3260 3642 3330">
     <span class='ocr_line' id='line_1_118' title="bbox 2004 3260 3642 3330; baseline 0 -14"><span class='ocrx_word' id='word_1_846' title='bbox 2004 3264 2087 3317; x_wconf 89' lang='lat' dir='ltr'>sic</span> <span class='ocrx_word' id='word_1_847' title='bbox 2110 3262 2266 3316; x_wconf 92' lang='lat' dir='ltr'>hunc</span> <span class='ocrx_word' id='word_1_848' title='bbox 2293 3276 2526 3329; x_wconf 92' lang='lat' dir='ltr'>quoque</span> <span class='ocrx_word' id='word_1_849' title='bbox 2549 3260 3004 3330; x_wconf 79' lang='lat' dir='ltr'>mercesjustum</span> <span class='ocrx_word' id='word_1_850' title='bbox 3024 3260 3178 3328; x_wconf 80' lang='lat' dir='ltr'>facit,</span> <span class='ocrx_word' id='word_1_851' title='bbox 3195 3262 3281 3314; x_wconf 91' lang='lat' dir='ltr'>vel</span> <span class='ocrx_word' id='word_1_852' title='bbox 3306 3260 3497 3330; x_wconf 90' lang='lat' dir='ltr'>potius</span> <span class='ocrx_word' id='word_1_853' title='bbox 3519 3262 3642 3316; x_wconf 81' lang='lat' dir='ltr'>effi-</span> 
     </span>
    </p>
   </div>
   <div class='ocr_carea' id='block_1_117' title="bbox 2004 3328 3645 3398">
    <p class='ocr_par' dir='ltr' id='par_1_117' title="bbox 2004 3328 3645 3398">
     <span class='ocr_line' id='line_1_119' title="bbox 2004 3328 3645 3398; baseline 0.001 -12"><span class='ocrx_word' id='word_1_854' title='bbox 2004 3334 2105 3396; x_wconf 86' lang='lat' dir='ltr'>cit,</span> <span class='ocrx_word' id='word_1_855' title='bbox 2137 3337 2201 3385; x_wconf 92' lang='lat' dir='ltr'>ut</span> <span class='ocrx_word' id='word_1_856' title='bbox 2229 3328 2743 3398; x_wconf 80' lang='lat' dir='ltr'>videaturjustus.</span> <span class='ocrx_word' id='word_1_857' title='bbox 2782 3351 2809 3377; x_wconf 84' lang='lat'><strong>»</strong></span> <span class='ocrx_word' id='word_1_858' title='bbox 2841 3328 2995 3382; x_wconf 86' lang='lat' dir='ltr'>Nulli</span> <span class='ocrx_word' id='word_1_859' title='bbox 3041 3334 3193 3384; x_wconf 88' lang='lat' dir='ltr'>certe</span> <span class='ocrx_word' id='word_1_860' title='bbox 3242 3328 3490 3385; x_wconf 81' lang='lat' dir='ltr'>dubium</span> <span class='ocrx_word' id='word_1_861' title='bbox 3542 3337 3645 3387; x_wconf 89' lang='lat' dir='ltr'>aut</span> 
     </span>
    </p>
   </div>
   <div class='ocr_carea' id='block_1_118' title="bbox 2004 3399 3643 3471">
    <p class='ocr_par' dir='ltr' id='par_1_118' title="bbox 2004 3399 3643 3471">
     <span class='ocr_line' id='line_1_120' title="bbox 2004 3399 3643 3471; baseline 0.001 -14"><span class='ocrx_word' id='word_1_862' title='bbox 2004 3405 2322 3457; x_wconf 89' lang='lat' dir='ltr'>obscurum</span> <span class='ocrx_word' id='word_1_863' title='bbox 2349 3416 2476 3456; x_wconf 90' lang='lat' dir='ltr'>esse</span> <span class='ocrx_word' id='word_1_864' title='bbox 2510 3404 2696 3471; x_wconf 87' lang='lat' dir='ltr'>potest</span> <span class='ocrx_word' id='word_1_865' title='bbox 2724 3399 3077 3455; x_wconf 89' lang='lat' dir='ltr'>Clementem</span> <span class='ocrx_word' id='word_1_866' title='bbox 3103 3401 3181 3453; x_wconf 85' lang='lat' dir='ltr'>ibi</span> <span class='ocrx_word' id='word_1_867' title='bbox 3210 3400 3371 3471; x_wconf 90' lang='lat' dir='ltr'>loqui</span> <span class='ocrx_word' id='word_1_868' title='bbox 3395 3403 3643 3471; x_wconf 88' lang='lat' dir='ltr'>dejusto</span> 
     </span>
    </p>
   </div>
   <div class='ocr_carea' id='block_1_119' title="bbox 2002 3470 3643 3544">
    <p class='ocr_par' dir='ltr' id='par_1_119' title="bbox 2002 3470 3643 3544">
     <span class='ocr_line' id='line_1_121' title="bbox 2002 3470 3643 3544; baseline 0.001 -17"><span class='ocrx_word' id='word_1_869' title='bbox 2002 3474 2374 3544; x_wconf 88' lang='lat' dir='ltr'>perfectoque</span> <span class='ocrx_word' id='word_1_870' title='bbox 2405 3470 2672 3544; x_wconf 71' lang='lat' dir='ltr'>homine,</span> <span class='ocrx_word' id='word_1_871' title='bbox 2694 3486 2869 3544; x_wconf 84' lang='lat' dir='ltr'>quem</span> <span class='ocrx_word' id='word_1_872' title='bbox 2899 3492 2925 3519; x_wconf 87' lang='grc'>‹‹</span> <span class='ocrx_word' id='word_1_873' title='bbox 2958 3470 3342 3544; x_wconf 61' lang='lat' dir='ltr'>gnosticump</span> <span class='ocrx_word' id='word_1_874' title='bbox 3368 3470 3643 3543; x_wconf 86' lang='lat' dir='ltr'>appellat,</span> 
     </span>
    </p>
   </div>
   <div class='ocr_carea' id='block_1_120' title="bbox 2001 3540 3643 3615">
    <p class='ocr_par' dir='ltr' id='par_1_120' title="bbox 2001 3540 3643 3615">
     <span class='ocr_line' id='line_1_122' title="bbox 2001 3540 3643 3615; baseline 0.001 -17"><span class='ocrx_word' id='word_1_875' title='bbox 2001 3540 2058 3599; x_wconf 79' lang='lat' dir='ltr'>et</span> <span class='ocrx_word' id='word_1_876' title='bbox 2089 3544 2189 3614; x_wconf 91' lang='lat' dir='ltr'>qui</span> <span class='ocrx_word' id='word_1_877' title='bbox 2222 3540 2538 3615; x_wconf 75' lang='lat' dir='ltr'>perlectam</span> <span class='ocrx_word' id='word_1_878' title='bbox 2572 3540 2769 3615; x_wconf 82' lang='lat' dir='ltr'>attigit</span> <span class='ocrx_word' id='word_1_879' title='bbox 2819 3540 3165 3596; x_wconf 90' lang='lat' dir='ltr'>charitatem</span> <span class='ocrx_word' id='word_1_880' title='bbox 3194 3563 3207 3609; x_wconf 88' lang='lat'><strong>;</strong></span> <span class='ocrx_word' id='word_1_881' title='bbox 3242 3543 3349 3612; x_wconf 90' lang='lat' dir='ltr'>vel,</span> <span class='ocrx_word' id='word_1_882' title='bbox 3385 3540 3461 3597; x_wconf 66' lang='lat' dir='ltr'>ut</span> <span class='ocrx_word' id='word_1_883' title='bbox 3494 3540 3643 3615; x_wconf 82' lang='lat' dir='ltr'>ipsis</span> 
     </span>
    </p>
   </div>
   <div class='ocr_carea' id='block_1_121' title="bbox 2002 3612 3641 3686">
    <p class='ocr_par' dir='ltr' id='par_1_121' title="bbox 2002 3612 3641 3686">
     <span class='ocr_line' id='line_1_123' title="bbox 2002 3612 3641 3686; baseline 0.001 -16"><span class='ocrx_word' id='word_1_884' title='bbox 2002 3612 2319 3670; x_wconf 81' lang='lat' dir='ltr'>Clementis</span> <span class='ocrx_word' id='word_1_885' title='bbox 2351 3612 2535 3667; x_wconf 86' lang='lat' dir='ltr'>nostri</span> <span class='ocrx_word' id='word_1_886' title='bbox 2567 3612 3043 3686; x_wconf 78' lang='lat' dir='ltr'>verbis_i_1tamur,</span> <span class='ocrx_word' id='word_1_887' title='bbox 3068 3636 3093 3662; x_wconf 85' lang='lat'><strong>«</strong></span> <span class='ocrx_word' id='word_1_888' title='bbox 3121 3630 3217 3683; x_wconf 81' lang='lat' dir='ltr'>qui</span> <span class='ocrx_word' id='word_1_889' title='bbox 3252 3632 3482 3686; x_wconf 89' lang='lat' dir='ltr'>semper</span> <span class='ocrx_word' id='word_1_890' title='bbox 3503 3612 3641 3671; x_wconf 80' lang='lat' dir='ltr'>etin</span> 
     </span>
    </p>
   </div>
   <div class='ocr_carea' id='block_1_122' title="bbox 2005 3683 3641 3758">
    <p class='ocr_par' dir='ltr' id='par_1_122' title="bbox 2005 3683 3641 3758">
     <span class='ocr_line' id='line_1_124' title="bbox 2005 3683 3641 3758; baseline 0 -17"><span class='ocrx_word' id='word_1_891' title='bbox 2005 3686 2277 3758; x_wconf 87' lang='lat' dir='ltr'>omnibus</span> <span class='ocrx_word' id='word_1_892' title='bbox 2320 3686 2520 3758; x_wconf 77' lang='lat' dir='ltr'>justus</span> <span class='ocrx_word' id='word_1_893' title='bbox 2569 3686 2674 3736; x_wconf 89' lang='lat' dir='ltr'>est.</span> <span class='ocrx_word' id='word_1_894' title='bbox 2712 3705 2739 3758; x_wconf 53' lang='grc' dir='ltr'>ξ)</span> <span class='ocrx_word' id='word_1_895' title='bbox 2773 3683 2875 3758; x_wconf 69' lang='lat' dir='ltr'>Hic</span> <span class='ocrx_word' id='word_1_896' title='bbox 2924 3688 3145 3758; x_wconf 86' lang='lat' dir='ltr'>autem,</span> <span class='ocrx_word' id='word_1_897' title='bbox 3177 3690 3238 3739; x_wconf 87' lang='lat' dir='ltr'>ut</span> <span class='ocrx_word' id='word_1_898' title='bbox 3286 3683 3398 3741; x_wconf 72' lang='lat' dir='ltr'>ille</span> <span class='ocrx_word' id='word_1_899' title='bbox 3430 3688 3641 3758; x_wconf 82' lang='lat' dir='ltr'>pergit,</span> 
     </span>
    </p>
   </div>
   <div class='ocr_carea' id='block_1_123' title="bbox 2004 3753 3640 3828">
    <p class='ocr_par' dir='ltr' id='par_1_123' title="bbox 2004 3753 3640 3828">
     <span class='ocr_line' id='line_1_125' title="bbox 2004 3753 3640 3828; baseline 0.001 -17"><span class='ocrx_word' id='word_1_900' title='bbox 2004 3757 2166 3811; x_wconf 91' lang='lat' dir='ltr'>nullo</span> <span class='ocrx_word' id='word_1_901' title='bbox 2198 3754 2451 3828; x_wconf 81' lang='lat' dir='ltr'>supplici</span> <span class='ocrx_word' id='word_1_902' title='bbox 2483 3753 2851 3828; x_wconf 81' lang='lat' dir='ltr'>aut_periculi</span> <span class='ocrx_word' id='word_1_903' title='bbox 2882 3760 3039 3828; x_wconf 85' lang='lat' dir='ltr'>metu</span> <span class='ocrx_word' id='word_1_904' title='bbox 3068 3756 3266 3828; x_wconf 84' lang='lat' dir='ltr'>justus</span> <span class='ocrx_word' id='word_1_905' title='bbox 3314 3753 3640 3828; x_wconf 49' lang='lat' dir='ltr'>permanet;</span> 
     </span>
    </p>
   </div>
   <div class='ocr_carea' id='block_1_124' title="bbox 2003 3824 3644 3897">
    <p class='ocr_par' dir='ltr' id='par_1_124' title="bbox 2003 3824 3644 3897">
     <span class='ocr_line' id='line_1_126' title="bbox 2003 3824 3644 3897; baseline 0.001 -14"><span class='ocrx_word' id='word_1_906' title='bbox 2003 3830 2073 3883; x_wconf 88' lang='lat' dir='ltr'>Et</span> <span class='ocrx_word' id='word_1_907' title='bbox 2103 3834 2255 3882; x_wconf 88' lang='lat' dir='ltr'>recte</span> <span class='ocrx_word' id='word_1_908' title='bbox 2277 3824 2543 3896; x_wconf 77' lang='lat' dir='ltr'>quidem.</span> <span class='ocrx_word' id='word_1_909' title='bbox 2577 3824 2721 3897; x_wconf 53' lang='lat' dir='ltr'>Eam</span> <span class='ocrx_word' id='word_1_910' title='bbox 2755 3826 2811 3879; x_wconf 92' lang='lat' dir='ltr'>in</span> <span class='ocrx_word' id='word_1_911' title='bbox 2842 3826 3033 3895; x_wconf 90' lang='lat' dir='ltr'>prima</span> <span class='ocrx_word' id='word_1_912' title='bbox 3052 3824 3441 3897; x_wconf 50' lang='lat' dir='ltr'>Epistola&#39;sua</span> <span class='ocrx_word' id='word_1_913' title='bbox 3469 3829 3644 3884; x_wconf 89' lang='lat' dir='ltr'>Joan-</span> 
     </span>
    </p>
   </div>
   <div class='ocr_carea' id='block_1_125' title="bbox 2005 3895 3640 3968">
    <p class='ocr_par' dir='ltr' id='par_1_125' title="bbox 2005 3895 3640 3968">
     <span class='ocr_line' id='line_1_127' title="bbox 2005 3895 3640 3968; baseline 0.001 -14"><span class='ocrx_word' id='word_1_914' title='bbox 2005 3916 2108 3954; x_wconf 89' lang='lat' dir='ltr'>nes</span> <span class='ocrx_word' id='word_1_915' title='bbox 2140 3895 2485 3968; x_wconf 72' lang='lat' dir='ltr'>scripsit“:</span> <span class='ocrx_word' id='word_1_916' title='bbox 2520 3895 2779 3968; x_wconf 87' lang='lat' dir='ltr'>«_Timor</span> <span class='ocrx_word' id='word_1_917' title='bbox 2811 3913 2924 3968; x_wconf 91' lang='lat' dir='ltr'>non</span> <span class='ocrx_word' id='word_1_918' title='bbox 2957 3902 3045 3952; x_wconf 90' lang='lat' dir='ltr'>est</span> <span class='ocrx_word' id='word_1_919' title='bbox 3075 3895 3132 3951; x_wconf 83' lang='lat' dir='ltr'>in</span> <span class='ocrx_word' id='word_1_920' title='bbox 3183 3899 3502 3966; x_wconf 88' lang='lat' dir='ltr'>charitate;</span> <span class='ocrx_word' id='word_1_921' title='bbox 3539 3901 3640 3955; x_wconf 90' lang='lat' dir='ltr'>sed</span> 
     </span>
    </p>
   </div>
   <div class='ocr_carea' id='block_1_126' title="bbox 2005 3966 3645 4041">
    <p class='ocr_par' dir='ltr' id='par_1_126' title="bbox 2005 3966 3645 4041">
     <span class='ocr_line' id='line_1_128' title="bbox 2005 3966 3645 4041; baseline 0.001 -17"><span class='ocrx_word' id='word_1_922' title='bbox 2005 3966 2528 4041; x_wconf 27' lang='lat' dir='ltr'>prefectaicharitas</span> <span class='ocrx_word' id='word_1_923' title='bbox 2558 3966 2712 4021; x_wconf 85' lang='lat' dir='ltr'>foras</span> <span class='ocrx_word' id='word_1_924' title='bbox 2738 3967 2919 4041; x_wconf 80' lang='lat' dir='ltr'>mittit</span> <span class='ocrx_word' id='word_1_925' title='bbox 2937 3971 3204 4041; x_wconf 87' lang='lat' dir='ltr'>timorem</span> <span class='ocrx_word' id='word_1_926' title='bbox 3234 3987 3247 4037; x_wconf 90' lang='lat'><strong>;</strong></span> <span class='ocrx_word' id='word_1_927' title='bbox 3271 3970 3550 4039; x_wconf 88' lang='lat' dir='ltr'>quoniam</span> <span class='ocrx_word' id='word_1_928' title='bbox 3575 3972 3645 4025; x_wconf 88' lang='lat' dir='ltr'>ti-</span> 
     </span>
    </p>
   </div>
   <div class='ocr_carea' id='block_1_127' title="bbox 2007 4038 3642 4113">
    <p class='ocr_par' dir='ltr' id='par_1_127' title="bbox 2007 4038 3642 4113">
     <span class='ocr_line' id='line_1_129' title="bbox 2007 4038 3642 4113; baseline 0.001 -17"><span class='ocrx_word' id='word_1_929' title='bbox 2007 4038 2134 4096; x_wconf 83' lang='lat' dir='ltr'>mor</span> <span class='ocrx_word' id='word_1_930' title='bbox 2167 4055 2395 4113; x_wconf 65' lang='lat' dir='ltr'>poenam</span> <span class='ocrx_word' id='word_1_931' title='bbox 2429 4038 2640 4113; x_wconf 85' lang='lat' dir='ltr'>habet:</span> <span class='ocrx_word' id='word_1_932' title='bbox 2665 4039 2767 4108; x_wconf 92' lang='lat' dir='ltr'>qui</span> <span class='ocrx_word' id='word_1_933' title='bbox 2800 4044 2994 4094; x_wconf 89' lang='lat' dir='ltr'>autem</span> <span class='ocrx_word' id='word_1_934' title='bbox 3029 4040 3219 4106; x_wconf 89' lang='lat' dir='ltr'>timet,</span> <span class='ocrx_word' id='word_1_935' title='bbox 3244 4038 3357 4096; x_wconf 84' lang='lat' dir='ltr'>non</span> <span class='ocrx_word' id='word_1_936' title='bbox 3389 4046 3477 4096; x_wconf 89' lang='lat' dir='ltr'>est</span> <span class='ocrx_word' id='word_1_937' title='bbox 3508 4058 3642 4113; x_wconf 89' lang='lat' dir='ltr'>per-</span> 
     </span>
    </p>
   </div>
   <div class='ocr_carea' id='block_1_128' title="bbox 2003 4109 2679 4168">
    <p class='ocr_par' dir='ltr' id='par_1_128' title="bbox 2003 4109 2679 4168">
     <span class='ocr_line' id='line_1_130' title="bbox 2003 4109 2679 4168; baseline -0.01 -1"><span class='ocrx_word' id='word_1_938' title='bbox 2003 4109 2190 4168; x_wconf 83' lang='lat' dir='ltr'>fectus</span> <span class='ocrx_word' id='word_1_939' title='bbox 2222 4111 2277 4165; x_wconf 92' lang='lat' dir='ltr'>in</span> <span class='ocrx_word' id='word_1_940' title='bbox 2311 4109 2615 4165; x_wconf 90' lang='lat' dir='ltr'>charitate.</span> <span class='ocrx_word' id='word_1_941' title='bbox 2652 4131 2679 4157; x_wconf 92' lang='grc'>››</span> 
     </span>
    </p>
   </div>
   <div class='ocr_carea' id='block_1_129' title="bbox 2075 4178 3642 4252">
    <p class='ocr_par' dir='ltr' id='par_1_129' title="bbox 2075 4178 3642 4252">
     <span class='ocr_line' id='line_1_131' title="bbox 2075 4178 3642 4252; baseline 0.001 -15"><span class='ocrx_word' id='word_1_942' title='bbox 2075 4183 2393 4245; x_wconf 87' lang='lat' dir='ltr'>Quodcirca</span> <span class='ocrx_word' id='word_1_943' title='bbox 2410 4182 2609 4252; x_wconf 87' lang='lat' dir='ltr'>justus</span> <span class='ocrx_word' id='word_1_944' title='bbox 2632 4178 2728 4234; x_wconf 88' lang='lat' dir='ltr'>ille</span> <span class='ocrx_word' id='word_1_945' title='bbox 2750 4180 3020 4235; x_wconf 90' lang='lat' dir='ltr'>timorem</span> <span class='ocrx_word' id='word_1_946' title='bbox 3045 4198 3149 4235; x_wconf 92' lang='lat' dir='ltr'>cur</span> <span class='ocrx_word' id='word_1_947' title='bbox 3168 4181 3642 4252; x_wconf 85' lang='lat' dir='ltr'>expulerit,hanc</span> 
     </span>
    </p>
   </div>
   <div class='ocr_carea' id='block_1_130' title="bbox 2003 4251 3644 4324">
    <p class='ocr_par' dir='ltr' id='par_1_130' title="bbox 2003 4251 3644 4324">
     <span class='ocr_line' id='line_1_132' title="bbox 2003 4251 3644 4324; baseline 0.001 -15"><span class='ocrx_word' id='word_1_948' title='bbox 2003 4254 2272 4309; x_wconf 90' lang='lat' dir='ltr'>Clemens</span> <span class='ocrx_word' id='word_1_949' title='bbox 2303 4251 2878 4324; x_wconf 13' lang='lat' dir='ltr'>protulitirationern.</span> <span class='ocrx_word' id='word_1_950' title='bbox 2903 4252 3010 4317; x_wconf 92' lang='lat' dir='ltr'>Qui</span> <span class='ocrx_word' id='word_1_951' title='bbox 3037 4251 3274 4324; x_wconf 83' lang='lat' dir='ltr'>propter</span> <span class='ocrx_word' id='word_1_952' title='bbox 3296 4259 3515 4308; x_wconf 90' lang='lat' dir='ltr'>metum</span> <span class='ocrx_word' id='word_1_953' title='bbox 3540 4260 3644 4310; x_wconf 87' lang='lat' dir='ltr'>aut</span> 
     </span>
    </p>
   </div>
   <div class='ocr_carea' id='block_1_131' title="bbox 2005 4322 3643 4395">
    <p class='ocr_par' dir='ltr' id='par_1_131' title="bbox 2005 4322 3643 4395">
     <span class='ocr_line' id='line_1_133' title="bbox 2005 4322 3643 4395; baseline 0.001 -16"><span class='ocrx_word' id='word_1_954' title='bbox 2005 4322 2481 4392; x_wconf 32' lang='lat' dir='ltr'>mercedis’spem</span> <span class='ocrx_word' id='word_1_955' title='bbox 2517 4323 2586 4376; x_wconf 88' lang='lat' dir='ltr'>ab</span> <span class='ocrx_word' id='word_1_956' title='bbox 2618 4322 2925 4392; x_wconf 70' lang='lat' dir='ltr'>injustitize</span> <span class='ocrx_word' id='word_1_957' title='bbox 2957 4340 3018 4377; x_wconf 91' lang='lat' dir='ltr'>se</span> <span class='ocrx_word' id='word_1_958' title='bbox 3040 4322 3304 4379; x_wconf 80' lang='lat' dir='ltr'>abstinet</span> <span class='ocrx_word' id='word_1_959' title='bbox 3344 4326 3643 4395; x_wconf 87' lang='lat' dir='ltr'>cperibus,</span> 
     </span>
    </p>
   </div>
   <div class='ocr_carea' id='block_1_132' title="bbox 1927 4382 3646 4466">
    <p class='ocr_par' dir='ltr' id='par_1_132' title="bbox 1927 4382 3646 4466">
     <span class='ocr_line' id='line_1_134' title="bbox 1927 4382 3646 4466; baseline 0.003 -20"><span class='ocrx_word' id='word_1_960' title='bbox 1927 4382 1976 4446; x_wconf 80' lang='grc' dir='ltr'>Ι)</span> <span class='ocrx_word' id='word_1_961' title='bbox 2007 4397 2059 4451; x_wconf 88' lang='lat' dir='ltr'>is</span> <span class='ocrx_word' id='word_1_962' title='bbox 2093 4413 2204 4451; x_wconf 91' lang='lat' dir='ltr'>non</span> <span class='ocrx_word' id='word_1_963' title='bbox 2236 4400 2325 4450; x_wconf 80' lang='lat' dir='ltr'>est</span> <span class='ocrx_word' id='word_1_964' title='bbox 2352 4382 2561 4466; x_wconf 75' lang='lat' dir='ltr'>sponte</span> <span class='ocrx_word' id='word_1_965' title='bbox 2589 4382 2701 4447; x_wconf 70' lang='lat' dir='ltr'>sua</span> <span class='ocrx_word' id='word_1_966' title='bbox 2720 4395 2923 4466; x_wconf 85' lang='lat' dir='ltr'>justus</span> <span class='ocrx_word' id='word_1_967' title='bbox 2945 4411 2956 4449; x_wconf 92' lang='lat'><strong>:</strong></span> <span class='ocrx_word' id='word_1_968' title='bbox 2981 4395 3082 4449; x_wconf 89' lang='lat' dir='ltr'>sed</span> <span class='ocrx_word' id='word_1_969' title='bbox 3114 4395 3294 4450; x_wconf 88' lang='lat' dir='ltr'>efficit</span> <span class='ocrx_word' id='word_1_970' title='bbox 3317 4382 3505 4466; x_wconf 63' lang='lat' dir='ltr'>poiius</span> <span class='ocrx_word' id='word_1_971' title='bbox 3532 4382 3646 4451; x_wconf 54' lang='lat' dir='ltr'>du;</span> 
     </span>
    </p>
   </div>
   <div class='ocr_carea' id='block_1_133' title="bbox 2011 4464 3648 4540">
    <p class='ocr_par' dir='ltr' id='par_1_133' title="bbox 2011 4464 3648 4540">
     <span class='ocr_line' id='line_1_135' title="bbox 2011 4464 3648 4540; baseline 0.001 -18"><span class='ocrx_word' id='word_1_972' title='bbox 2011 4467 2143 4540; x_wconf 87' lang='lat' dir='ltr'>plex</span> <span class='ocrx_word' id='word_1_973' title='bbox 2161 4466 2256 4540; x_wconf 81' lang='lat' dir='ltr'>illa</span> <span class='ocrx_word' id='word_1_974' title='bbox 2274 4465 2521 4540; x_wconf 72' lang='lat' dir='ltr'>affectio,</span> <span class='ocrx_word' id='word_1_975' title='bbox 2543 4466 2818 4540; x_wconf 79' lang='lat' dir='ltr'>utjustus</span> <span class='ocrx_word' id='word_1_976' title='bbox 2834 4464 3122 4521; x_wconf 87' lang='lat' dir='ltr'>videatur.</span> <span class='ocrx_word' id='word_1_977' title='bbox 3144 4468 3305 4540; x_wconf 88' lang='lat' dir='ltr'>Nond</span> <span class='ocrx_word' id='word_1_978' title='bbox 3318 4464 3409 4521; x_wconf 77' lang='lat' dir='ltr'>um</span> <span class='ocrx_word' id='word_1_979' title='bbox 3431 4470 3648 4540; x_wconf 89' lang='lat' dir='ltr'>quippe</span> 
     </span>
    </p>
   </div>
   <div class='ocr_carea' id='block_1_134' title="bbox 2009 4535 3649 4611">
    <p class='ocr_par' dir='ltr' id='par_1_134' title="bbox 2009 4535 3649 4611">
     <span class='ocr_line' id='line_1_136' title="bbox 2009 4535 3649 4611; baseline 0.001 -17"><span class='ocrx_word' id='word_1_980' title='bbox 2009 4535 2081 4594; x_wconf 76' lang='lat' dir='ltr'>ad</span> <span class='ocrx_word' id='word_1_981' title='bbox 2116 4539 2427 4611; x_wconf 81' lang='lat' dir='ltr'>perfectam</span> <span class='ocrx_word' id='word_1_982' title='bbox 2459 4535 2620 4590; x_wconf 87' lang='lat' dir='ltr'>illam</span> <span class='ocrx_word' id='word_1_983' title='bbox 2646 4536 2997 4611; x_wconf 78' lang='lat' dir='ltr'>charitatem</span> <span class='ocrx_word' id='word_1_984' title='bbox 3025 4537 3302 4611; x_wconf 82' lang='lat' dir='ltr'>pervenit,</span> <span class='ocrx_word' id='word_1_985' title='bbox 3330 4535 3649 4611; x_wconf 49' lang='lat' dir='ltr'>qua—speet</span> 
     </span>
    </p>
   </div>
   <div class='ocr_carea' id='block_1_135' title="bbox 2011 4606 3649 4680">
    <p class='ocr_par' dir='ltr' id='par_1_135' title="bbox 2011 4606 3649 4680">
     <span class='ocr_line' id='line_1_137' title="bbox 2011 4606 3649 4680; baseline 0 -15"><span class='ocrx_word' id='word_1_986' title='bbox 2011 4606 2167 4665; x_wconf 87' lang='lat' dir='ltr'>metu</span> <span class='ocrx_word' id='word_1_987' title='bbox 2204 4607 2405 4680; x_wconf 90' lang='lat' dir='ltr'>procul</span> <span class='ocrx_word' id='word_1_988' title='bbox 2452 4606 2802 4680; x_wconf 81' lang='lat' dir='ltr'>amendatis,</span> <span class='ocrx_word' id='word_1_989' title='bbox 2836 4608 3055 4680; x_wconf 82' lang='lat' dir='ltr'>bonum</span> <span class='ocrx_word' id='word_1_990' title='bbox 3103 4606 3451 4678; x_wconf 76' lang='lat' dir='ltr'>voluntaria,</span> <span class='ocrx_word' id='word_1_991' title='bbox 3486 4606 3550 4666; x_wconf 77' lang='lat' dir='ltr'>ac</span> <span class='ocrx_word' id='word_1_992' title='bbox 3575 4610 3649 4665; x_wconf 87' lang='lat' dir='ltr'>1i-</span> 
     </span>
    </p>
   </div>
   <div class='ocr_carea' id='block_1_136' title="bbox 2008 4677 3467 4753">
    <p class='ocr_par' dir='ltr' id='par_1_136' title="bbox 2008 4677 3467 4753">
     <span class='ocr_line' id='line_1_138' title="bbox 2008 4677 3467 4753; baseline -0.002 -17"><span class='ocrx_word' id='word_1_993' title='bbox 2008 4681 2148 4753; x_wconf 87' lang='lat' dir='ltr'>bera</span> <span class='ocrx_word' id='word_1_994' title='bbox 2178 4677 2441 4753; x_wconf 78' lang='lat' dir='ltr'>prorsus,</span> <span class='ocrx_word' id='word_1_995' title='bbox 2474 4683 2530 4732; x_wconf 91' lang='lat' dir='ltr'>et</span> <span class='ocrx_word' id='word_1_996' title='bbox 2554 4679 2824 4753; x_wconf 83' lang='lat' dir='ltr'>expedita</span> <span class='ocrx_word' id='word_1_997' title='bbox 2852 4677 3150 4753; x_wconf 82' lang='lat' dir='ltr'>voluntate</span> <span class='ocrx_word' id='word_1_998' title='bbox 3180 4677 3467 4753; x_wconf 82' lang='lat' dir='ltr'>operetur.</span> 
     </span>
    </p>
   </div>
   <div class='ocr_carea' id='block_1_137' title="bbox 2012 4749 3648 4822">
    <p class='ocr_par' dir='ltr' id='par_1_137' title="bbox 2012 4749 3648 4822">
     <span class='ocr_line' id='line_1_139' title="bbox 2012 4749 3648 4822; baseline 0.001 -16"><span class='ocrx_word' id='word_1_999' title='bbox 2012 4749 2367 4822; x_wconf 41' lang='lat' dir='ltr'>Quid—ergo,</span> <span class='ocrx_word' id='word_1_1000' title='bbox 2403 4754 2608 4819; x_wconf 88' lang='lat' dir='ltr'>arguct</span> <span class='ocrx_word' id='word_1_1001' title='bbox 2656 4749 2806 4803; x_wconf 92' lang='lat' dir='ltr'>alius</span> <span class='ocrx_word' id='word_1_1002' title='bbox 2853 4750 3166 4822; x_wconf 84' lang='lat' dir='ltr'>quispiam,</span> <span class='ocrx_word' id='word_1_1003' title='bbox 3204 4751 3470 4821; x_wconf 90' lang='lat' dir='ltr'>nunquid</span> <span class='ocrx_word' id='word_1_1004' title='bbox 3523 4751 3648 4808; x_wconf 91' lang='lat' dir='ltr'>Cle-</span> 
     </span>
    </p>
   </div>
   <div class='ocr_carea' id='block_1_138' title="bbox 2010 4821 3650 4889">
    <p class='ocr_par' dir='ltr' id='par_1_138' title="bbox 2010 4821 3650 4889">
     <span class='ocr_line' id='line_1_140' title="bbox 2010 4821 3650 4889; baseline -0.001 -11"><span class='ocrx_word' id='word_1_1005' title='bbox 2010 4839 2178 4878; x_wconf 89' lang='lat' dir='ltr'>mens</span> <span class='ocrx_word' id='word_1_1006' title='bbox 2210 4839 2243 4877; x_wconf 91' lang='lat' dir='ltr'>a</span> <span class='ocrx_word' id='word_1_1007' title='bbox 2276 4821 2605 4889; x_wconf 56' lang='lat' dir='ltr'>tgnostico»</span> <span class='ocrx_word' id='word_1_1008' title='bbox 2638 4837 2739 4875; x_wconf 92' lang='lat' dir='ltr'>seu</span> <span class='ocrx_word' id='word_1_1009' title='bbox 2775 4822 3025 4889; x_wconf 87' lang='lat' dir='ltr'>perfecto</span> <span class='ocrx_word' id='word_1_1010' title='bbox 3054 4821 3387 4878; x_wconf 88' lang='lat' dir='ltr'>Christiano</span> <span class='ocrx_word' id='word_1_1011' title='bbox 3419 4839 3650 4877; x_wconf 90' lang='lat' dir='ltr'>omnem</span> 
     </span>
    </p>
   </div>
   <div class='ocr_carea' id='block_1_139' title="bbox 2013 4892 3651 4965">
    <p class='ocr_par' dir='ltr' id='par_1_139' title="bbox 2013 4892 3651 4965">
     <span class='ocr_line' id='line_1_141' title="bbox 2013 4892 3651 4965; baseline -0.002 -16"><span class='ocrx_word' id='word_1_1012' title='bbox 2013 4909 2175 4965; x_wconf 89' lang='lat' dir='ltr'>spem</span> <span class='ocrx_word' id='word_1_1013' title='bbox 2224 4893 2401 4965; x_wconf 89' lang='lat' dir='ltr'>etiam</span> <span class='ocrx_word' id='word_1_1014' title='bbox 2434 4914 2461 4965; x_wconf 68' lang='grc' dir='ltr'>ς(</span> <span class='ocrx_word' id='word_1_1015' title='bbox 2490 4892 2981 4965; x_wconf 79' lang='lat' dir='ltr'>remunerationis</span> <span class='ocrx_word' id='word_1_1016' title='bbox 3012 4913 3040 4943; x_wconf 84' lang='lat'>»</span> <span class='ocrx_word' id='word_1_1017' title='bbox 3074 4910 3107 4947; x_wconf 87' lang='lat' dir='ltr'>a</span> <span class='ocrx_word' id='word_1_1018' title='bbox 3137 4892 3274 4963; x_wconf 91' lang='lat' dir='ltr'>Deo,</span> <span class='ocrx_word' id='word_1_1019' title='bbox 3304 4898 3366 4948; x_wconf 93' lang='lat' dir='ltr'>ut</span> <span class='ocrx_word' id='word_1_1020' title='bbox 3394 4893 3522 4965; x_wconf 87' lang='lat' dir='ltr'>ipse</span> <span class='ocrx_word' id='word_1_1021' title='bbox 3560 4893 3651 4949; x_wconf 82' lang='lat' dir='ltr'>ln-</span> 
     </span>
    </p>
   </div>
   <div class='ocr_carea' id='block_1_140' title="bbox 2013 4962 3651 5036">
    <p class='ocr_par' dir='ltr' id='par_1_140' title="bbox 2013 4962 3651 5036">
     <span class='ocr_line' id='line_1_142' title="bbox 2013 4962 3651 5036; baseline 0.001 -18"><span class='ocrx_word' id='word_1_1022' title='bbox 2013 4962 2239 5036; x_wconf 77' lang='lat' dir='ltr'>quitur,</span> <span class='ocrx_word' id='word_1_1023' title='bbox 2270 4962 2639 5036; x_wconf 58' lang='lat' dir='ltr'>accipiendae,</span> <span class='ocrx_word' id='word_1_1024' title='bbox 2674 4964 2885 5036; x_wconf 68' lang='lat' dir='ltr'>»_sicut</span> <span class='ocrx_word' id='word_1_1025' title='bbox 2913 4968 2969 5017; x_wconf 87' lang='lat' dir='ltr'>et</span> <span class='ocrx_word' id='word_1_1026' title='bbox 3000 4962 3515 5036; x_wconf 26' lang='lat' dir='ltr'>metum,’penitus</span> <span class='ocrx_word' id='word_1_1027' title='bbox 3547 4966 3651 5036; x_wconf 87' lang='lat' dir='ltr'>de-</span> 
     </span>
    </p>
   </div>
   <div class='ocr_carea' id='block_1_141' title="bbox 2054 5033 3654 5106">
    <p class='ocr_par' dir='ltr' id='par_1_141' title="bbox 2054 5033 3654 5106">
     <span class='ocr_line' id='line_1_143' title="bbox 2054 5033 3654 5106; baseline -0.001 -15"><span class='ocrx_word' id='word_1_1028' title='bbox 2054 5034 2340 5091; x_wconf 88' lang='lat' dir='ltr'>ellendam</span> <span class='ocrx_word' id='word_1_1029' title='bbox 2358 5050 2484 5088; x_wconf 91' lang='lat' dir='ltr'>esse</span> <span class='ocrx_word' id='word_1_1030' title='bbox 2497 5034 2755 5106; x_wconf 86' lang='lat' dir='ltr'>decernit</span> <span class='ocrx_word' id='word_1_1031' title='bbox 2775 5033 3088 5106; x_wconf 77' lang='lat' dir='ltr'>?Nunquid</span> <span class='ocrx_word' id='word_1_1032' title='bbox 3107 5051 3262 5105; x_wconf 91' lang='lat' dir='ltr'>ergo,</span> <span class='ocrx_word' id='word_1_1033' title='bbox 3280 5033 3523 5106; x_wconf 70' lang='lat' dir='ltr'>urgebit</span> <span class='ocrx_word' id='word_1_1034' title='bbox 3557 5035 3654 5090; x_wconf 90' lang='lat' dir='ltr'>ille</span> 
     </span>
    </p>
   </div>
   <div class='ocr_carea' id='block_1_142' title="bbox 2012 5053 3655 5176">
    <p class='ocr_par' dir='ltr' id='par_1_142' title="bbox 2012 5053 3655 5176">
     <span class='ocr_line' id='line_1_144' title="bbox 2054 5053 3654 5106; baseline -0.001 -15"><span class='ocrx_word' id='word_1_1035' title='bbox 2054 5053 2340 5091; x_wconf 88' lang='lat' dir='ltr'>euenoam</span> <span class='ocrx_word' id='word_1_1036' title='bbox 2358 5053 2755 5088; x_wconf 76' lang='lat' dir='ltr'>esseaecermt</span> <span class='ocrx_word' id='word_1_1037' title='bbox 2783 5053 3088 5105; x_wconf 72' lang='lat' dir='ltr'>munquia</span> <span class='ocrx_word' id='word_1_1038' title='bbox 3107 5053 3262 5105; x_wconf 91' lang='lat' dir='ltr'>ergo,</span> <span class='ocrx_word' id='word_1_1039' title='bbox 3294 5053 3523 5106; x_wconf 78' lang='lat' dir='ltr'>urgebit</span> <span class='ocrx_word' id='word_1_1040' title='bbox 3557 5053 3654 5090; x_wconf 78' lang='lat' dir='ltr'>ius</span> 
     </span>
     <span class='ocr_line' id='line_1_145' title="bbox 2012 5053 3655 5176; baseline -0.001 -14"><span class='ocrx_word' id='word_1_1041' title='bbox 2012 5053 2169 5162; x_wconf 80' lang='lat' dir='ltr'>liaud</span> <span class='ocrx_word' id='word_1_1042' title='bbox 2202 5106 2449 5160; x_wconf 91' lang='lat' dir='ltr'>obscure</span> <span class='ocrx_word' id='word_1_1043' title='bbox 2479 5104 2743 5160; x_wconf 89' lang='lat' dir='ltr'>Clemens</span> <span class='ocrx_word' id='word_1_1044' title='bbox 2774 5105 2989 5172; x_wconf 81' lang='lat' dir='ltr'>doCuit,</span> <span class='ocrx_word' id='word_1_1045' title='bbox 3021 5122 3207 5176; x_wconf 83' lang='lat' dir='ltr'>spem,</span> <span class='ocrx_word' id='word_1_1046' title='bbox 3237 5123 3363 5176; x_wconf 66' lang='lat' dir='ltr'>qua?</span> <span class='ocrx_word' id='word_1_1047' title='bbox 3397 5108 3655 5161; x_wconf 89' lang='lat' dir='ltr'>secunda</span> 
     </span>
    </p>
   </div>
   <div class='ocr_carea' id='block_1_143' title="bbox 2011 5176 3656 5246">
    <p class='ocr_par' dir='ltr' id='par_1_143' title="bbox 2011 5176 3656 5246">
     <span class='ocr_line' id='line_1_146' title="bbox 2011 5176 3656 5246; baseline -0.001 -14"><span class='ocrx_word' id='word_1_1048' title='bbox 2011 5180 2198 5233; x_wconf 87' lang='lat' dir='ltr'>virtus</span> <span class='ocrx_word' id='word_1_1049' title='bbox 2231 5176 2557 5245; x_wconf 88' lang='lat' dir='ltr'>theologica</span> <span class='ocrx_word' id='word_1_1050' title='bbox 2588 5181 2697 5245; x_wconf 90' lang='lat' dir='ltr'>est,</span> <span class='ocrx_word' id='word_1_1051' title='bbox 2731 5176 3204 5246; x_wconf 86' lang='lat' dir='ltr'>imperfectorum</span> <span class='ocrx_word' id='word_1_1052' title='bbox 3248 5179 3656 5233; x_wconf 89' lang='lat' dir='ltr'>tantummodo</span> 
     </span>
    </p>
   </div>
   <div class='ocr_carea' id='block_1_144' title="bbox 2013 5247 3653 5318">
    <p class='ocr_par' dir='ltr' id='par_1_144' title="bbox 2013 5247 3653 5318">
     <span class='ocr_line' id='line_1_147' title="bbox 2013 5247 3653 5318; baseline -0.001 -14"><span class='ocrx_word' id='word_1_1053' title='bbox 2013 5265 2141 5304; x_wconf 89' lang='lat' dir='ltr'>esse</span> <span class='ocrx_word' id='word_1_1054' title='bbox 2189 5248 2677 5314; x_wconf 88' lang='lat' dir='ltr'>Christianorum,</span> <span class='ocrx_word' id='word_1_1055' title='bbox 2726 5247 2969 5301; x_wconf 90' lang='lat' dir='ltr'>minime</span> <span class='ocrx_word' id='word_1_1056' title='bbox 3015 5264 3148 5301; x_wconf 91' lang='lat' dir='ltr'>vero</span> <span class='ocrx_word' id='word_1_1057' title='bbox 3213 5248 3653 5318; x_wconf 84' lang='lat' dir='ltr'>perfectorum?</span> 
     </span>
    </p>
   </div>
   <div class='ocr_carea' id='block_1_145' title="bbox 2011 5318 3663 5391">
    <p class='ocr_par' dir='ltr' id='par_1_145' title="bbox 2011 5318 3663 5391">
     <span class='ocr_line' id='line_1_148' title="bbox 2011 5318 3663 5391; baseline 0 -16"><span class='ocrx_word' id='word_1_1058' title='bbox 2011 5321 2120 5375; x_wconf 91' lang='lat' dir='ltr'>Sed</span> <span class='ocrx_word' id='word_1_1059' title='bbox 2154 5319 2202 5373; x_wconf 88' lang='lat' dir='ltr'>is</span> <span class='ocrx_word' id='word_1_1060' title='bbox 2238 5336 2351 5373; x_wconf 90' lang='lat' dir='ltr'>non</span> <span class='ocrx_word' id='word_1_1061' title='bbox 2379 5319 2611 5373; x_wconf 88' lang='lat' dir='ltr'>videtur</span> <span class='ocrx_word' id='word_1_1062' title='bbox 2642 5334 2769 5373; x_wconf 90' lang='lat' dir='ltr'>esse</span> <span class='ocrx_word' id='word_1_1063' title='bbox 2802 5334 3013 5391; x_wconf 85' lang='lat' dir='ltr'>sensus</span> <span class='ocrx_word' id='word_1_1064' title='bbox 3036 5318 3378 5391; x_wconf 82' lang='lat' dir='ltr'>Clementis,</span> <span class='ocrx_word' id='word_1_1065' title='bbox 3403 5320 3502 5391; x_wconf 92' lang='lat' dir='ltr'>qui</span> <span class='ocrx_word' id='word_1_1066' title='bbox 3534 5325 3663 5375; x_wconf 87' lang='lat' dir='ltr'>tan-</span> 
     </span>
    </p>
   </div>
   <div class='ocr_carea' id='block_1_146' title="bbox 2012 5390 3662 5461">
    <p class='ocr_par' dir='ltr' id='par_1_146' title="bbox 2012 5390 3662 5461">
     <span class='ocr_line' id='line_1_149' title="bbox 2012 5390 3662 5461; baseline -0.001 -15"><span class='ocrx_word' id='word_1_1067' title='bbox 2012 5396 2141 5446; x_wconf 90' lang='lat' dir='ltr'>tum</span> <span class='ocrx_word' id='word_1_1068' title='bbox 2176 5392 2363 5457; x_wconf 90' lang='lat' dir='ltr'>abest,</span> <span class='ocrx_word' id='word_1_1069' title='bbox 2398 5391 2496 5443; x_wconf 92' lang='lat' dir='ltr'>ubi</span> <span class='ocrx_word' id='word_1_1070' title='bbox 2545 5405 2708 5459; x_wconf 89' lang='lat' dir='ltr'>spem</span> <span class='ocrx_word' id='word_1_1071' title='bbox 2763 5406 2795 5443; x_wconf 92' lang='lat' dir='ltr'>a</span> <span class='ocrx_word' id='word_1_1072' title='bbox 2841 5390 3097 5460; x_wconf 86' lang='lat' dir='ltr'>perfecto</span> <span class='ocrx_word' id='word_1_1073' title='bbox 3146 5390 3477 5446; x_wconf 79' lang='lat' dir='ltr'>Christiano</span> <span class='ocrx_word' id='word_1_1074' title='bbox 3510 5391 3662 5461; x_wconf 84' lang='lat' dir='ltr'>abji-</span> 
     </span>
    </p>
   </div>
   <div class='ocr_carea' id='block_1_147' title="bbox 2016 5462 3666 5536">
    <p class='ocr_par' dir='ltr' id='par_1_147' title="bbox 2016 5462 3666 5536">
     <span class='ocr_line' id='line_1_150' title="bbox 2016 5462 3666 5536; baseline 0.001 -18"><span class='ocrx_word' id='word_1_1075' title='bbox 2016 5463 2287 5518; x_wconf 89' lang='lat' dir='ltr'>ciendam</span> <span class='ocrx_word' id='word_1_1076' title='bbox 2324 5478 2453 5517; x_wconf 91' lang='lat' dir='ltr'>esse</span> <span class='ocrx_word' id='word_1_1077' title='bbox 2502 5464 2745 5528; x_wconf 88' lang='lat' dir='ltr'>statuat,</span> <span class='ocrx_word' id='word_1_1078' title='bbox 2780 5462 2919 5530; x_wconf 90' lang='lat' dir='ltr'>quin</span> <span class='ocrx_word' id='word_1_1079' title='bbox 2952 5462 3148 5532; x_wconf 87' lang='lat' dir='ltr'>potius</span> <span class='ocrx_word' id='word_1_1080' title='bbox 3200 5464 3273 5517; x_wconf 90' lang='lat' dir='ltr'>ab</span> <span class='ocrx_word' id='word_1_1081' title='bbox 3322 5479 3387 5518; x_wconf 90' lang='lat' dir='ltr'>eo</span> <span class='ocrx_word' id='word_1_1082' title='bbox 3435 5479 3666 5536; x_wconf 85' lang='lat' dir='ltr'>semper</span> 
     </span>
    </p>
   </div>
   <div class='ocr_carea' id='block_1_148' title="bbox 1396 5673 3667 5750">
    <p class='ocr_par' dir='ltr' id='par_1_148' title="bbox 1396 5673 3667 5750">
     <span class='ocr_line' id='line_1_151' title="bbox 1396 5673 3667 5750; baseline 0.001 -17"><span class='ocrx_word' id='word_1_1083' title='bbox 1396 5695 1474 5750; x_wconf 27' lang='lat' dir='ltr'>p.,</span> <span class='ocrx_word' id='word_1_1084' title='bbox 1502 5677 1670 5750; x_wconf 20' lang='grc' dir='ltr'>4381.Δ</span> <span class='ocrx_word' id='word_1_1085' title='bbox 1706 5677 1760 5750; x_wconf 74' lang='lat'>_“</span> <span class='ocrx_word' id='word_1_1086' title='bbox 1792 5676 1981 5733; x_wconf 90' lang='lat' dir='ltr'>Strom</span> <span class='ocrx_word' id='word_1_1087' title='bbox 2028 5676 2153 5750; x_wconf 82' lang='lat' dir='ltr'>l_.1,</span> <span class='ocrx_word' id='word_1_1088' title='bbox 2213 5675 2427 5747; x_wconf 88' lang='lat' dir='ltr'>p.353.</span> <span class='ocrx_word' id='word_1_1089' title='bbox 2508 5675 2554 5709; x_wconf 77' lang='grc'>⁴²</span> <span class='ocrx_word' id='word_1_1090' title='bbox 2588 5673 2849 5730; x_wconf 90' lang='lat' dir='ltr'>Trident.</span> <span class='ocrx_word' id='word_1_1091' title='bbox 2907 5693 3062 5750; x_wconf 81' lang='lat' dir='ltr'>syn.,</span> <span class='ocrx_word' id='word_1_1092' title='bbox 3122 5694 3271 5734; x_wconf 86' lang='lat' dir='ltr'>sese.</span> <span class='ocrx_word' id='word_1_1093' title='bbox 3330 5679 3386 5735; x_wconf 85' lang='lat'>6.</span> <span class='ocrx_word' id='word_1_1094' title='bbox 3448 5696 3574 5735; x_wconf 89' lang='lat' dir='ltr'>can.</span> <span class='ocrx_word' id='word_1_1095' title='bbox 3610 5680 3667 5735; x_wconf 92' lang='lat'>8.</span> 
     </span>
    </p>
   </div>
   <div class='ocr_carea' id='block_1_149' title="bbox 255 5747 1888 5822">
    <p class='ocr_par' dir='ltr' id='par_1_149' title="bbox 255 5747 1870 5822">
     <span class='ocr_line' id='line_1_152' title="bbox 255 5747 1870 5822; baseline -0.002 -16"><span class='ocrx_word' id='word_1_1096' title='bbox 255 5748 302 5784; x_wconf 67' lang='lat'><strong>‘3</strong></span> <span class='ocrx_word' id='word_1_1097' title='bbox 334 5764 488 5806; x_wconf 81' lang='lat' dir='ltr'>sees.</span> <span class='ocrx_word' id='word_1_1098' title='bbox 520 5747 610 5806; x_wconf 67' lang='grc'>44.</span> <span class='ocrx_word' id='word_1_1099' title='bbox 645 5765 696 5806; x_wconf 94' lang='lat' dir='ltr'>c.</span> <span class='ocrx_word' id='word_1_1100' title='bbox 730 5749 783 5805; x_wconf 87' lang='grc'>4.</span> <span class='ocrx_word' id='word_1_1101' title='bbox 818 5750 864 5784; x_wconf 82' lang='lat'><strong>“</strong></span> <span class='ocrx_word' id='word_1_1102' title='bbox 891 5749 1104 5805; x_wconf 90' lang='lat' dir='ltr'>Strom.</span> <span class='ocrx_word' id='word_1_1103' title='bbox 1138 5747 1174 5805; x_wconf 93' lang='lat' dir='ltr'>l.</span> <span class='ocrx_word' id='word_1_1104' title='bbox 1212 5765 1290 5821; x_wconf 79' lang='lat' dir='ltr'>IV,</span> <span class='ocrx_word' id='word_1_1105' title='bbox 1322 5747 1541 5822; x_wconf 47' lang='lat' dir='ltr'>p._53l.</span> <span class='ocrx_word' id='word_1_1106' title='bbox 1573 5749 1617 5784; x_wconf 69' lang='grc'>⁸⁸</span> <span class='ocrx_word' id='word_1_1107' title='bbox 1649 5748 1870 5807; x_wconf 86' lang='lat' dir='ltr'>IJoan.</span> 
     </span>
    </p>
   </div>
   <div class='ocr_carea' id='block_1_150' title="bbox 2001 5747 2106 5822">
    <p class='ocr_par' dir='ltr' id='par_1_150' title="bbox 2019 5748 2106 5803">
     <span class='ocr_line' id='line_1_153' title="bbox 2019 5748 2106 5803; baseline 0 -1"><span class='ocrx_word' id='word_1_1108' title='bbox 2019 5748 2106 5803; x_wconf 88' lang='grc'>18.</span> 
     </span>
    </p>
   </div>
   <div class='ocr_carea' id='block_1_151' title="bbox 590 5867 1152 5929">
    <p class='ocr_par' dir='ltr' id='par_1_151' title="bbox 590 5867 1152 5929">
     <span class='ocr_line' id='line_1_154' title="bbox 590 5867 1152 5929; baseline -0.002 0"><span class='ocrx_word' id='word_1_1109' title='bbox 590 5868 850 5929; x_wconf 59' lang='grc' dir='ltr'>ΡΑτιιοῐ..</span> <span class='ocrx_word' id='word_1_1110' title='bbox 897 5868 1006 5929; x_wconf 77' lang='lat' dir='ltr'>Gs.</span> <span class='ocrx_word' id='word_1_1111' title='bbox 1050 5867 1152 5928; x_wconf 87' lang='lat' dir='ltr'>1X.</span> 
     </span>
    </p>
   </div>
   <div class='ocr_carea' id='block_1_152' title="bbox 3270 5870 3347 5930">
    <p class='ocr_par' dir='ltr' id='par_1_152' title="bbox 3270 5870 3347 5930">
     <span class='ocr_line' id='line_1_155' title="bbox 3270 5870 3347 5930; baseline -0.026 0"><span class='ocrx_word' id='word_1_1112' title='bbox 3270 5870 3347 5930; x_wconf 85' lang='lat'>38</span> 
     </span>
    </p>
   </div>
  </div>
