3990 6152
411 250 543 306 1211

1116 256 1191 309 IN
1227 255 1671 309 CLEMENTEM
1710 254 1923 307 ALEX.
1963 254 2032 305 D.
2074 253 2162 305 LE
2203 250 2501 306 NOURRY
2537 252 3004 308 DISSERTATIO
3040 254 3111 307 II.

3680 256 3826 311 1212

476 376 585 432 Sed
620 376 968 457 nuili‘plane
993 377 1529 457 d_ubitamns,_quin_
1556 377 1907 457 Hieronymi
1944 376 2046 457 de-
2073 375 2126 442 Α
2154 389 2221 429 ac
2252 373 2572 457 ipsiusmet
2593 374 2844 457 gnostici
2875 375 3227 457 perfectione
3261 377 3479 457 tradita
3510 377 3703 436 fuisse
3727 379 3820 437 vel

408 448 667 503 fensores
702 447 983 503 inflictam
1021 449 1135 519 ipsi
1192 447 1418 504 erroris
1438 454 1538 503 aut
1566 447 2045 519 contradictionis

406 518 695 575 maculam
729 520 1001 575 facillime
1032 517 1259 589 possint
1281 520 1497 575 eluere.
1553 521 1829 585 Quamvis
1886 517 2044 573 enim

402 590 961 663 eruditissimusille
992 592 1244 663 scriptor
1272 592 1483 646 dixerit
1514 590 1784 646 homines
1824 589 2045 663 angeli-

405 678 531 732 cam
559 662 734 716 vitam
768 662 984 717 imitari
1018 660 1131 717 non
1167 664 1391 732 putavit
1420 669 1617 717 tamen
1649 679 1749 717 eos
1797 660 2045 732 vel’an-

443 731 665 786 elorum
699 733 906 802 instar,
938 733 1117 787 nullis
1148 731 1418 789 humanae
1450 732 1641 789 carnis
1685 731 2045 787 infirmitati-

448 819 513 874 us
544 802 800 874 amplius
832 820 957 859 esse
987 805 1288 872 obnoxios,
1316 805 1403 859 vel
1428 806 1496 859 ad
1520 820 1648 859 eam
1676 803 1870 860 venire
1890 819 2049 857 sum-

402 873 663 929 mitatem
696 876 998 943 virtutum,
1032 882 1094 930 ut
1122 876 1179 930 in
1213 881 1380 932 nocte
1411 892 1716 945 nunquam
1772 874 2046 944 deinceps

397 960 465 999 ea
486 961 611 1015 quas
635 945 891 1019 hominis
920 953 1061 1001 sunt
1082 948 1398 1019 patiantur.
1425 948 1619 1016 Neque
1647 946 1875 1019 Plinius
1897 962 2046 1016 quo-

401 1031 516 1085 que
555 1018 793 1088 scripsit
825 1017 1096 1087 aliquam'
1112 1035 1240 1073 esse
1265 1019 1531 1085 herbam,
1564 1034 1680 1088 qua
1709 1017 1881 1072 homo
1915 1033 2048 1088 pos-

401 1088 479 1141 sit
507 1102 657 1151 eam,
682 1087 867 1157 quam
901 1090 1127 1158 dicunt,
1162 1090 1477 1144 maximam
1512 1087 1792 1159 consequi
1853 1087 2048 1143 carnis

404 1159 778 1230 munditiem.
812 1164 883 1214 Et
910 1176 1049 1215 sane
1081 1162 1312 1215 tametsi
1344 1160 1399 1215 id
1442 1159 1829 1230 jurejurando
1887 1175 2046 1214 asse-

406 1229 645 1294 ruisset,
676 1231 811 1300 quis
841 1231 891 1285 ei
922 1232 1092 1286 vellet
1122 1232 1296 1287 fidem
1328 1229 1542 1286 habere
1563 1232 1590 1286 ‘I

472 1329 555 1401 A_d
579 1327 925 1401 Cassianum
958 1346 1091 1385 vero
1122 1331 1275 1399 quod
1298 1334 1543 1401 spectat,
1578 1328 1812 1384 etiamsi
1855 1328 2047 1383 citatis

405 1397 464 1452 in
491 1399 642 1472 locis
672 1399 729 1472 in
756 1400 1009 1470 aliquem
1037 1397 1563 1472 Pelagiani-erroris
1592 1401 1897 1455 incidisset
1926 1416 2049 1454 sco-

448 1469 633 1536 ulum,
676 1470 735 1525 id
795 1469 941 1525 nulli
1001 1469 1445 1527 admirationem
1504 1487 1733 1526 movere
1788 1472 2044 1525 deberet.

444 1541 609 1595 ciunt
636 1541 792 1596 enim
824 1557 1028 1597 omnes
1060 1559 1195 1598 eum
1212 1545 1284 1597 ab
1316 1544 1421 1598 hac
1452 1541 1583 1598 labe
1614 1558 1727 1597 non
1760 1558 1891 1596 esse
1919 1558 2045 1596 om-

403 1611 542 1695 nino
569 1628 805 1694 purum,
841 1612 1125 1695 illiusque
1147 1616 1317 1685 plane
1348 1618 1663 1695 expertem.
1683 1613 1807 1694 Non
1830 1612 2047 1695 desunt

403 1686 623 1751 tamen,
655 1683 754 1809 qui
788 1684 984 1754 ipsum
1018 1683 1248 1750 iisdem,
1283 1686 1379 1755 qui
1411 1683 1684 1749 citantur,
1720 1686 1777 1738 in
1838 1683 1979 1739 locis
2010 1700 2044 1739 a

403 1769 541 1808 sana
572 1759 661 1808 ort
707 1754 1006 1809 odoxaaue
1036 1756 1333 1809 catholica
1366 1756 1496 1809 ﬁdei
1530 1755 1795 1809 doctrina
1817 1771 1931 1809 non
1959 1770 2043 1809 re-

400 1769 543 1825 sana
572 1754 1006 1825 orthodoxaque
1036 1754 1333 1811 catholicas
1366 1756 1496 1810 ﬁdei
1530 1755 1795 1809 doctrina
1817 1771 1931 1809 non
1959 1770 2043 1809 re-

399 1823 646 1879 cessisse
675 1823 1013 1880 existiment
1041 1828 1105 1882 ⁸ο.
1137 1828 1313 1882 Aiunt
1351 1827 1639 1897 siquidem
1667 1827 1738 1881 ab
1770 1825 1889 1892 illo,
1925 1842 2040 1881 non

403 1910 574 1969 secus
597 1900 773 1969 atque
803 1897 875 1951 ab
906 1899 1200 1968 Apostolo,
1226 1897 1365 1953 alibi
1398 1898 1659 1969 agnitam
1704 1902 2045 1969 assertam-

401 1982 513 2036 que
544 1967 1036 2039 fuisseecarnis’et
1056 1969 1299 2039 spiritus
1321 1969 1379 2023 in
1403 1967 1677 2039 omnibus
1702 1968 2043 2023 hominibus

296 2091 309 2101 ,
401 2037 869 2119 repugnantiam.
902 2037 1181 2119 Cassiane
1210 2040 1415 2119 itaque
1439 2056 1551 2094 non
1602 2038 1737 2119 alia,
1790 2044 2043 2109 pergunt

399 2106 706 2181 illi,_mens
737 2118 791 2164 et
820 2112 1111 2166 sententia
1142 2112 1273 2179 fuit,
1307 2106 1419 2166 nisi
1451 2110 1734 2181 quosdam
1759 2106 2044 2179 esse‘per-

400 2178 755 2253 tectissimos
784 2180 1075 2251 homines,
1109 2178 1299 2253 qualis
1331 2184 1403 2237 ab
1433 2178 1498 2237 eo
1530 2181 1884 2253 describitur
1926 2178 2041 2236 78e-

399 2265 576 2324 renus
606 2252 871 2324 abbas“,
903 2253 959 2307 in
993 2252 1209 2323 quibus
1238 2254 1449 2307 divinas
1507 2252 1703 2324 gratias
1762 2252 2042 2307 beneficio

401 2321 574 2394 plane
605 2321 891 2394 singulari
922 2340 989 2379 ac
1013 2321 1315 2380 rarissimo
1341 2324 1401 2379 fu
1414 2321 1611 2380 nestus
1634 2339 1917 2394 perversae
1938 2340 2041 2378 cu-

395 2390 656 2476 piditatis
687 2390 840 2476 ignis
871 2396 1269 2476 refrigeratus,
1301 2396 1532 2476 sopitus
1548 2390 1725 2465 atque
1742 2395 1915 2476 etiam
1939 2410 2041 2476 ex-

396 2463 649 2536 stinctus
678 2463 1310 2536 videbaturf‘Denique
1339 2463 1397 2520 in
1431 2463 1668 2536 eaipsa.
1688 2482 1817 2535 qua:
1838 2464 2044 2520 lauda-

395 2538 512 2601 tur,
546 2534 703 2590 illius
736 2536 1044 2592 collatione
1078 2534 1228 2591 haud
1262 2553 1413 2606 aegre
1451 2534 1715 2591 concedit
1776 2536 2041 2591 homines

396 2606 682 2677 perfectos
715 2608 1070 2664 dormientes
1100 2609 1294 2663 carnis
1328 2607 1583 2662 motibus
1636 2606 1774 2662 cieri
1805 2612 1859 2661 et
1917 2606 2040 2677 agi-

394 2675 529 2749 tari,
564 2678 665 2749 sed
697 2678 834 2732 inde
867 2680 1185 2749 quidquam
1237 2680 1306 2733 de
1345 2679 1631 2733 castitatis
1687 2675 2040 2748 perfectione

397 2747 584 2801 minui
617 2752 718 2801 aut
750 2747 977 2804 detrahi
1009 2747 1223 2805 ibidem
1249 2750 1561 2804 inﬁciatur.
1589 2747 1765 2804 Suam
1791 2750 1944 2803 enim
1969 2750 2040 2804 de

397 2817 663 2873 castitate
694 2819 1150 2890 disputationem
1184 2820 1269 2875 sic
1300 2820 1396 2875 ille
1444 2820 1691 2875 absolvit
1714 2820 1753 2855 ⁶¹
1785 2836 1797 2873 :
1849 2841 1876 2869 «
1910 2820 2041 2875 Haec

394 2892 483 2961 est
511 2892 938 2961 consummatio
970 2891 1281 2957 castitatis,
1314 2896 1379 2946 ut
1435 2890 1770 2961 vigilantem
1830 2906 2037 2946 mona-

395 2958 571 3014 chum
593 2960 902 3016 oblectatio
924 2962 1191 3018 libidinis
1215 2962 1375 3033 nulla
1397 2958 1774 3033 perstringat,
1799 2967 1863 3017 ut
1883 2961 2041 3033 quieo

393 3034 645 3086 scentem
680 3033 1039 3088 somniorum
1069 3050 1183 3089 non
1226 3032 1411 3088 fallat’
1450 3032 1682 3089 illusioi
1742 3034 1839 3088 sed
1900 3032 2032 3088 cum

392 3101 701 3175 dormienti
724 3108 953 3175 tantum
988 3120 1089 3175 per
1116 3105 1315 3175 sopitae
1335 3104 1549 3159 mentis
1569 3104 1853 3159 incuriam
1871 3120 2032 3159 com-
2066 3094 2110 3160 C

394 3174 797 3259 motiolcarnis
825 3174 1694 3259 obrepserit,quemadnioduin
1741 3176 1866 3259 sine
1914 3176 2036 3231 ulla

390 3243 729 3318 titillatione
753 3243 1076 3318 voluptatis
1105 3243 1349 3301 excitata
1367 3252 1476 3317 est,
1504 3247 1581 3302 ita
1604 3246 1731 3302 sine
1754 3245 1872 3301 ullo
1898 3264 2033 3318 pru-

390 3314 507 3370 ritu
539 3317 797 3387 corporis
830 3314 1224 3390 conquiescat.
1250 3340 1278 3367 »

462 3402 522 3458 In
546 3405 817 3478 eumdem
838 3423 1077 3462 sensum
1099 3406 1393 3462 Climacus
1412 3405 1680 3478 postilla,
1696 3421 1822 3476 quas
1837 3405 2035 3461 retuli-

391 3490 543 3556 mus,
568 3475 754 3556 ipsius
785 3479 979 3556 verbs,
1012 3478 1291 3556 continuo
1321 3475 1440 3533 haec
1470 3475 1745 3547 adiecit”
1770 3494 1824 3556 :_i
1851 3481 2032 3556 Nemo

387 3562 461 3628 ex
480 3546 700 3628 his‘qui
728 3550 1013 3628 sestudic
1043 3551 1328 3628 castitatis
1358 3546 1825 3628 exercen_t,__suis
1881 3549 2033 3628 hanc

389 3615 820 3692 iaboribusaut
850 3638 959 3676 sua
987 3621 1280 3677 industria
1316 3638 1378 3677 se
1435 3615 1787 3692 acquisiisse
1844 3626 2029 3691 putet.

386 3690 532 3768 Nam
564 3689 843 3768 possibile
873 3708 986 3768 non
1020 3698 1128 3760 est,
1163 3697 1227 3747 ut
1257 3689 1549 3763 quispiam
1575 3689 2031 3768 naturamsuaui

388 3760 581 3813 vincat
607 3777 621 3827 ;
649 3760 746 3815 ubi
768 3763 1017 3835 denique
1044 3769 1255 3819 natura
1274 3760 1549 3834 superata
1567 3768 1676 3830 est,
1700 3762 1819 3817 illic
1848 3762 1895 3817 is
1928 3762 2029 3835 qui

388 3845 567 3900 supra
597 3836 867 3905 naturam
918 3833 1027 3900 est,
1076 3833 1379 3890 advenisse
1438 3835 1884 3905 cognoscitur.»
1926 3833 2030 3905 ilbi

388 3905 541 3987 certe
572 3906 629 3957 et
655 3903 928 3987 deinceps
950 3905 1047 3987 ille
1077 3909 1300 3987 quanta
1330 3906 1408 3987 sit
1426 3903 1650 3987 natura:
1674 3910 1884 3960 nostrai
1915 3904 2028 3987 t'ra-

389 3970 587 4047 gilitas
609 3970 979 4046 apertissime
1010 3970 1267 4032 declarat
1295 3994 1307 4044 ;
1344 3978 1557 4032 tacitus
1601 3992 1734 4031 vero
1795 3980 2029 4047 praeter-

388 4044 565 4098 mittit
591 4044 662 4100 an
694 4063 847 4119 saepe
878 4053 977 4103 aut
1010 4066 1138 4103 raro
1156 4047 1372 4119 aliquis
1393 4047 1743 4119 inveniatur,
1768 4044 1942 4118 quem
1971 4047 2029 4119 in

386 4130 590 4171 somno
622 4118 707 4172 vel
742 4120 942 4191 nullus
972 4119 1160 4191 turpis
1192 4118 1408 4191 imago,
1439 4119 1525 4175 vel
1580 4118 1778 4175 nullus
1838 4118 2032 4175 carnis

384 4192 580 4268 iiiotus
613 4189 867 4268 amplius
898 4189 1209 4268 moveat_et
1236 4189 1451 4268 titillet.
1476 4192 1593 4268 ﬁed
1653 4192 1722 4245 de
1781 4194 2032 4262 utroque

381 4255 482 4313 illo
506 4255 740 4316 auctore
772 4262 924 4318 alius
956 4263 1065 4317 erit
1096 4262 1266 4334 plura
1288 4263 1516 4318 dicendi
1542 4262 1725 4318 locus.

455 4356 535 4409 Ad
557 4356 916 4431 Clementem
951 4360 1132 4431 igitur
1162 4364 1453 4425 nostrum,
1485 4361 1555 4416 de
1589 4376 1702 4430 quo
1725 4375 1878 4431 nunc
1905 4361 2029 4431 tan-

382 4428 961 4517 tiiiminc‘doiqiiaestio
978 4428 1196 4517 'est,_.ut
1224 4430 1546 4517 veniamps,
1581 4428 1731 4517 quod
1771 4430 1865 4485 ille
1889 4429 2033 4511 dixit
2066 4453 2108 4517 D

383 4496 931 4575 Deum_Chris_t_ianis
953 4503 1229 4575 omnibus
1253 4507 1317 4575 ut
1339 4496 1663 4575 vigilarent,
1688 4501 2033 4575 praecepisse

388 4584 464 4649 ne
490 4569 687 4624 anima
705 4571 841 4649 ullis
862 4569 1424 4649 perturbationibus,
1446 4591 1515 4629 ne
1534 4569 1770 4649 quidem
1798 4574 1853 4626 in
1879 4569 2030 4627 som-

384 4644 501 4693 niis
521 4646 850 4715 moveatur,
882 4644 990 4699 hoc
1018 4645 1268 4712 benigna
1318 4644 1800 4715 interpretatione
1850 4659 2027 4714 expo-

386 4711 655 4785 nendum,
676 4718 783 4776 est,
816 4716 1009 4784 quoad
1042 4716 1267 4770 scilicet
1296 4716 1416 4770 fieri
1446 4711 1653 4785 potest,
1683 4721 1739 4769 et
1759 4711 2026 4771 humanis

384 4787 604 4858 naturae
636 4784 935 4858 fragilitati
966 4791 1053 4841 est
1085 4788 1310 4842 datum.
1344 4784 1472 4841 Pari
1498 4804 1727 4857 quoque
1759 4786 2025 4858 benigni-

386 4856 501 4927 tate
530 4854 669 4909 illud
704 4858 1132 4927 accipiendum,
1167 4860 1321 4927 quod
1346 4860 1417 4914 ab
1444 4854 1571 4926 ipso
1594 4854 1855 4924 docetur,
1890 4854 2028 4927 gno-

383 4925 619 4989 sticum,
646 4925 1001 4984 abstinentia
1030 4933 1087 4983 et
1114 4925 1308 4984 inedia
1352 4925 1703 4995 confectum,
1764 4930 1822 4983 in
1867 4925 2022 4985 scm-

384 4996 521 5057 niis.
555 5014 668 5052 non
702 5000 941 5068 quidem
966 5017 1218 5068 semper,
1242 5006 1298 5055 et
1320 5018 1418 5069 per
1443 5001 1735 5070 reliquum
1759 5001 1883 5055 vitae
1908 5016 2027 5055 suae

380 5072 635 5139 tempus,
669 5072 769 5124 sed
802 5088 955 5140 saepe
984 5072 1217 5142 saepius,
1252 5078 1425 5142 atque
1446 5081 1503 5126 ut
1536 5072 1853 5142 plurimum
1888 5089 2029 5126 san-

381 5144 482 5212 cta!
507 5146 564 5193 et
596 5156 766 5207 agere
798 5149 853 5197 et
881 5144 1158 5212 cogitare.
1193 5142 1413 5198 Nostrae
1441 5144 1736 5199 enimvero
1786 5142 2029 5198 inﬁrmi-

379 5210 519 5265 tatis
550 5210 1365 5286 OptimeconsciusClemens,
1392 5232 1508 5270 non
1537 5216 1763 5269 videtur
1786 5215 2027 5286 quidem

382 5297 714 5363 asseverare
731 5284 1090 5363 Christianos
1124 5286 1271 5363 hanc
1303 5286 1497 5357 reipsa
1527 5284 1819 5363 attigisse
1842 5287 2029 5363 perfe-

382 5357 655 5421 ctionem,
687 5358 787 5411 sed
822 5358 1043 5427 potius,
1078 5365 1145 5412 ut
1171 5359 1239 5413 ad
1274 5375 1403 5413 eam
1436 5359 1813 5423 contendant,
1874 5357 2027 5412 exci-

381 5427 505 5481 tare
534 5430 590 5480 et
620 5427 942 5500 adhortari.
972 5431 1043 5485 Et
1064 5429 1117 5483 id
1154 5430 1407 5500 profecto
1438 5431 1511 5485 iis
1542 5429 1773 5500 probari
1819 5433 2029 5499 potest,

382 5510 507 5567 quae
539 5500 611 5553 ab
633 5498 732 5555 illo
755 5500 826 5555 de
848 5517 1082 5557 summa
1101 5498 1315 5558 Christi
1340 5498 1599 5571 Domini,
1627 5498 2028 5572 apostOlorum

2154 445 2428 528 superius
2445 445 2737 528 Ovidimus,
2759 446 2850 528 vel
2868 445 3041 516 paulo
3059 452 3211 528 post
3231 452 3630 505 ostendemus.

2155 516 2283 573 Non
2314 533 2414 571 eos
2443 516 2641 587 itaque
2673 516 2929 588 amplius
2961 516 3285 574 audiendos
3315 535 3445 575 esse
3468 537 3813 588 censemus,

2156 587 2256 659 qui
2290 589 2359 642 ad
2392 589 2641 659 gentiles
2669 587 3071 663 philosophos,
3096 589 3286 663 inanis
3316 591 3513 663 glorias
3566 587 3814 649 venata?

2156 676 2267 723 res,
2285 675 2593 735 provocare
2617 676 2723 735 nos
2738 660 3469 735 voluerint._$cimus_énim
3495 663 3813 735 Epicurum

2155 746 2217 784 se
2247 730 2604 786 venditasse.
2628 754 2653 780 «
2682 731 2739 785 in
2772 731 2996 786 somnis
3019 732 3131 786 sibi
3154 732 3407 788 similem
3437 730 3811 789 tutﬁrum”.»

2154 801 2600 873 Nesciiquoque
2632 819 2745 873 non
2794 819 3003 857 sumus
3050 802 3347 859 Platonem
3407 806 3687 861 docuisse
3715 808 3804 862 διε

2156 894 2183 949 ε(
2217 872 2361 949 Cum
2389 872 2605 944 aliquis
2637 872 2861 949 salubri
2900 879 2956 928 et
2988 875 3131 929 bene
3163 879 3499 949 temperato,
3537 879 3803 949 corporis

2156 943 2357 1020 habitu
2393 943 2599 1020 somno
2622 961 2683 999 se
2714 945 2910 1020 tradit,
2942 950 2998 999 et
3028 943 3525 1020 ea_pars'animi,
3577 943 3660 1003 in'
3698 966 3802 1020 qua

2156 1015 2301 1090 ratio
2326 1016 2684 1090 dominatur,
2718 1016 2975 1090 a_seipsa
2996 1015 3244 1072 excitata
3262 1023 3371 1090 est,
3397 1015 3802 1090 bonarumque

2156 1087 2571 1161 cogitationum
2603 1085 3021 1161 quasiepulas,
3070 1088 3591 1159 contemplationis
3625 1085 3797 1161 atque

2156 1157 2551 1231 intelligentia
2595 1159 2718 1212 acie
2752 1157 3123 1231 iniseipsam
3184 1157 3469 1231 revocata,
3530 1157 3799 1231 apposuit

2155 1228 2307 1284 sibi:
2340 1246 2407 1283 ea
2437 1233 2636 1284 autem
2660 1229 2849 1303 animi
2884 1246 3037 1299 pars,
3075 1229 3133 1283 in
3155 1230 3491 1303 quainsunt
3514 1228 3795 1303 cupidita-

2154 1304 2259 1381 tes,
2295 1316 2484 1381 neque
2517 1299 2712 1381 inopia
2744 1316 2966 1381 pressa,
3001 1299 3190 1371 neque
3240 1302 3504 1381 ubertate
3564 1299 3794 1381 exsatu-

2155 1375 2301 1443 rata,
2335 1370 2585 1441 quiescit
2617 1370 2889 1437 maxime,
2912 1370 3111 1443 neque
3159 1374 3462 1442 perturbat
3517 1376 3788 1443 optimam

2153 1440 2316 1497 illam
2352 1440 2574 1513 partem
2607 1447 2709 1496 aut
2746 1442 2982 1513 gaudio,
3018 1440 3459 1507 iant—maerore,
3512 1440 3621 1499 sed
3668 1446 3792 1501 sinit

2154 1529 2282 1567 eam
2310 1512 2418 1595 per
2447 1513 2705 1595 seipsaiii
2733 1512 3008 1595 solamet
3037 1529 3243 1595 puram
3293 1513 3693 1595 considerare,
3741 1524 3789 1595 et

2155 1583 2448 1656 appetere,
2480 1583 2774 1656 et'sentire
2806 1583 3092 1654 quidquid
3124 1585 3210 1639 vel
3252 1583 3686 1656 praiteritorutn
3715 1588 3784 1643 vel

2155 1655 2530 1729 praesentium
2564 1655 2652 1709 vel
2681 1655 3012 1729 futurorum
3046 1660 3213 1729 norat
3235 1655 3511 1729 {eodem
3576 1674 3782 1729 quoque

2078 1733 2121 1798 Β
2154 1725 2322 1798 modo
2355 1742 2487 1780 cum
2524 1742 2658 1796 pars
2689 1725 2794 1798 illa
2813 1725 3019 1788 animi,
3050 1725 3108 1781 in
3128 1742 3245 1797 qua
3274 1726 3359 1782 ira
3381 1725 3779 1793 sedem-habet,

2151 1797 2295 1852 adeo
2328 1801 2531 1867 pacata
2561 1802 2616 1851 et
2662 1796 2941 1853 restincta
2997 1803 3107 1863 est,
3148 1796 3232 1853 ’ut
3288 1800 3517 1854 nemini
3582 1800 3781 1856 infensa

2152 1868 2564 1943 conquiescat;
2598 1884 2665 1923 ac
2712 1868 2955 1943 proinde
3013 1867 3244 1943 duabus
3289 1869 3476 1943 animi
3534 1872 3777 1943 partibus

2151 1909 2406 2022 ὶιιιιιῖἓὶῐι⁸
2436 1909 2947 2022 modotu-sedatis,
2979 1939 3345 2022 ettertiahin
3406 1909 3749 2022 quarintelli

2150 2011 2326 2136 gandi
2357 2009 2442 2065 vis
2475 2010 2627 2065 inest
2657 2009 2900 2092 liberius
2931 2011 3205 2091 excitata,
3235 2009 3479 2093 ita_quis
3512 2015 3686 2083 quieti
3728 2031 3776 2068 se

2195 2087 2292 2136 at:
2322 2084 2463 2136 tunc
2512 2082 2751 2136 demum
2818 2079 3083 2136 Videlicet
3140 2099 3190 2136 is
3246 2099 3445 2136 animo
3506 2086 3774 2136 moderate

2195 2084 2463 2148 at;tunc
2512 2082 2751 2136 demum
2818 2079 3083 2136 videlicet
3140 2082 3190 2136 is
3246 2079 3445 2139 animo
3506 2079 3774 2140 moderate

2151 2152 2499 2225 composito,
2531 2153 2830 2225 veritatem
2863 2152 3115 2225 maxime
3146 2153 3582 2225 complectitur,
3614 2172 3773 2225 neque

2151 2222 2375 2278 nefaria
2407 2223 2834 2297 insomniorum
2864 2224 2987 2297 visa
3013 2222 3209 2278 animo
3262 2222 3424 2297 illius
3470 2222 3773 2297 represen-

2150 2298 2369 2350 tantur.
2395 2319 2416 2347 ι
2456 2294 2636 2349 Nobis
2666 2294 2843 2351 etiam
2874 2293 3302 2365 incompertum
3335 2295 3484 2351 illud
3523 2293 3632 2352 non
3682 2306 3769 2360 est,

2150 2366 2305 2437 quod
2326 2365 2666 2437 Aristoteles
2690 2364 2927 2421 tradidit
2944 2366 2988 2399 ⁸⁸
3014 2382 3025 2421 :
3052 2364 3105 2437 λ(
3128 2366 3235 2430 Qui
3264 2367 3540 2422 instructi
3574 2369 3767 2423 virtuti.

2150 2435 2260 2510 bus
2293 2442 2450 2502 sunt,
2471 2436 2727 2510 meliora
2755 2437 2984 2510 somnia
3012 2435 3233 2503 vident,
3265 2439 3422 2510 quod
3455 2438 3627 2493 etiam
3657 2440 3765 2510 vigi-

2148 2506 2338 2563 lantes
2378 2506 2621 2563 meliora
2675 2507 3226 2563 animadvertunt.»
3278 2506 3409 2563 Haec
3466 2511 3670 2564 etenim
3706 2506 3763 2563 ὀι

2148 2578 2283 2647 alia,
2318 2577 2367 2632 si
2399 2595 2525 2648 quas
2546 2579 2944 2703 proferantur,
2996 2577 3245 2633 aliorum
3306 2578 3759 2651 philosophorum

2148 2649 2303 2703 dicta
2336 2649 2477 2703 nihil
2509 2668 2542 2703 a
2571 2650 2667 2703 iud
2705 2650 2973 2703 nrobant.
3007 2648 3119 2703 nisi
3139 2665 3273 2703 eum
3298 2650 3400 2703 oui
3424 2651 3612 2703 animo
3635 2661 3759 2703 recte

2148 2649 2303 2705 dicta
2336 2649 2477 2731 nihil
2509 2648 2667 2731 aliud
2689 2650 2973 2731 probant,
3007 2648 3119 2731 nisi
3139 2665 3273 2730 eum
3298 2648 3400 2731 qui
3424 2648 3612 2731 animo
3635 2661 3759 2707 recte

2148 2721 2973 2802 composito,‘virtutibusque‘
2989 2721 3223 2802 pptime_
3240 2721 3525 2777 instructo
3547 2724 3756 2802 adsom-

2150 2790 2299 2847 num’
2324 2790 2567 2857 accedit,
2604 2792 2789 2863 ipsius
2822 2790 3002 2847 menti
3030 2790 3089 2846 in
3120 2792 3323 2863 eodem
3358 2809 3560 2848 somno
3610 2792 3752 2861 longe

2191 2864 2412 2918 uriores
2444 2862 2883 2934 sanctioresque
2915 2878 3145 2919 versare
3175 2862 3563 2933 cogitationes.
3588 2866 3649 2918 At
3690 2864 3744 2917 il-

2144 2880 2269 2989 f’um
2303 2942 2501 2989 sancta
2532 2938 2588 2989 et
2614 2938 2772 2989 casta
2801 2934 3075 2989 deinceps
3108 2950 3343 2989 semper
3388 2935 3614 2989 cogitare
3656 2950 3738 2987 ne-

2172 2952 2269 2989 um
2289 2942 2501 3006 ,sancta
2532 2938 2588 2989 et
2614 2938 2772 3006 casta
2801 2934 3343 3006 deincepsusemper
3388 2935 3614 3006 cogitare
3656 2950 3738 2987 ne-

2145 3023 2255 3076 que
2287 3005 2405 3077 hic,
2437 3010 2538 3077 aut
2555 3004 2801 3077 quilibet
2821 3004 2972 3077 alius
2992 3004 3381 3077 philosophus
3401 3004 3630 3077 asseruit,
3652 3021 3733 3058 nc-

2148 3094 2260 3148 que
2281 3076 2385 3131 ulli
2421 3076 2594 3148 plane
2624 3076 2998 3148 philosopho,
3024 3076 3072 3148 si
3098 3076 3155 3130 id
3180 3093 3427 3147 unquam
3452 3076 3729 3148 afﬁrmasse

2147 3146 2446 3220 probetur,
2481 3147 2600 3220 ullo
2625 3146 2797 3203 modo
2824 3147 3201 3220 credendum.
3227 3146 3402 3220 Certa
3423 3146 3667 3220 siquidem
3686 3150 3736 3199 et

2142 3217 2444 3274 communi
2474 3219 2733 3274 virorum
2766 3218 2939 3274 etiam
2966 3217 3742 3288 sanctissimorumexperien-

2144 3290 2224 3346 tia
2254 3290 2764 3361 constat,inullum
2799 3289 2909 3345 nisi
2941 3288 3226 3361 singulari
3285 3306 3526 3361 prorsus
3575 3289 3748 3361 divinze

2141 3360 2679 3432 omnipotentisque
2708 3362 2909 3432 gratia:
2942 3358 3247 3429 beneficio,
3282 3358 3438 3431 quod
3473 3362 3654 3427 Paulo,
3681 3358 3751 3413 uti

2140 3433 2416 3499 vidimus,
2453 3450 2565 3488 non
2591 3433 2699 3487 fuit
2728 3448 3093 3498 concessum,
3127 3432 3197 3487 ab
3227 3433 3386 3487 omni
3406 3432 3599 3487 carnis
3619 3435 3754 3486 motu

2142 3505 2285 3560 217
2322 3508 2377 3558 et
2408 3503 2759 3571 titillatione,
2791 3503 2911 3559 sive
2934 3502 3247 3575 vigilando,
3277 3502 3397 3559 sive
3423 3504 3756 3575 dormienda,

2141 3593 2244 3647 per
2262 3576 2501 3644 longum
2524 3575 2657 3630 vita:
2678 3592 2795 3631 sua:
2821 3573 3054 3647 tempus
3078 3575 3255 3631 fuisse
3281 3573 3523 3632 omnino
3543 3575 3757 3631 liberum

2139 3646 2196 3702 et
2227 3646 2575 3702 immunem.

2704 3742 3105 3798 ARTICULUS
3135 3742 3229 3798 VI.

2177 3836 2254 3887 De
2307 3830 2629 3902 theologia}
2684 3830 2921 3955 ρηοδιξοί
2960 3830 3313 3957 iiii-latibus,
3374 3832 3506 3902 ﬁde,
3562 3847 3648 3902 cpe
3694 3839 3740 3886 et

2812 3918 2841 3957 ε
2879 3918 2967 3957 am
2998 3920 3029 3957 η
3055 3918 3105 3956 ε.

2812 3918 3105 3957 maritate.

2209 3999 2295 4081 Ad
2325 3999 2683 4081 theologicae
2715 3999 2963 4081 virtutes
2994 3999 3148 4081 quod
3181 4004 3432 4081 speriat,
3478 3999 3597 4081 tida
3649 4014 3768 4080 gno:

2142 4069 2698 4145 sticumconsistere
2728 4069 3296 4145 Clemens’perhibet
3322 4070 3367 4105 ⁸⁸
3424 4070 3663 4145 πέπηγεν
3695 4071 3767 4145 cf.

2140 4142 2317 4196 πίστει
2351 4142 2378 4194 ὁ
2418 4140 2742 4215 Ῠγνωστικός.
2802 4142 2883 4215 Ex
2938 4140 3048 4215 his
3091 4146 3287 4196 autem
3345 4157 3482 4212 quas
3543 4140 3604 4215 ιι]
3627 4141 3769 4215 nobis

2141 4216 2211 4269 de
2246 4215 2350 4269 hac
2382 4211 2591 4268 virtute
2618 4213 2893 4284 superius
2924 4213 3223 4283 disputata
3255 4218 3416 4284 sunt,
3445 4211 3772 4284 neminiob-

2140 4301 2377 4341 scurum
2410 4301 2539 4340 esse
2570 4282 2765 4355 potest
2795 4282 3581 4355 Clemen’temhexistimasse
3628 4283 3768 4339 illam

2142 4375 2255 4412 non
2287 4355 2478 4428 solum
2510 4352 2809 4428 gnosticis,
2835 4354 2988 4428 sicut
3010 4358 3075 4428 iet
3120 4352 3252 4428 aiiis
3273 4354 3647 4428 Christianis,
3666 4371 3773 4428 esse

2141 4427 2380 4483 omnino
2415 4424 2832 4495 necéssariam,
2865 4426 2965 4481 sed
3008 4424 3065 4479 in
3116 4424 3257 4497 illis;
3290 4441 3533 4497 quoque
3590 4424 3773 4481 debere

2141 4516 2270 4554 esse
2303 4498 2724 4569 perfectiorem.
2758 4502 2832 4551 De
2864 4497 2971 4552 hoc
3003 4500 3196 4569 aumm
3231 4495 3363 4552 ﬁdei
3406 4495 3473 4552 in
3535 4499 3773 4569 gnostico

2141 4576 2197 4626 et
2216 4567 2561 4624 Christianis
2595 4568 2784 4639 magis
2816 4568 3088 4639 perfectis
3121 4568 3486 4624 incremento
3514 4567 3573 4623 et
3614 4567 3771 4625 excel-

2138 4641 2318 4697 lentia
2344 4641 2465 4696 haac
2498 4641 2570 4695 ab
2603 4638 2951 4695 illo’dic’tata
2982 4638 3233 4705 legimus
3254 4640 3337 4694 5":
3374 4663 3398 4689 α
3423 4643 3573 4705 Quae
3602 4646 3769 4696 autem

2137 4713 2349 4769 eximie
2366 4711 2890 4783 superaedificatur,
2918 4711 3076 4766 ﬁdeli
3098 4717 3574 4783 consummatur,
3594 4717 3649 4768 et
3669 4728 3771 4767 rur-

2138 4802 2241 4840 sus
2276 4782 2575 4855 perfiCitur
2606 4799 2709 4855 per
2738 4798 2889 4849 eam,
2924 4798 3049 4853 quae
3080 4782 3304 4855 accedit
3332 4799 3401 4837 ex
3444 4784 3771 4855 doctrinaet

2138 4851 2365 4928 ratione
2397 4851 2710 4928 perage-udi
2744 4851 3045 4928 mandata,
3081 4852 3284 4924 quales
3316 4859 3491 4909 erant
3531 4851 3770 4928 apostoli.

2137 4928 2208 4984 de
2240 4925 2458 4998 quibus
2489 4925 2714 4998 dictum
2746 4929 2835 4981 est
2866 4925 3040 4998 fidem
3090 4929 3325 4998 montes
3386 4925 3772 4998 transmovere

2138 5005 2193 5054 et
2225 4995 2463 5054 arbores
2496 4996 2945 5069 transplantare.
2980 4995 3144 5069 Unde
3166 5012 3300 5051 cum
3319 4997 3654 5069 sensissent
3674 5011 3772 5051 ma-

2138 5070 2507 5140 gnitudinem
2543 5068 2873 5141 potestatis,
2907 5068 3192 5141 rogabant
3225 5076 3281 5122 ut
3333 5068 3771 5141 addereturueis

2140 5138 2307 5207 fides,
2356 5158 2481 5212 quae
2537 5138 2907 5212 utrgranum
2939 5138 3159 5211 sinapis
3220 5140 3517 5212 morderet
3577 5138 3772 5194 utiliter

2139 5211 2419 5281 animam,
2444 5217 2501 5268 et
2529 5212 2588 5267 in
2620 5211 2751 5282 ipsa
2777 5213 2919 5283 adeo
2951 5214 3257 5283 cresceret,
3290 5214 3354 5283 ut
3395 5211 3454 5265 in
3520 5213 3646 5283 ipsa
3698 5224 3771 5264 re-

2138 5286 2508 5355 quiescerent
2539 5284 2609 5339 de
2632 5281 2807 5339 rebus
2837 5281 3194 5337 sublimibus
3225 5282 3508 5355 rationest
3546 5281 3574 5331 ἱ»

2209 5356 2320 5411 Sed
2353 5356 2504 5411 hanc
2535 5356 2708 5410 ﬁdem
2742 5370 2874 5411 cum
2909 5370 3012 5425 spe
3043 5354 3346 5425 gnosticus
3376 5354 3448 5408 ad
3488 5353 3665 5408 futuri
3695 5365 3773 5406 ex-

2138 5427 2571 5511 spectationem.
2594 5425 2903 5511 conjulngit
2932 5430 2989 5479 et
3034 5425 3379 5511 permiscot_:
3437 5446 3466 5474 α
3489 5426 3774 5511 §erpentc,

2140 5495 2223 5555 ait
2244 5495 2967 5569 Clemens“,junctocum
3001 5495 3295 5567 columba,
3324 5497 3505 5552 simul
3540 5495 3774 5569 perfecte

453 5639 497 5711 ⁸9
520 5640 711 5711 βᾶθι,
745 5643 939 5697 collat.
976 5660 1027 5697 iv
1053 5647 1110 5697 et
1136 5661 1295 5698 χχιιι.
1372 5645 1417 5678 ⁸ο
1446 5644 1579 5699 coll.
1611 5662 1713 5707 V’ll,
1745 5660 1796 5699 c.
1829 5645 1879 5699 1.
1954 5644 1997 5679 ⁶¹
2034 5662 2036 5698 1

2150 5683 2201 5711 η.,
2232 5659 2281 5697 c.
2319 5642 2423 5698 ult.
2457 5643 2503 5677 ⁶²
2530 5642 2640 5697 loc.
2675 5640 2775 5697 cit.
2850 5640 2895 5675 ⁵³
2926 5640 3113 5695 Laert.
3149 5638 3186 5693 ι.
3218 5656 3254 5694 x
3282 5638 3338 5694 in
3362 5637 3496 5694 Vita
3528 5634 3767 5711 Epicuri,

384 5709 559 5791 ‘g'ijil.
586 5711 741 5791 “‘fl.
770 5729 823 5765 ix
852 5712 1216 5791 De_republ,,
1254 5714 1378 5768 init.
1418 5734 1433 5768 ι
1468 5716 1535 5783 ll,
1570 5733 1625 5786 p.
1657 5717 1758 5769 571
1794 5723 1846 5770 et
1881 5732 1999 5786 seq.
2075 5716 2121 5749 ⁸⁸
2144 5709 2271 5782 §30
2301 5714 2564 5791 problem
2598 5712 2703 5769 ult.
2780 5714 2825 5748 ⁸⁸
2856 5714 3072 5768 Strom.
3096 5711 3135 5767 l.
3164 5728 3301 5784 ii,p.
3333 5711 3454 5766 372.
3490 5711 3536 5745 ⁸⁷
3572 5709 3610 5765 Ι.
3647 5727 3693 5775 v,
3721 5724 3771 5778 p.

423 5777 510 5841 45,
586 5775 630 5811 ⁸⁸
660 5777 699 5831 l.
725 5795 827 5848 vn,
861 5796 916 5848 p.
944 5775 1071 5835 749.
