3990 6152
326 194 465 248 1217

1590 197 1685 248 DE
1724 196 1957 249 LIBRIS
1994 194 2466 249 STROMATUM.

3594 198 3732 252 1218

319 317 627 392 delectatio
674 315 1036 392 extrinsecus
1085 317 1501 392 consequatur,
1527 319 1630 392 sed
1684 321 1973 392 tractusa
2002 326 2054 389 Α
2156 318 2430 380 Quaedam
2460 317 2652 373 adhuc
2702 318 2817 392 alia
2850 336 2965 392 nec,
2987 319 3212 375 minimi
3241 337 3404 392 sane
3454 323 3732 392 ponderis

319 389 630 444 dilectione
677 389 825 458 ejus,
878 387 980 458 qui
1031 402 1162 440 vere
1210 391 1300 440 est
1333 387 1648 458 namabilis,
1683 395 1739 442 et
1789 389 1860 442 ad
1913 388 1970 443 id

366 461 477 516 uod
512 459 635 515 fieri
667 457 1251 530 oportetadductus,
1285 457 1419 530 pius
1468 464 1559 513 est
1610 459 1710 515 Dei
1759 459 1970 514 cultor.

366 478 477 516 UOO
512 478 635 515 1161‘!
667 478 897 530 oportet
936 478 1251 526 αααυοιυδ,
1285 478 1419 528 plus
1468 478 1559 513 BSt.
1610 478 1710 515 U61
1759 478 1970 514 CllltOI‘.

320 478 486 588 ῧηάθ
518 548 621 586 nec
651 530 700 585 si
736 546 838 602 per
865 529 1236 601 hypotbesim
1271 545 1303 583 a
1334 529 1449 602 Deo
1482 531 1775 602 acceperit
1805 536 1972 602 pote-

319 609 537 660 statem
568 601 816 657 faciendi
848 617 917 655 ea
939 617 1066 670 quae
1094 605 1234 654 sunt
1265 601 1584 670 prohibita,
1608 601 1760 657 citra
1792 601 1972 656 ullam

321 689 589 747 poenam;
621 689 812 742 neque
843 673 890 727 si
938 676 1242 747 propterea
1285 674 1591 747 beatorum
1625 674 1778 747 bona
1809 689 1975 747 acce-_

320 741 565 818 pturum
595 741 733 818 eum
763 759 894 818 esse
921 743 972 818 ei
1004 741 1361 818 promissum
1396 744 1570 818 fuerit
1602 761 1614 799 :
1649 746 1752 799 sed
1787 760 1890 798 nec
1923 744 1974 799 si

321 814 674 889 persuasum
707 814 986 889 habuerit
1021 815 1140 889 fore
1173 817 1236 868 ut
1271 816 1448 869 Deum
1480 816 1699 889 lateant
1728 831 1815 881 ea,
1845 831 1972 886 quae

320 884 470 960 gerit
490 887 670 960 (quod
695 887 933 960 quidem
956 884 1080 940 ﬁeri
1103 901 1219 960 non
1242 890 1472 960 potest),
1491 887 1549 940 in
1575 887 1840 940 animum
1865 884 1975 941 un-

323 955 504 1032 quam
527 955 616 1012 est
641 955 1016 1032 inducturus,
1034 961 1099 1032 ut
1123 955 1344 1026 aliquid
1370 961 1506 1032 agat
1527 964 1734 1028 praeter
1754 962 1973 1014 rectam

323 1027 638 1093 rationem,
688 1044 823 1100 cum
854 1027 913 1081 id
945 1030 1100 1098 quod
1133 1043 1263 1100 vere
1311 1027 1786 1100 est‘hobestum,
1820 1032 1877 1083 et
1905 1044 1974 1084 ex

326 1103 523 1173 seipso
553 1099 910 1173 eligendum,
935 1103 992 1152 et
1015 1114 1083 1173 ea
1103 1099 1331 1173 ratione
1347 1101 1735 1170 expetendum
1769 1117 1973 1173 aman-

323 1169 584 1242 dumque
614 1169 795 1242 semel
827 1169 1084 1242 elegerit.
1113 1191 1138 1218 η
1166 1171 1251 1224 Ibi
1274 1169 1542 1242 Clemens
1567 1177 1765 1226 noster
1785 1170 1974 1242 dupli-

322 1259 453 1298 cem
485 1241 676 1296 adbuc
727 1241 1098 1313 bypotbesim
1132 1241 1427 1312 proponit,
1460 1259 1712 1312 quarum
1763 1241 1976 1297 neutra

325 1314 455 1368 ﬁeri
485 1327 742 1385 unquam
791 1318 1003 1385 potest,
1038 1318 1212 1383 atque
1265 1313 1581 1385 secundam
1611 1315 1972 1385 exponendo,

325 1385 492 1439 illam
516 1399 645 1438 esse
673 1383 1101 1453 impossibilem
1131 1383 1569 1440 consultissima
1592 1383 1700 1440 nos
1721 1383 1976 1440 commo-

328 1455 567 1510 nefacit.
595 1453 833 1509 Illarum
858 1455 1038 1526 igitur
1056 1459 1230 1526 atque
1252 1456 1574 1526 superioris
1595 1457 1796 1510 eadem
1829 1457 1976 1511 ratio

327 1532 438 1582 est.
489 1526 590 1580 His
637 1527 851 1598 itaque,
894 1525 1160 1582 Clemens
1215 1525 1437 1598 potius,
1468 1527 1727 1582 ostendit
1782 1527 1974 1598 qualis

323 1598 628 1670 gnosticus
677 1597 877 1670 animi
907 1597 1232 1670 cordisque
1269 1599 1362 1653 sui
1412 1597 1809 1670 dispositione
1849 1614 1978 1654 esse

2086 395 2435 462 argumenta
2475 394 2678 462 contra
2719 389 2882 444 illam
2937 391 3007 446 de
3058 393 3188 462 puri
3235 391 3295 446 in
3351 389 3535 448 Deum
3568 410 3732 449 amo-

2082 462 2185 535 ris_
2207 461 2409 535 habitu
2457 461 2795 535 opinionem
2830 461 3014 535 nobis
3055 463 3324 518 Clemens
3373 465 3730 535 suppeditat.

2080 532 2292 606 Sedex
2330 531 2403 586 iis
2443 531 2908 606 j_am_nonnulla
2950 533 3013 606 in
3068 531 3554 590 antecedentibus
3587 553 3732 606 prae-

2086 602 2380 676 misimus,
2426 603 2542 657 alia
2588 602 2647 676 in
2693 603 3101 676 sequentibus,
3173 621 3238 658 ac
3288 602 3608 676 praesertim
3663 609 3734 662 de

2082 673 2336 744 gnostici
2381 673 2717 743 precatione
2752 679 2809 728 et
2839 673 3066 744 ἀπαθείᾳ
3097 673 3385 743 articulis,
3421 694 3490 732 ne
3529 678 3732 734 eadem

2083 746 2298 816 saepius
2330 750 2688 815 repetamus,
2722 745 3000 818 deinceps
3031 745 3526 817 explanabuntur.

2511 871 2666 926 220
2703 870 3110 928 ARTICULUS
3151 872 3304 928 VIII.

2387 978 2463 1032 De
2490 978 2668 1032 vocali
2694 980 3070 1044 gnosticorum
3096 980 3432 1049 precatione.

2155 1099 2581 1165 Precationem,
2615 1099 2734 1155 sive
2768 1099 2962 1165 malis,
2992 1100 3316 1156 orationem
3348 1102 3433 1156 sic
3465 1102 3734 1159 Clemens

2083 1170 2290 1245 delinit
2307 1171 2389 1225 81:
2437 1169 2576 1245 ECEW
2629 1168 2825 1245 ὁμιλία
2855 1170 2990 1245 πρὸς
3040 1172 3167 1245 Θξῷν
3206 1173 3242 1240 ἡ
3275 1170 3437 1245 εὐχή,
3470 1196 3496 1224 ‹‹
3535 1191 3736 1245 preca-

2084 1242 2162 1296 tio
2193 1246 2283 1296 est
2321 1258 2453 1296 cum
2504 1242 2618 1297 Deo
2667 1242 2995 1298 collocatio.
3024 1266 3046 1294 ι)
3085 1243 3201 1298 Nos
3261 1242 3457 1299 tanien
3512 1242 3732 1301 ibidem

2085 1313 2559 1388 admonetbanc
2606 1315 3002 1388 precationem
3040 1313 3205 1388 fundi
3258 1331 3292 1368 a
3341 1315 3510 1370 nobis
3556 1333 3735 1388 posse

2085 1384 2210 1439 sine
2240 1383 2455 1451 verbis,
2487 1383 2793 1439 nec’labia
2842 1384 3231 1450 moventibus,
3267 1387 3409 1442 dum
3444 1388 3515 1441 ad
3553 1383 3734 1443 Deum

2084 1455 2249 1530 intus
2279 1455 2629 1530 clamamus.
2662 1456 2843 1519 Quam
2890 1457 3128 1530 quidem
3163 1455 3501 1513 interiorem
3536 1476 3737 1530 preca-

2083 1526 2303 1580 tionem
2343 1542 2374 1580 a
2400 1525 2522 1598 Deo
2553 1543 2786 1598 semper
2814 1525 3077 1598 exaudiri
3111 1535 3426 1582 asseverat.
3451 1525 3588 1583 Eam
3621 1531 3737 1585 ala-

2086 1600 2290 1670 critate
2323 1597 2564 1668 spiritus
2615 1594 2816 1664 νοήτήν
2872 1594 3127 1670 οὸσί-αγμ(
3162 1599 3591 1670 intelligibilem
3643 1619 3738 1657 es-

324 1667 556 1754 debeat,
580 1683 754 1754 quam
782 1668 920 1739 quid
943 1667 1294 1754 .quotidiano
1327 1667 1526 1754 usu'et’
1552 1669 1980 1752 solitapietatis
2011 1673 2056 1738 Β
2088 1667 2370 1754 sentiam,
2397 1689 2425 1754 ξ)
2458 1674 2864 1754 assequentesl,
2895 1677 2953 1725 et
2984 1667 3156 1750 λόγῳ)
3180 1667 3426 1754 ratione,
3457 1687 3672 1754 corpus
3704 1689 3737 1727 a

321 1757 390 1795 ac
425 1738 861 1812 perfectissimae
907 1739 1136 1795 virtutis
1168 1741 1582 1796 exercitatione
1634 1738 1764 1812 ipsi
1782 1757 1980 1797 revera

327 1811 626 1883 agendum
660 1811 756 1864 sit.

401 1885 521 1956 Age
547 1897 707 1956 vero,
729 1883 786 1936 et
816 1880 957 1952 quid
991 1885 1194 1956 auctor
1216 1888 1409 1937 noster
1430 1880 1525 1936 his
1554 1881 1981 1956 bypotbesibus

325 1954 702 2024 probandum
741 1953 1092 2024 susceperit,
1142 1957 1365 2008 attente
1417 1953 1746 2010 considera.
1779 1953 1981 2009 Nonne

329 2025 498 2080 vides
530 2023 677 2078 nihil
700 2023 861 2078 aliud
891 2025 1027 2078 inde
1058 2023 1129 2076 ab
1161 2024 1260 2078 illo
1293 2025 1523 2091 conﬁci,
1549 2025 1660 2080 nisi
1693 2025 1978 2080 Christia-

330 2112 476 2150 num
511 2095 833 2166 perfectum
856 2094 1005 2149 nihil
1029 2111 1290 2165 unquam
1317 2100 1524 2167 praeter
1547 2097 1856 2166 rationem,
1882 2113 1980 2151 ne-

327 2183 457 2238 que
478 2171 713 2238 propter
743 2167 1094 2233 mercedem,
1130 2182 1317 2236 neque
1347 2172 1585 2238 propter
1616 2167 1847 2223 lucrum
1879 2170 1981 2223 aut

327 2237 677 2310 utilitatem,
700 2253 892 2307 neque
921 2242 1160 2310 pr0pter
1187 2237 1485 2292 externam
1515 2239 1773 2310 aliquam
1806 2244 1982 2309 atque

328 2309 700 2364 extrinsecus
746 2309 1149 2364 advenientem
1181 2309 1665 2378 delectationem;
1698 2312 1797 2366 sed
1832 2312 1980 2364 inte-

329 2379 468 2434 riori
497 2379 882 2434 delectatione
905 2383 1219 2450 attractum
1247 2379 1494 2450 id,quod
1520 2381 1837 2437 honestum
1870 2387 1978 2448 est,

330 2466 570 2523 semper
625 2451 879 2523 eligere?
927 2449 1196 2506 Clemens
1245 2449 1380 2522 ergo
1427 2459 1626 2523 aperte
1675 2455 1983 2523 proﬁtetur

331 2521 661 2593 quemlibet
691 2521 1022 2591 gnosticum
1056 2523 1117 2574 in
1147 2521 1351 2591 quavis
1390 2521 1831 2593 perfectissimae
1862 2523 1980 2577 vir-

327 2592 480 2665 tutis
512 2596 568 2645 et
593 2592 905 2665 charitatis
949 2593 1181 2665 actione
1207 2592 1436 2665 semper
1461 2594 1656 2665 aliqua
1704 2595 1982 2650 interiore

331 2662 721 2717 delectatione
752 2661 906 2717 trahi
945 2668 1004 2717 et
1035 2663 1209 2717 allici.
1242 2661 1486 2719 Ad’hec
1531 2661 1686 2730 vero,
1710 2666 1981 2721 Clemens

332 2733 513 2858 paulo
565 2737 697 2804 post
743 2733 1012 2788 scribit"
1045 2749 1058 2786 :
1095 2754 1119 2784 α
1154 2735 1249 2789 Sic
1300 2750 1433 2804 ergo
1461 2736 1736 2790 videntur
1783 2753 1981 2792 revera

376 2807 586 2858 onesta
615 2819 744 2858 esse
792 2804 1246 2858 iucundissima.
1279 2811 1335 2858 et
1363 2822 1432 2858 ex
1457 2823 1519 2858 se
1548 2808 1804 2858 nrmbere
1844 2823 1979 2858 eum

376 2807 586 2877 onesta
615 2819 744 2877 esse
785 2804 1246 2874 jucundissima,
1279 2811 1335 2859 et
1363 2822 1432 2860 ex
1457 2823 1519 2861 se
1548 2808 1804 2877 praebere
1844 2823 1979 2862 eum

333 2891 513 2947 quem
543 2875 878 2948 desiderant
897 2877 1172 2942 fructum,
1189 2892 1395 2948 nempe
1416 2875 1628 2932 animae
1649 2877 1980 2948 tranquilli-

329 2944 536 3020 tatem.
565 2967 586 2994 ι»
621 2949 694 2999 At
723 2944 773 2998 si
804 2944 1714 3020 honestasuntquundissima,
1739 2944 1975 3020 adgno-

2086 1739 2588 1812 terra_abducer_e
2645 1746 2945 1812 conantes,
2984 1739 3298 1812 carnisque
3346 1739 3736 1812 despicientes

2085 1809 2410 1886 vinculum,
2443 1809 2728 1886 cogimus
2763 1811 3041 1886 animam,
3072 1814 3152 1886 τῷ
3183 1809 3338 1881 τὶόθῳ
3385 1809 3732 1886 κρέιττόνων,

2090 1902 2118 1931 ‹‹
2178 1879 2490 1935 meliorum
2568 1882 2882 1946 desiderio,
2923 1905 2951 1933 »
3012 1879 3346 1950 sublatam,
3401 1879 3472 1938 ad
3533 1879 3737 1940 sancta

2088 1952 2380 2025 progredi.
2432 1953 2743 2025 Gnosticus
2792 1954 3110 2021 enimvero,
3173 1959 3236 2007 ut
3283 1954 3400 2009 Deo
3449 1972 3512 2010 se
3559 1971 3734 2025 quam

2087 2023 2421 2094 proximum
2471 2023 2734 2078 futurum
2767 2025 3055 2089 exhibeat,
3089 2027 3274 2079 totum
3323 2023 3611 2080 mundum
3642 2026 3732 2082 lu-

2087 2097 2291 2166 benter
2336 2095 2721 2166 transcendit.
2755 2096 3142 2160 Quamobrem
3165 2095 3210 2128 ⁸⁸
3242 2098 3299 2150 et
3329 2113 3432 2166 per
3478 2102 3732 2153 statutas

2087 2165 2362 2221 omnibus
2393 2165 2740 2221 Christianis
2787 2167 3064 2238 precandi
3113 2166 3287 2222 horas
3320 2165 3576 2237 tertiam,
3600 2185 3733 2224 sex-

2087 2242 2206 2292 tam
2238 2253 2304 2290 ac
2334 2252 2573 2309 nonam,
2606 2241 2662 2292 et
2709 2237 2811 2308 per
2835 2242 3025 2309 totam
3058 2237 3236 2293 vitam
3287 2238 3564 2309 precibus
3608 2240 3732 2295 suis

2087 2310 2287 2363 studet
2315 2324 2446 2362 cum
2479 2307 2595 2362 Deo
2629 2307 2865 2364 versari.

2157 2383 2444 2434 Praeterea
2489 2381 2738 2449 ipsemet
2781 2379 3069 2447 Clemens,
3096 2382 3160 2434 ut
3187 2379 3463 2447 vidimus,
3516 2380 3732 2437 diserte

2087 2450 2299 2504 asserit
2328 2450 2598 2522 eumdem
2631 2452 2957 2521 gnosticum
2989 2467 3102 2522 non
3137 2451 3309 2506 modo
3341 2468 3472 2506 cum
3507 2452 3730 2522 probis,

2086 2527 2142 2575 et
2173 2538 2304 2576 cum
2338 2521 2410 2574 iis
2455 2521 2555 2591 qui
2588 2524 2879 2576 recentius
2921 2521 3314 2589 crediderunt,
3340 2523 3510 2577 sicuti
3542 2524 3726 2588 decet,

2087 2593 2308 2663 precari
2349 2609 2361 2645 :
2395 2593 2504 2664 sed
2527 2608 2659 2646 eum
2707 2609 2941 2664 quoque
2992 2595 3282 2664 sumendo
3314 2595 3440 2648 cibo
3474 2595 3729 2662 praemit-

2085 2661 2208 2718 tere
2240 2679 2459 2733 preces,
2493 2661 2697 2735 laudes
2726 2661 2782 2719 et
2808 2661 3108 2719 sacrarum
3155 2663 3434 2718 lectiones
3465 2661 3725 2735 Scriptu-

2085 2734 2388 2799 rarum”;
2435 2735 2575 2787 dum
2626 2734 2792 2789 cibus
2838 2751 2974 2790 vero
3024 2735 3302 2803 sumitur,
3359 2734 3619 2804 psalmos
3673 2742 3730 2791 et

2087 2805 2335 2876 hymnos
2364 2821 2599 2872 canere;
2622 2821 2688 2858 ac
2710 2807 2946 2861 tandem
2983 2810 3300 2875 antequam
3331 2812 3420 2860 est
3440 2807 3727 2874 cubitum,

2086 2877 2156 2931 ad
2191 2880 2362 2931 noctu
2395 2877 2572 2931 etiam
2597 2892 2798 2946 preces
2828 2877 3094 2941 fundere,
3116 2877 3334 2947 quibus
3369 2898 3394 2925 ‹‹
3423 2877 3479 2931 in
3513 2894 3730 2933 memo-

2085 2949 2184 3019 risi
2236 2950 2462 3001 aeternis
2513 2947 3012 3019 contemplatione
3076 2947 3307 3018 positus
3334 2948 3396 3016 9°,
3447 2969 3476 2998 »
3527 2949 3725 3005 divino

324 3017 516 3098 sticus
547 3031 853 3102 nunquam
903 3017 1031 3072 sine
1061 3015 1338 3102 interiore
1368 3017 1776 3102 delectatione
1804 3015 1975 3102 quidv
2005 3026 2050 3094 ρ
2090 3018 2270 3102 choro
2301 3033 2429 3072 sese
2459 3018 2748 3102 adjungit:

323 3087 486 3160 piam
519 3092 674 3160 agat,
709 3103 1016 3160 nunquam
1058 3088 1387 3160 certesine
1434 3089 1781 3160 bujusmodi
1821 3087 1976 3146 inte-

320 3157 476 3231 riore
505 3157 890 3231 delectatione
922 3164 1103 3214 Deum
1136 3158 1378 3230 diligere
1412 3157 1643 3231 poterit.

391 3229 610 3303 Nonne
631 3233 828 3303 autem
855 3229 971 3284 hac
1001 3232 1204 3303 eadem
1227 3229 1318 3284 eet
1338 3229 1454 3303 non
1483 3232 1675 3288 solum
1705 3232 1975 3303 antiquo-

320 3316 454 3375 rum
479 3298 1037 3375 EcclesiiePatrum,
1061 3301 1160 3355 sed
1186 3301 1340 3355 inter
1359 3302 1624 3375 etbnjcos
1648 3305 1824 3375 etiam
1849 3298 1974 3375 'pbif

317 3370 606 3443 losophos
627 3369 1168 3443 eruditissimorum
1190 3372 1516 3427 sententia?
1543 3374 1691 3428 Nam
1713 3369 1912 3430 Cicero
1933 3374 1977 3407 ⁸⁸

318 3443 421 3498 ubi
453 3440 526 3496 ex
558 3441 769 3496 horum
813 3440 1087 3512 opinione
1117 3441 1358 3512 planum
1387 3443 1526 3498 facit
1573 3444 1759 3500 solam
1792 3445 1975 3499 bone-

318 3517 539 3569 statem
571 3516 811 3584 propter
841 3528 904 3567 se
946 3527 1075 3567 esse
1117 3513 1525 3584 expetendam,
1548 3519 1605 3570 et
1637 3515 1977 3584 utilitatem,

317 3585 367 3638 si
402 3600 542 3639 cum
577 3582 697 3638 illa
714 3588 1107 3654 comparetur,
1137 3582 1332 3654 jacere
1381 3584 1620 3653 debere;
1657 3585 1753 3639 ille
1780 3582 1976 3640 tamen

313 3655 542 3727 ibidem
576 3669 708 3727 cum
742 3653 991 3709 Panaetio
1013 3653 1281 3727 observat
1311 3654 1458 3727 nihil
1487 3673 1618 3712 esse
1649 3656 1975 3727 utile,quod

325 3743 444 3782 non
475 3725 638 3780 idem
672 3725 983 3780 honestum
1018 3725 1110 3780 sit.
1144 3726 1492 3781 Ambrosius
1523 3744 1654 3783 vero
1676 3727 1741 3795 ⁸⁸,
1775 3725 1854 3781 ut
1871 3743 1978 3782 suo

322 3797 450 3869 loco
483 3795 927 3864 adnotavimus,
952 3796 1244 3852 Ciceronis
1275 3797 1538 3869 Opinioni
1570 3797 1892 3854 subscribit
1923 3803 1981 3854 et

326 3867 658 3939 sutfragatu
669 3883 712 3920 r.

392 3936 879 4011 Neqiieamplius
896 3937 1211 3993 dicendum
1236 3941 1325 3992 est
1344 3937 1505 3993 illam
1531 3939 1978 3996 delectationem

323 4010 449 4065 sive
480 4009 798 4065 utilitatem
845 4025 958 4064 non
990 4024 1138 4081 nesse
1177 4011 1460 4065 motivum
1507 4027 1611 4065 cur
1658 4015 1760 4066 aut
1805 4027 1976 4081 expe-

326 4086 487 4135 tatur
513 4081 954 4163 bonestasaaut
985 4080 1139 4163 Deus
1190 4097 1336 4152 puro
1367 4098 1608 4163 amore,
1637 4098 1702 4137 ac
1744 4080 1981 4163 propter

333 4152 723 4223 semetipsum
759 4153 948 4206 solum
1005 4149 1303 4220 diligatur.
1340 4149 1616 4216 Quamvis
1666 4149 1822 4208 enim
1856 4149 1979 4208 'do-

331 4222 583 4277 ctissimi
625 4222 710 4276 illi
743 4223 1060 4292 scriptores
1092 4222 1481 4278 disertissime
1524 4226 1824 4278 at’ﬁrment
1871 4224 1980 4279 ho-

331 4297 621 4347 nestatem
667 4299 903 4364 prOpter
932 4310 994 4348 se
1025 4293 1211 4348 solam
1253 4293 1441 4364 diligi,
1477 4294 1734 4348 fatentur
1781 4299 1978 4350 tamen

332 4380 398 4418 eo
423 4365 560 4434 ipso
595 4379 710 4434 quo
742 4363 824 4419 sic
866 4364 1154 4432 diligitur,
1188 4363 1399 4419 habere
1446 4365 1892 4421 delectationem
1925 4371 1982 4422 et

330 4433 642 4490 utilitatem
675 4435 787 4489 sibi
822 4436 1148 4490 necessario
1179 4437 1522 4506 oonjunctas
1553 4443 1609 4491 et
1642 4436 1980 4492 individuas

332 4508 598 4561 comites.
625 4506 1016 4569 Quamobrem
1056 4508 1286 4561 etiamsi
1326 4506 1634 4562 delectatio
1664 4513 1722 4561 et
1753 4508 1978 4563 utilitas

331 4578 548 4649 amoris
580 4583 646 4649 et
667 4576 988 4641 charitatis,
1022 4583 1197 4646 atque
1227 4580 1398 4632 etiam
1430 4580 1766 4649 expetendae
1796 4578 1978 4633 bone-

331 4648 504 4703 statis
563 4647 933 4720 primarium,
967 4653 1031 4702 ut
1087 4647 1598 4720 aiunt,rmotivum
1659 4649 1975 4720 aliquando

327 4735 458 4773 esse
490 4735 605 4774 non
638 4719 967 4788 videantur,
992 4719 1406 4774 secundarium
1433 4719 1820 4776 nihilominus
1849 4738 1978 4775 mo-

325 4789 538 4862 tivum,
563 4796 683 4856 aut,
720 4791 770 4845 si
800 4790 966 4862 velis,
997 4791 1238 4845 effectus
1271 4792 1318 4846 ei
1354 4807 1660 4862 nunquam
1692 4809 1807 4848 non
1837 4809 1975 4847 con-

324 4861 590 4932 junctus,
619 4878 850 4930 semper
880 4861 975 4927 sit,
1009 4862 1248 4915 omnino
1281 4861 1528 4932 oportet.

401 4931 661 5004 Denique
686 4949 820 4987 cum
850 4932 1201 5004 propositas,
1220 4931 1654 5000 uti’diximus,a
1679 4933 1978 4988 Clemente

326 4999 685 5072 bypotheses
708 5021 784 5058 nu
799 4999 1012 5072 nquam
1047 5005 1240 5074 reipsa
1260 5005 1382 5058 ﬁeri
1405 5020 1577 5074 posse
1597 4999 1974 5069 Concedatur,

329 5087 500 5147 nemo
541 5079 696 5130 certe
747 5075 858 5129 nisi
913 5074 1196 5129 malesani
1256 5075 1465 5147 capitis
1523 5075 1698 5128 homo
1755 5091 1851 5130 eas
1885 5076 1973 5147 uad

327 5142 538 5216 Deum,
563 5162 703 5215 pure
733 5147 1056 5200 amandum
1089 5142 1620 5216 ﬁngere'unquam
1653 5147 1842 5201 debet.
1874 5146 1973 5201 Ja-

326 5221 496 5269 ceant
525 5215 706 5285 igitur
730 5217 817 5271 bas
850 5215 1224 5289 bypotbeses,
1245 5233 1371 5286 qua:
1404 5233 1706 5289 nunquam
1742 5223 1883 5289 sunt
1913 5217 1971 5271 in

325 5299 599 5358 usu,_nec
631 5303 756 5342 esse
805 5287 1065 5358 unquam
1100 5288 1344 5353 debent;
1400 5293 1500 5342 aut
1529 5288 1578 5342 si
1611 5289 1750 5358 quid
1787 5287 1974 5343 valere

324 5355 682 5430 p_ossin_t_,__ad
717 5355 1131 5430 animi'Deum,
1157 5375 1335 5428 quam
1366 5358 1489 5430 fieri
1523 5355 1730 5430 potest,
1763 5359 1973 5414 castis-

323 5423 471 5499 sime
501 5425 800 5497 diligentis
841 5423 1306 5498 patefaciendam
1353 5423 1826 5499 dispositionem,
1861 5430 1975 5484 mi-

322 5495 480 5550 nime
501 5495 635 5552 vero
659 5500 728 5553 ad
752 5495 937 5554 Deum
963 5514 1158 5554 revera
1177 5495 1499 5556 amandum
1525 5502 1740 5558 debent
1758 5495 1970 5556 valere;

389 5635 886 5715 ':_Str_om._ib_id_,,
918 5659 975 5714 p.
997 5641 1136 5715 53}.
1232 5643 1278 5679 ⁸⁸
1307 5643 1348 5700 1.
1381 5662 1445 5701 in
1483 5645 1564 5700 De
1595 5645 1774 5715 ofﬁc.,

389 5642 435 5671 ’δ
465 5642 684 5694 Strom.
719 5642 886 5712 ibid,,
918 5659 975 5714 p.
1007 5642 1136 5696 534.
1232 5643 1278 5679 ⁸⁸
1307 5643 1348 5700 1.
1381 5662 1445 5701 ιιι
1483 5645 1564 5700 De
1595 5645 1774 5715 ofﬁc.,
1808 5645 1997 5717 p.392
2027 5651 2082 5700 et
2112 5645 2236 5700 403.
2330 5645 2375 5679 ⁸⁸
2411 5643 2448 5698 1.
2485 5661 2524 5699 n
2559 5644 2640 5700 De
2671 5644 2850 5714 ofﬁc.,
2881 5661 2930 5699 ο.
2963 5643 3019 5708 5,
3051 5642 3079 5714 ἓ

322 5711 380 5767 et
407 5707 498 5777 31,
525 5712 652 5767 etc.
688 5712 742 5782 4,
772 5713 801 5782 §
834 5713 917 5770 19.
993 5712 1038 5748 ετ
1070 5713 1287 5774 Strom.
1315 5715 1358 5774 1.
1390 5734 1490 5789 VII,
1513 5734 1572 5792 p.
1602 5718 1708 5775 727
1740 5721 1798 5775 et
1827 5733 1950 5790 seq.
2027 5717 2071 5755 σε
2102 5715 2243 5774 ibid.
2322 5716 2368 5753 εο
2397 5715 2565 5786 ibid.,
2598 5732 2655 5790 p.
2684 5716 2812 5774 728.
2889 5715 2933 5754 νο
2962 5696 3106 5772 ibid.

2161 3090 2280 3144 Huc
2323 3089 2564 3156 accedit,
2597 3091 2752 3160 quod
2801 3089 3070 3145 Clemens
3117 3092 3188 3145 de
3234 3090 3535 3144 vocalibus
3585 3106 3730 3161 gno-

2083 3160 2216 3232 stici
2249 3161 2523 3232 precibus
2554 3161 2858 3232 subtexuit
2886 3177 2899 3214 :
2925 3183 2951 3210 «
2977 3161 3088 3215 Sed
3117 3177 3223 3216 nec
3249 3177 3336 3228 ea,
3360 3177 3487 3230 quis
3516 3160 3728 3227 ﬁt’ore,

2085 3227 2274 3286 utitur
2319 3231 2584 3297 verbosa,
2615 3227 2940 3302 πολυλόγῳ,
2976 3227 3343 3302 precatione;
3377 3227 3442 3285 ut
3472 3232 3573 3300 qui
3604 3249 3731 3302 quae

2125 3307 2280 3357 etere
2310 3302 2620 3373 aADomino
2659 3301 2946 3372 oporteat,
2978 3301 3272 3357 didicerit.
3309 3303 3367 3355 In
3402 3302 3562 3357 omni
3593 3301 3730 3373 ergo

2125 3318 2280 3357 etere
2310 3319 2342 3355 a
2377 3318 2620 3356 uomino
2659 3318 2946 3372 oporteat,
2978 3318 3272 3357 uioicerit.
3309 3318 3367 3355 in
3402 3318 3562 3357 omni
3593 3319 3728 3373 ergo

2084 3318 2210 3426 Foco
2249 3371 2458 3438 orabit,
2491 3373 2592 3442 sed
2644 3389 2759 3426 non
2809 3377 2874 3426 ut
2921 3378 3121 3442 aperte
3167 3373 3383 3442 populo
3429 3379 3728 3442 appareat.

2085 3443 2234 3506 Quin
2265 3458 2400 3497 vero
2448 3445 2507 3495 et
2556 3441 2708 3496 inter
2737 3441 3187 3510 ambulandum,
3219 3441 3277 3498 et
3326 3442 3384 3496 in
3435 3441 3730 3510 sermone,

2085 3519 2143 3568 et
2175 3511 2391 3582 quiete,
2420 3516 2478 3585 et
2507 3511 2775 3585 lectione,
2809 3519 2866 3567 et
2905 3529 2972 3568 ex
3019 3513 3092 3585 iis
3141 3530 3290 3585 quae
3317 3513 3470 3569 fiunt
3516 3530 3586 3570 ex
3634 3531 3730 3570 ra—

2084 3585 2245 3638 tione
2275 3583 2612 3656 omnimodo
2658 3589 2944 3656 precatur.
2982 3584 3129 3650 Quin
3157 3583 3230 3640 'si
3278 3584 3338 3638 in
3387 3585 3576 3656 ipsius
3606 3586 3730 3640 ani-

2085 3653 2623 3726 meapenetralibus
2660 3653 2851 3726 solum
2883 3656 3244 3726 cogitaverit,
3280 3653 3734 3726 atqueinenar-

2091 3725 2724 3799 rabilibusgemitibus
2754 3725 2980 3781 Patrem
3023 3725 3395 3799 invocaverit,
3427 3725 3526 3783 ille
3554 3743 3735 3799 prope

2092 3797 2277 3865 adest,
2321 3797 2515 3867 adhuc
2567 3812 2634 3851 eo
2684 3795 2981 3867 loquente.
3017 3819 3044 3846 »
3077 3797 3253 3852 Vides
3307 3795 3447 3853 sane
3499 3795 3732 3853 tantum

2091 3868 2318 3932 abesse,
2352 3871 2416 3921 ut
2453 3865 2718 3921 Clemens
2762 3865 2799 3922 ξι
2847 3867 3123 3922 continua
3170 3868 3420 3938 gnostici
3467 3874 3734 3924 contem-

2086 3939 2346 4010 platione
2376 3954 2576 4010 preces
2607 3955 2704 3993 ore
2737 3939 2895 4010 fusas
2939 3939 3268 4004 excluserit,
3301 3945 3366 3993 ut
3396 3939 3525 4005 has,
3557 3941 3731 3995 modo

2088 4009 2202 4064 non
2250 4010 2371 4063 sint
2415 4009 2665 4081 nimium
2701 4009 2976 4073 verbose,
3010 4011 3511 4080 quemadmodum
3544 4011 3728 4081 illam,

2088 4099 2121 4137 a
2151 4081 2413 4151 gnostico
2446 4080 2770 4152 sepissime
2801 4081 2925 4135 fieri
2956 4085 3155 4151 aperte
3182 4081 3548 4152 profiteatur.

2157 4153 2389 4233 nscimus
2417 4151 2653 4233 quidem
2687 4151 3042 4233 Clementem
3076 4151 3293 4233 dixisse
3319 4151 3576 4233 gnostici
3609 4169 3734 4233 pre-

2091 4222 2377 4277 cationem
2406 4239 2444 4294 is.
2474 4222 2589 4277 Deo
2621 4222 2922 4294 anteverti,
2958 4227 3156 4294 utpote
3185 4223 3286 4294 qui
3317 4223 3508 4290 illum,
3534 4222 3732 4292 prius-

2090 4311 2267 4365 quam
2301 4293 2550 4363 petierit,
2583 4293 2862 4348 exaudiat
2894 4310 2951 4350 ;ς‹
2987 4293 3174 4363 Hujus
3204 4293 3423 4360 vocem,
3457 4295 3646 4362 inquit
3665 4295 3731 4360 9‘,

2089 4364 2148 4418 in
2203 4365 2703 4435 precationernon
2759 4370 3053 4433 exspectat
3101 4365 3406 4430 Dominus,
3438 4369 3594 4428 Pete,
3640 4364 3732 4418 in-

2090 4434 2322 4507 quiens,
2355 4441 2412 4489 et
2462 4434 2705 4502 faciam;
2748 4437 2946 4489 animo
2998 4436 3209 4504 cogita,
3263 4442 3319 4490 et
3367 4437 3593 4492 dabo.»
3625 4436 3732 4490 Sed

2085 4524 2151 4561 eo
2181 4507 2308 4576 ipso
2340 4522 2454 4576 quo
2486 4507 2583 4577 ille
2622 4507 2764 4560 dixit
2796 4507 2978 4560 Deum
3012 4509 3142 4576 ejus
3173 4523 3373 4561 vocem
3428 4514 3485 4561 et
3534 4522 3732 4577 preces

2087 4577 2421 4648 praevenire,
2470 4576 2709 4648 planum
2763 4580 2966 4648 utique
3011 4577 3150 4631 facit
3193 4579 3465 4632 eumdem
3513 4576 3732 4645 gnosti-

2086 4665 2288 4773 οωῗεῖ
2333 4655 2448 4703 Deo
2501 4648 2725 4718 aliquid
2775 4665 2914 4704 voce
2959 4656 3016 4702 et
3069 4649 3342 4719 precibus
3372 4649 3632 4721 ﬂagitare
3663 4665 3730 4705 ac

2087 4737 2190 4773 nos
2227 4737 2259 4773 u
2289 4735 2407 4773 are.

2127 4725 2407 4775 ostulare.

2127 4737 2407 4775 osmiare.

2087 4737 2120 4792 Ρ
2157 4793 2219 4845 In
2265 4790 2553 4871 .eumdem
2624 4789 3142 4879 planeusensum”
3177 4789 3342 4879 prius
3420 4790 3732 4879 scripserat

2082 4862 2417 4933 gnosticum
2464 4859 2638 4916 orare
2687 4883 2715 4933 ς(
2774 4859 2950 4916 etiam
2993 4859 3372 4931 cogitatione,
3407 4883 3435 4910 »
3465 4859 3554 4913 καὶ
3594 4859 3730 4914 κατὰ

2084 4926 2181 5000 ξὴν
2223 4926 2447 4986 ἔννοιαν.
2482 4935 2554 4986 At
2604 4932 2745 5002 quid
2798 4933 2939 4996 haec,
2971 4926 3190 5002 quaeso,
3225 4933 3356 5000 ejus
3407 4933 3578 4987 verba
3635 4949 3727 4986 so-

2085 5009 2247 5070 nant,
2283 5003 2398 5057 nisi
2430 5003 2765 5074 gnosticum
2799 5020 2913 5058 non
2948 5003 3141 5058 solum
3193 5003 3390 5057 animo
3422 5007 3478 5057 et
3507 5002 3726 5074 cogitag

2085 5075 2374 5140 tione,sed
2409 5073 2556 5144 saepe
2585 5075 2761 5128 etiam
2789 5091 2925 5129 voce
2951 5079 3008 5128 et
3029 5074 3224 5128 verbis
3252 5074 3435 5128 Deum
3473 5073 3732 5142 precari?

2085 5147 2208 5200 Imo
2239 5162 2372 5200 vero
2404 5160 2596 5216 nonne
2627 5145 2748 5199 haec
2779 5146 3115 5216 significant
3146 5161 3282 5216 eum
3303 5144 3515 5216 verbis
3539 5145 3730 5216 potius

2084 5233 2262 5298 quam
2302 5215 2655 5298 cogitat-ioue
2684 5215 2888 5298 vacare
2937 5215 3246 5298 precibus?
3281 5215 3402 5298 _Sed
3457 5215 3557 5298 ille
3599 5215 3728 5297 Cle-

2084 5286 2299 5342 mentis
2327 5286 2488 5342 locus
2519 5288 2744 5358 integer
2765 5286 3184 5342 describendus
3208 5291 3326 5358 est;
3358 5286 3729 5357 quandoqui-

2082 5360 2212 5414 dem
2271 5359 2525 5428 ipsemet
2564 5357 2668 5414 ibi’
2694 5358 2953 5414 ostendit
3009 5374 3126 5411 non
3185 5357 3376 5412 solum
3437 5358 3730 5428 quomodo

2124 5431 2388 5485 nosticus
2436 5434 2580 5497 oret,
2614 5431 2714 5484 sed
2764 5429 2904 5500 quid
2935 5428 3114 5500 etiam
3148 5446 3181 5482 a
3211 5429 3328 5500 Deo
3383 5436 3576 5499 petere
3627 5430 3730 5484 de—

2124 5446 2388 5485 nosticus
2436 5446 2580 5497 oret,
2614 5446 2714 5484 seu
2764 5446 2904 5500 quin
2935 5446 3114 5484 etiam
3148 5446 3181 5482 a
3211 5446 3328 5484 ueo
3383 5446 3576 5499 petere
3627 5446 3730 5484 ue—

2080 5446 2216 5558 geat
2246 5519 2259 5557 :
2295 5524 2322 5551 «
2358 5501 2497 5556 Orat
2525 5501 2828 5573 gnosticus
2881 5499 3056 5555 etiam
3103 5499 3480 5571 cogitatione,
3513 5501 3596 5554 ait
3625 5517 3734 5556 au-

2330 5645 2375 5679 “
2411 5643 2448 5698 1.
2485 5661 2524 5699 II
2559 5644 2640 5700 De
2671 5644 2850 5714 ofﬁc.,
2881 5661 2930 5699 c.
2963 5643 3019 5708 5,
3051 5642 3079 5714 ἕ
3118 5642 3219 5708 25;
3253 5641 3408 5714 1.111,
3442 5660 3492 5698 c.
3523 5643 3580 5706 5,
3613 5643 3640 5710 §
3668 5641 3739 5697 29

3183 5715 3226 5753 οι
3258 5713 3300 5773 l.
3331 5731 3411 5787 v1,
3443 5731 3501 5788 p.
3532 5714 3658 5772 633.
