3990 6152
240 213 384 269 1233

1507 210 1605 262 es
1642 208 1878 264 LIBRIS
1917 184 2387 270 sraomreu.

3519 216 3657 271 1234

232 338 488 413 efﬁcitur
519 337 589 391 ad
625 332 894 413 magistri
924 332 1242 413 imaginem
1273 331 1425 413 Deus
1459 332 1561 413 qui
1603 333 1659 386 in
1685 403 1697 413 ι
1718 349 1894 388 carne
1923 337 1977 404 Α
2009 351 2123 413 non
2159 340 2302 413 satis
2335 340 2661 413 advertisse
2684 341 2934 396 videtur.
2963 341 3129 396 Prius
3152 342 3368 413 quippe
3389 341 3656 398 Clemens

237 427 406 466 versa
438 411 578 473 itur,
609 400 937 460 κατ’νεῖκόνα
966 400 1076 458 rex”;
1095 400 1424 478 8t8aczta'tloo
1468 400 1518 457 ἔν
1545 403 1700 474 σαρκὶ
1731 423 1885 478 περι-

236 480 426 534 πολών
461 479 603 539 θεός.
638 500 666 527 ››
699 479 799 534 His
827 493 964 548 ergo
997 477 1188 532 modis
1235 476 1501 532 Clemens
1549 476 1882 548 gnosticum

238 554 490 619 Christo,
525 551 668 606 Filio
703 551 820 619 Dei,
853 547 1177 619 et’ipsimet
1219 548 1348 618 ejus
1397 548 1552 602 Patri
1601 547 1880 616 similem,

238 628 360 680 Iane
391 630 448 678 et
484 628 661 677 Deum
693 621 846 676 efﬁci
880 621 1094 675 diserte
1124 619 1489 692 pronuntiat.

311 701 486 771 Porro
517 699 712 771 autem
734 710 808 771 ex
836 689 1142 771 statutisa
1168 691 1460 771 Clemente
1493 689 1881 771 adipiscendae

237 767 267 819 d
281 765 444 820 ivinae
461 765 904 821 assimilatienis
928 763 1167 835 regulis,
1183 768 1240 817 et
1257 778 1324 816 ex
1339 761 1730 835 hisemnibus
1754 779 1880 832 quas

240 840 312 892 ab
344 838 472 909 ipso
494 837 563 891 de
586 837 694 891 hac
725 835 971 909 gnestici
992 833 1126 890 cum
1153 839 1273 909 _Deo
1305 833 1690 909 similitndine
1712 849 1880 909 sum-

241 903 454 979 maq'ue
484 909 612 977 ejus
653 903 1002 979 perfectione
1049 909 1106 960 et
1141 903 1400 979 cinaeda;
1441 904 1644 959 habitu
1675 905 1879 979 ebser-_

237 975 374 1035 veta
421 975 577 1043 sunt,
623 975 1060 1034 evidentissima
1104 977 1395 1047 colligitur
1447 992 1794 1046 persuasum
1827 975 1878 1030 ei

237 1052 473 1120 penitus
505 1051 685 1105 fuisse
717 1051 786 1105 ad
816 1049 949 1104 illas
980 1049 1250 1104 eumdem
1283 1050 1630 1120 gnesticnrn
1663 1047 1723 1101 in
1770 1047 1877 1102 hac

238 1118 358 1177 vita
391 1139 506 1177 non
538 1121 946 1190 conscendere,
969 1121 1079 1174 nisi
1106 1118 1305 1189 quoad
1321 1120 1448 1188 ejus
1509 1118 1630 1190 ﬁeri
1667 1123 1877 1190 potest,

235 1198 292 1246 et
319 1199 605 1263 quantum
637 1189 1020 1260 humanae,ut
1050 1192 1326 1263 diximus,
1351 1189 1648 1263 fragilitati
1674 1189 1804 1244 licet
1824 1195 1881 1245 et

234 1261 574 1319 con—cessum
609 1268 716 1319 est.
750 1268 948 1334 Neque
980 1264 1157 1317 etiam
1191 1262 1389 1316 minus
1427 1261 1720 1334 evidenter
1752 1277 1877 1315 em-

236 1335 411 1389 nibus
427 1340 649 1389 certum
669 1333 963 1401 ﬁxumque
980 1349 1108 1388 esse
1127 1334 1317 1402 debet,
1333 1333 1682 1387 recentiores
1701 1348 1877 1403 quos-

230 1407 368 1460 dam
401 1406 552 1462 228
577 1409 699 1460 tota
729 1406 822 1460 via
844 1407 1175 1472 abberrare,
1199 1404 1299 1474 qui
1322 1404 1588 1458 eumdem
1617 1403 1879 1458 Clemen-

229 1482 347 1532 tem
382 1483 649 1532 nostrum
682 1478 1018 1532 ﬁctitierum
1065 1476 1455 1600 quarumdam
1502 1476 1573 1530 de
1619 1475 1756 1541 vita,
1791 1475 1877 1530 uti

229 1548 715 1600 aiunt.snirituali
736 1554 793 1600 et
811 1553 1080 1600 centemn
1109 1545 1616 1600 ativaeninionum
1631 1563 1874 1600 suarum

229 1548 715 1620 aiunt,spirituali
736 1554 793 1604 et
811 1545 1262 1620 contemplativa
1273 1545 1616 1620 opinionum
1631 1563 1874 1601 suarum

230 1618 546 1690 patronum
573 1625 629 1676 et
661 1621 1024 1676 defensorem
1055 1618 1167 1674 sibi
1199 1619 1524 1673 adsciscere
1569 1633 1874 1690 perperam

226 1692 423 1747 cenati
458 1698 617 1746 sunt.

304 1764 374 1817 At
402 1763 442 1817 ii
475 1763 717 1818 forsitan
758 1761 1117 1833 pertinacius
1163 1759 1460 1814 erroribus
1509 1759 1634 1815 suis
1673 1759 1871 1833 adhae-

231 1840 450 1901 rentes,
506 1831 798 1906 urgebunt
844 1833 1225 1906 Clementem_
1261 1848 1388 1906 non
1427 1833 1608 1906 semel
1655 1831 1873 1906 dixisse

229 1906 567 1975 gnestieum
582 1902 647 1961 in
668 1904 1023 1960 immutabili
1049 1902 1443 1975 beneﬁcentize
1461 1903 1662 1975 habitu
1680 1904 1750 1958 ad
1771 1903 1872 1958 Dei

229 1974 687 2033 similitudinem
748 1992 1108 2048 permanere,
1171 1974 1870 2048 nee_ipsami_virtutem

229 2065 400 2117 posse
431 2050 502 2103 ab
535 2049 632 2104 illo
665 2045 876 2104 amitti.
911 2048 1055 2114 Quid
1091 2063 1224 2116 ergo
1247 2045 1274 2099 ‘I
1304 2045 1580 2117 Nunquid
1603 2045 1872 2101 Clemens

229 2119 573 2188 acerrimus,
619 2120 1118 2189 quemadmodum
1187 2117 1497 2189 vidimus,_
1539 2117 1874 2189 orthodoxae

227 2192 507 2246 doctrinae
536 2187 934 2263 propugnator
964 2195 1020 2246 et
1069 2189 1341 2263 defensor
1367 2192 1433 2242 ad
1486 2187 1643 2263 hunc
1694 2187 1874 2244 allisit

227 2266 374 2316 tanti
409 2260 621 2319 erroris
645 2260 982 2333 scopulum,
1007 2267 1084 2331 et,
1104 2270 1168 2315 ut
1191 2261 1347 2333 loqui
1369 2264 1586 2326 amant,
1615 2260 1670 2333 in
1702 2267 1871 2333 portu

230 2334 601 2405 naufragium
652 2331 832 2388 fecit?
862 2339 1063 2389 Nonne
1091 2334 1162 2387 ab
1210 2331 1315 2405 illo
1365 2333 1492 2405 ips_e
1540 2331 1873 2405 audivimus

223 2403 701 2460 constantissime
724 2405 1004 2459 atﬁrmari
1028 2404 1361 2476 gnesticum
1387 2419 1418 2457 a
1440 2403 1554 2457 Dee
1578 2404 1873 2476 postulare

223 2476 733 2546 contemplationis
763 2475 1111 2543 virtutisque
1129 2476 1581 2541 incrementum,
1603 2480 1661 2529 et
1685 2475 1743 2528 in
1760 2475 1872 2529 vir-

223 2553 351 2602 tute
384 2547 643 2619 ﬁnalem,
668 2552 730 2602 ut
760 2546 1112 2602 scholastice
1146 2562 1303 2601 more
1326 2546 1659 2616 loquamur,
1682 2562 1871 2618 perse-

225 2619 574 2685 versutiam,

301 2690 411 2744 Sed
481 2689 856 2759 conjecturis,
914 2688 1205 2760 inquient,
1240 2687 1325 2760 fin
1384 2702 1445 2741 re
1502 2687 1873 2760 apertissima

231 2776 381 2829 opus
414 2761 555 2815 nihil
590 2770 695 2816 est.
722 2762 852 2831 Ipse
875 2759 1165 2831 siquidem
1190 2759 1457 2814 Clemens
1481 2759 1872 2831 tetidemiver-

233 2832 326 2885 bis
361 2831 506 2887 dixit
534 2833 615 2886 πε
653 2855 680 2881 ‹‹
711 2830 812 2886 Cui
838 2830 1084 2902 justitine
1116 2830 1539 2902 incrementum
1591 2830 1777 2902 crevit
1799 2831 1869 2902 ad

230 2903 696 2972 beneﬁcentiam,
731 2904 780 2958 ei
814 2902 1085 2972 perfectio
1110 2905 1412 2972 permanet
1434 2901 1488 2956 in
1514 2901 1872 2972 immutabili

231 2972 437 3042 habitu
473 2975 542 3042 ad
595 2968 692 3028 Dei
743 2968 1218 3036 similitudinem,
1254 2971 1463 3042 »τούτῳ
1511 2973 1546 3040 ἡ
1589 2968 1870 3033 τελεὲωσις

225 3040 277 3115 ἐν
311 3038 642 3115 ἀμεταϐόλῳ
687 3042 790 3112 ἓξει
842 3042 1081 3104 εὐποιίας
1131 3044 1249 3096 καθ’
1280 3038 1544 3113 epoto)va
1588 3046 1685 3095 τοῦ
1736 3048 1871 3097 Θεοῦ

223 3110 487 3186 διαμένει.
513 3110 624 3172 Sed
646 3116 704 3170 bi
728 3110 889 3172 certe
919 3117 1234 3172 Clementis
1259 3110 1438 3170 nostri
1476 3120 1728 3171 mentem
1762 3116 1870 3170 mi-

225 3187 385 3241 nime
433 3191 796 3258 perspectam
844 3187 1197 3242 habuerunt.
1225 3188 1306 3242 Ibi
1333 3188 1546 3257 quippe
1578 3187 1676 3242 ille
1706 3187 1875 3242 docet

223 3257 519 3328 duplicem
543 3257 670 3313 esse
694 3258 901 3312 animm
925 3260 1353 3329 purgationem,
1373 3275 1551 3312 unam
1578 3258 1817 3328 quidem
1843 3275 1874 3312 a

223 3329 397 3384 malis
428 3329 798 3391 abstinendo,
826 3330 1064 3383 alteram
1091 3345 1224 3382 vero
1255 3330 1323 3382 ad
1356 3329 1455 3382 Dei
1479 3330 1670 3382 instar
1699 3329 1872 3383 bene-

224 3400 490 3455 faciendo
523 3415 537 3466 ;
570 3401 629 3453 in
663 3399 772 3454 hoc
803 3404 999 3454 autem
1047 3399 1442 3454 beneﬁcentiae
1477 3400 1874 3454 incommuta-

217 3470 325 3524 bili
358 3471 562 3525 habitu
595 3471 738 3524 dicit
768 3487 903 3525 eum
933 3471 1134 3524 tandiu
1163 3485 1550 3539 perseverare,
1601 3471 1868 3539 quandiu

221 3542 325 3667 ἓ.θὶ
361 3542 671 3667 1niémdatis
717 3542 1102 3612 obtemperat,
1135 3557 1239 3596 nec
1271 3558 1304 3596 a
1350 3541 1546 3596 divina
1594 3541 1877 3596 ebaritate

273 3629 357 3667 ive
407 3631 421 3667 1
457 3631 547 3667 ur.

223 3614 256 3667 d
272 3613 547 3668 ivellitur.

299 3685 499 3756 Neque
529 3685 650 3739 haec
681 3683 850 3738 velim
887 3682 1262 3756 objiciasialia
1293 3681 1606 3756 Clementis
1632 3683 1875 3756 verba“;

226 3779 252 3804 α
283 3753 444 3822 Quod
493 3756 541 3810 si
589 3756 775 3811 Deum
826 3755 1033 3810 didicit
1065 3753 1323 3824 diligere,
1359 3769 1475 3808 non
1499 3753 1737 3809 habebit
1759 3755 1876 3808 vir-

228 3831 437 3891 tutem,
467 3832 528 3882 ut
559 3843 620 3881 ea
654 3826 838 3898 possit
865 3826 1078 3881 amitti.
1107 3848 1127 3874 ι
1157 3826 1438 3898 superius
1468 3826 1754 3898 siquidem
1781 3827 1878 3880 ad-

229 3901 573 3971 monuim‘us
598 3897 716 3953 hac
738 3898 818 3971 ibi
841 3899 1185 3971 Greeeaesse
1207 3897 1523 3951 Clementis
1544 3899 1713 3971 verba
1740 3898 1878 3971 τάρε-

230 3970 331 4036 τήν
364 3963 706 4040 ἀπόϐλητον,
739 3969 957 4042 illaque
990 3969 1146 4024 idem
1199 3984 1406 4042 sonare
1438 3985 1503 4042 ac
1535 3991 1562 4017 «
1597 3968 1766 4042 vilem
1799 3963 1879 4024 'et

235 4043 520 4112 abjectam
552 4039 912 4097 virtutemf»
949 4042 1168 4096 Sensus
1202 4041 1396 4110 itaque
1439 4039 1759 4095 Clementis
1790 4044 1879 4096 est

229 4113 564 4182 gnosticum
598 4113 764 4167 illum
799 4129 912 4167 non
947 4129 1014 4168 ea
1041 4113 1256 4166 virtute
1287 4117 1554 4166 ornatum
1589 4129 1717 4167 esse
1749 4129 1875 4183 quae

230 4187 448 4238 nutans
479 4189 536 4239 et
563 4184 840 4240 vncillans
872 4184 1153 4251 ﬂuctuet;
1187 4183 1284 4238 sed
1311 4199 1438 4253 quae
1471 4192 1748 4240 constans
1780 4185 1878 4252 sit,

240 4255 410 4326 ﬁrma.
426 4259 482 4310 et
500 4255 750 4321 stabilis,
770 4272 886 4326 qua
903 4256 1138 4325 quidem
1161 4255 1430 4322 efﬁcitur,
1454 4259 1518 4309 ut
1536 4257 1662 4324 ejus
1685 4257 1880 4312 anima

231 4325 414 4382 nullis
445 4328 984 4398 perturbationibus
1026 4327 1084 4380 in
1116 4327 1298 4380 Deum
1327 4327 1703 4398 divisamque
1750 4328 1879 4398 ejus

233 4398 416 4468 legem
453 4397 780 4453 mortaliter
807 4403 872 4453 ut
921 4398 1108 4462 aiunt,
1145 4398 1436 4469 peccando
1469 4397 1791 4457 moveatur
1823 4403 1880 4455 et

236 4470 524 4525 vincatur.

303 4540 513 4596 Contra
542 4544 738 4595 tamen
769 4540 1173 4596 vehementius
1217 4539 1470 4594 instabis
1518 4539 1871 4596 Clementem

230 4612 695 4682 expressissimis
748 4613 1028 4666 statuisse
1049 4610 1238 4665 verbis
1262 4611 1760 4682 quemadmodum
1785 4612 1875 4666 la-

231 4682 350 4752 pidi
385 4685 752 4754 gravitatem,
776 4684 860 4738 sic
893 4683 1157 4754 gnestioe
1189 4682 1518 4738 naturalem
1545 4683 1665 4736 ﬁeri
1687 4684 1871 4738 virtu-

228 4755 306 4807 tis
339 4753 605 4810 habitum
635 4773 648 4821 ;
681 4756 763 4809 ita
807 4761 870 4810 ut
900 4753 970 4809 ab
1019 4753 1120 4808 illa
1166 4754 1421 4825 amplius
1453 4754 1715 4810 excidere
1756 4773 1873 4810 non

233 4826 434 4894 possit.
464 4827 727 4898 Totidem
750 4827 966 4898 quippe
985 4825 1104 4880 haec
1122 4827 1540 4898 suntejusdem
1561 4826 1876 4898 Clementis

231 4891 409 4952 verba
438 4899 520 4952 7°:
564 4897 662 4952 «Ei
711 4891 1016 4969 ergo-qui
1047 4891 1455 4952 exercitatione
1505 4899 1758 4968 profecta
1807 4891 1876 4953 ex

230 4969 563 5039 cognitione
619 4968 904 5040 paraverit
968 4968 1267 5029 virtutem,
1327 4985 1453 5039 qum
1513 4986 1626 5023 non
1686 4974 1876 5038 potest

229 5040 442 5104 amitti,
474 5041 724 5096 efﬁcitur
755 5040 1035 5096 naturalis
1086 5040 1342 5094 habitus.
1379 5041 1447 5094 Et
1496 5040 1647 5094 sicut
1694 5041 1872 5111 lapidi

228 5113 501 5180 gravitas,
536 5112 619 5168 ita
677 5113 805 5182 ejus
863 5111 1110 5167 scientia
1168 5112 1360 5166 evadit
1413 5111 1777 5182 huiusmodi,
1810 5116 1874 5166 ut

229 5183 421 5238 amitti
474 5201 586 5238 non
641 5184 845 5254 possit,
879 5200 984 5238 nec
1034 5183 1231 5249 invito,
1267 5183 1365 5237 sed
1421 5187 1644 5252 sponte,
1677 5185 1729 5235 vi
1784 5201 1875 5238 ra-

231 5255 408 5309 tionis
440 5259 496 5310 et
521 5255 893 5327 cognitionis,
924 5259 1100 5327 atque
1132 5254 1506 5327 providentiae
1539 5271 1603 5309 eo
1635 5255 1872 5310 deduci-

231 5329 345 5393 tur,
382 5331 447 5382 ut
477 5325 954 5383 neniamittatur.
988 5325 1016 5378 ἡ
1048 5325 1264 5380 Verum
1299 5325 1398 5396 qui
1443 5325 1524 5380 ita
1556 5342 1872 5398 argumen-

233 5402 412 5465 tatur,
446 5398 496 5453 is
543 5413 610 5454 ea
659 5415 786 5469 quae
836 5400 1192 5453 antecedunt
1221 5403 1276 5452 et
1307 5399 1772 5468 subsequuntur,
1808 5415 1873 5453 ac

226 5469 418 5542 plura,
443 5485 572 5540 quae
605 5469 663 5523 in
696 5470 824 5542 hac,
851 5485 966 5538 qua
989 5485 1134 5523 usus
1155 5472 1262 5542 est,
1289 5469 1497 5542 herum
1529 5469 1872 5525 Stromatum

223 5539 480 5596 editione
529 5540 922 5611 praetermissa
970 5543 1128 5610 sunt,
1166 5539 1267 5595 aut
1315 5541 1738 5609 dissimulasse,
1773 5547 1872 5596 aut

279 5687 323 5719 7"
357 5684 396 5738 1.
432 5701 506 5748 νι,
544 5702 600 5755 p.
633 5685 758 5738 6’15.
835 5687 878 5719 ⁷⁵
908 5685 946 5739 l.
981 5701 1053 5746 1v,
1091 5702 1145 5756 p.
1180 5685 1304 5739 530.

209 5759 270 5814 in
304 5756 429 5829 psal
463 5772 656 5823 cxvul,
688 5759 716 5826 ξ
748 5758 799 5824 lt,
837 5762 897 5811 P.
933 5759 1090 5811 1247.

1383 5686 1425 5720 τδ
1452 5685 1489 5742 l.
1524 5703 1622 5752 νη,
1687 5703 1739 5756 p.

1180 5688 1304 5739 530.
1383 5688 1425 5720 ⁷⁵
1452 5688 1489 5742 l.
1524 5703 1622 5752 νη,
1687 5703 1739 5756 p.
1795 5688 1918 5739 726.

1170 5758 1210 5792 ⁸¹
1247 5759 1462 5813 Strem.
1499 5757 1535 5812 l.
1574 5775 1672 5824 Vit,
1705 5776 1762 5828 p.
1797 5760 1921 5814 7M.

2007 407 2243 488 scriptis
2274 412 2597 468 tradiderat
2627 414 2719 488 77‘;
2748 433 2772 464 α
2808 413 2940 467 Jam
2972 429 3103 488 vero
3135 407 3491 488 petet-etiam
3521 418 3593 488 _ut
3623 431 3657 469 a

1988 482 2202 535 virtute
2232 498 2534 553 nunquam
2566 483 2814 547 excidat,
2841 482 3093 538 maxime
3119 482 3403 554 adjuvans
3435 484 3654 540 etdans

2001 564 2249 631 operam
2275 557 2340 631 et
2371 558 2909 631 perpetuemaneat
2937 555 3337 631 ejus_modi,_ut
3375 571 3487 609 non
3513 573 3652 626 pes-

2003 624 2081 675 sit
2129 624 2414 697 excidere.
2451 624 2570 680 {At
2612 626 2660 680 si
2707 625 3010 697 gnosticus
3061 626 3159 680 ille
3210 626 3483 680 virtutem
3513 624 3650 682 _nen

2033 700 2196 748 esset
2217 696 2472 767 amplius
2494 696 2782 766 amittere,
2798 713 3034 768 operam
3051 698 3264 752 frustra
3285 697 3649 768 impenderet

2010 768 2612 839 rustraquehpeteret;
2649 773 2714 822 ut
2771 768 2915 827 sibie
2945 769 3018 822 ab
3074 784 3141 822 ea
3190 785 3301 822 non
3361 768 3645 836 excidere,

1993 839 2261 912 atquein
2295 837 2396 893 illa
2428 845 2710 912 perpetuo
2742 857 2879 894 man
2915 855 2976 894 re
3007 854 3356 911 semperque
3387 856 3646 911 perseve-

1987 922 2120 960 rare
2156 908 2410 964 daretur.

2060 977 2281 1052 1_)einde
2303 996 2436 1034 vero
2458 982 2728 1036 secundae
2751 979 3004 1052 Operum
3027 980 3342 1036 Clementis
3369 981 3642 1048 editioni,

1985 1049 2085 1102 ubi
2129 1050 2393 1123 ebjeetus
2443 1053 2610 1107 nobis
2661 1049 2822 1123 locus
2880 1052 3153 1121 occurrit,
3188 1053 3287 1123 qui
3336 1053 3641 1123 praefectus

1985 1123 2094 1194 est,
2117 1122 2256 1194 dum
2274 1123 2459 1177 voluit
2478 1123 2706 1177 Herveti
2739 1122 3274 1194 interpretationem
3301 1122 3636 1194 emendare,

1986 1190 2117 1266 ipse
2132 1192 2403 1266 Crzecum
2440 1195 2692 1249 auctoris
2721 1190 2944 1266 textum
2969 1195 3264 1266 integrum
3292 1190 3637 1266 Latineinen

1983 1262 2257 1337 reddidit.
2290 1268 2435 1337 Nam
2468 1265 2843 1337 itaietiamhin
2878 1262 3475 1337 Graecis—editionibus
3496 1265 3637 1337 legi-

1982 1334 2148 1388 tur"8
2183 1352 2195 1388 :
2233 1339 2344 1410 μΤῷ
2394 1333 2494 1410 ἄρα
2552 1329 2934 1410 ᾀναπόϐλητον
2994 1337 3092 1410 τὴν
3136 1335 3349 1410 ,ᾁρετὴν
3393 1329 3634 1410 demissi

1985 1403 2659 1482 γιωστικῇτὲεπριημένῳ
2716 1403 2998 1482 φρσιοῢται
3319 1407 3408 1459 καί
3469 1403 3636 1461 καθά-

1981 1475 2191 1552 frenet?)
2222 1475 2362 1550 λίθῳ
2393 1478 2452 1552 re
2491 1475 2678 1552 βάροξ,
2704 1475 3095 1552 ,ὀῦτωςη-ιξοῦδρ
3119 1480 3152 1546 ἡ
3173 1475 3467 1552 ⁷ἐτζςιστήικξη
3504 1480 3633 1552 dva-

1983 1542 2289 1622 ςτόϐληλῑος,
2370 1549 2467 1603 οὐκ
2491 1542 2499 1552 ’
2525 1542 2814 1617 dinoscimus,
2875 1548 3001 1605 ἀλλ’
3061 1542 3344 1616 ἐκόυσίως,
3370 1542 3634 1622 ῗδόνάμει

1984 1616 2229 1695 ᾈογιὲῇη
2263 1616 2354 1695 καὶ
2397 1623 2686 1695 ᾉγνυὲᾳτεκῇ
2742 1616 2855 1695 xii
2890 1625 3231 1695 πρφνοῃτςικῇ
3265 1616 3631 1695 Δκαθί-ςζςεπιτᾈιι·

1902 1707 1950 1772 Β
1979 1681 2076 1772 tui.
2100 1681 2242 1746 δὲ’-’ἑὸ
2277 1694 2352 1772 μὴ
2386 1681 2772 1772 ἀὲἶοϐληρῆνημ
2810 1691 2859 1747 δῖ
2913 1681 3231 1772 ε’ρλαϐξίαςῗ
3254 1688 3632 1772 ἀγαπάϐᾏητον

1981 1761 2204 1838 γξνεσξᾳι·
2233 1760 2355 1838 ⁸ςιέῆςς
2412 1765 2505 1838 μὲν
2552 1760 3117 1838 sol_a62ietq_1tpeg“re
3153 1765 3230 1835 μή
3275 1765 3626 1838 ἁμαρτάνειν,

1984 1830 2162 1910 ξῆςμᾷὲ
2197 1830 2535 1909 εὐλόγισῖτίας
2562 1836 2698 1910 πρὸς
2736 1836 2797 1889 τὸ
2849 1830 3247 1910 ἀνὰπόϐληστξοῆ
3283 1830 3401 1910 τῖξ
3433 1830 3626 1910 ἀρετῆξ

1983 1904 2273 1980 ἀνθέξεται.
2298 1904 2444 1980 Quae
2478 1904 2712 1980 quidem
2766 1909 3087 1980 posteriora
3123 1904 3310 1963 verba
3336 1904 3393 1962 in
3427 1904 3625 1964 eadem

1982 1978 2233 2033 editione
2264 1979 2346 2034 sic
2378 1979 2579 2035 Latine
2628 1978 2848 2035 reddita
2874 1985 3049 2034 sunt:
3075 1980 3348 2048 «Quippe
3372 1981 3626 2036 cavendo

1981 2065 2049 2122 eo
2080 2050 2409 2122 deducitur,
2443 2055 2508 2105 ut
2538 2051 2724 2106 amitti
2759 2067 2874 2104 non
2908 2051 3110 2122 possit.
3139 2072 3166 2100 ››
3191 2050 3324 2117 Sed,
3355 2051 3624 2119 utvides,

1980 2120 2091 2175 hac
2122 2120 2598 2192 interpretatione
2618 2125 2845 2176 Graecus
2866 2120 3058 2176 textus
3082 2123 3482 2188 detruncatur,
3506 2139 3620 2177 non

1981 2192 2260 2247 redditur.
2290 2193 2572 2248 IIervetus
2593 2210 2727 2247 vero
2749 2210 2815 2247 ea
2841 2192 2929 2264 psic
2958 2192 3379 2264 interpretatus
3409 2195 3614 2248 fuerat:

2052 2285 2079 2312 ‹‹
2097 2264 2380 2326 Quoniam
2397 2269 2587 2320 autem
2605 2281 2718 2319 non
2735 2263 3016 2319 amissum
3033 2263 3160 2320 esse
3174 2265 3616 2335 percautionem

1981 2333 2048 2388 ﬁt
2074 2339 2139 2388 ut
2170 2336 2356 2390 amitti
2390 2353 2502 2390 non
2529 2336 2714 2406 possit
2739 2352 2750 2388 :
2775 2336 3102 2390 cautionem
3128 2333 3364 2406 quidem
3391 2337 3460 2390 ad
3485 2336 3616 2403 hoc,

1982 2408 2048 2478 ut
2075 2420 2186 2459 non
2220 2412 2414 2478 peccet
2439 2429 2452 2470 ς
2478 2409 2689 2462 bonam
2716 2411 2909 2478 autem
2935 2407 3265 2478 cautionem
3299 2407 3370 2461 ad
3400 2407 3530 2468 hec.
3554 2411 3620 2460 ut

1979 2476 2165 2531 virtus
2198 2476 2309 2533 non
2345 2479 2664 2544 amittatur,
2700 2477 2992 2532 retinebit.
3029 2499 3056 2526 »
3089 2477 3265 2533 Nobis
3296 2484 3490 2533 autem
3524 2478 3620 2531 hic

1982 2563 2122 2602 sane
2152 2549 2381 2603 videtur
2414 2566 2540 2604 esse
2561 2554 2891 2604 Grzrcerum
2924 2549 3179 2604 auctoris
3211 2549 3392 2604 nostri
3415 2549 3623 2605 verbo-

1982 2635 2110 2673 rum
2163 2637 2392 2687 sensus,
2424 2623 2702 2676 virtutem
2745 2637 2778 2675 a
2822 2621 3084 2692 gnostice
3126 2619 3481 2692 Christiane
3507 2637 3622 2674 non

1981 2706 2153 2762 posse
2198 2692 2383 2760 amiti,
2418 2709 2530 2747 non
2587 2689 3281 2762 quidem‘inveluntarie,
3315 2689 3414 2743 οὐκ
3460 2690 3620 2743 ἀκου-

1982 2761 2136 2830 σίως,
2172 2762 2250 2817 ita
2282 2767 2346 2817 ut
2373 2761 2638 2819 absolute
2669 2766 2726 2817 et
2755 2763 3085 2818 necessario
3116 2778 3242 2817 eam
3276 2767 3619 2830 conservet;

1981 2835 2080 2889 sed
2132 2833 2475 2902 voluntarie,
2536 2832 2661 2887 ἀλλ’
2711 2832 2994 2901 ἑκουσίως,
3029 2833 3250 2888 ratione
3299 2833 3522 2889 scilicet
3568 2838 3627 2889 et

1980 2903 2650 2978 pr0\'identia,_eavende
2684 2921 2753 2959 ne
2773 2905 2841 2978 Ain
2875 2907 3175 2978 peccatum
3209 2903 3624 2978 incurrat._Cu-

1973 2973 2074 3046 jus
2127 2977 2279 3032 hanc
2331 2976 2597 3032 Clemens
2655 2973 2893 3046 profert'
2924 2977 3231 3046 rationem,
3266 2976 3423 3046 quia,
3463 2973 3623 3029 εὐλα-

1985 3043 2125 3118 ϐείᾳ,
2157 3050 2476 3104 reverentia
2523 3054 2603 3119 et,
2631 3043 2864 3118 pietate,
2917 3052 3093 3118 atque
3143 3043 3480 3119 εὐλοῆιστίᾳ,
3531 3063 3624 3100 ra-

1984 3121 2141 3176 tione
2170 3121 2318 3174 bene
2349 3118 2692 3190 composita,
2727 3119 2846 3174 sive
2875 3118 3256 3190 providentia,
3291 3118 3377 3190 eic
3425 3134 3625 3190 pecca-

1981 3197 2107 3248 tum
2143 3196 2305 3246 cavet
2335 3196 2390 3246 et
2439 3188 2712 3256 declinat,
2746 3194 2810 3244 ut
2857 3190 2984 3259 ejus
3031 3189 3216 3244 virtus
3265 3188 3457 3243 amitti
3507 3205 3624 3244 non

2024 3263 2190 3317 ossit.

2024 3281 2190 3317 OSSlt.

1981 3281 2016 3336 Ρ
2055 3333 2313 3402 Denique
2345 3331 2574 3402 etiamsi
2605 3330 2930 3402 genuinum
2962 3328 3464 3402 hunc__verumque
3492 3344 3627 3402 ver-

1983 3405 2190 3459 borum
2220 3399 2543 3456 Clementis
2575 3399 2816 3454 sensum
2848 3400 3079 3454 Grmcus
3110 3399 3206 3454 ille
3229 3399 3448 3462 textus,
3471 3399 3625 3454 Lati-

1985 3491 2183 3546 naque
2221 3473 2383 3526 illius
2421 3471 2818 3542 interpretatio
2837 3470 3003 3546 plane
3031 3486 3141 3525 non
3168 3472 3620 3546 demonstraret,

1983 3562 2052 3601 ex
2087 3542 2196 3600 ‘his
2225 3548 2424 3598 tamen
2470 3545 2976 3614 quasequuntur,
3011 3542 3509 3614 quemadmodum
3559 3558 3626 3596 ex

1983 3616 2393 3688 superioribus
2437 3631 2468 3688 a
2524 3613 2693 3668 nobis
2745 3613 2920 3688 paulo
2953 3621 3085 3688 ante
3141 3613 3624 3688 exhibitis,_haud

1985 3682 2232 3743 obscure
2264 3685 2562 3756 colligitur
2591 3701 2704 3738 non
2730 3682 2899 3738 aliam
2926 3682 3116 3756 plane,
3141 3701 3315 3755 quam
3342 3684 3622 3753 diximus,

1985 3760 2167 3815 fuisse
2189 3758 2347 3812 illius
2369 3755 2620 3811 mentem
2646 3759 2702 3809 et
2719 3755 3091 3827 sententiam.
3116 3757 3275 3820 Quod
3301 3756 3533 3827 quidem
3560 3772 3626 3810 ex

1984 3831 2099 3909 his,
2126 3847 2250 3909 qua
2277 3829 2373 3883 ille
2399 3829 2614 3909 ibidem
2642 3827 2874 3909 adjecit,
2900 3826 3142 3909 pulchre
3163 3826 3496 3909 conﬁrmari
3523 3844 3623 3909 pn-

1984 3898 2302 3957 testfilaac
2350 3899 2567 3970 quippe
2615 3903 2756 3953 sunt
2803 3898 3106 3968 ipsissima
3154 3899 3279 3970 ejus
3335 3898 3510 3952 verba
3540 3899 3621 3953 7°:

1987 3997 2014 4024 ‹‹
2047 3974 2140 4028 Sic
2163 3987 2298 4042 ergo
2322 3969 2712 4027 habet’emnia
2734 3971 2886 4024 bona
2907 3971 3209 4042 gnestieus
3237 3969 3622 4042 inpetestate,

1986 4047 2084 4100 sed
2121 4039 2382 4098 non—dum
2432 4043 2605 4097 etiam
2631 4057 2875 4096 numero
2897 4039 3068 4106 {nam
3095 4039 3624 4111 alioqui—dimoveri

1988 4133 2100 4171 non
2134 4123 2349 4186 posset,
2383 4114 2533 4186 quod
2569 4113 2774 4186 attinet
2800 4114 2868 4186 ad
2904 4111 3154 4186 divinos,
3190 4112 3288 4186 qni
3339 4111 3626 4186 debentur

1986 4182 2283 4260 profectus
2335 4182 2414 4239 et‘
2449 4183 3008 4260 administrationes.
3046 4182 3295 4260 »_At_bis
3349 4182 3625 4260 Clemens

1983 4254 2176 4314 verbis
2194 4257 2384 4329 palam
2410 4255 3148 4329 proﬁteturgnesticnmin
3173 4254 3280 4309 bac
3310 4255 3426 4308 vita
3453 4269 3623 4325 posse

1987 4347 2020 4386 a
2051 4325 2211 4384 bene
2233 4333 2290 4385 et
2318 4329 2529 4382 virtute
2561 4325 2864 4393 dimoveri,
2893 4342 2997 4380 nec
3032 4325 3142 4382 nisi
3183 4329 3316 4394 post
3347 4330 3618 4392 mortem,

1906 4437 1952 4502 D
1985 4417 2118 4456 cum
2153 4400 2424 4456 felicitate
2456 4404 2668 4454 aeterna
2696 4399 2942 4464 fruetur,
2971 4395 3116 4452 illud
3151 4397 3221 4452 ab
3251 4396 3378 4466 ipse
3408 4396 3621 4452 amitti.

1985 4488 2440 4614 noNiEﬁsifaque
2469 4541 2524 4595 in
2547 4541 2670 4614 hac
2708 4539 3031 4614 Clementis
3083 4538 3376 4614 sententia
3421 4542 3477 4593 et
3519 4539 3621 4614 de-

1982 4616 2166 4669 ctrina
2197 4610 2493 4685 quidpiam
2531 4611 2888 4685 deprebendi
2931 4615 3141 4685 potest,
3177 4611 3330 4681 quod
3382 4610 3622 4685 omnino

1982 4681 2357 4742 rectum-nen-
2385 4685 2460 4738 sit
2486 4700 2550 4741 ac
2583 4683 2752 4752 plane
2783 4681 3190 4737 ertbedexum.
3218 4686 3282 4736 Et
3308 4697 3439 4736 vero
3470 4681 3618 4736 nihil

1981 4759 2060 4812 ibi
2093 4758 2186 4813 ille
2220 4773 2459 4828 prorsus
2492 4754 2656 4818 dixit,
2691 4755 2844 4826 quod
2879 4759 3082 4824 postea
3112 4753 3189 4828 ab
3215 4753 3526 4828 Ambrosip
3556 4752 3617 4807 in

1983 4829 2104 4884 haec
2151 4823 2344 4892 verba,
2379 4845 2500 4896 quae
2550 4823 2723 4880 nemo
2768 4823 2963 4879 tamen
2993 4823 3225 4896 erroris
3265 4824 3618 4896 insimulare

1984 4903 2213 4956 audeat.
2247 4895 2468 4954 dictum
2502 4915 2616 4952 non
2658 4899 2862 4951 fuerit:
2897 4919 2924 4945 «
2956 4895 3164 4959 Tanta,
3202 4919 3228 4944 ››
3259 4895 3451 4966 inquit
3499 4895 3614 4950 exi-

1985 4974 2137 5027 mius
2171 4972 2264 5026 ille
2294 4969 2579 5034 doctor”,
2613 4992 2638 5018 ‹‹
2673 4969 2760 5023 vis
2805 4970 3224 5022 consummatae
3256 4967 3616 5022 emendatio-

1985 5045 2076 5098 nis
2107 5049 2214 5110 est,
2249 5047 2310 5096 ut
2339 5044 2394 5095 in
2430 5041 2739 5113 quamdam
2771 5039 3030 5113 pueritiae
3063 5040 3262 5113 redeat
3293 5037 3616 5113 spiritualis

1983 5109 2233 5183 aetatem,
2267 5131 2393 5184 quae
2426 5109 2548 5167 vias
2579 5109 2790 5184 erroris
2838 5111 3100 5184 igne-ret,
3123 5109 3366 5184 crimen,
3391 5109 3614 5164 etiamsi

1982 5186 2137 5248 velit,
2168 5181 2494 5255 non—possit
2527 5181 3024 5255 admittere,’quia
3071 5181 3398 5236 desueverit
3441 5197 3616 5235 usum

1983 5273 2154 5312 nesse
2187 5254 2497 5328 peccandi.
2516 5277 2540 5302 ››
2555 5256 2628 5328 in
2663 5254 2934 5328 eumdem
2967 5257 3120 5328 certe
3152 5267 3391 5328 sensum
3422 5256 3621 5328 noster

1982 5323 2248 5385 Clemens
2280 5326 2608 5383 asseruitin
2641 5325 2907 5397 gnestice
2923 5323 3174 5397 solidam
3200 5327 3256 5397 et
3282 5323 3620 5397 immutabi-

1981 5401 2094 5456 lem
2126 5401 2258 5455 heui
2292 5394 2684 5469 pessesienem
2721 5413 2823 5468 per
2851 5396 3012 5469 illius
3052 5394 3354 5469 scientiam
3405 5395 3622 5450 consti-

1981 5473 2060 5526 tui
2093 5473 2157 5525 ⁸1.
2199 5466 2369 5526 Decet
2398 5470 2554 5525 enim
2605 5466 2816 5524 ibidem
2849 5466 3016 5520 illum
3065 5468 3340 5522 adversus
3390 5483 3619 5522 omnem

1979 5544 2360 5600 tentatienem
2393 5543 2694 5612 insurgere
2725 5545 2782 5596 et
2813 5554 3095 5611 pugnare,
3121 5555 3185 5594 ac
3215 5539 3450 5595 tandem
3483 5538 3623 5595 alibi

2317 5686 2532 5741 "mibid.
2606 5683 2852 5755 1“ibid,
2910 5702 2964 5756 p.
3025 5685 3150 5738 727.
3228 5685 3462 5741 soSerm.
3526 5685 3617 5753 22,

1997 5690 2039 5722 ⁷⁷
2100 5688 2238 5742 ibid.
