3990 6152
222 206 370 264 1261

1499 215 1598 268 DE
1632 215 1866 270 LIBRIS
1899 213 2369 269 STROMATUM.

3509 217 3649 273 1262

213 330 699 411 prehensionem,
726 335 784 411 et
804 346 941 411 quae
975 331 1424 411 comprehendit
1454 349 1690 411 ea,quze
1713 338 1873 403 sunt,
1905 343 1958 408 Α
1991 334 2208 411 mentis
2241 334 2619 411 manifestum
2652 335 2890 390 cuilibet
2911 336 3049 390 facit
3087 337 3360 411 Hebraeos
3400 341 3651 411 paganis

215 409 284 456 et
317 404 614 474 preterita,
645 408 702 458 et
732 403 954 471 futura,
987 419 1165 474 quam
1197 421 1306 477 nos
1337 405 1537 477 docuit
1571 403 1672 477 per
1700 424 1872 462 suam

211 479 598 549 praesentiam
630 478 686 530 et
717 490 821 546 per
850 477 1162 549 prophetas
1187 475 1503 549 _Dominus,
1537 475 1743 549 estque
1766 478 1879 532 hu-

207 547 510 638 juAsmodi,
566 550 630 602 ut
660 563 772 602 non
807 547 1324 638 'pqssit‘excid‘ere,
1370 553 1602 638 utLquaen
1623 547 1663 604 οῖ
1688 551 1878 630 Verbo

211 619 304 672 sit
334 617 568 672 tradita.
606 659 625 692 ._
657 659 672 674 .
709 661 722 674 .
756 659 770 672 .
807 617 905 692 Est
935 623 1129 692 autem
1168 617 1534 690 philosophia
1557 621 1622 688 ‘9,
1657 637 1796 692 quis,
1821 621 1877 675 in

211 704 582 763 unaquaque
613 689 818 763 haeresi
850 690 945 763 (de
978 689 1048 744 iis
1081 689 1290 760 loquor
1317 689 1446 763 quae
1479 696 1618 746 sunt
1649 689 1706 746 in
1745 691 1879 763 phi-

206 759 514 832 losophia)
549 760 891 830 reprehendi
925 777 1040 814 non
1066 759 1579 832 possunt‘decreta
1600 759 1878 819 cum—vita

207 839 600 907 congruente,
636 833 695 907 in
727 847 906 907 unam
947 837 1145 907 coacta
1175 833 1542 907 electionem,
1577 851 1704 905 quae
1748 834 1878 907 ipsa

203 919 456 1030 ἓιιοᾳυθ
486 919 520 958 a
564 903 813 958 barbara
843 904 1141 987 divinitus.
1168 904 1304 959 data
1354 903 1632 987 subrepta
1664 903 1874 977 gratia,

270 991 423 1030 raeca
447 983 648 1029 ornata
680 980 820 1030 sunt
849 974 1201 1030 eloquentia.
1234 997 1262 1024 »
1295 975 1554 1030 Denique
1587 984 1651 1030 ut
1696 976 1870 1030 nlura

270 991 423 1031 raeca
447 983 648 1048 ornata
680 980 820 1030 sunt
849 974 1262 1048 eloquentia.»
1295 974 1554 1048 Denique
1587 974 1870 1048 utﬂplura

210 1051 407 1102 missa
437 1047 721 1101 faciamus
756 1061 769 1118 ς
800 1067 828 1096 ‹‹
871 1045 1336 1118 Philosophiam,
1383 1045 1478 1103 ait
1511 1045 1781 1103 Clemens
1805 1049 1873 1115 ⁵ο,

207 1135 375 1190 saepe
405 1118 684 1191 diximus,
718 1117 774 1191 id
811 1117 964 1191 quod
1001 1117 1566 1191 periphilosophiain
1599 1119 1871 1191 assequi-

205 1189 319 1244 tur
341 1190 661 1260 veritatem,
695 1189 928 1243 etiamsi
963 1191 1040 1244 sit
1070 1189 1388 1260 singulare:
1426 1211 1454 1238 »

283 1259 516 1343 Duplex
545 1261 742 1343 itaque
771 1267 973 1343 auctor
1005 1259 1205 1343 uester
1236 1262 1294 1315 in
1329 1262 1590 1343 humana
1619 1261 1871 1333 gentili-

205 1346 346 1421 que.
360 1331 739 1414 philosophia
767 1331 1080 1402 distinguit
1113 1333 1604 1415 documentorum
1627 1331 1866 1416 genus.

207 1402 296 1456 Ex
332 1419 408 1474 iis
439 1404 733 1474 siquidem
767 1418 947 1457 unum
981 1411 1135 1459 recte
1157 1405 1332 1471 dicta,
1364 1410 1421 1460 et
1440 1408 1870 1474 BQUltatlS,ju-

206 1473 422 1546 stitia,
473 1473 706 1545 pietatis
737 1489 803 1528 ac
833 1475 1097 1531 veritatis
1157 1476 1387 1531 decreta
1441 1473 1871 1546 complecteba-

204 1550 335 1600 tur.
361 1545 626 1619 Alterum
649 1551 847 1600 autem
871 1563 903 1600 a
925 1546 1171 1618 paganis
1193 1546 1560 1619 philos0phis
1580 1545 1864 1619 excogita-

203 1622 370 1687 tum,
415 1618 565 1672 falsa
584 1623 641 1672 et
659 1633 919 1690 erronea,
956 1634 1022 1672 ac
1055 1618 1445 1690 saipersiepius’
1477 1618 1658 1690 impia
1682 1618 1869 1674 conti-

201 1690 395 1762 nebat
411 1690 749 1759 dogmata,q
759 1689 932 1745 uibus
945 1688 1200 1762 gentiles
1214 1689 1297 1744 illi
1312 1688 1652 1762 philosophi
1669 1705 1865 1745 veram

200 1759 592 1831 divinamque
617 1762 988 1816 Hebrmorum
1020 1759 1347 1816 doctrinam
1371 1761 1455 1818 vel
1483 1761 1863 1816 labefactave-

195 1837 365 1913 rant,
401 1831 1038 1913 vel__interpolaverant,
1062 1833 1425 1913 vel_penitus
1442 1839 1860 1913 perruperant.

193 1903 426 1975 «Nam
460 1902 575 1958 alia
597 1902 856 1973 quidem,
908 1907 971 1957 ut
1018 1902 1508 1975 ipselbquitur“,
1561 1902 1856 1972 suifurati,

194 1974 322 2028 alia
353 1990 492 2030 vero
525 1977 671 2030 male
693 1975 1024 2030 audierunt.
1050 1977 1113 2030 In
1136 1974 1266 2030 aliis
1291 1981 1488 2032 autem
1512 1975 1712 2046 aliqua
1737 1975 1861 2046 qui-

192 2047 339 2101 dem
373 2047 652 2118 dixerunt
677 2047 974 2116 commoti,
1012 2047 1113 2101 sed
1140 2062 1207 2101 ea
1248 2064 1363 2102 non
1388 2046 1694 2103 reddidere
1726 2063 1856 2118 per-

197 2120 400 2184 fecta;
434 2117 634 2189 aliqua
663 2125 858 2172 autem
879 2119 1136 2173 humana
1168 2120 1505 2189 conjectura
1534 2122 1592 2174 et
1610 2117 1857 2188 ratiene,

195 2189 259 2243 in
295 2190 525 2259 quibus
557 2189 858 2244 labuntur.
894 2209 923 2238 »
976 2191 1038 2244 in
1071 2189 1260 2260 primo
1291 2195 1488 2245 autem
1521 2190 1692 2254 libro,
1736 2189 1856 2245 haec

197 2263 388 2385 paulo
411 2260 776 2341 enucleatius
797 2261 1126 2315 edisserit"
1148 2277 1161 2316 :
1186 2282 1214 2309 ‹‹
1240 2261 1337 2316 Est
1365 2262 1544 2344 etiam
1575 2260 1635 2315 in
1667 2261 1856 2332 philo-

221 2331 503 2385 osonhta.
537 2348 664 2385 uuae
695 2332 851 2385 furto
885 2333 1185 2385 subrecta.
1211 2335 1392 2385 velut1
1423 2350 1456 2385 a
1486 2332 1854 2385 Prometheo.

221 2331 503 2404 osophia,
537 2348 664 2404 quae
695 2332 863 2404 furto,
885 2333 1185 2404 subrepta,
1211 2333 1392 2387 veluti
1423 2350 1456 2388 a
1486 2331 1854 2402 Prometheo,

203 2401 506 2473 tanquam
539 2401 974 2473 aliquantulum
1006 2401 1183 2475 ignis,
1218 2409 1420 2475 aptum
1453 2405 1520 2458 ad
1559 2405 1779 2473 lumen,
1810 2401 1862 2460 si

199 2475 435 2529 utiliter
465 2477 767 2542 excitetur,
798 2479 867 2546 et,
888 2475 1206 2546 vestigium,
1244 2475 1481 2546 aliquod
1531 2476 1854 2546 sapientiai,

201 2550 263 2600 et
301 2551 504 2600 motus
536 2561 570 2599 a
601 2549 734 2599 Deo.
769 2547 832 2599 In
857 2544 949 2601 his
978 2544 1175 2601 autem
1196 2544 1452 2602 latrohes
1477 2550 1534 2602 et
1556 2544 1714 2603 fures
1733 2544 1855 2602 fue-

198 2617 491 2689 rint,gqui
523 2622 661 2689 sunt
693 2617 848 2688 apud
893 2617 1121 2672 Graecos
1167 2617 1522 2689 philosophi,
1578 2618 1680 2689 qui
1722 2624 1858 2673 ante

205 2686 449 2759 Domini
481 2686 796 2759 adventum
821 2705 854 2742 a
877 2686 1183 2758 prophetis
1210 2686 1464 2744 Hebraeis
1497 2686 1692 2759 partes
1715 2689 1856 2744 veri-

199 2758 371 2828 tatis,
400 2759 459 2813 id
494 2757 737 2814 minime
768 2757 1154 2830 agnoscentes
1184 2757 1587 2831 sumpserunt,
1616 2761 1718 2816 sed
1744 2760 1857 2815 sibi

201 2836 494 2954 tauquam
527 2831 760 2901 propria
799 2831 1078 2912 dogmata
1135 2831 1571 2899 adhibuerunt;
1628 2837 1684 2886 et
1742 2831 1858 2885 alia

203 2918 306 2954 aut
361 2917 457 2954 em
506 2901 934 2954 adulterarunt.
1003 2902 1117 2954 alia
1160 2907 1353 2954 autem
1424 2918 1857 2954 supervacanea

203 2901 457 2974 quidem
506 2901 934 2974 adulterarum,
987 2902 1119 2974 alia
1160 2907 1353 2957 autem
1424 2918 1857 2974 supervacanea

201 2971 468 3041 quadam
509 2971 826 3044 diligentia
871 2972 1194 3042 sophistica
1239 2971 1693 3044 interpolarunt,
1745 2972 1859 3028 alia

201 3049 407 3098 autem
439 3043 619 3146 etiam
652 3045 1020 3146 i‘nvenerunt.
1053 3044 1220 3146 Fonr‘te
1248 3045 1405 3146 enilm
1451 3061 1662 3146 sen‘spss
1711 3061 1854 3146 qune-
1888 3079 1930 3146 Ο

205 3131 326 3186 que
358 3114 638 3184 spiritum
673 3114 1025 3188 habuerunt.
1061 3137 1088 3164 ››
1119 3115 1185 3171 Et
1230 3116 1404 3188 paulo
1446 3122 1575 3186 post
1595 3117 1676 3170 ‘3:
1714 3114 1746 3168 (ἱ
1775 3116 1857 3170 Ex

203 3191 378 3258 parte
412 3201 482 3240 ea
511 3203 638 3256 quas
695 3187 964 3241 sulfurati
1015 3191 1155 3241 sunt
1197 3187 1330 3242 vera
1387 3188 1623 3258 quidem
1685 3192 1854 3254 sunt;

201 3259 638 3328 sciuntrautem
673 3272 775 3328 per
803 3259 1228 3327 conjecturam,
1280 3264 1337 3312 et
1386 3259 1679 3313 rationum
1713 3259 1856 3313 moti

201 3327 689 3384 necessitatibus;
723 3350 745 3379 ι
786 3329 950 3391 Quod
981 3328 1218 3398 quidem
1256 3345 1369 3398 prae
1408 3329 1634 3384 caeteris
1665 3329 1856 3383 omni-

205 3416 314 3454 cus
347 3416 382 3454 a
413 3399 737 3470 Pythagora
767 3405 824 3452 et
853 3399 1094 3470 Platone
1127 3399 1455 3453 factitatum
1508 3400 1847 3470 afﬁrmat“.

204 3468 636 3550 Censetjgitur
665 3468 1086 3550 Clemenshoc
1131 3469 1422 3550 posterius
1463 3469 1697 3550 gentilis
1729 3469 1859 3541 phi-

207 3539 506 3612 losophiae
550 3556 738 3613 genus
770 3557 803 3613 a
831 3539 1181 3613 Christianis
1219 3539 1502 3613 omnibus
1553 3539 1857 3613 plane—pe-

208 3611 497 3684 nitusque
523 3611 910 3682 rejiciendum
940 3616 1004 3684 et
1027 3611 1492 3684 explodendum;
1544 3612 1643 3666 sed
1697 3611 1860 3684 prius

207 3688 281 3740 ab
314 3682 730 3739 iis'fovendum
763 3689 822 3737 et
851 3682 1329 3754 amplexandum,
1381 3688 1552 3754 atque
1599 3686 1664 3736 ut
1717 3682 1861 3737 illud

207 3759 634 3828 assequantur,
663 3755 802 3815 totis
850 3753 1237 3810 adnitendum
1287 3753 1506 3826 ingenii
1557 3754 1862 3824 animique

208 3829 462 3884 viribus.

285 3901 418 3955 Haec
450 3900 543 3954 est
562 3913 696 3953 vera
723 3912 1122 3968 germanaque
1145 3897 1402 3952 auctoris
1432 3895 1616 3951 nostri
1647 3895 1719 3951 de
1737 3899 1868 3968 stu-

212 3971 312 4027 dio
347 3972 406 4025 in
439 3969 648 4041 gentili
681 3967 1052 4040 philosophia
1083 3985 1116 4041 a
1146 3968 1494 4024 Christianis
1524 3967 1865 4022 hominibus

209 4040 560 4098 collocando
593 4056 760 4096 mens
784 4045 842 4096 et
872 4040 1178 4096 sententia.
1214 4041 1300 4095 Ad
1333 4056 1460 4095 eam
1492 4044 1688 4094 autem
1731 4055 1865 4110 pro-

209 4115 476 4169 bandam
522 4112 635 4166 tria
677 4111 788 4183 ipsi
823 4112 1281 4183 demonstranda
1334 4115 1541 4183 erant.
1569 4111 1639 4165 Et
1680 4110 1868 4180 primo

209 4186 458 4256 quidem
505 4184 569 4238 in
600 4182 715 4237 illa
734 4182 1106 4256 philosophia
1154 4183 1378 4255 gentilii
1403 4182 1698 4253 variisque
1740 4184 1870 4256 ejus

207 4253 389 4311 sectis
437 4271 578 4310 vera
619 4253 886 4325 quaedam
935 4253 1548 4323 placita'documenta
1595 4253 1868 4325 inveniri.

207 4327 484 4383 Secunda
515 4324 898 4381 Hebraeorum
933 4327 1286 4391 doctrinam,
1313 4325 1650 4397 Moysisque
1687 4324 1872 4397 libros

204 4399 434 4454 caeteris
457 4399 745 4453 omnibus
774 4397 988 4453 Graecis
1011 4413 1144 4452 cum
1171 4395 1711 4468 philosophis,tum
1739 4395 1874 4468 aliis

1991 406 2269 462 omnibus
2285 406 2650 478 philosophis
2680 413 2850 462 aetate
2878 423 3006 463 esse
3029 406 3508 478 provectiores“?
3536 411 3648 468 Ne-

1987 494 2102 548 que
2130 478 2288 534 enim
2316 478 2644 554 certissimo
2681 484 2912 554 tantum
2958 479 3355 550 ipsorummet
3389 499 3653 554 pagano-

1988 565 2143 618 rum,
2178 566 2429 624 quorum
2446 565 2600 624 pene
2623 549 2890 624 infinitus
2913 549 3036 624 erat
3062 567 3366 624 numerus,
3389 549 3644 624 scripto-

1989 637 2124 674 rum
2158 620 2497 692 testimonio
2522 621 2734 676 astruit
2779 627 2837 676 et
2881 622 3267 692 conﬁrmat”,
3319 625 3419 679 sed
3460 620 3640 682 etiam

1985 707 2055 746 ex
2071 691 2372 766 assignate
2393 691 2464 766 ab
2485 693 2630 763 ipsis
2660 694 3002 766 eorumdem
3035 691 3345 750 auctorum
3369 712 3636 766 suorum,

1986 779 2088 818 seu
2119 763 2631 836 philosophorum,
2657 781 2756 819 seu
2780 764 3142 835 sapientum,
3173 763 3636 836 atquealiorum,

1986 839 2304 910 necnonet
2336 835 2583 890 Deorum
2615 841 2800 910 aetate,
2831 853 2919 910 Aac
2951 836 3130 891 variis
3167 835 3425 910 illarum,
3446 835 3642 910 atque

1984 905 2568 979 etiamrrllebraaoirum
2601 911 2659 961 et
2707 907 3178 979 Christianorum
3219 905 3637 979 chronologiis,

1988 976 2084 1049 uti_
2102 976 2252 1030 infra
2284 993 2317 1032 a
2344 976 2514 1031 nobis
2546 978 2738 1032 fusius
2783 978 3187 1049 liquidiusque
3212 976 3634 1036 declarabitur.

2054 1047 2467 1123 D_enique_non
2504 1049 2717 1123 minori
2736 1047 2859 1123 ille
2880 1047 3167 1105 evidentia
3194 1053 3421 1107 Graecos
3448 1052 3636 1123 philo-

1983 1119 2200 1190 sophos
2219 1119 2478 1194 _eo_fu_res
2502 1119 2936 1194 plagiariosun
2966 1138 3095 1177 esse
3125 1119 3636 1194 convincitfquod

1983 1206 2052 1244 ex
2084 1190 2268 1264 sacris
2299 1190 2674 1246 Hebraioru’m
2694 1191 2861 1247 libris
2884 1197 3083 1264 omnia
3104 1190 3512 1264 subripuerint
3535 1211 3636 1250 ve-

1982 1277 2046 1335 ra
2075 1278 2183 1317 sua
2204 1263 2441 1335 decreta
2459 1278 2524 1335 ac
2549 1264 2923 1320 documenta.
2957 1263 3117 1326 Quod
3152 1265 3391 1335 quidem
3423 1265 3521 1320 ille
3551 1267 3637 1321 in-

1982 1333 2052 1386 de
2077 1335 2283 1408 probat
2327 1333 2390 1400 ⁵⁸,
2427 1334 2564 1408 quia
2595 1335 3116 1408 eorumicoryphaai
3151 1333 3208 1390 et
3264 1338 3634 1408 antesignani

1981 1403 2192 1478 cuneta
2219 1403 2612 1478 haecuplaeita
2669 1421 2736 1460 ex
2789 1403 3041 1461 Hebreeis
3095 1409 3269 1476 atque
3323 1403 3632 1478 Egyptiis,

1981 1423 2192 1460 cuncta
2219 1423 2341 1459 haec
2398 1423 2612 1528 piacua
2669 1423 2736 1460 ex
2790 1423 3041 1461 uenrazis
3095 1423 3269 1476 atque
3323 1423 3628 1478 mgyptns,

1980 1477 2136 1547 apud
2171 1491 2318 1547 quos
2351 1474 2388 1528 il
2423 1477 2437 1530 i
2467 1476 2566 1531 diu
2601 1482 3028 1544 remanserant,
3065 1482 3166 1531 aut
3197 1478 3326 1533 viva
3355 1486 3628 1544 voce,aut

1978 1545 2314 1621 ex__illorum
2344 1547 2687 1621 scriptis,in
2716 1548 2978 1619 linguam
3003 1553 3335 1621 suamtunc
3356 1550 3623 1621 redditis,

1979 1618 2399 1692 delibaverant.
2434 1619 2655 1692 Deinde
2685 1618 2830 1674 vero,
2864 1621 3025 1676 varia
3075 1619 3504 1692 multiplicique
3536 1618 3624 1676 in?-

1977 1689 2250 1745 ductione
2282 1689 2623 1762 singulatim
2684 1692 3002 1762 recenset‘9
3055 1689 3321 1762 quaenam
3367 1689 3485 1748 sint
3521 1693 3626 1748 do-

1974 1767 2196 1831 gmata,
2229 1777 2358 1831 quae
2388 1761 2605 1815 ethnici
2642 1761 2975 1833 philosophi
3007 1761 3222 1818 divinis
3255 1762 3374 1818 illis
3403 1780 3471 1819 ex
3495 1765 3622 1820 fou-

1972 1833 2523 1907 tibus_ha_userunt,
2575 1833 2726 1907 ‘243
2775 1837 2950 1907 atque
2981 1849 3079 1888 eos
3139 1834 3278 1907 turti
3327 1839 3385 1889 et
3439 1834 3623 1907 plagii

1969 1904 2452 1976 manifestissime
2479 1905 2752 1973 coarguit
2773 1905 3048 1976 furesque
3069 1921 3194 1960 esse
3223 1904 3616 1962 demonstrat.

1968 1975 2253 2030 Praeterea
2294 1976 2563 2030 observat
2610 1983 2813 2031 auctor
2840 1975 3040 2031 noster
3058 1977 3123 2043 ⁸ο,
3176 1981 3312 2031 ante
3356 1979 3614 2032 Graecam

1969 2046 2283 2119 Scriptura;
2313 2045 2871 2119 interpretationem,
2901 2046 3063 2119 ipsas
3119 2047 3294 2119 etiam
3328 2049 3623 2119 mulieres

1969 2119 2040 2172 ab
2073 2117 2299 2190 angelis
2329 2117 2595 2190 quaedam
2642 2119 2708 2174 de
2763 2117 2958 2174 divina
3012 2118 3380 2190 providentia
3411 2120 3616 2176 rebus-

1969 2204 2081 2260 que
2112 2189 2457 2261 ccelestibus
2481 2189 2834 2245 documenta
2865 2189 3182 2261 accepisse.
3230 2191 3415 2246 Addit
3449 2191 3618 2246 deni-

1968 2261 2137 2332 que“
2174 2260 2554 2332 philosophos
2583 2277 2653 2316 ex
2682 2261 2866 2316 sacris
2899 2260 3203 2332 prophetis
3231 2261 3391 2318 varia
3421 2278 3618 2319 excer-

1967 2331 2501 2406 psisse’dogma’ta,
2553 2348 2679 2402 quis
2727 2331 3047 2404 aliquando
3099 2335 3244 2388 bene
3297 2337 3354 2388 et
3403 2336 3620 2406 saepius

1969 2402 2120 2459 male
2151 2402 2585 2458 intellexerunt.

1944 2484 1954 2493 '
2039 2474 2141 2555 ills
2169 2474 2350 2555 igitur
2380 2473 2733 2555 ﬁrmissimis
2760 2474 3088 2555 rationibus
3138 2477 3195 2529 et
3255 2475 3620 2555 argumentis

1967 2545 2408 2618 evidentissime
2438 2545 2704 2618 Clemens
2735 2545 2959 2615 colligit
2987 2560 3123 2618 vera
3147 2546 3417 2618 quaedam
3450 2563 3482 2601 a
3512 2563 3618 2618 pa-

1966 2617 2137 2688 ganis
2170 2616 2534 2688 philosophis
2584 2620 2808 2672 asserta
2854 2621 2912 2671 et
2941 2617 3158 2688 tradita
3206 2617 3387 2688 fuisse
3434 2616 3618 2673 doeu-

1969 2687 2184 2759 menta,
2209 2687 2464 2758 atquein
2498 2687 2650 2742 hanc
2671 2688 2919 2743 ethnicis
2963 2687 3341 2758 philosophias
3386 2693 3615 2759 partem

1967 2758 2316 2815 Christianis
2349 2760 2628 2814 omnibus
2655 2759 2810 2813 haud
2845 2759 3220 2829 indiligenter
3250 2758 3610 2815 incumben-

1967 2831 2131 2884 dum.
2185 2830 2360 2885 Porro
2417 2835 2614 2884 autem
2675 2829 2848 2884 sicuti
2907 2836 3134 2884 certum
3167 2834 3257 2884 est
3287 2831 3484 2899 plures
3537 2832 3610 2886 ab

1966 2919 2032 2957 eo
2054 2901 2112 2956 in
2141 2918 2309 2973 suam
2336 2901 2712 2972 postmodum
2736 2902 3020 2973 adductos
3045 2901 3227 2956 fuisse
3243 2902 3611 2973 sententiam,

1967 2974 2048 3028 ita
2078 2989 2219 3027 sane
2241 2972 2334 3027 ille
2360 2987 2547 3045 neque
2573 2973 2799 3044 primus
2824 2972 3064 3045 hujusce
3091 2973 3386 3045 opinionis
3407 2972 3614 3045 auctor

1970 3051 2028 3100 et
2058 3049 2333 3110 assertor,
2361 3043 2545 3114 neque
2576 3049 2708 3099 ante
2733 3060 2937 3115 omnes
2960 3043 3106 3098 alios
3132 3043 3614 3115 philosophicum

1971 3061 2028 3100 et
2058 3061 2333 3110 assertor,
2361 3061 2545 3114 neque
2576 3061 2708 3099 ante
2733 3061 2937 3100 omnes
2960 3061 3106 3098 auos
3131 3061 3614 3167 philosophicum

1971 3116 2234 3172 studium
2265 3131 2399 3171 cum
2431 3115 2612 3170 sacris
2642 3114 3106 3170 Christianorum
3154 3115 3342 3170 itteris
3365 3117 3616 3172 coniun-

1963 3187 2121 3242 xisse
2145 3187 2313 3242 nobis
2342 3187 2587 3241 videtur.
2637 3186 3280 3256 Testatumﬂsiquidem
3325 3186 3618 3242 Eusebius

1969 3259 2136 3312 nobis
2165 3258 2297 3328 facit
2321 3257 2627 3328 Origenem
2653 3261 2716 3310 ut
2741 3255 3179 3328 nonnullis,qui
3212 3257 3462 3328 nimium
3485 3259 3616 3326 ejus

1967 3329 2026 3400 in
2049 3327 2254 3399 gentili
2290 3327 2658 3400 philosophia
2687 3327 2949 3400 studium
2974 3327 3496 3400 reprehendebant,
3523 3343 3618 3400 se-

1967 3397 2162 3470 ipsum
2181 3397 2600 3470 purgaret,hiec
2619 3398 2958 3470 quaedamin
2973 3397 3616 3470 epistglascripsisse":

1975 3467 2385 3525 «'Cum’totum
2419 3486 2508 3525 me
2539 3467 2897 3524 addixissem
2926 3467 3100 3523 verbo
3134 3467 3258 3534 Dei,
3291 3467 3376 3524 ac_
3407 3469 3478 3525 de
3505 3485 3616 3526 no-

1970 3545 2094 3597 stra
2124 3541 2452 3595 eruditione
2477 3540 2770 3608 famajam
2795 3539 3022 3594 crebior
3042 3544 3435 3611 spargeretur,
3469 3556 3614 3597 con-

1972 3612 2292 3667 ﬂuentibus
2319 3613 2390 3667 ad
2425 3629 2515 3666 me
2545 3628 2698 3665 nunc
2733 3611 3042 3676 hiereticis,
3078 3628 3232 3667 nunc
3277 3611 3609 3668 Graecarum

1974 3682 2417 3754 disciplinarum
2463 3682 2770 3750 studiosis,
2822 3686 2878 3737 ct
2924 3681 3178 3738 maxime
3222 3682 3615 3755 philosophis,

1974 3755 2682 3826 scrutariihiereticorum
2733 3755 3027 3824 dogmata,
3076 3759 3133 3810 et
3177 3770 3542 3826 quaecunque
3595 3771 3629 3811 a

1975 3825 2337 3898 philosophis
2373 3827 2444 3882 de
2474 3827 2734 3898 veritate
2748 3827 3079 3898 jactantur,
3097 3831 3366 3898 excutere
3399 3825 3619 3882 ocnsti-

1973 3896 2080 3953 tui.
2101 3896 2290 3968 Atque
2324 3897 2432 3952 hoc
2465 3897 2713 3953 fecimus
2743 3896 3000 3952 Pantaeni
3026 3896 3207 3968 illius,
3237 3897 3338 3968 qui
3367 3902 3502 3954 ante
3523 3913 3631 3953 nos

1978 3967 2784 4040 multis’protuit,exemplum
2809 3967 3135 4040 secuti,qui_
3161 3967 3398 4038 quidem
3421 3969 3631 4040 hujus-

1979 4040 2138 4096 modi
2170 4038 2506 4111 cognitione
2532 4038 2669 4111 non
2721 4038 3093 4095 mediocriter
3125 4038 3450 4095 instructus
3473 4038 3586 4095 fuit
3614 4055 3628 4106 ;

1980 4117 2106 4167 tum
2139 4110 2411 4180 Heraclaa,
2445 4110 2545 4183 qui
2578 4128 2733 4166 nunc
2763 4111 2915 4165 inter
2961 4111 3331 4183 presbyteros
3379 4111 3628 4167 Alexan-

1982 4184 2165 4239 drinae
2207 4183 2370 4238 sedet
2409 4181 3055 4254 Ecclesiae,iquemego
3087 4181 3240 4254 apud
3277 4183 3629 4254 magistrum

1983 4254 2368 4326 philosophiae
2399 4255 2608 4325 reperi,
2633 4253 2906 4324 quintum
2926 4253 3052 4323 jam
3075 4253 3294 4326 annum
3319 4253 3629 4326 eieperam

1985 4325 2244 4394 dantem,
2279 4327 2622 4396 priusquam
2655 4341 2761 4393 ego
2820 4325 3108 4394 ejusmodi
3154 4325 3477 4381 doctrinam
3530 4342 3628 4379 au-

1986 4397 2242 4452 scultare
2265 4397 2595 4464 cmpissem.
2623 4417 2650 4445 ››
2663 4397 2810 4450 Tum
2826 4399 3104 4450 continuo
3127 4397 3292 4450 addit
3312 4396 3628 4452 Eusebius:

206 4470 615 4541 scriptoribus
637 4485 768 4541 esse
789 4442 1660 4541 antiquioreszertioltandem
1683 4467 1873 4541 ex_iis—_
1907 4442 1951 4505 D
1987 4491 2013 4519 ‹‹
2040 4474 2228 4538 Atque
2250 4442 2478 4541 idcirco
2505 4483 2639 4541 cum
2658 4467 2903 4541 vulgari
2918 4473 3076 4521 veste
3107 4473 3280 4541 antea
3313 4468 3633 4541 usursrt‘uis-

213 4537 346 4597 dem
380 4542 643 4596 Hebraeis
672 4547 730 4596 et
756 4537 949 4606 Moyse
980 4541 1253 4610 decerpta
1297 4539 1478 4594 fuisse
1519 4539 1622 4594 illa
1646 4537 1874 4610 veritati

215 4621 276 4669 et
305 4613 578 4685 aequitati
621 4617 1016 4685 consentanea
1046 4608 1337 4685 dogmata,
1371 4627 1499 4685 quae
1531 4609 1711 4665 Graeci
1748 4608 1878 4685 phi-

221 4680 457 4752 losophi
495 4685 624 4740 suis
653 4684 712 4738 in
742 4683 962 4737 scholis
988 4680 1163 4752 atque
1186 4680 1421 4752 scriptis
1443 4683 1790 4752 docuerunt.
1819 4680 1881 4733 At

219 4759 336 4812 tria
361 4750 488 4812 hinc
518 4756 622 4810 illa
649 4755 708 4809 in
741 4756 864 4810 suis
896 4750 1258 4810 Stromatum
1298 4750 1464 4808 libris
1495 4750 1884 4806 invictissime

228 4830 621 4883 demonstrat.

302 4901 567 4955 Primum
591 4897 886 4970 siquidem
901 4894 1092 4970 palam
1113 4894 1438 4970 ostenditin
1463 4892 1728 4970 qualibet
1751 4891 1882 4970 phi:

224 4970 614 5042 los0phorum
647 4961 807 5042 secta
833 4961 1104 5039 quaedam
1137 4968 1396 5032 decreta,
1424 4961 1515 5042 vel
1544 5036 1556 5042 _
1576 4961 1766 5042 plura‘
1793 4961 1882 5042 vel

230 5033 519 5120 paueiora
542 5039 774 5120 veritati
808 5033 1060 5120 consent}
1096 5033 1884 5120 reverareperirifQuamvis

230 5105 423 5189 autem
462 5113 562 5189 illa
595 5113 653 5166 in
685 5128 888 5189 eorum
919 5111 1085 5189 libris
1106 5115 1164 5166 et
1193 5105 1428 5189 scriptis
1457 5108 1630 5188 longe
1657 5122 1773 5189 ase
1795 5105 1887 5189 in-

229 5186 418 5240 vicem
461 5185 728 5259 disperea
759 5183 1172 5259 disjunctaque
1204 5181 1444 5250 lateant,
1478 5181 1752 5250 quisquis
1793 5181 1885 5259 ta-

234 5273 368 5311 men
409 5272 479 5311 ea
515 5251 695 5310 simul
748 5251 1045 5323 collegerit
1078 5251 1415 5324 secumque
1440 5251 1885 5324 comppsuerit,

229 5328 530 5382 veritatem
566 5327 712 5380 citra
742 5321 1069 5396 periculum
1100 5321 1678 5396 contemplabitur“.

301 5397 571 5453 Secundo
603 5394 781 5452 variis
807 5397 1071 5452 Clemens
1088 5394 1421 5466 validisque
1446 5394 1744 5448 rationum
1769 5406 1892 5446 mo-

1890 5557 1948 5613 p-
1979 5541 2136 5613 642;,
2195 5538 2306 5613 "1:
2341 5557 2381 5613 1..

291 5543 337 5576 ‘9
367 5541 592 5597 Strom.
627 5539 666 5594 l.
694 5557 770 5609 vx,

215 5614 259 5647 ⁵⁵
290 5612 391 5668 lib.
424 5627 443 5664 ι
472 5615 725 5680 Strom.,
761 5628 814 5683 p.
846 5611 952 5664 298
983 5616 1039 5666 et
1070 5628 1220 5684 seq.,

228 5700 353 5738 seu.
428 5682 472 5718 ⁵³
503 5681 682 5738 ibid..
717 5699 772 5738 ο.
805 5683 913 5738 302
941 5688 998 5738 et
1024 5700 1146 5738 seu.

228 5700 353 5756 seq.
429 5699 472 5718 νο
503 5699 682 5766 mia.”
717 5699 772 5755 p.
805 5699 913 5738 suz
941 5699 998 5738 et
1024 5700 1146 5755 seq.

235 5756 360 5814 seb.
389 5753 434 5812 l.
462 5771 544 5824 v1,
570 5753 748 5825 Hist,
780 5771 831 5813 ο.
863 5754 952 5826 19,
985 5771 1044 5828 p.
1073 5756 1206 5811 221.

807 5556 861 5611 p.
888 5539 1014 5612 sie.
1092 5540 1138 5575 ιο
1166 5539 1309 5596 ibid.
1341 5556 1396 5612 p.
1429 5541 1557 5598 694.
1635 5543 1678 5578 ει
1711 5541 1854 5597 ibid.

1273 5610 1468 5695 Et?!"
1499 5620 1556 5668 θ¹⁵
1586 5615 1731 5695 εξίῖἶῖ
1759 5612 1815 5695 1'.
1831 5610 2161 5695 Y‘;.P;67§;

717 5681 775 5755 pl
805 5683 918 5756 3042A
941 5688 998 5738 et
1024 5681 1172 5755 seqf
1223 5681 1462 5751 "ibid.,
1495 5701 1556 5756 p.
1598 5687 1726 5754 512,
1759 5683 1862 5740 318

1979 5685 2041 5740 12.
2117 5682 2162 5717 ⁶⁰
2193 5681 2232 5737 l.
2265 5700 2321 5752 v,
2351 5699 2407 5754 p.
2431 5681 2558 5752 560,
2587 5683 2717 5754 591,
2748 5686 2862 5740 etc.

1987 4545 2095 4608 set,
2127 4557 2194 4593 ea
2233 4539 2518 4610 deposita,
2571 4538 3048 4610 philosophicum
3108 4538 3314 4610 induit,
3347 4540 3637 4606 habitum,

1990 4628 2165 4681 quem
2189 4609 2516 4666 etiamnum
2548 4609 2834 4675 retinens,
2865 4609 3197 4664 Graecorum
3257 4609 3445 4667 libros
3500 4616 3635 4666 stu-

1992 4680 2153 4736 diose
2174 4681 2431 4737 evolvere
2456 4699 2569 4738 non
2593 4682 2893 4738 desistit.»
2936 4680 3203 4751 Origenis
3235 4686 3432 4737 autem
3465 4682 3644 4738 verba

1993 4758 2190 4824 aperte
2223 4753 2485 4809 indicant
2513 4755 2710 4808 datam
2744 4752 3065 4808 aPantaeno
3097 4752 3482 4825 philosOphiie
3504 4769 3641 4824 cpe-

1995 4840 2140 4879 ram.
2175 4825 2348 4895 Atqui
2380 4826 2650 4880 Clemens
2682 4830 2900 4884 nnster,
2934 4829 3000 4878 ut
3031 4824 3308 4895 superius
3334 4824 3644 4880 adnotavi-

1995 4912 2150 4961 mus,
2185 4895 2402 4951 fatetur
2421 4897 2693 4952 eumdem
2727 4899 3071 4950 Pantaenum
3098 4895 3282 4950 fuisse
3299 4913 3476 4952 suum
3502 4913 3646 4967 pra:-

1993 4971 2308 5038 ceptorem.
2342 4967 2552 5022 Nullus
2579 4967 2763 5039 igitur
2783 4967 3096 5022 dubitandi
3131 4967 3294 5022 locus
3325 4984 3455 5025 esse
3486 4967 3645 5024 vide-

1993 5042 2113 5106 tur,
2146 5039 2288 5108 quin
2323 5040 2489 5110 prius
2534 5040 2852 5094 Pantaenus
2906 5055 3085 5110 quam
3134 5043 3337 5095 noster
3385 5039 3654 5094 Clemens

1995 5056 2113 5106 tur,
2146 5056 2288 5108 quin
2323 5056 2489 5110 prius
2534 5056 2852 5094 rantaenus
2949 5056 3085 5093 uam
3134 5056 3337 5095 noster
3385 5056 3654 5094 Clemens

1995 5126 2172 5165 sacrae
2195 5111 2508 5180 Scriptura:
2527 5125 2795 5181 versaque
2818 5056 3205 5180 philosophiae
3230 5112 3493 5167 studium
3518 5125 3654 5166 con-

1989 5181 2270 5251 junxerit.
2306 5183 2506 5239 Utrum
2541 5186 2738 5238 autem
2771 5182 2844 5236 ab
2877 5181 3076 5252 aliquo
3110 5182 3223 5237 alio
3255 5188 3394 5239 ante
3423 5183 3652 5252 Pantae-

1997 5269 2140 5307 num
2171 5253 2230 5308 id
2264 5255 2482 5309 tactum
2531 5254 2629 5322 sit,
2663 5269 2798 5309 cum
2855 5254 2929 5308 ab
2976 5251 3250 5324 Origene,
3296 5253 3525 5311 tametsi
3576 5251 3650 5308 ad

1997 5340 2119 5397 rem
2153 5340 2322 5380 suam
2345 5325 2402 5379 id
2428 5324 2752 5396 plurimum
2776 5324 3398 5397 conduceretrsilentio
3426 5328 3660 5397 praeter-

2000 5395 2292 5464 mittatur,
2327 5395 2559 5452 nec’nos
2597 5397 2835 5468 quidem
2869 5400 3026 5452 certo
3057 5396 3302 5454 definire
3334 5395 3647 5454 audemus.

2417 5556 2471 5610 p.
2503 5541 2626 5595 312.

3083 5611 3125 5645 ιτ
3159 5610 3328 5678 ibid.,
3364 5629 3422 5683 p.
3454 5612 3564 5665 320
3600 5613 3660 5666 et

2728 5539 2772 5574 δε
2804 5538 2973 5609 ibid.,
3002 5556 3062 5612 p.
3085 5539 3236 5612 #329.
3298 5541 3344 5576 δι
3369 5541 3410 5598 1.
3442 5557 3498 5609 ν,
3528 5539 3664 5594 560.

3017 5680 3054 5737 l.
3082 5698 3134 5750 ν,
3165 5699 3224 5756 p.
3257 5680 3384 5739 550'.
3460 5683 3506 5718 ⁶²
3537 5683 3652 5737 Eu-

2264 5611 2308 5645 ⁸⁵
2340 5610 2511 5677 ibid.,
2540 5628 2595 5682 p.
2628 5612 2735 5665 305
2764 5615 2820 5666 et
2851 5628 2912 5667 se
2962 5652 2975 5665 .

2265 5700 2298 5719 υ
2351 5699 2386 5719 η
2433 5684 2538 5719 mn
2589 5683 2684 5719 mi
2748 5686 2837 5719 nh-
2919 5627 2980 5719 (ii
