3990 6152
408 163 433 216 1
442 160 548 216 263

966 278 1373 336 ARTICULUS
1423 280 1494 336 ll.

412 383 704 440 Contraria
732 380 859 435 huic
887 381 1524 521 apiniopiuargumenta
1571 382 1859 437 solvuntur
1887 383 1937 435 et
1966 396 2054 434 re-

1110 467 1137 505 e
1188 463 1379 506 untur.

1110 463 1379 506 elluntur.

1123 161 1196 213 IN
1234 159 1671 214 CLEMENTI!!!
1713 160 1924 212 ALEX.
1966 159 2031 212 D.
2075 159 2166 212 LE
2205 158 2501 214 NOURRY
2538 160 3012 214 DIBSEBTATIO
3048 161 3122 214 II.

3710 157 3827 215 126l

2083 292 2137 360 Α
2169 278 2527 360 utilitatem.
2562 283 2631 334 Et
2665 296 2809 360 vero
2831 279 2961 360 sive
2989 279 3288 360 diabolus,
3329 280 3477 360 sive.
3514 278 3665 360 falsi
3716 296 3832 360 prof

2171 351 2572 423 phetiefurto
2628 351 2848 423 aliquid
2910 351 3166 406 Hebraais
3210 351 3583 423 eripuerint,
3619 359 3833 408 constat

2166 421 2304 506 sane
2335 421 2468 477 illos
2499 423 2670 506 nobis
2695 421 2833 505 vera
2863 424 3125 506 quaedam
3160 421 3487 506 reliquisse
3516 425 3829 506 documen:

2165 500 2244 564 ta,
2277 510 2402 564 quae
2429 513 2468 568 a
2495 494 2843 550 Christianis
2872 495 3069 566 aliquo
3102 511 3214 551 non
3247 494 3373 551 sine
3409 497 3628 551 fructu
3663 496 3830 568 excipi

485 569 761 635 Quamvis
791 565 1107 622 Clementis
1155 567 1468 633 sententia,
1523 583 1556 622 a
1613 568 1784 623 nobis
1835 567 2058 623 sincere
2167 566 2495 636 possunt”.

414 643 702 724 exposita,
750 639 985 724 liisque,
1045 655 1216 724 quos.
1252 640 1608 724 notavimus,
1641 640 2061 722 circumcripta

2239 637 2453 692 Verum
2489 641 2687 692 contra
2707 637 2900 692 adhuc
2931 638 3236 708 urgebant,
3259 638 3366 693 etsi
3401 637 3574 692 Deus
3593 638 3827 707 alicujus

413 708 630 768 ﬁnibus
661 708 715 766 et
747 708 1040 778 terminis,
1061 708 1218 764 nihil
1254 713 1422 780 plane
1455 712 1566 765 nisi
1597 708 1977 766 verissimum
2003 717 2061 765 et
2172 708 2554 780 philosophia
2598 714 2754 764 sator
2802 709 3243 780 seminatorque
3281 709 3536 778 fuisset,
3584 709 3823 766 divinam

413 782 910 864 omnibusnt‘acile
954 783 1322 864 probandum
1359 783 1829 864 complectatur,
1861 783 2060 864 plures

2175 781 2565 863 nihilominus
2591 797 2768 863 super
2795 780 2955 863 illius
2988 787 3245 863 segetem
3278 783 3653 863 pestiferum
3687 798 3826 863 erro-

414 864 613 912 tamen
649 851 1254 926 illiustemporenon
1287 855 1474 908 intimi
1507 851 1662 926 apud
1696 851 2063 909 Christianos
2171 853 2253 906 ris
2278 859 2452 922 atque
2479 851 2797 926 impietatis
2828 851 3032 906 lolium
3056 851 3121 926 et
3145 852 3420 926 _zizania,_
3462 853 3696 924 quibus
3727 853 3824 926 illa

431 926 688 984 nominis
720 927 1085 981 adversarios
1116 925 1387 980 habuit“.
1441 925 1724 990 Quacirca
1771 926 1930 980 varia
1964 942 2063 980 eo-

417 1016 549 1055 rum
582 1003 931 1070 argumenta
957 997 1226 1070 Clemens
1260 1003 1423 1051 tanto
1466 998 1752 1068 integrius
1801 998 2061 1052 candidi-

420 1087 607 1141 usque
638 1069 935 1142 proponit,
971 1069 1162 1139 iisque
1223 1074 1383 1123 tanto
1443 1071 2066 1142 accuratiusorespon-

421 1140 559 1198 dere
603 1140 661 1196 et
709 1141 1051 1196 satisfacere
1083 1144 1352 1211 conatur,
1387 1147 1607 1211 quanto
1650 1140 1883 1211 gravior
1910 1145 1968 1194 et
1997 1140 2067 1194 il-

417 1213 661 1270 lustrior
687 1213 996 1268 videbatur
1025 1227 1155 1267 esse
1181 1210 1418 1266 illorum
1445 1212 1503 1267 in
1533 1210 1796 1268 Ecclesia
1816 1212 2067 1267 auctori-

421 1293 514 1342 tas
532 1287 596 1340 “.

497 1357 577 1411 Ex
606 1355 699 1410 his
727 1358 919 1410 autem
950 1352 1134 1423 aliqui
1157 1352 1515 1423 objiciebant
1549 1353 1980 1425 philosophiam
2007 1352 2067 1408 in

425 1428 732 1483 hominum
767 1425 1086 1496 perniciem
1114 1430 1290 1494 atque
1320 1425 1560 1496 exitium
1593 1443 1706 1480 non
1734 1443 1766 1480 a
1795 1426 1932 1494 Deo,
1965 1425 2067 1480 sed

429 1518 462 1554 a
485 1500 640 1554 malo
671 1495 908 1551 auctore
938 1501 995 1550 et
1041 1495 1294 1566 ipsomet
1335 1495 1578 1568 diabolo
1628 1499 1969 1568 profectam.
2000 1501 2073 1568 At

428 1586 686 1642 quonam
719 1569 911 1642 modo,
943 1569 1259 1642 respondet
1280 1567 1555 1642 Clemens
1572 1567 1641 1642 ξς
1662 1567 2070 1642 philosophiae

427 1639 486 1724 et
513 1639 829 1724 dialecticae
861 1639 1132 1724 inventor
1153 1639 1292 1724 _dici
1336 1644 1530 1724 potest
1559 1639 1848 1724 diabolus,
1881 1639 2067 1724 quem
2105 1661 2148 1724 Β
2180 1639 2332 1718 stolo

427 1713 718 1776 Christus,
751 1728 884 1766 cum
931 1711 1002 1782 ab
1052 1726 1117 1782 eo
1148 1715 1493 1778 tentaretur,
1525 1713 1819 1782 sapienter
1845 1711 2068 1766 elusit?

430 1784 579 1850 Quid
612 1788 831 1851 autem,
855 1781 1009 1852 quod
1043 1781 1314 1838 diabolus
1331 1781 1647 1853 aliquando
1672 1784 1728 1837 in
1753 1782 1902 1838 lucis
1919 1799 2070 1838 com-

430 1859 698 1910 mutatur
717 1853 1132 1924 angelum,qui
1172 1870 1306 1908 vera
1347 1855 1611 1924 quaedam
1646 1860 1702 1908 et
1733 1854 2073 1909 hominibus

429 1927 601 1982 utilia
625 1924 980 1981 annuntiat?
1009 1925 1174 1979 Tunc
1197 1930 1392 1979 autem
1413 1927 1824 1980 tantummodo
1855 1926 2076 1996 decipit

429 1999 720 2064 homines,
745 2013 877 2051 cum
906 2011 1009 2066 per
1028 2011 1182 2060 vera,
1225 2013 1350 2066 quae
1372 1997 1533 2063 dicit,
1561 1997 1694 2052 illos
1735 1997 1991 2052 traducit
2013 2000 2071 2052 in

429 2085 686 2125 errorem
721 2073 777 2122 et
809 2067 1299 2122 mendacium.De
1319 2084 1386 2122 ea
1409 2075 1601 2123 autem
1636 2069 1922 2123 duntaxat
1952 2069 2076 2139 phi-

426 2140 692 2212 losophia
713 2139 1099 2265 quaestionem
1130 2155 1259 2194 esse
1289 2139 1569 2206 diximus,
1603 2156 1730 2210 quae
1762 2141 1988 2194 sincera
2019 2143 2077 2194 et

432 2218 610 2265 certa.
644 2228 723 2265 nu
753 2212 926 2265 lauue
966 2210 1183 2265 erroris
1213 2215 1269 2265 et
1303 2211 1458 2265 falsae
1492 2210 1788 2265 oninionis
1831 2211 2077 2265 fuligine

432 2210 610 2279 certa,
644 2210 926 2282 nullaque
951 2210 1183 2282 erroris
1213 2215 1269 2266 et
1303 2211 1458 2265 falsae
1492 2210 1788 2282 opinionis
1831 2211 2077 2282 fuligine

429 2288 728 2354 corrupta,
782 2281 1146 2352 sempiternae
1202 2282 1466 2338 veritatis
1524 2281 1875 2338 documenta
1905 2281 2076 2339 nobis

425 2355 690 2412 tradidit.
1949 2381 1961 2391 .

501 2429 588 2480 Ad
630 2426 737 2482 hac
768 2440 926 2489 vero,
961 2423 1195 2496 etiamsi
1226 2423 1512 2479 nonnulla
1541 2425 1613 2478 ab
1661 2424 1858 2495 aliquo
1888 2424 2074 2496 impe-

430 2501 540 2554 rite
555 2497 848 2564 dicantur,
874 2511 940 2550 ea
961 2500 1157 2550 tamen
1184 2495 1398 2550 idcirco
1421 2512 1534 2550 non
1559 2497 1851 2563 damnari,
1875 2495 1984 2551 sed
2002 2513 2076 2549 an

429 2569 657 2626 veritati
683 2572 1073 2623 consentanea
1088 2568 1228 2631 sint,
1255 2572 1475 2622 attente
1496 2567 1816 2622 examinari
1840 2569 2074 2622 debent.

431 2645 734 2697 Postremo
765 2654 895 2694 cum
931 2637 1109 2692 Graeci
1148 2637 1481 2709 philosophi
1528 2655 1614 2701 ea,
1663 2641 1743 2694 uti
1798 2639 2076 2706 vidimus,

435 2729 564 2784 quae
591 2728 729 2765 vera
755 2713 1102 2784 docuerunt,
1125 2725 1192 2762 ex
1221 2709 1478 2784 Hebraeis
1509 2709 1914 2780 delibaverint,
1939 2711 1985 2766 si
2011 2727 2080 2765 ea

434 2779 523 2839 vel
557 2786 764 2853 sponte
793 2797 922 2853 sua,
965 2779 1051 2834 vel
1112 2786 1267 2834 metu
1320 2780 1517 2853 aliquo
1565 2779 1948 2853 contemnant
1979 2787 2081 2837 aut

440 2851 738 2924 respuant,
771 2852 941 2924 nobis
971 2855 1126 2924 certe
1148 2868 1259 2904 non
1295 2851 1492 2906 minus
1525 2851 1689 2907 utilia
1706 2859 1880 2924 atque
1902 2853 2076 2908 etiam

437 2921 770 2981 necessaria
789 2939 856 2976 ac
878 2921 1162 2993 divinitus
1177 2927 1529 2977 transmissa
1549 2921 1847 2978 sunt.Haec
1861 2929 2078 2993 autem,

439 2979 591 3053 sicut
613 2996 752 3067 jam
782 2993 1063 3067 diximus,
1114 2992 1215 3067 illa
1260 2998 1350 3048 est
1397 2997 1586 3049 Graeca
1621 2995 2016 3067 philosophia,
2050 2979 2083 3050 ἑ.
2111 2979 2154 3044 C

437 3063 790 3125 Christianis
821 3063 1245 3138 amplectenda,
1279 3081 1343 3119 ac
1376 3071 1588 3120 nostra:
1622 3063 1812 3122 etiam
1845 3063 2081 3138 religio-

440 3141 532 3196 nis
564 3138 1015 3193 fundamentum
1035 3135 1098 3189 ⁸⁸.

512 3212 737 3266 Rursus
770 3210 970 3278 itaque
1009 3205 1280 3261 Clemens
1317 3210 1516 3277 postea
1557 3209 1811 3264 ostendit
1830 3209 1874 3244 ⁶⁷
1904 3226 2020 3264 non
2050 3226 2084 3264 a

436 3282 692 3346 diabolo,
727 3280 828 3334 sed
862 3295 895 3333 a
930 3281 1040 3332 Deo
1077 3279 1205 3351 ipso
1236 3294 1436 3351 revera
1457 3283 1644 3334 ortam
1669 3297 1800 3335 esse
1831 3280 2084 3351 philoso-

434 3355 658 3427 phiam,
690 3356 915 3427 utpote
946 3350 1363 3427 quaihomines
1394 3351 1598 3427 reddat
1635 3350 2082 3427 virtutepraedi-

433 3420 546 3493 tos,
579 3429 636 3480 et
665 3420 836 3492 cujus
869 3438 1012 3494 usus
1045 3420 1693 3494 Graecorumpmnium
1742 3420 1979 3494 Optimis
2026 3428 2085 3478 et

437 3492 914 3570 praitaotissimis
945 3493 1119 3570 datus
1147 3492 1717 3570 fuerit._Quinetiam
1740 3492 2084 3570 gradatione

440 3563 669 3631 iacta“,
698 3564 794 3618 ille
823 3565 1183 3618 demonstrat
1212 3563 1670 3634 omnipotentem
1717 3563 1896 3621 Iieum
1935 3567 2082 3620 divi.

440 3653 701 3707 numque
723 3635 884 3689 illius
905 3636 1172 3707 verbum,
1195 3651 1324 3689 esse
1349 3637 1603 3706 primum
1629 3638 1892 3693 veritatis
1913 3654 2084 3693 veras-

441 3726 555 3782 que
579 3706 856 3763 doctrinae
885 3706 1228 3782 magistrum
1261 3713 1318 3760 et
1350 3713 1788 3782 praeceptorem.

509 3780 718 3860 Contra
740 3794 870 3832 vero
899 3778 1298 3860 69arguebant
1329 3778 1506 3860 aliqui
1538 3785 1794 3860 Graecam
1829 3779 2084 3850 philoso-

440 3852 638 3922 phiam
673 3872 700 3899 ιι
729 3867 864 3904 casu
903 3853 1202 3922 utcunque
1222 3853 1278 3901 et
1305 3850 1536 3922 exiliter
1557 3852 1860 3905 veritatem
1887 3875 1914 3900 ››
1947 3869 2084 3906 con-

437 3921 637 3994 sequi;
670 3922 755 3976 vel
781 3923 826 3976 si
853 3937 979 3991 quas
1003 3935 1136 3974 vera
1163 3921 1386 3986 doceat,
1413 3921 1530 3994 haec
1557 3923 1738 3977 tuisse
1767 3926 1919 3976 furto
1943 3924 2084 3977 sub-

437 3991 577 4049 lata.
612 3997 681 4049 At
711 4009 883 4048 omne
908 3994 1126 4045 furtum
1183 4008 1314 4045 cum
1378 3991 1592 4046 malum
1658 3995 1737 4049 sit
1793 3994 1933 4048 illud
1969 4011 2083 4050 non

443 4071 551 4121 Deo
582 4071 684 4119 aut
713 4065 841 4134 ejus
876 4061 1195 4134 prophetis,
1231 4063 1330 4116 sed
1364 4063 1595 4134 diabolo
1647 4073 1742 4119 aut
1791 4066 2082 4120 inferiori-

440 4137 550 4192 bus
584 4133 963 4208 potestatibus
997 4134 1200 4204 utique
1232 4133 1645 4208 ascribendum
1687 4139 1793 4208 est.
1835 4139 1913 4208 At
1948 4153 2086 4192 sane

441 4205 1158 4278 utru'mqueaCleii-iente
1215 4209 1412 4278 nostro
1473 4206 1642 4262 facile
1701 4207 1964 4263 solvitur.
1995 4210 2080 4263 Ad

438 4281 691 4406 primum
753 4277 1000 4358 quippe.
1030 4277 1410 4357 respondet?
1440 4293 1453 4331 :
1488 4299 1520 4359 «.
1550 4278 1605 4332 Si
1659 4295 1785 4360 non.
1815 4295 2080 4360 compre-

482 4353 646 4406 endit
676 4351 873 4406 Grmca
904 4347 1276 4406 Dbilosonhia
1298 4353 1558 4404 veritatis
1591 4351 2078 4406 magnitudinem.

482 4330 875 4407 endit—Crmca‘
903 4330 1276 4419 philosophia
1298 4330 2078 4420 veritatismagnitudinem,
2117 4330 2159 4394 υ

435 4430 492 4478 et
519 4427 608 4478 est
646 4422 838 4476 adhuc
888 4419 1178 4474 imbecilla
1225 4421 1294 4473 ad
1349 4421 1622 4475 mandata
1654 4421 1884 4477 Domini
1916 4419 2078 4477 exse?

436 4495 691 4565 quenda,
724 4498 784 4547 at
833 4491 1010 4561 regali
1045 4492 1278 4565 quidem
1333 4492 1585 4547 maxime
1616 4493 1892 4547 doctrina:
1922 4494 2076 4548 viam

433 4562 734 4638 praeparat,
771 4571 1077 4638 utcunque
1119 4562 1413 4638 castigans
1461 4568 1519 4638 e_t
1569 4580 1758 4620 mores
1791 4565 1954 4638 prius
1988 4566 2076 4618 in-

431 4634 710 4700 l'orifians,
735 4640 792 4691 et
825 4636 895 4689 ad
922 4634 1359 4704 suscipiendam
1390 4634 1695 4690 veritatem
1720 4637 2076 4691 conﬁrmans

429 4726 586 4774 eum,
620 4708 718 4779 qui
760 4707 1034 4777 opinatur
1079 4707 1201 4775 (seu
1231 4705 1548 4779 existimat)
1599 4723 1725 4761 esse
1767 4708 2073 4778 providen-

430 4781 593 4835 tiam.
629 4777 656 4828 ὖ
686 4780 768 4833 Ad
802 4779 1126 4833 secundum
1172 4793 1305 4831 vero
1340 4793 1352 4830 :
1390 4799 1416 4826 .‹
1447 4777 1742 4850 Aliquam,
1769 4777 2074 4850 inquit",

433 4852 745 4906 utilitatem
779 4849 985 4904 habuit
1013 4850 1256 4914 furtum,
1308 4849 1460 4918 quod
1505 4850 1732 4903 redibat
1764 4852 1832 4904 ad
1880 4849 2075 4905 homi-

434 4940 554 4990 nes,
587 4939 698 4976 non
734 4921 888 4992 quod
924 4920 973 4972 is
996 4920 1093 4990 qui
1127 4919 1423 5044 subripuit
1469 4919 1611 4974 utile
1642 4921 1754 4976 sibi
1787 4937 2076 4992 pr0pone-

434 5001 537 5044 ret-
571 4994 668 5044 sed
706 4991 1070 5044 nrovidentia
1101 4991 1171 5044 ad
1207 4993 1285 5044 uti
1317 5007 1345 5044 θ
1378 4991 1657 5044 dirigeret
1689 4994 1930 5044 audacis
1962 5010 2074 5044 cm-

431 5001 537 5064 ret,
571 4994 668 5049 sed
705 4991 1070 5063 providentia
1101 4991 1171 5044 ad
1207 4991 1345 5045 utile
1378 4991 1657 5064 dirigeret
1689 4991 1930 5064 audacis
1962 5010 2074 5048 cm-

429 5063 885 5138 pti’eventum.»
911 5063 1479 5138 Quoscunqueenim
1511 5080 1653 5118 verae
1688 5063 2074 5138 philosophia;

430 5133 710 5208 dogmata
741 5137 962 5190 furatos
993 5151 1120 5208 esse
1144 5133 1638 5208 dixeris,ccrte_ex
1669 5133 1873 5208 eorum
1896 5133 2074 5206 furto,

430 5205 584 5280 quod
619 5209 734 5264 Deo
767 5224 880 5261 non
913 5205 1150 5276 quidem
1185 5211 1448 5280 auc_tore,_
1470 5205 1568 5260 sed
1607 5223 1721 5280 non
1755 5205 2074 5276 prohibeo?-

429 5275 508 5352 t'e,
532 5279 859 5337 admissum
883 5275 992 5348 eat,
1016 5282 1266 5349 possunt
1291 5275 1560 5332 homines
1584 5275 1842 5348 aliquam
1867 5295 2075 5351 capere

490 5493 537 5529 ⁸⁸
566 5493 780 5547 Strom.
816 5489 915 5544 lib.
948 5506 986 5556 ι,

423 5566 550 5628 642,
580 5564 708 5627 643,
737 5562 842 5615 693
873 5565 930 5616 et
960 5561 996 5613 i.
1032 5578 1131 5628 vn,

427 5651 480 5702 p.
513 5635 640 5694 311,
673 5635 794 5688 312.
872 5631 1111 5697 13ibid.,

1021 5506 1076 5560 p.
1108 5490 1234 5544 278.
1329 5489 1376 5525 ⁸⁸
1406 5489 1572 5556 ibid.,
1608 5507 1664 5561 p.
1695 5490 1819 5544 292.

1164 5579 1221 5632 ρ.
1262 5563 1352 5616 70.
1429 5562 1474 5595 ⁸⁸
1503 5562 1540 5617 l.
1573 5579 1652 5631 Vi,

1924 5492 1969 5526 ⁸³
2000 5490 2040 5546 l.
2071 5507 2129 5545 VI

1695 5492 1819 5544 292.
1924 5492 1969 5526 ⁸³
2000 5492 2040 5546 l.
2071 5507 2129 5545 vr
2161 5508 2216 5563 p.
2247 5492 2354 5546 647
2386 5495 2442 5548 et
2472 5508 2596 5565 seq.

1688 5578 1744 5632 p.
1775 5562 1902 5625 644.
1985 5561 2172 5629 “1.1,
2209 5580 2264 5632 p.
2299 5565 2404 5618 309
2433 5569 2489 5620 et
2519 5581 2596 5620 sei

1147 5649 1202 5702 p.
1235 5635 1359 5687 648.
1437 5633 1482 5667 ⁷⁵
1514 5639 1536 5688 Ι
1567 5634 1693 5688 Cor.
1728 5648 1790 5698 ii,
1823 5635 1877 5688 6.
1955 5635 2000 5668 ⁷⁵
2029 5633 2246 5690 Strom.
2282 5633 2321 5699 1,
2350 5652 2430 5704 vr,
2462 5637 2587 5691 675.

2176 929 2477 994 perempta
2537 933 2627 978 est
2675 924 2893 994 impius
2926 923 3196 996 agricola
3225 923 3514 996 diabolus
3547 924 3761 996 sparsit
3781 934 3824 980 et

2175 996 2603 1049 disseminavit.
2640 998 2727 1063 At,
2773 994 2967 1066 inquit
2989 994 3263 1050 Clemens
3281 996 3348 1061 ⁷³,
3400 994 3600 1051 idem'
3632 999 3823 1050 erroris

2174 1067 2579 1138 etimpietatis
2625 1066 2823 1121 lolium
2870 1083 3064 1138 super
3117 1067 3429 1122 verissima
3495 1068 3823 1123 Christiana

2176 1136 2477 1211 religionis
2504 1138 2736 1193 decreta
2756 1139 2836 1211 ab
2867 1136 3158 1194 haereticis
3187 1154 3472 1211 sparsum
3511 1144 3629 1194 est.
3679 1139 3818 1194 Nun-

2176 1210 2318 1281 quid
2349 1225 2486 1280 ergo
2537 1225 2662 1264 eam
2714 1210 2798 1281 ob,
2841 1226 3078 1265 causam
3113 1210 3555 1281 proscribenda
3614 1217 3704 1266 est
3745 1228 3817 1266 ea-

2176 1279 2310 1336 dem
2341 1279 2672 1336 Christiana
2700 1279 2955 1351 religio?
3007 1279 3149 1346 Quis
3181 1282 3296 1337 nisi
3346 1283 3514 1338 male
3561 1283 3693 1338 sani
3740 1299 3812 1339 ca-

2178 1353 2319 1424 pitis
2370 1353 2545 1407 homo
2586 1352 2645 1406 id
2701 1369 2958 1424 unquam
3011 1353 3378 1409 somniavit?
3437 1353 3814 1417 Quamobrem

2180 1423 2680 1494 quemadmodum
2730 1423 2880 1478 falsa
2909 1429 2968 1479 et
3000 1425 3258 1480 absurda
3306 1425 3811 1496 phi1090phorum,

2180 1498 2336 1552 244
2369 1496 2449 1549 uti
2484 1496 2924 1566 Epicureorum,
2983 1496 3057 1551 de
3103 1496 3427 1567 voluptate,
3462 1506 3521 1552 et
3554 1497 3673 1553 alia
3699 1515 3810 1554 con-

2179 1574 2288 1640 tra
2324 1567 2900 1640 rectam_rationem
2940 1568 3314 1640 documenta,
3371 1585 3514 1638 quae
3572 1570 3644 1624 ab
3698 1573 3812 1640 Apo-

2392 1637 2742 1709 «sapientia
2801 1639 2981 1709 hujus
3038 1639 3295 1694 seculi»
3359 1637 3810 1709 vbeanturi‘,'iih

2183 1710 2461 1766 omnibus
2493 1710 2776 1782 proscribi
2808 1715 2866 1782 et
2895 1711 3190 1782 repudiari
3219 1711 3444 1767 debent
3491 1713 3560 1778 ⁷⁵,
3595 1712 3671 1767 ita
3714 1712 3808 1766 sin-

2181 1782 2367 1854 gulari
2402 1797 2638 1854 quoque
2668 1781 2755 1836 illi
2786 1781 3172 1854 philosophia
3223 1784 3656 1848 insistendum,
3704 1800 3806 1854 quae

2185 1852 2313 1908 vera
2344 1852 2523 1907 tradit
2578 1854 2843 1925 perfectis
2901 1852 3160 1909 scientiis
3207 1854 3532 1920 elementa,
3567 1860 3622 1911 et
3651 1852 3800 1921 in'i'is,

2183 1941 2308 1996 qua:
2340 1924 2666 1995 spiritua’lia
2688 1931 2744 1978 et
2776 1931 2989 1980 aeterna
3019 1931 3178 1991 sunt,
3211 1942 3454 1996 semper
3487 1933 3755 1980 versatur.

2257 1996 2378 2051 Non
2400 1995 2556 2068 rsinit
2587 2011 2724 2067 ergo
2747 1998 3022 2068 Clemens
3053 1997 3164 2050 sibi
3198 1995 3466 2068 amplius
3499 1999 3670 2068 objici
3699 1996 3803 2068 phi-

2183 2067 2509 2148 losophiam
2545 2069 2616 2122 ab
2644 2067 3604 2192 ipsismet.pagauis'philosophis
3652 2067 3802 2150 fuisse

2183 2139 2554 2192 inventam".
2591 2141 2980 2192 0uantumv13
3009 2155 3165 2192 enim
3198 2155 3212 2191 i
3245 2140 3353 2192 lam
3385 2142 3464 2192 ab
3497 2141 3800 2192 hominibus

2183 2139 2554 2194 inventam".
2591 2139 2980 2204 Quantumvis
3009 2139 3165 2193 enim
3198 2139 3353 2194 illam
3385 2139 3800 2195 ab'hominibus

2183 2209 2636 2280 accepissemus,
2666 2211 2737 2264 ab
2759 2227 2828 2266 ea
2851 2209 3237 2266 nihilominus
3267 2218 3326 2266 et
3349 2211 3590 2266 Domini
3618 2210 3797 2267 imbui-

2184 2299 2318 2336 mur
2348 2281 2704 2362 doctrina;et
2739 2297 2866 2362 quas
2902 2282 3164 2337 facienda
3207 2299 3242 2338 a
3285 2283 3458 2362 nobis
3477 2288 3612 2362 sunt
3629 2284 3798 2362 edoce-

2185 2353 2622 2426 mur.Praaterea
2653 2353 2828 2408 variis
2859 2369 3158 2426 sacrorum
3191 2356 3553 2426 scriptorum
3581 2355 3798 2410 testimo-

2135 2424 2618 2498 -niis__Clemens
2669 2429 2867 2498 procat
2925 2425 3121 2498 omnis
3189 2424 3465 2482 humana:
3534 2427 3792 2498 sapientia

2186 2495 2586 2621 Lntefllligentize
2617 2495 2902 2567 originem
2935 2496 2993 2550 in
3025 2501 3206 2552 Deum
3237 2499 3437 2569 ipsum
3469 2495 3793 2554 esse—refun-

2228 2585 2294 2621 en
2345 2584 2461 2621 am.

2187 2570 2461 2624 dendam.

2260 2639 2409 2714 Quid
2439 2653 2611 2714 ergo,
2632 2631 2946 2714 instabant
2974 2638 3073 2714 alii
3106 2655 3300 2714 nonne
3347 2640 3420 2714 ab
3465 2640 3714 2714 Apostolo
3740 2639 3784 2693 in

2189 2711 2313 2783 suis
2371 2709 2648 2783 Epistolis
2705 2710 3073 2783 philosophia
3143 2709 3783 2783 Christianis-omnibus

2190 2781 2362 2856 plane
2396 2781 2745 2856 penitusque
2775 2781 3518 2856 interdictaprohibitaque
3544 2783 3680 2856 fuit?
3700 2781 3781 2856 Mi-

2190 2853 2347 2908 nime
2379 2853 2664 2923 geutium,
2699 2856 3012 2924 respondet
3049 2853 3317 2911 Clemens
3361 2853 3597 2910 "(Falsa
3618 2854 3774 2923 siqui-

2191 2925 2347 2990 dem,
2383 2940 2640 2998 _erronea
2671 2932 2730 2998 et
2759 2926 2943 2996 impia
2993 2931 3221 2981 tantum
3277 2925 3766 2998 pbilosopbiedog-

2193 3000 2349 3050 mata
2383 2995 2595 3067 Paulus
2627 2997 2817 3067 rejicit
2847 2995 2903 3050 et
2949 2997 3240 3067 repudiat.
3277 2995 3573 3064 Quinetiam
3618 2995 3750 3067 idem

2198 3087 2222 3144 ε
2253 3066 2586 3144 Apostolus,
2621 3064 3215 3144 utialibiifglemens
3246 3069 3487 3144 loquitur,
3534 3082 3631 3121 non
3669 3064 3743 3144 vi:

2191 3139 2362 3193 detur
2392 3138 3277 3212 reprehenderephilosophiam
3307 3138 3331 3208 ;“
3358 3140 3445 3195 sed
3481 3153 3616 3212 eum,
3660 3138 3746 3206 qui

2191 3214 2280 3284 est
2307 3208 2599 3280 particeps
2636 3208 2968 3284 altitudinis
2999 3208 3379 3284 cognitionis,
3401 3228 3500 3284 non
3520 3208 3626 3264 vult
3649 3223 3755 3284 ain-

2230 3276 2676 3356 liu_s_recurrere
2705 3283 2775 3337 ad
2809 3276 3534 3356 Graecamvphilosophiam,
3558 3296 3668 3356 eam
3693 3276 3766 3356 al-

2215 3351 2440 3438 egorice
2469 3369 2685 3438 vocane
2710 3354 2919 3438 mundi
2946 3351 3261 3438 elementa;
3290 3351 3361 3438 ut
3389 3372 3507 3438 quis
3531 3353 3774 3409 elementa

2193 3425 2625 3496 quodammodo
2655 3425 2879 3490 doceat,
2908 3429 2965 3480 et
2991 3426 3040 3480 si
3071 3427 3246 3482 veluti
3273 3425 3570 3496 disciplina
3596 3437 3774 3496 prece-

2191 3495 2335 3568 dens
2366 3496 2690 3568 veritatem.
2726 3500 2955 3568 »7Vetat
2983 3498 3180 3568 itaque
3209 3495 3495 3566 Clemens,
3539 3495 3607 3552 ne
3635 3509 3773 3568 gaus-

2191 3566 2290 3642 ti_ci
2334 3571 2392 3622 et
2438 3567 2671 3642 perfeeli
2721 3567 3032 3642 Christiani
3082 3565 3152 3642 ad
3202 3569 3409 3624 Graece
3451 3565 3777 3642 philosophia

2191 3636 2479 3694 elementa
2535 3639 2796 3709 redeant,
2852 3640 3069 3710 quibus
3101 3641 3143 3697 ii
3172 3644 3404 3696 tantum
3451 3636 3673 3696 studere
3701 3636 3780 3690 de-

2192 3710 2352 3778 bent,
2382 3711 2481 3784 qui
2509 3710 2783 3784 nondum
2813 3712 3104 3784 cognitam
3138 3713 3438 3768 veritatem
3471 3710 3784 3784 inquirentes

2192 3782 2676 3856 contenduntuad
2725 3780 3074 3838 Christianae
3116 3784 3489 3856 perfectionis
3535 3780 3784 3856 pervenire

2195 3852 2516 3926 fastigium.
2547 3853 2963 3926 Verumtamen
2995 3852 3260 3926 gnostico
3309 3852 3785 3926 alicubi'Clemens

2194 3921 2457 4000 indulget
2476 3924 2540 4000 "_’,
2576 3925 2633 4000 _si
2666 3924 2717 3979 ei
2749 3942 2851 4000 per
2878 3921 3061 4000 otium
3097 3931 3154 3982 et
3182 3933 3418 4000 tempus
3465 3927 3647 4000 liceat,
3673 3921 3785 3978 rela-

2191 3995 2366 4049 xandi
2403 3995 2603 4070 animi
2649 3997 2850 4066 gratia,
2900 3997 3155 4053 Graecam
3205 3995 3787 4070 philosophiam‘tan-

2193 4083 2371 4142 quam
2403 4065 2711 4142 heller-ium
2746 4065 2874 4142 post
2904 4065 3466 4142 caanamdegustaré
3495 4076 3554 4124 et
3577 4067 3788 4136 attinge-

2193 4140 2374 4211 renAt
2404 4139 2677 4211 omnibus
2710 4139 3173 4211 palamedicit“0
3200 4139 3300 4198 eos
3321 4142 3612 4197 rationum
3641 4150 3788 4211 perse-

2193 4207 2295 4279 qui
2350 4209 2613 4283 umbras,
2672 4207 2770 4283 qui
2831 4210 3216 4283 philosophiae
3272 4215 3602 4279 studentes,
3641 4207 3790 4264 rebus

2193 4281 2642 4351 supervacaneis
2672 4281 3010 4354 dolosisque
3049 4281 3513 4353 sophismatibus
3557 4295 3792 4352 occupan-

2192 4358 2305 4406 tur.

2259 4423 2457 4492 Neque
2487 4428 2681 4478 tamen
2710 4423 2854 4502 hia},
2889 4425 2989 4495 qui
3021 4447 3050 4474 «
3081 4425 3335 4502 Grieeam
3370 4423 3790 4502 philosophiam.

2188 4510 2302 4549 non
2325 4511 2497 4566 secus
2528 4511 2592 4549 ac
2618 4496 2776 4566 pueri
2808 4495 2995 4551 larvas
3019 4495 3390 4565 verebantur,
3417 4523 3436 4545 -
3475 4499 3571 4554 his
3592 4495 3792 4553 rationi-

2186 4565 2296 4622 bus
2329 4565 2500 4636 plane
2519 4566 2714 4621 adhuc
2735 4567 2871 4622 victi
2901 4567 3178 4624 Clementi
3201 4573 3401 4624 nostro
3424 4569 3538 4625 adh
3553 4587 3621 4626 uc
3641 4579 3792 4623 exem-

2187 4636 2282 4718 pla
2322 4639 2695 4762 obiectabant
2734 4639 3152 4721 prophetarum
3193 4645 3370 4712 atque
3401 4641 3788 4723 apostolorum.

2187 4725 2285 4762 cui
2315 4726 2390 4762 nu
2420 4707 2506 4762 las
2548 4709 2930 4762 nhilosonhiaa
2981 4717 3136 4762 artes
3188 4728 3294 4762 nec
3355 4713 3680 4762 didicerant
3717 4720 3788 4762 nec

2185 4708 2285 4778 qui
2315 4707 2506 4764 nullas
2548 4707 2930 4780 philosophia:
2981 4717 3136 4767 artes
3188 4707 3294 4768 nec
3355 4707 3680 4770 didicerant
3717 4720 3793 4780 nec

2186 4776 2482 4836 noverant.
2517 4776 2625 4835 Sed
2662 4776 3026 4837 levissimum
3058 4781 3204 4836 illud
3229 4783 3411 4838 telum
3447 4785 3519 4838 ab
3551 4801 3620 4840 eo
3665 4776 3794 4836 facile

2186 4852 2596 4924 retunditur”.
2628 4853 2732 4924 llis
2775 4853 2990 4924 quippe
3039 4855 3264 4909 artibus
3293 4859 3352 4910 et
3381 4855 3598 4911 studiis
3630 4850 3790 4924 illiid-

2185 4922 2348 4997 circo
2376 4939 2490 4997 non
2539 4922 3032 4997 indiguerefquia
3063 4925 3256 4980 divino
3303 4927 3541 4981 afﬂante
3591 4922 3794 4997 Spiritu.

2185 4995 2514 5068 cognitione
2559 4994 2943 5066 doctrinaque
2975 4996 3142 5068 plane
3163 4997 3428 5068 cmlestis
3473 4994 3680 5055 imbuti
3708 4994 3796 5068 fue-

2186 5070 2344 5120 runt.
2377 5066 2790 5137 Carterosergo
2821 5065 3026 5123 eodem
3057 5067 3254 5125 divino
3292 5085 3536 5126 munere
3584 5085 3689 5126 non
3717 5065 3798 5119 d0-

2185 5138 2476 5213 natos,_ad
2511 5135 2889 5213 intelligenda
2917 5143 2976 5195 et
2997 5141 3370 5211 assequenda
3400 5157 3534 5197 vera
3569 5138 3796 5213 philoso-

2185 5208 2334 5286 phia;
2364 5207 2754 5286 documenta,
2776 5209 2974 5286 labore
3003 5216 3060 5267 et
3091 5207 3389 5269 industria
3431 5207 3588 5286 opus
3613 5210 3800 5268 habere

2186 5278 2385 5335 nullus
2417 5280 2625 5336 merito
2659 5280 3037 5338 inﬁciabitur.

2698 5495 2759 5569 σε
2777 5494 2948 5569 111111.,
2981 5513 3038 5569 p.
3070 5497 3176 5553 eis
3207 5501 3264 5553 et
3290 5498 3415 5554 e71.
3493 5499 3539 5534 στ
3572 5497 3801 5569 ibid._,_p.

2720 5566 2940 5640 791cm.
2971 5564 3000 5640 ἰ
3032 5569 3072 5603 τι
3106 5569 3274 5639 ibid.,
3307 5587 3364 5640 p.
3396 5569 3523 5625 310.
3617 5569 3660 5603 ’τε
3685 5564 3802 5640 ibid.

2209 5580 2264 5635 p.
2299 5565 2404 5618 309
2433 5569 2489 5620 et
2519 5581 2643 5636 seq.
2720 5567 2771 5648 7°.
2795 5566 2940 5649 ibid.
2982 5565 3000 5569 ’
3032 5569 3072 5603 τί
3106 5569 3274 5639 ibid.,
3307 5587 3364 5640 p.
3396 5569 3523 5625 310.
3617 5569 3660 5603 ⁷²
3685 5565 3799 5622 ibid.

2209 5651 2255 5713 ι...
2282 5633 2430 5713 l,_vr,
2462 5637 2596 5713 67b.
2622 5707 2637 5713 _
2682 5637 2728 5672 ⁷⁸
2758 5637 2926 5713 ibid.,
2955 5639 3083 5710 646,
3115 5645 3174 5696 et
3203 5658 3260 5713 p.
3281 5642 3379 5713 661
3417 5647 3476 5697 et
3505 5657 3630 5712 seq.
3714 5634 3799 5690 "L

427 5719 490 5772 ιι,
522 5719 580 5774 p.
610 5703 717 5754 295
745 5706 802 5755 et
830 5718 952 5771 seq.
1028 5702 1071 5736 ⁷⁸
1103 5702 1140 5754 1.
1175 5718 1249 5770 Vl,
1283 5721 1340 5775 p.
1371 5705 1496 5758 645.
1574 5706 1618 5739 ἰθ
1647 5704 1817 5768 ibid.,
1857 5722 1910 5777 p.
1942 5706 2066 5761 695.

2219 5706 2362 5762 ibid.
2417 5702 2483 5746 νει
2519 5707 2689 5787 ibid.,
2720 5726 2779 5781 p.
2811 5702 2921 5766 655
2947 5716 3005 5767 et
3033 5702 3158 5784 seq.
3203 5702 3280 5747 ’⁸³
3311 5712 3352 5769 l.
3386 5729 3426 5787 ι,
3454 5729 3513 5787 p.
3544 5702 3669 5770 292.
