4014 6158
383 183 520 240 1359

1081 187 1157 238 ΙΝ
1194 186 1638 239 CLEMENTEM
1677 185 1888 238 ALEX.
1929 187 1997 236 D.
2039 184 2128 236 LE
2165 183 2466 238 NOURRY
2501 178 2975 237 DISSERTATIO
3011 182 3080 233 II.

3650 174 3795 229 1360

454 308 866 370 Verumtamen
907 304 1163 376 aliquem
1195 306 1398 360 audire
1429 306 1599 361 nobis
1627 306 1897 360 videmur
1923 304 2026 360 ob-
2055 309 2106 372 Α
2140 303 2198 357 in
2231 303 2472 376 modum
2507 303 2551 339 ιι
2583 319 2594 356 :
2630 303 2780 358 Olim
2819 301 3157 376 tragmdiam
3193 298 3630 376 priugquidem
3661 299 3799 354 cho-

369 379 678 451 jicientem
700 378 934 451 aliquod
959 377 1282 451 fortassein
1307 377 1620 451 Clementis
1651 377 1834 451 nostri
1867 380 2027 431 textu

386 447 517 507 esse
549 447 848 510 mendum,
882 464 947 502 ac
1000 463 1102 519 pro
1151 447 1485 502 Phanothea
1535 449 1850 519 legendum
1901 463 2031 502 esse

386 524 736 580 Phemonoe.
762 519 926 574 Illius
949 519 1239 588 siquidem
1267 536 1378 574 non
1410 519 1601 575 solum
1625 520 1795 591 longe
1817 519 2032 574 clarius

385 593 793 662 celebriusque
810 606 986 662 quam
1009 591 1350 646 Phanotheae
1381 592 1489 645 fuit
1512 607 1723 646 nomen
1750 609 1762 646 :
1788 591 2033 660 sedipsa

431 681 616 733 noque
646 662 836 734 prima
868 663 1268 717 hexametrum
1320 680 1578 732 carmen,
1611 662 1850 718 oracula
1899 663 1954 734 fu
1970 679 2032 734 n-_

431 683 616 733 uoque
646 683 836 734 pruna
869 683 1268 717 nexametrum
1320 683 1578 732 carmen,
1611 683 1850 718 ΟΓᾶουιᾶ
1899 683 2032 715 IUU'

385 683 597 805 dendo,
631 752 665 790 a
709 735 1096 806 scriptoribus
1132 733 1428 804 plerisque
1459 735 1736 788 omnibus
1769 731 2033 787 unanimi

387 823 678 862 consensu
710 805 970 860 edidisse
991 805 1216 860 dicetur
1239 806 1278 859 ⁴.
1309 807 1428 860 Huc
1461 806 1684 860 accedit
1710 806 1863 876 quod
1899 809 2035 859 Por-

386 877 812 951 phyriusillam
841 894 955 932 non
983 877 1168 951 Icarii,
1194 877 1293 951 sed
1313 876 1525 951 Delphi
1550 877 1729 951 ﬁliam
1759 877 2032 947 appellet.

385 947 587 1021 Itaque
617 949 876 1021 illorum,
909 949 1004 1017 qui
1041 949 1158 1021 haec
1190 947 1358 1002 nobis
1404 949 1703 1017 objicient,
1737 951 2034 1021 conjec-tu:

387 1017 510 1076 ram
531 1020 976 1092 improbabilem
1003 1020 1242 1074 omnino
1265 1035 1521 1073 essenon
1549 1017 2036 1090 putaremus,nisi

387 1110 564 1148 manu
585 1093 934 1162 scriptorum
953 1092 1215 1144 codicum
1228 1093 1546 1145 auctoritas
1561 1092 1609 1144 ei
1628 1093 1857 1162 penitus
1875 1106 2040 1160 repu-

390 1169 616 1237 gnaret.
642 1165 750 1237 Sed
776 1164 845 1217 de
871 1163 958 1237 his
980 1163 1226 1217 diversis
1244 1162 1620 1237 opinionibus
1636 1166 1760 1232 jam
1779 1162 2040 1237 satis_s_u-

390 1231 608 1308 perque
647 1235 1102 1308 disputavimus,
1125 1231 1302 1308 atque
1334 1249 1400 1286 eo
1434 1231 1704 1308 maxime,
1733 1234 1886 1308 quod
1907 1231 2043 1308 _Cle-

394 1303 562 1363 mens
576 1307 632 1360 in
648 1303 826 1377 quam
843 1305 1028 1375 magis
1046 1305 1401 1377 propendeat
1415 1305 1582 1359 nobis
1599 1322 1710 1377 non
1727 1303 2038 1377 signiticet.

468 1384 545 1433 De
574 1375 810 1433 Theano
842 1377 1094 1446 denique
1125 1392 1301 1446 quam
1329 1376 1595 1431 Clemens
1625 1377 1645 1410 ⁵
1675 1375 1904 1447 Didymi
1937 1391 2042 1430 au-

395 1450 664 1506 ctoritate
698 1450 900 1512 fretus,
934 1469 959 1495 ‹‹
996 1447 1245 1519 primam
1276 1470 1304 1496 »
1355 1447 1615 1519 quidem,
1645 1449 1746 1502 sed
1779 1453 2043 1501 tantum-

398 1522 571 1576 modo
603 1539 630 1570 ιι
661 1537 728 1574 ex
761 1518 1110 1573 mulieribus
1145 1541 1164 1567 ι
1203 1518 1353 1574 sicut
1375 1518 1410 1568 ὶι
1446 1519 1939 1589 philosophatum,
1965 1519 2045 1572 ita

396 1599 454 1648 et
485 1597 750 1663 poemata
782 1589 1090 1663 scripsisse
1123 1611 1149 1637 »
1179 1590 1566 1661 tradit,paulo
1597 1592 1866 1662 superius
1895 1607 1928 1644 a
1948 1605 2047 1644 no-

400 1662 498 1720 bis
525 1668 723 1718 actum
755 1666 844 1717 est
871 1662 913 1716 ⁸.

472 1735 836 1804 Quapropter
865 1732 930 1804 ad
975 1731 1315 1802 tragmdiam
1368 1735 1425 1786 et
1472 1730 2048 1804 commdiamivenia-

404 1822 559 1872 mus,
585 1802 654 1859 de
677 1802 893 1877 quibus
920 1803 1074 1877 idem
1107 1808 1308 1857 auctor
1339 1806 1535 1858 noster
1560 1802 1749 1875 magis
1773 1802 1964 1877 adhuc
1985 1819 2053 1856 ex

403 1873 774 1941 aliorumfut
811 1874 1048 1940 assolet,
1083 1890 1254 1943 quam
1309 1891 1376 1928 ex
1426 1891 1534 1928 sua
1583 1873 1896 1943 sententia,
1931 1873 2052 1927 haec

404 1947 747 2004 constituit"
774 1963 786 1999 :
814 1967 842 1996 «
869 1947 936 2000 Et
965 1946 1308 2016 tragmdiam
1345 1946 1581 2016 quidem
1615 1946 1859 2011 Thespis
1884 1945 2052 1999 Athe-

404 2018 1015 2083 niensis,c0mmdiam
1053 2022 1245 2071 autem
1279 2017 1538 2071 Sisarion
1575 2017 1846 2072 Icarieus.
1881 2017 2053 2070 Tem—

402 2107 545 2162 pora
589 2105 789 2144 eorum
848 2089 1094 2162 tradunt
1129 2088 1535 2162 grammatici.
1575 2110 1617 2162 »_
1651 2089 1766 2162 Nos
1817 2088 2052 2162 quidem

404 2159 695 2217 'Hervetus
741 2162 1014 2214 admonet
1063 2160 1216 2214 292
1271 2159 1540 2229 Thespim
1571 2160 1641 2214 ab
1674 2159 1908 2215 Horatio
1941 2159 2052 2212 dici

405 2233 700 2305 tragoedia:
732 2231 1091 2305 inventorem
1130 2249 1142 2287 :
1179 2231 1275 2285 sed
1308 2231 1453 2284 nihil
1488 2232 1556 2285 de
1589 2230 2052 2305 S_isarione__lca-

405 2301 574 2361 rieda
606 2321 667 2358 se
699 2303 862 2357 ullibi
897 2303 1215 2374 quidquam
1251 2307 1567 2374 repertum.
1596 2303 1838 2357 Eosdem
1875 2301 2053 2355 Hora-

404 2377 469 2432 tii
498 2391 696 2430 versus
727 2376 865 2429 citat
895 2373 1177 2438 Donatus,
1206 2378 1270 2427 ut
1313 2373 1590 2427 similiter
1622 2374 1824 2444 probet
1856 2378 2052 2427 aucto-

408 2464 525 2503 rem
552 2446 848 2516 tragmdiae
870 2447 1142 2500 eumdem
1165 2461 1294 2516 esse
1315 2445 1590 2515 Thespim
1617 2461 1630 2498 :
1653 2467 1678 2492 ‹‹
1697 2444 2052 2516 Comcediam

409 2525 628 2585 autem,
652 2515 845 2590 inquit
878 2517 975 2572 ille
1005 2517 1234 2590 8,7apud
1268 2515 1494 2572 Graecos
1527 2515 1767 2590 dubium
1801 2520 1890 2590 est
1921 2515 2056 2585 quis

411 2590 718 2657 invenerit,
738 2587 907 2659 apud
940 2589 1179 2643 Latinos
1211 2593 1435 2642 certum
1469 2593 1577 2642 est.
1612 2587 1966 2642 Commdiam
2001 2591 2057 2640 et

407 2661 748 2732 tragmdiam
777 2665 1043 2732 togatam
1075 2659 1260 2729 primo
1294 2659 1487 2713 Livius
1507 2659 1869 2732 Andronicus
1903 2673 2058 2732 repe-

408 2729 560 2787 ritf»
586 2729 910 2785 Evantbius
942 2736 1135 2785 autem
1173 2735 1389 2784 Donato
1415 2746 1639 2784 coavus
1665 2747 1677 2784 :
1703 2753 1728 2780 ‹‹
1755 2729 2055 2798 Quamvis,

409 2803 491 2857 ait
522 2803 562 2868 °,
599 2808 751 2856 retro
787 2801 978 2872 prisca
1008 2801 1398 2865 volventibus,
1431 2802 1756 2871 reperiatur
1808 2801 2057 2872 Thespis

405 2874 702 2944 tragoediae
736 2871 963 2944 primus
992 2873 1290 2944 inventor;
1315 2877 1370 2926 et
1392 2873 1686 2927 commdiaa
1711 2871 1920 2926 veteris
1953 2889 2057 2942 pa-

404 2951 494 3000 ter
507 2943 886 3015 Eupoliscum
901 2944 1133 2998 Cratino
1149 2943 1648 3014 Aristophaneque
1661 2959 1790 2998 esse
1804 2944 2052 3012 dicatur;

406 3017 694 3072 Homerus
717 3019 934 3078 tamen,
964 3017 1062 3086 qui
1087 3016 1202 3069 fere
1223 3015 1416 3069 omnis
1431 3015 1663 3084 poetica:
1682 3015 2052 3085 largissimus

407 3089 536 3143 fons
561 3091 667 3151 est,
693 3085 866 3142 etiam
893 3087 983 3141 his
1014 3086 1373 3141 carminibus
1404 3085 1669 3157 exempla
1703 3086 1965 3156 praebuit,
1994 3090 2052 3140 et

408 3159 567 3213 velut
597 3159 852 3229 quadam
879 3174 1118 3213 suorum
1153 3173 1389 3228 operum
1416 3157 1542 3229 lege
1566 3157 2052 3228 praescripsit,qui

407 3228 645 3285 Iliadem
707 3229 895 3284 instar
959 3229 1276 3300 tragoediae,
1335 3228 1635 3298 O'lyslseam
1701 3229 2049 3300 adgimagi-

410 3318 544 3356 nem
571 3301 869 3356 comoediae
920 3298 1127 3355 fecisse
1178 3305 1556 3355 monstratur.
1596 3322 1622 3348 »
1655 3300 1763 3354 Sed
1797 3298 1949 3353 hanc
1971 3298 2054 3354 de

409 3373 643 3428 Homeri
675 3373 976 3443 operibus,
1007 3373 1076 3426 ad
1112 3372 1407 3426 commdize
1440 3376 1496 3425 et
1525 3371 1820 3443 tragmdia
1865 3370 2054 3426 instar

409 3443 649 3509 effectis,
710 3442 1044 3513 opinionem
1100 3443 1353 3513 Scaliger
1404 3442 1614 3497 refellit
1673 3443 1734 3496 1°.
1789 3443 2054 3512 Castigat

408 3531 643 3587 quoque
691 3514 940 3583 Siculos,
975 3513 1073 3584 qui
1105 3520 1167 3566 ut
1199 3513 1517 3587 majoribus
1571 3513 1696 3587 suis
1755 3513 2054 3587 comoediae

407 3584 575 3640 initia
607 3587 954 3654 tribuerent,
985 3602 1046 3640 se
1076 3585 1508 3657 Megarensium
1561 3584 1800 3657 colonos
1833 3589 1889 3638 et
1920 3585 2054 3655 Epi-

409 3659 716 3712 charmum
767 3658 946 3711 civem
997 3656 1190 3711 suum
1217 3657 1396 3712 fuisse
1430 3656 1824 3710 venditabant.
1861 3658 2053 3725 Ipsius

409 3745 543 3783 vero
577 3727 772 3799 opinio
796 3733 885 3783 est
907 3727 1269 3793 commdiam,
1302 3727 1443 3782 utin
1479 3727 1701 3782 caeteris
1735 3744 1841 3782 usu
1873 3727 2052 3793 venit,

410 3817 442 3855 a
475 3801 671 3871 parvis
701 3799 910 3869 initiis,
933 3800 1216 3854 nimirum
1251 3817 1282 3852 a
1315 3800 1563 3871 lusibus.
1599 3802 1730 3871 post
1755 3815 1977 3852 cmnam
1999 3802 2056 3853 et

413 3870 528 3942 tota
554 3877 722 3927 nocte
749 3872 870 3925 ﬁeri
895 3871 1318 3942 solitis,postea
1336 3870 1509 3925 certis
1539 3870 1894 3940 quibusdam
1914 3887 2053 3942 pau-

409 3941 574 3997 latim
596 3945 896 3998 astrictam
921 3941 1360 4009 regulis,etarte
1383 3942 1901 4012 perfectam,atque
1924 3941 2054 4012 Epi-

408 4015 628 4069 charmi
649 4014 882 4086 ingenio
906 4015 1117 4068 factam
1144 4013 1322 4068 fuisse
1353 4013 2050 4086 cultiorem/Tragoediam

404 4103 536 4140 vero
551 4103 679 4142 esse
696 4084 814 4140 rem
830 4086 1444 4155 antiquam,commdia
1457 4090 1638 4138 tamen
1658 4101 1768 4138 nou
1783 4084 2056 4138 vetustio-

406 4174 549 4211 rcm.
584 4159 667 4211 Ad
699 4156 905 4211 Thesei
935 4161 1091 4210 enim
1125 4155 1453 4226 sepulcrum
1501 4155 1752 4225 legimus
1799 4160 2053 4210 certasse

402 4230 675 4301 tragicos.
701 4229 901 4298 Neque
919 4229 989 4301 ab
1009 4228 1117 4301 hac
1149 4228 1419 4301 opinione
1451 4227 1684 4296 longius
1705 4226 2053 4301 discessisse

403 4297 673 4353 vidéntur
693 4317 724 4354 a
747 4297 917 4353 nobis
939 4300 1063 4369 jam
1101 4299 1318 4353 laudati
1350 4299 1607 4352 Donatus
1630 4307 1681 4351 et.
1705 4297 2048 4352 Evanthius.

475 4371 648 4426 Porro
682 4378 871 4425 autem
908 4369 1242 4425 Aristoteles
1275 4369 1479 4425 scribit
1510 4369 1549 4403 ¹¹
1593 4369 1783 4424 varias
1817 4378 2051 4439 propter

2141 391 2236 429 ros
2269 374 2430 430 solus
2461 377 2669 446 agebat
2695 392 2708 430 :
2769 370 3142 446 postmodum
3166 387 3299 446 vero
3326 370 3577 446 Thespis
3606 386 3794 426 unum

2140 447 2361 500 invenit
2393 441 2842 512 hist'rionemfut
2867 445 3080 500 chorus
3110 443 3407 497 interdum
3440 441 3794 514 quiesceret,

2141 518 2466 572 secundum
2500 525 2704 588 postea
2733 515 3040 588 IEschylus
3072 514 3307 585 adjecit,
3330 519 3388 568 et
3404 514 3656 588 tertium
3691 514 3794 570 So-

2141 589 2414 661 phocles;
2440 585 2615 660 atque
2645 590 2703 643 in
2738 585 3165 661 huno'modum
3200 585 3498 661 tragoedia
3513 601 3793 661 consum-

2144 656 2300 715 inata
2332 656 2441 714 est.
2479 656 2950 716 n'Verumtamen
2983 659 3106 714 haec
3137 674 3252 712 non
3287 656 3610 726 impediuni
3645 673 3794 727 quo-

2145 732 2342 788 minus
2365 731 2630 787 Clemens
2648 737 2848 786 noster
2864 729 3335 802 quamplurimos
3357 734 3568 802 nactus
3585 729 3663 783 sit
3675 745 3794 783 sua

2144 805 2215 859 de
2263 803 2474 874 Tbespi
2546 803 2849 858 sententiae
2881 799 3194 874 'patronos
3242 806 3300 874 et
3353 799 3792 874 astipulatores,

2145 873 2652 947 quamvis’Suidas
2678 890 2912 947 quoque
2937 873 3225 947 quosdam
3246 873 3297 927 ei
3321 873 3646 947 refragatus
3666 889 3798 947 esse

2147 942 2492 1002 testiﬁcetur
2526 947 2586 1002 1⁵.
2623 942 2854 1001 Ἦόθείἐ
2885 942 3178 1000 variorum
3214 943 3271 998 in
3304 942 3547 998 citatum
3580 942 3794 998 Laertii

2147 1019 2337 1074 locum
2370 1018 2805 1072 observationes
2836 1021 2892 1071 et
2924 1021 3112 1072 notas.

2219 1089 2391 1144 Solus
2438 1090 2617 1160 igitur
2664 1093 2848 1143 restat
2888 1088 3170 1160 Sisarion,
3207 1090 3261 1160 et
3289 1090 3353 1140 ut
3377 1085 3436 1140 in
3470 1086 3799 1160 manuscri-

2149 1165 2246 1232 pto
2297 1155 2496 1215 nostro
2541 1161 2743 1215 codice
2788 1155 3566 1232 legitur,-Zuaaplmv,_cujus
3625 1157 3798 1228 longe

2150 1229 2582 1301 infrequentior
2614 1232 2765 1301 apud
2801 1231 3114 1302 scriptores
3147 1229 3452 1284 memoria.
3483 1233 3628 1282 Cum
3662 1245 3798 1302 eum

2151 1308 2348 1360 autem
2427 1302 2700 1358 Icarieum
2779 1301 3050 1357 Clemens
3126 1302 3435 1370 vocaverit,
3511 1301 3797 1371 expende,

2151 1378 2602 1446 quaeso,utrum
2666 1374 2813 1446 ejus
2843 1373 3040 1446 opinio
3079 1369 3552 1446 hisconﬁrmari
3589 1369 3802 1443 possit

2155 1443 2407 1501 Athenaei
2422 1445 2614 1500 verbis
2638 1446 2681 1480 ¹⁶
2700 1443 2718 1500 “;
2751 1466 2771 1493 ε
2788 1443 3089 1500 Cemmdiaa
3114 1443 3555 1515 primaquidem
3570 1446 3735 1515 origo
3747 1447 3803 1498 et

2153 1516 2481 1607 tragmdiaa“
2507 1517 2617 1571 fuit
2658 1533 2726 1571 ex
2769 1516 3220 1607 computatione.
3249 1514 3797 1607 etAtemulantiaJin

2155 1585 2338 1644 Icario
2367 1588 2567 1642 Atticas
2613 1603 2784 1659 pago,
2811 1585 2862 1641 ἐν
2908 1585 3128 1657 Ἰκαρίῳ
3154 1592 3255 1654 τῆς
3285 1585 3566 1659 Ἀττικῆς,
3597 1587 3801 1642 vinde-

2079 1691 2126 1756 Β
2157 1661 2285 1756 tiniae
2319 1669 2599 1756 tempqre,
2634 1659 2789 1756 unde
2815 1659 3128 1756 tirigodiam
3161 1658 3558 1756 principiohet
3588 1673 3805 1756 como:-

2156 1732 2312 1812 diam
2341 1730 2736 1812 appellarunt.
2763 1752 2790 1780 ››
2815 1729 3092 1812 νθῐῖυωέἰ
3117 1730 3251 1812 quis
3282 1746 3427 1812 cum.
3451 1729 3699 1812 Herveto
3716 1745 3803 1785 ve-

2159 1803 2224 1857 lit
2245 1801 2354 1858 sibi
2389 1801 2724 1857 Susarionis
2756 1817 2964 1857 nomen
2991 1802 3063 1856 ab
3085 1801 3276 1872 aliquo
3307 1801 3635 1872 indicatum
3672 1817 3804 1872 pro-

2158 1873 2321 1938 l'erri,
2352 1873 2404 1928 is
2433 1874 2604 1928 adeat
2633 1873 2992 1937 Diomedem,
3039 1879 3098 1926 et
3147 1871 3282 1928 eum
3332 1873 3418 1927 sic
3464 1871 3807 1942 loquentem

2159 1945 2360 1999 audiat
2383 1945 2461 1999 17:
2500 1967 2526 1994 α
2552 1949 2736 2000 Poetae
2761 1945 2928 2015 primi
2961 1945 3168 2000 comici
3202 1945 3439 1998 fuerunt
3465 1943 3808 2015 Sussarion,

2157 2016 2366 2070 Nullus
2397 2015 2506 2086 (vel
2541 2021 2605 2070 ut
2639 2016 2735 2070 alii
2763 2014 3143 2071 scribendum
3177 2014 3736 2086 censont,Mullus),
3757 2019 3812 2086 et

2158 2085 2421 2154 Magnes.
2450 2109 2476 2135 »
2508 2087 2682 2142 Plura
2713 2088 2784 2142 de
2818 2087 3104 2142 comcedia
3135 2091 3192 2142 et
3223 2085 3505 2157 tragoedia
3532 2087 3688 2142 scire
3709 2085 3808 2158 qui

2157 2158 2423 2230 cupierit,
2447 2158 2544 2213 ille
2578 2163 2781 2227 preter
2800 2160 3008 2213 citatos
3030 2176 3062 2214 a
3085 2159 3252 2213 nobis
3275 2167 3563 2223 auctores,
3587 2174 3810 2213 consu-

2159 2231 2242 2285 lat
2271 2229 2483 2285 Lilium
2520 2230 2860 2286 Gregorium
2895 2230 3225 2286 Giraldum.
3251 2229 3474 2284 Julium
3527 2231 3820 2285 Caesarem

2635 2273 2860 2300 Ova-usu
2898 2273 3225 2295 Viam-uua“,

2158 2303 2540 2370 Scaligerum,
2571 2302 2854 2358 Joannem
2883 2301 3206 2364 Casalium,
3239 2302 3310 2355 De
3339 2302 3618 2370 tragaedia
3649 2307 3704 2356 et
3732 2317 3819 2356 co-

2159 2373 2364 2430 mwdia
2387 2373 2450 2439 ‘3,
2475 2389 2701 2426 necnon
2732 2378 2790 2428 et
2822 2373 3170 2444 Polydorum
3203 2371 3552 2444 Vergilium,
3582 2378 3640 2426 et
3673 2373 3817 2427 alio-

2162 2461 2292 2500 rum
2317 2445 2386 2498 de
2408 2448 2675 2514 utraque,
2700 2461 2763 2498 ac
2797 2445 2868 2516 de
2897 2443 3144 2507 caeteris,
3170 2445 3242 2498 de
3273 2445 3494 2516 quibus
3525 2443 3818 2499 hactenus

2161 2516 2573 2579 disseruimus,
2609 2531 2803 2570 rerum
2855 2515 3261 2570 inventoribus
3293 2515 3526 2581 libros,
3557 2522 3617 2570 et
3650 2532 3817 2572 com-

2164 2587 2502 2653 mentarios,
2537 2585 2799 2656 aliasque
2831 2586 3289 2642 lucubrationes.

2234 2659 2314 2712 De
2345 2658 2735 2729 ipsorummet
2765 2675 2934 2729 porro
2968 2659 3250 2713 librorum
3293 2656 3731 2729 conscriptione
3761 2662 3817 2713 et

2239 2676 2314 2712 ue
2345 2676 2360 2710 1
2409 2676 2735 2713 sorummet
2765 2676 2934 2729 porro
2968 2676 3250 2713 uororum
3293 2676 3731 2729 conscriptione
3761 2676 3812 2713 et

2163 2676 2634 2800 promulgatione
2661 2729 2783 2785 haec
2807 2734 3008 2784 narrat
3029 2730 3406 2785 Clemens":«
3433 2732 3501 2783 Et
3521 2728 3812 2784 Alcmaeon

2163 2801 2427 2870 quidem,
2459 2800 2719 2855 Perinthi
2752 2801 2931 2866 ﬁlius,
2962 2801 3561 2872 Crotoniata,primus
3589 2800 3813 2856 librum

2163 2872 2500 2943 scripsitde
2532 2877 2760 2927 natura.
2795 2873 2905 2927 Alii
2937 2878 3134 2928 autem
3166 2873 3588 2943 Anaxagoram,
3624 2872 3811 2943 Hege-

2163 2941 2340 2998 sibu’li
2356 2941 3269 3014 ﬁliumClazomenium,primum
3286 2941 3495 2998 librum
3517 2941 3807 3014 scriptum

2163 3014 2418 3069 edidisse
2441 3016 2721 3069 referunt.
2747 3036 2775 3064 ››
2799 3013 3080 3071 Hervetus
3104 3021 3300 3070 autem
3324 3015 3414 3068 hic
3432 3013 3808 3084 adnotatpri-

2165 3102 2332 3158 mum,
2361 3084 2593 3158 nullibi,
2623 3087 2944 3142 secundum
2980 3103 3112 3142 vero
3145 3088 3301 3158 apud
3334 3085 3612 3158 Laertium
3643 3100 3810 3158 repe-

2163 3157 2285 3212 riri.
2321 3157 2624 3212 Miraberis
2657 3158 2856 3228 procul
2885 3159 3065 3213 dubio
3095 3155 3408 3212 Heivetum
3441 3173 3552 3212 non
3581 3155 3815 3228 legisse

2161 3227 2284 3282 haec
2315 3229 2581 3298 ejusdem
2615 3227 2828 3284 Laertii
2854 3230 3025 3284 verba
3053 3230 3112 3284 in
3145 3229 3493 3285 brevissima
3529 3227 3815 3284 Alcmaeo-

2161 3299 2634 3373 nis_historia’9:
2666 3300 2950 3373 {Videtur
2972 3302 3200 3373 primus
3231 3301 3558 3373 denature
3585 3299 3816 3373 ratione

2162 3371 2472 3448 scripsisse
2507 3388 2519 3426 :
2567 3366 2725 3448 donet
2755 3366 3226 3448 npmtoc-cpuuntov
3259 3368 3423 3448 λόγον
3454 3367 3815 3448 τάγγεγραθὲ-

2161 3461 2268 3507 ναι,
2295 3447 2357 3496 ut
2379 3442 3402 3500 FavorinusinOmnimodahistori'a.
3428 3465 3456 3494 ››
3485 3442 3682 3498 Minus
3706 3442 3817 3498 fcr-

2161 3519 2320 3569 tasse
2352 3513 2769 3584 miran_dum,si
2807 3517 2858 3570 id
2893 3517 2964 3571 de
2993 3516 3355 3571 Theodoreto
3378 3514 3814 3584 dixisset,aquo

2163 3584 2261 3658 ille
2307 3601 2420 3658 non
2471 3582 2809 3658 ’ᾼᾷλκμαίωη
2844 3588 2944 3641 sed
2995 3585 3238 3658 Ἀλκμάν
3277 3591 3538 3658 vocatur.
3571 3582 3816 3658 Scriptis

2162 3656 2318 3712 enim
2354 3656 2473 3710 haec
2502 3655 2942 3713 illetradidit21
2979 3676 2991 3714 :
3045 3681 3072 3708 ‹‹
3104 3655 3346 3714 Alcman
3387 3657 3593 3712 Pirithi
3627 3655 3810 3722 ﬁlius,

2162 3727 2558 3800 Croﬁtoniades,
2593 3729 2692 3798 qui
2727 3730 2951 3800 primus
3003 3730 3183 3784 fertur
3233 3730 3303 3784 de
3345 3734 3559 3783 natura
3617 3745 3813 3784 rerum

2162 3799 2493 3868 scripsisse.
2531 3822 2558 3848 »
2590 3801 2701 3856 Sed
2736 3799 2892 3855 hunc
2923 3801 3312 3856 nihilominus
3342 3802 3619 3856 eumdem
3664 3816 3813 3868 esse,

2162 3886 2228 3924 ac
2258 3887 2416 3937 eum,
2440 3871 2667 3944 dequo,
2687 3873 2954 3944 Clemens
2981 3872 3240 3944 disserit,
3273 3873 3428 3927 haud
3462 3871 3814 3944 ambiguum

2163 3945 2251 3997 est
2282 3959 2294 3996 :
2331 3943 2812 4014 quandoquidem
2845 3943 2996 3997 idem
3022 3943 3358 3999 Alemaeonis
3381 3959 3483 3999 seu
3509 3942 3810 3998 Alcmanis

2163 4018 2346 4086 pater,
2377 4014 2579 4068 eadem
2612 4015 2821 4086 patria,
2854 4019 2910 4069 et
2950 4015 3085 4069 libri
3142 4014 3380 4086 scriptio
3435 4016 3507 4070 ab
3559 4019 3812 4086 utroque

2161 4085 2453 4156 Clemente
2484 4103 2551 4140 ac
2581 4085 2940 4141 Theodoreto
2973 4085 3327 4156 assignatur.
3662 4134 3667 4138 .

2229 4155 2646 4211 Verumtamen
2679 4155 3034 4212 Themistius
3082 4155 3235 4213 haud
3288 4156 3623 4213 haesitanter
3663 4156 3811 4212 illud

2159 4226 2616 4300 Anaximandro,
2657 4229 2918 4300 Thaletis
2967 4228 3408 4300 idiscipulo.isic
3454 4227 3694 4300 ascribit
3753 4233 3814 4283 et

2159 4297 2421 4369 vindicat
2443 4299 2526 4353 2’:
2562 4321 2589 4348 «ι
2627 4299 2788 4355 [llius
2820 4297 3348 4369 (Thaletisfstudia
3378 4316 3445 4355 ac
3475 4299 3807 4355 doctrinam

2159 4368 2468 4424 amulatus
2500 4368 2955 4436 Anaximander,
2993 4371 3287 4426 Praxiadis
3321 4371 3500 4436 ﬁlius,
3535 4388 3653 4426 non
3675 4387 3808 4426 om-

403 4443 659 4498 rationes
714 4442 1051 4506 Homerum,
1084 4440 1450 4511 Sophoclem.
1486 4427 1942 4512 Aristophanem
1992 4445 2049 4495 et
2079 4427 2124 4489 D
2159 4441 2254 4494 nia
2280 4446 2473 4496 tamen
2509 4442 2774 4498 imitatus
2796 4427 3055 4508 est;'sed
3087 4444 3191 4498 hoc
3215 4427 3549 4499 immutavit
3579 4443 3806 4510 statim,

399 4513 814 4583 Epicharmum
848 4513 959 4567 sibi
991 4512 1332 4566 comoediam
1367 4511 1830 4582 tragoediamque
1853 4511 2040 4565 vindi-

396 4599 547 4652 care,
579 4590 635 4638 et
674 4591 982 4654 utramque
1039 4584 1273 4654 quidem
1334 4583 1662 4652 Dorienses,
1694 4584 2040 4654 tragoediam

394 4673 529 4711 vero
565 4656 1055 4727 Peloponnenses,
1081 4655 1644 4727 atqueﬂcomcediam
1679 4660 2041 4727 Megarenses

396 4731 452 4781 et
481 4725 728 4782 Siculos.
765 4729 1127 4795 Quapropter
1187 4726 1422 4781 Solinus
1458 4726 1555 4782 ubi
1590 4727 1661 4781 de
1692 4725 1890 4780 Sicilia
1917 4743 2043 4780 ser-

397 4815 625 4854 monem
661 4799 832 4854 facit:
870 4821 895 4847 «
925 4799 1022 4852 [lic
1055 4798 1334 4869 primum,
1360 4798 1547 4870 inquit
1582 4799 1646 4864 1³,
1683 4797 1918 4852 inventa
1949 4813 2042 4852 co-

395 4871 629 4925 mmdia.
659 4892 685 4920 »
713 4873 892 4940 Atque
923 4870 1059 4925 inde
1083 4874 1240 4940 patet
1266 4886 1442 4938 quam
1477 4870 1727 4924 obscura
1770 4870 1890 4923 sint
1939 4885 2038 4940 ea-

393 4959 548 5009 rum,
581 4959 646 4996 ac
679 4939 998 5010 praesertim
1059 4939 1376 5008 comoediae,
1411 4946 1475 4995 ut
1510 4942 1662 4995 idem
1696 4939 2038 4995 Aristoteles

390 5017 643 5072 testatur
667 5014 733 5074 1³,
766 5017 823 5068 et
857 5012 1174 5082 primordia
1206 5019 1263 5068 et
1294 5014 1474 5079 origo.
1509 5013 1576 5066 Et
1605 5029 1737 5067 vero
1769 5012 2037 5081 quamvis

389 5085 653 5155 plerique
675 5101 879 5140 omnes
910 5085 1185 5154 Thespirn
1221 5100 1352 5138 cum
1384 5083 1678 5138 Clemente
1704 5088 1900 5138 nostro
1925 5088 2037 5138 tra-

387 5157 588 5228 goediae
647 5162 943 5211 auctorem
1015 5172 1142 5228 esse
1222 5156 1560 5228 fateantur;
1611 5155 1899 5228 ~_Laertius
1943 5159 2034 5228 ta_-

389 5224 518 5284 men
551 5244 728 5282 unam
762 5232 992 5282 tantum
1027 5227 1184 5281 illius
1228 5231 1451 5298 partem
1510 5226 1561 5280 ei
1619 5225 1776 5281 hunc
1830 5224 2036 5280 tribuit

457 5374 478 5407 ‘
512 5372 689 5442 Apud.
723 5372 861 5426 Stob
895 5415 908 5437 ,
941 5387 1119 5426 serm.
1150 5370 1239 5434 2|,
1271 5387 1328 5440 p.
1363 5371 1484 5424 185.
1591 5371 1611 5405 ⁵
1641 5369 1743 5442 lib.
1773 5386 1792 5422 1
1819 5370 2055 5442 Strom.,

382 5513 719 5568 comoedCet
748 5514 1014 5583 tragced.,
1049 5530 1098 5569 c.
1138 5518 1186 5566 1.
1266 5513 1305 5546 ¹¹
1341 5517 1413 5566 De
1445 5519 1551 5566 art.

384 5587 580 5652 dogm.
632 5585 841 5652 philos.
876 5587 931 5638 in
965 5585 1078 5636 Vit.
1119 5584 1369 5640 Platon..
1403 5585 1548 5652 Ξ56.

383 5655 780 5718 grammatica.

1589 5517 1764 5585 poet.,
1799 5529 1846 5585 c.
1881 5529 1963 5585 ιηἶ

457 5374 478 5407 ⁸
512 5372 689 5442 Apud.
723 5372 861 5426 Stob
895 5415 908 5437 ,
941 5387 1119 5426 serm.
1150 5370 1239 5434 2|,
1271 5387 1328 5440 p.
1363 5371 1484 5424 185.
1591 5371 1611 5405 ⁵
1641 5369 1743 5424 lib.
1773 5386 1792 5422 1
1823 5370 2055 5436 Strom.,
2091 5384 2145 5438 p.
2177 5367 2304 5422 309.

383 5444 1154 5546 Z.d.f::'rgst-.s::3m°sd.
1179 5441 1768 5546 Thf.8?.‘1”;.t“‘iﬂﬂf"
2011 5438 2307 5546 vernilit-

1665 5517 1764 5576 et.,
1799 5529 1846 5566 c.
1881 5529 1963 5565 ιη.
2056 5514 2099 5546 ¹²
2130 5510 2350 5582 Polyb.,
2384 5527 2433 5564 c.
2467 5510 2523 5565 v.

1662 5585 1706 5617 η
1741 5583 1819 5636 Ad
1853 5583 2007 5637 verb.
2041 5581 2255 5643 Θέσπις.
2370 5583 2413 5617 ¹⁶
2441 5582 2477 5636 l.
2513 5601 2523 5637 1

814 5657 956 5721 §83.
1038 5656 1080 5689 ¹⁸
1111 5661 1252 5709 tom.
1289 5655 1433 5720 Vlll,
1468 5655 1662 5724 Antiq.
1699 5657 1876 5709 Gram.
1959 5656 2000 5689 ¹⁹
2032 5653 2068 5708 l.
2104 5660 2364 5710 [Strom.

2153 4517 2331 4583 atque
2352 4514 2423 4568 ab
2447 4513 2663 4568 usitata
2686 4515 2909 4568 ratione
2935 4513 3190 4579 deﬂexit,
3213 4515 3368 4584 quod
3401 4515 3628 4585 primus
3649 4515 3808 4568 Gra-

2151 4600 2376 4651 corum,
2408 4600 2557 4654 quos
2599 4585 2846 4649 scimus,
2877 4601 3059 4640 ausus
3089 4594 3176 4641 est
3208 4586 3419 4640 horum
3470 4587 3542 4641 de
3592 4590 3807 4640 natura

2151 4655 2434 4725 scriptum
2457 4673 2488 4708 a
2511 4672 2573 4710 se
2596 4656 2652 4710 in
2680 4656 2981 4727 publicum
3017 4657 3290 4726 proferre.
3315 4661 3527 4713 Contra
3546 4657 3706 4711 enim
3737 4656 3806 4710 li-

2151 4728 2294 4799 bros
2316 4727 2685 4782 conscribere
2721 4727 3178 4798 ignominiosum
3228 4729 3574 4794 habebatur,
3608 4744 3807 4799 neque

2147 4798 2302 4868 apud
2325 4801 2544 4870 veteres
2572 4801 2801 4854 Graecos
2832 4815 3030 4870 usugac
3053 4799 3476 4855 consuetudine
3498 4798 3806 4870 receptum

2146 4873 2290 4941 erat.
2323 4869 2469 4924 Nam
2500 4873 2898 4941 Anaxagoram
2933 4869 3368 4926 Clazomenium
3403 4869 3686 4926 omitto.-

2217 4940 2298 4995 De
2349 4941 2454 4995 hoc
2493 4940 3068 5012 autem’Anaxagora
3103 4942 3364 4997 Laertius
3405 4943 3636 5007 eadem,
3668 4957 3806 5013 qua

2144 5011 2411 5066 Clemens
2461 5017 2683 5080 noster,
2713 5014 2795 5068 ita
2845 5013 3100 5082 scripsit,
3137 5017 3200 5067 ut
3229 5029 3296 5068 ex
3327 5013 3456 5083 ipso
3489 5011 3808 5068 videantur

2145 5098 2271 5156 esse
2320 5083 2634 5156 desumpta
2667 5101 2679 5138 :
2733 5108 2761 5134 «
2797 5084 3044 5149 Primus,
3097 5083 3288 5156 inquit
3319 5086 3388 5149 ’³,
3421 5087 3808 5156 Anaxagoras

2145 5151 2359 5228 librum
2385 5171 2418 5209 a
2441 5171 2502 5210 se
2525 5151 2811 5228 scriptum
2845 5155 3048 5228 edidit.
3078 5177 3104 5228 ξ)
3133 5151 3250 5228 Nos
3281 5156 3519 5228 quidem
3553 5151 3674 5212 non
3705 5155 3806 5211 fu-

2143 5225 2228 5296 git
2262 5225 2366 5281 hoc
2398 5228 2469 5282 ab
2492 5226 2636 5282 Aulo
2667 5226 2848 5283 Gellio
2879 5225 3095 5282 alicubi
3128 5225 3313 5284 fuisse
3341 5227 3555 5284 litteris
3585 5231 3646 5284 et
3674 5241 3804 5283 mo-

3134 5371 3153 5405 τ
3185 5371 3222 5426 ι.
3257 5389 3275 5426 ι
3305 5372 3542 5438 Strom.,
3573 5388 3629 5440 p.
3663 5370 3795 5426 308.

2422 5441 2443 5474 9
2474 5442 2625 5511 apud
2653 5447 2894 5526 Donat,
2925 5442 3035 5497 loc.
3069 5441 3173 5497 cit.
3289 5443 3334 5478 ¹⁰
3357 5442 3686 5524 Comment.
3721 5443 3797 5497 de

2422 5551 2433 5564 .
2467 5529 2523 5565 v.
2630 5515 2672 5548 ιδ
2704 5513 2812 5569 loc.
2847 5522 2967 5570 οιι..
3000 5530 3050 5568 c.
3082 5514 3136 5567 5.
3243 5513 3355 5569 Η1.
3389 5531 3453 5570 III
3486 5514 3568 5570 De
3597 5518 3702 5568 v1t.
3737 5517 3798 5568 et

3309 5589 3350 5621 ¹⁷
3385 5584 3423 5639 l.
3457 5602 3520 5641 ιιι
3555 5585 3638 5641 De
3669 5589 3796 5640 arte

2399 5656 2626 5728 p._30§.
2689 5657 2734 5690 ²⁰
2761 5656 2798 5711 l.
2831 5673 2927 5711 vm
2957 5657 3037 5712 De
3067 5655 3204 5728 vitis
3235 5659 3292 5710 et
3309 5657 3517 5728 dogm.
3551 5656 3794 5728 philos.,

2416 5369 2437 5403 ⁵
2467 5386 2598 5441 sup.
2628 5353 2788 5425 0.49.
2826 5377 2932 5426 art.
2967 5372 3020 5425 4.

2630 5515 2672 5548 1³
2704 5513 2812 5569 loc.
2847 5515 2967 5574 cit.,
3000 5530 3050 5568 ο.
3082 5514 3136 5567 5.

2370 5582 2477 5636 “l.
2513 5583 2810 5654 11Deipn.,
2843 5602 2891 5640 ο.
2927 5587 2981 5642 3.
3017 5601 3070 5653 p.
3104 5586 3194 5638 40.

385 5723 411 5783 §
441 5722 530 5770 83.
606 5725 646 5757 τί
684 5728 815 5776 tom.
850 5728 941 5784 ιν,
979 5740 1155 5778 scrm.
1190 5728 1240 5792 1,
1276 5743 1329 5796 p.
1363 5727 1486 5780 468.
1564 5722 1789 5781 "Orat.
1821 5727 1910 5792 26,
1944 5741 1999 5798 p.
2033 5726 2051 5782 Ξ

2235 5725 2279 5760 ³³
2308 5725 2348 5781 l.
2381 5722 2424 5781 xi
2455 5725 2534 5782 De
2563 5726 2677 5784 Vit.
2709 5734 2768 5785 et
2795 5729 2993 5801 dogm.
3028 5727 3266 5800 philos.,
3298 5726 3329 5803 §
3357 5722 3440 5784 1f.
