4014 6158
312 216 463 272 1385

1587 216 1685 268 DE
1721 215 1957 270 LIBRIS
1991 218 2461 274 STROMATUM.

3590 219 3727 274 1386

314 340 389 396 ab
422 340 681 418 humano
707 335 962 418 ingenio,
995 331 1237 418 minime
1268 339 1467 418 antem
1517 352 1550 389 a
1586 336 1963 418 veritate__do_-_-
1996 353 2050 418 Α
2081 339 2179 394 nia
2204 340 2401 418 refert
2428 340 2501 394 ad
2548 341 2891 418 veritatem;
2950 342 3094 418 adeo
3128 344 3192 396 ut
3222 343 3637 418 engeometria
3674 350 3737 418 et

314 409 562 468 centur?
588 406 1026 478 Quam‘inﬁrmi
1056 406 1273 461 etenim
1297 406 1560 478 levisque
1587 408 1868 463 momenti
1891 409 1969 464 sit

316 484 442 539 haec
473 480 745 551 objectio,
778 479 916 551 hinc
947 477 1078 551 ipse
1103 478 1396 551 convincit
1424 477 1491 548 ⁷⁷,
1525 478 1666 548 quia
1700 479 1972 551 homines

313 555 502 609 libero
546 549 781 623 praediti
824 549 1116 606 libertatis
1161 550 1426 623 arbitrio,
1464 555 1715 623 possunt
1762 550 1973 607 huma-

314 642 458 681 nam
500 621 832 679 doctrinam
888 625 1153 676 sanctam
1200 621 1451 687 efﬁcere,
1498 643 1525 670 ‹‹
1559 621 1795 676 etiamsi
1843 638 1971 677 eam

316 695 653 775 acceperint
682 693 1101 775 perhomines.
1128 714 1168 775 ρ
1201 696 1264 773 Εμ
1295 692 1352 775 id
1380 707 1521 775 sane
1553 691 1756 775 abillo
1788 693 1972 775 pluris

317 763 819 837 bus-ipsius'met
866 764 1097 837 divinas;
1128 763 1461 837 Scripturaai
1501 763 1859 819 testimoniis
1917 768 1975 820 et

317 834 565 896 Abrahae
595 835 861 906 exemplo
902 834 1205 906 stabilitur
1235 840 1291 890 et
1320 834 1720 889 confirmatur.

395 912 677 966 Praeterea
715 904 849 964 vero
897 906 996 961 ille
1048 904 1379 962 luculenter
1428 906 1794 962 demonstrat
1823 907 1867 942 ⁷³
1899 906 1972 961 ab

321 998 390 1038 eo
422 980 524 1052 qui
557 996 724 1035 veras
755 980 1086 1052 Grecorum
1129 978 1251 1033 sive
1294 992 1682 1052 paganorium_
1709 977 1972 1052 discipli-

319 1048 516 1109 nas-et
546 1056 701 1106 artes
732 1049 937 1113 coluit,
969 1065 1179 1104 aurum
1231 1049 1479 1118 probum
1510 1049 1582 1104 ab
1616 1048 1972 1115 adulterino,

322 1126 380 1179 id
414 1130 524 1189 est,
556 1138 760 1179 verum
793 1139 828 1175 a
857 1120 1027 1185 falso,
1060 1120 1443 1190 sophisticam
1496 1125 1683 1175 artem
1715 1138 1748 1175 a
1782 1120 1972 1191 philo-

322 1195 534 1267 sophia
590 1198 766 1264 atque
823 1194 894 1247 ab
951 1190 1277 1267 orthodoxa
1323 1191 1587 1267 veritate,
1621 1190 1869 1267 haereses
1919 1195 1976 1247 et

323 1262 551 1324 errores
582 1262 753 1319 caute
785 1280 851 1320 ac
882 1264 1199 1334 prudenter
1232 1262 1453 1317 secerni
1486 1280 1550 1317 ac
1584 1264 1864 1333 separari-

398 1340 764 1408 Quapropter
786 1333 908 1408 non
944 1334 1303 1408 imperfectis
1351 1336 1757 1408 tantummodo
1805 1333 1976 1408 Chri-

326 1404 556 1474 stianis,
591 1404 691 1464 sed
722 1406 899 1463 etiam
951 1404 1404 1477 perfectissimo,
1437 1421 1560 1472 seu,
1597 1411 1664 1461 ut
1714 1406 1841 1477 ipse
1888 1404 1976 1460 lo-

374 1481 531 1536 uitur
549 1480 614 1546 7‘,
640 1479 906 1550 gnostico
942 1475 1044 1549 per
1074 1475 1398 1550 eumlicet,
1424 1482 1490 1531 ut
1517 1475 1976 1550 exiunaquaque

374 1498 531 1536 nitur
557 1498 614 1546 ",
640 1498 906 1550 gnosuco
942 1498 1044 1549 per
1074 1498 1208 1532 eum
1236 1498 1389 1544 licet,
1425 1498 1490 1531 Ut
1517 1498 1587 1532 ex
1618 1498 1972 1548 unaquaque

326 1498 648 1633 gisciplina
674 1549 1050 1633 illudsumat
1081 1548 1236 1619 quod
1268 1548 1610 1633 confertuad
1640 1549 1972 1633 veritatem.

324 1619 604 1686 Quinimo
636 1622 794 1677 brevi
827 1620 1167 1675 inductione
1214 1619 1474 1691 ostendit
1501 1620 1546 1653 ⁷⁵
1577 1620 1718 1691 quid
1750 1637 1819 1676 ex
1849 1620 1978 1675 sin-

328 1695 471 1766 gula
500 1708 733 1766 qnaque
765 1692 1080 1766 disciplina
1110 1691 1181 1746 ab
1215 1689 1315 1745 illo
1346 1691 1577 1766 decerpi
1593 1689 1817 1766 'debeat
1843 1707 1856 1758 ;
1911 1706 1978 1746 ea

324 1762 691 1836 tamen’lege,
716 1768 780 1817 ut
802 1762 874 1817 iis
897 1779 1012 1836 non
1038 1766 1324 1836 tanquam
1354 1762 1672 1836 virtutibus,
1707 1764 1805 1818 sed
1852 1768 1984 1817 tan-

324 1841 456 1893 tum
489 1836 560 1891 ad
594 1833 1028 1905 assequendam
1050 1834 1349 1905 veritatem
1372 1833 1740 1905 adjutricibus
1760 1838 1982 1889 utatur.

328 1906 583 1964 Cuilibet
612 1904 809 1963 tamen
849 1904 1185 1962 Christiano
1217 1904 1500 1976 praecipit,
1531 1909 1595 1960 ut
1624 1906 1685 1959 in
1716 1905 1835 1961 illis
1870 1922 1984 1961 non

329 1980 699 2060 immoratur,
724 1983 782 2033 et
812 1977 1278 2060 permaneat,sed
1313 1981 1629 2060 postquam
1669 1993 1796 2060 quae
1818 1976 1887 2060 in
1910 1976 1987 2058 iis

333 2052 490 2106 bona
538 2054 597 2105 et
641 2066 778 2104 vera
824 2056 964 2104 sunt
1008 2047 1266 2119 elegerit,
1301 2048 1373 2102 ad
1404 2064 1621 2117 veram,
1654 2047 1775 2105 sive
1814 2048 1991 2105 Chri-

332 2122 587 2203 stianam
621 2120 1057 2203 philosOphiam
1088 2125 1432 2203 revertatnr.

403 2190 640 2249 Nemini
681 2190 867 2263 porro
902 2191 1025 2245 haec
1083 2191 1399 2246 Clementis
1454 2190 1659 2263 nostri
1694 2190 1988 2245 sententia

331 2264 521 2319 ullam
583 2262 1035 2318 admirationem
1095 2278 1329 2317 movere
1386 2262 1579 2317 debet.
1629 2262 1985 2317 Persuasum

331 2336 629 2407 siquidem
652 2332 1079 2407 ille‘habuitin
1114 2333 1411 2407 omnibus,
1446 2350 1560 2407 non
1592 2333 1783 2407 solum
1817 2333 1988 2388 disci-

331 2403 538 2480 plinis,
567 2406 669 2461 sed
698 2404 878 2480 etiam
911 2403 1137 2480 artibus
1167 2403 1557 2480 aliquid_boni
1588 2404 1803 2472 inesse,
1829 2411 1985 2480 quod

331 2475 405 2535 ab
427 2479 680 2549 ipsomet
698 2477 814 2532 Deo
839 2477 1159 2549 profectum
1182 2480 1269 2531 est
1297 2493 1364 2549 εχ(
1381 2475 1412 2529 J
1420 2492 1514 2531 am
1537 2492 1670 2549 vero
1694 2492 1762 2530 ea
1778 2477 1986 2549 etiam,

330 2544 533 2620 inquit
554 2550 770 2620 7°,_quss
802 2544 954 2620 bona
975 2552 1117 2620 sunt
1141 2548 1197 2620 in
1222 2547 1470 2620 artibus,
1492 2547 1632 2620 utin
1661 2548 1910 2620 artibus,
1932 2544 1983 2620 tv

329 2616 577 2694 stivam,
609 2616 683 2680 ὡξ
722 2616 775 2673 ἐν
820 2618 1063 2691 τέχναις,
1093 2617 1311 2673 habent
1364 2618 1722 2689 principium
1772 2618 1989 2674 divini-

336 2698 458 2749 tus.
492 2714 522 2741 »

412 2763 527 2819 Nos
559 2766 757 2817 tamen
790 2759 889 2816 ille
910 2761 973 2830 ⁷⁷,
999 2774 1103 2815 nec
1125 2759 1325 2827 semel,
1359 2775 1463 2815 nec
1494 2761 1753 2831 segniter
1799 2758 1990 2831 moni-

336 2840 431 2891 tos
457 2850 587 2889 esse
614 2832 761 2899 vult,
787 2831 1063 2887 omnibus
1095 2829 1654 2901 Cbristianis,atq'ue
1686 2832 1746 2885 in
1780 2829 1988 2901 primis

334 2906 627 2979 gnostico,
651 2920 753 2979 seu
778 2904 1118 2979 eorumdem
1148 2902 1614 2979 Christianorum
1637 2901 1991 2979 perfectissi-

336 2974 459 3043 ino,
482 2976 789 3032 vitandum
820 2992 949 3030 esse
979 2974 1230 3029 multum
1255 2978 1311 3028 et
1341 2974 1608 3029 inutilem
1642 2974 1990 3044 disciplina—

335 3066 471 3105 rum
504 3049 775 3104 abusum.
802 3047 1138 3102 Confirmari
1172 3050 1368 3100 autem
1402 3044 1459 3100 id
1496 3050 1681 3117 potest
1699 3046 1841 3117 ipso,
1866 3044 1988 3098 Pla-

2014 1728 2061 1791 B

2082 411 2334 485 musica,
2355 416 2411 466 et
2430 427 2497 485 ex
2514 412 2935 485 grammatica,
2961 418 3019 485 et
3053 412 3182 484 ipsa
3210 411 3584 485 phiiosOphia
3611 415 3733 470 col-

2081 482 2268 551 ligens
2310 484 2479 557 quod
2531 488 2622 539 est
2670 483 3050 557 utile,nullis
3078 482 3312 557 insidiis
3342 482 3732 557 interceptam

2082 558 2275 627 servet
2298 554 2533 627 fidem.»
2553 560 2761 610 Censet
2786 556 2969 627 igitur
2985 555 3384 612 Christianum
3409 554 3732 627 hominem,

2082 626 2333 695 singulis
2367 626 2522 681 hisce
2554 626 2885 700 disciplinis
2911 627 3233 682 liberaliter
3257 626 3735 700 ornatum,posse

2083 713 2287 752 earum
2311 713 2419 766 ope
2434 702 2492 752 et
2514 700 2785 771 praesidio
2808 698 3218 771 haereticorum
3244 698 3610 771 aliorumque
3632 717 3736 771 pa-

2082 784 2370 839 ganorum
2393 772 2449 822 et
2468 769 2786 824 errantium
2808 769 3117 825 hominum
3143 771 3392 826 insidias
3414 787 3481 826 ac
3502 769 3737 827 dolosas

2082 838 2483 895 cavillationes
2516 840 2597 895 ita
2628 841 2945 907 declinare,
2979 847 3042 896 ut
3069 842 3355 897 illibatam
3388 843 3736 898 Christiana:

2083 909 2384 979 religionis
2415 912 2742 966 doctrinam
2762 916 2818 967 et
2836 912 3013 969 nullis
3037 913 3200 969 falsis
3232 914 3461 970 artibus
3484 916 3737 970 interce-

2084 986 2246 1052 ptam
2278 980 2453 1036 fidem
2487 988 2812 1039 conservet.

2154 1057 2297 1125 Cum
2352 1058 2546 1108 autem
2605 1053 2993 1125 grammatica
3040 1054 3099 1108 in
3148 1055 3341 1111 verbis
3390 1061 3447 1112 et
3494 1056 3741 1113 vocibus

2084 1123 2466 1194 potissimum
2489 1123 2777 1192 versetur,
2802 1126 2938 1180 inde
2958 1131 3112 1181 certe
3142 1126 3413 1184 Clemens
3446 1134 3603 1184 recte
3626 1130 3743 1184 col-

2084 1196 2374 1271 ligiteam
2398 1196 2478 1271 ad
2510 1195 2926 1271 intelligendas
2957 1214 3155 1252 sacras
3189 1199 3499 1271 utriusque
3532 1202 3740 1257 Testa-

2087 1266 2266 1321 menti
2289 1266 2770 1345 Scripturasesse
2797 1267 3000 1322 utilem
3030 1284 3042 1321 ε
3068 1290 3095 1317 ‹‹
3121 1266 3741 1345 Quomod6,inquit”,

2086 1354 2203 1392 non
2223 1342 2314 1414 est
2337 1338 2497 1414 ntile,
2521 1338 2776 1414 dividere
2797 1355 2991 1414 voces,
3016 1355 3142 1410 quae
3168 1346 3308 1414 sunt
3339 1338 3649 1414 ancipifes,
3682 1338 3743 1404 et

2087 1425 2215 1481 quae
2250 1410 2309 1463 in
2340 1410 2730 1465 Testamentis
2752 1411 3077 1465 afferuntur
3094 1413 3431 1481 asquivoce?
3457 1410 3493 1462 ›ῐ
3509 1416 3576 1469 Et
3605 1410 3743 1475 vero

2087 1480 2232 1553 artis
2263 1482 2662 1553 grammaticae
2721 1482 3060 1551 utilitatem,
3090 1480 3207 1538 imo
3243 1488 3299 1537 et
3330 1488 3743 1545 necessitatem

2090 1552 2685 1627 probecognoscunt,
2716 1554 3102 1627 qui_eosdem
3161 1570 3361 1610 sacros
3418 1555 3622 1627 libros,
3652 1560 3744 1616 vel

2090 1623 2475 1706 primoribus,
2604 1623 2792 1707 aiunt,
2836 1623 3010 1707 labiis
3039 1630 3370 1707 gustavere,
3402 1633 3577 1699 atque
3604 1623 3648 1683 ii
3681 1631 3743 1687 in

2095 1694 2324 1766 primis,
2358 1695 2459 1765 qui
2519 1694 2652 1750 illos
2701 1694 3089 1772 interpretari,
3121 1713 3439 1772 exponere,
3463 1694 3746 1772 verosque

2092 1782 2294 1849 eorum
2345 1783 2557 1849 sensns
2582 1768 2934 1849 .perscutari
2976 1769 3168 1822 conati
3199 1776 3359 1849 sunt.
3396 1768 3743 1849 [gestamen

2091 1836 2379 1904 Clemens,
2422 1838 2505 1892 uti
2566 1836 2845 1903 diximus,
2897 1840 3348 1895 commonefacit
3407 1840 3745 1899 Christiano

2093 1926 2208 1986 non
2243 1909 2301 1963 in
2319 1908 2477 1986 solis
2508 1908 2943 1986 nominibuset
2964 1911 3182 1986 verbis,
3213 1912 3315 1966 sed
3366 1913 3543 1986 rebus
3593 1914 3742 1986 ipsis

2092 1984 2150 2108 (at
2216 1979 2467 2048 veritati,
2529 1997 2658 2052 quae
2726 1997 2795 2036 ex
2858 1980 2977 2037 illis
3042 1981 3359 2038 eliciuntur
3416 1979 3743 2043 immoran-

2139 2068 2260 2106 um.

2139 2068 2260 2106 um.

2163 2121 2479 2198 Dialectica
2526 2125 2721 2176 autem
2749 2142 2785 2198 si
2813 2108 3385 2198 Clemente__dicitur
3413 2126 3457 2160 ⁸³
3500 2143 3748 2198 respon-

2092 2194 2270 2248 dendi
2302 2199 2360 2247 et
2389 2193 2787 2262 interrogandi
2814 2194 3081 2249 scientia.
3112 2194 3226 2250 Nec
3255 2198 3327 2250 ab
3361 2197 3466 2251 hac
3498 2193 3747 2254 scientia

2094 2264 2267 2340 longe
2328 2265 2543 2340 absunt
2574 2265 2636 2328 ii,
2668 2264 3325 2340 denquibusuLaertius
3383 2268 3620 2340 scripsit
3643 2270 3690 2305 ⁸⁸
3723 2287 3737 2326 :

2101 2355 2121 2384 ι
2143 2334 2514 2390 Dialecticam
2538 2340 2693 2390 recte
2724 2335 3052 2392 disserendi
3085 2338 3392 2393 scientiam
3428 2334 3582 2395 circa
3611 2358 3745 2397 ora-

2095 2407 2335 2481 tionem,
2374 2406 2991 2481 quaa‘interrogatione
3036 2412 3103 2481 et
3141 2410 3522 2481 responsione
3554 2412 3747 2469 consi-

2094 2479 2213 2551 stit,
2248 2478 2468 2551 versari
2493 2477 3031 2551 dicun_t._Quocirca
3090 2477 3280 2551 ipsam
3311 2481 3392 2537 ita
3424 2482 3742 2550 deﬁniunt,

2094 2550 2403 2624 scientiam
2438 2550 2577 2617 veri,
2598 2548 2861 2624 falsique
2890 2554 2946 2624 et
2978 2548 3274 2624 neutrius.
3298 2574 3327 2602 ››
3377 2554 3566 2624 Atque
3596 2548 3747 2610 hanc

2093 2620 2302 2745 aliblif;
2331 2637 2507 2745 iuum
2538 2638 2571 2676 a
2595 2621 2825 2676 Zenone
2855 2623 3050 2676 Eleate
3079 2621 3385 2679 exordium
3417 2620 3751 2696 sumpsisse

2094 2709 2197 2745 ner
2247 2709 2261 2745 ι
2309 2708 2338 2745 e
2374 2733 2386 2745 .

2135 2692 2386 2747 erhibet.

2094 2709 2419 2817 Ρθῦἓὶὶῗῧὲε
2436 2764 2557 2833 itaq
2568 2778 2638 2816 ue
2653 2761 2906 2816 utilitate
2920 2762 3036 2817 haec
3047 2762 3318 2819 Clemens
3332 2769 3532 2821 noster
3554 2765 3745 2821 tradi-

2097 2834 2183 2889 dit
2206 2834 2250 2868 ⁸⁸
2281 2849 2294 2888 :
2336 2857 2357 2882 ι
2382 2833 2781 2905 Perspicuitas
2813 2849 2981 2903 opem
3006 2834 3116 2889 fert
3134 2837 3203 2890 ad
3229 2836 3573 2891 tradendam
3596 2837 3750 2892 veri-

2096 2909 2298 2972 tatem,
2323 2908 2380 2960 et
2403 2904 2729 2970 dialectica,
2756 2921 2828 2958 ne
2849 2908 3295 2975 prosternamur
3322 2908 3394 2962 ab
3418 2908 3744 2963 hwresibus

2097 2994 2222 3048 quis
2253 2976 2473 3031 faciunt
2505 2975 2893 3048 incursiones.
2934 2997 2962 3025 »
2985 2978 3128 3041 Quis
3160 2982 3353 3034 autem
3386 2979 3748 3035 inficiabitur

2098 3047 2213 3104 non
2247 3048 2558 3102 minimum
2591 3064 2721 3102 esse
2753 3047 3007 3102 fructum
3039 3057 3093 3103 et
3120 3049 3586 3105 emolumentum
3619 3052 3748 3105 dia-

336 3121 499 3175 tonis
522 3118 919 3191 Heraclitique
956 3093 1513 3191 testimciniohquodI
1534 3093 1988 3191 illeualirbihunc
2018 3093 2060 3159 (ἶ
2099 3120 2341 3184 lecticae,
2361 3136 2488 3189 quae
2518 3118 2698 3173 efficit
2722 3119 2872 3191 utab
2897 3119 3180 3191 haereticis
3212 3138 3325 3174 non
3359 3122 3747 3191 decipiamur,

386 3190 587 3261 rotulit
617 3190 771 3244 306
801 3183 1121 3261 inmodum
1143 3188 1225 3261 73;
1250 3183 1404 3261 fﬂfisz
1436 3188 1564 3261 γὰρ,
1593 3189 1771 3261 sinat,
1794 3184 1990 3261 dictiset

386 3209 587 3247 rctuut
617 3209 771 3244 ῢυυ
801 3209 861 3244 In
882 3209 1121 3244 [nouum
1150 3209 1185 3222 ὐ
1214 3209 1225 3241 ;
1278 3209 1404 3254 post
1436 3209 1564 3261 γαρ,
1593 3209 1771 3258 οιμαι,
1794 3209 1866 3246 ως
1888 3209 1988 3260 αρα

339 3209 455 3331 ἕδη
487 3258 783 3332 πολυμαθῆ
816 3258 940 3332 νόον
975 3257 1090 3332 ἔχει
1120 3275 1132 3289 ·
1185 3254 1484 3332 ὃᾼδιδάσκει
1533 3259 1655 3311 κπιθι
1700 3254 1988 3332 Ἡράκλει-

342 3330 458 3390 ⁸εον·
516 3355 543 3382 ‹‹
573 3330 802 3389 Sciebat
846 3330 1042 3400 enim,
1063 3333 1127 3387 ut
1155 3330 1446 3397 existimo,
1479 3346 1614 3385 eum
1672 3330 1993 3385 multarum

344 3421 542 3464 rerum
576 3405 859 3461 scientem
884 3404 1009 3472 jam
1044 3402 1259 3459 habere
1288 3406 1567 3466 mentem,
1602 3403 1756 3471 quod
1803 3402 1991 3467 docet,

343 3484 411 3535 ut
434 3480 525 3533 est
546 3476 821 3533 Heracliti
852 3474 1164 3529 sententia.
1190 3496 1219 3522 ››
1250 3474 1356 3528 Sed
1392 3473 1499 3543 hoc
1533 3473 1834 3543 Menagius
1858 3489 1995 3526 cen-

346 3553 438 3606 set
494 3547 575 3603 ita
620 3563 760 3617 esse
815 3545 1282 3617 corrigendum;
1322 3539 1476 3617 ξῌδει
1522 3543 1661 3617 γὰρ.
1700 3539 1993 3617 ᾆῖμα-ιλὼς

343 3621 451 3693 ἄρα
476 3619 510 3686 ἡ
542 3615 890 3693 πολυμάθεια
917 3610 1038 3671 νόῦν
1082 3613 1211 3693 οὐχὶ
1261 3610 1499 3693 διδάσκει
1536 3610 1663 3693 ”κάβ’
1710 3610 1997 3687 Ἡράκλει-

345 3687 465 3745 τὸν.
503 3691 567 3745 Et
607 3687 748 3745 sane
790 3688 942 3744 hanc
990 3687 1460 3742 emendationem
1506 3688 1713 3758 probat
1763 3692 2001 3757 praeter-

353 3763 541 3818 missa
562 3763 633 3816 ab
666 3764 901 3816 auctore
932 3764 1132 3815 nostro
1161 3759 1468 3829 sententia,
1493 3776 1621 3829 quae
1648 3759 1798 3829 apud
1826 3758 1999 3829 Laer-

346 3836 502 3891 tium
561 3832 647 3889 sic
696 3832 918 3903 legitur
972 3833 1018 3866 ⁷³
1073 3847 1087 3885 :
1148 3825 1788 3903 ﬂokonaelq'vdov'oo
1846 3825 1999 3882 διδά-

348 3924 489 3975 σκει,
521 3924 552 3956 ‹‹
585 3901 786 3959 ωυιιέ
802 3902 1024 3975 peritia
1040 3906 1291 3975 mentem
1323 3918 1437 3975 non
1468 3901 1654 3956 docet.
1686 3920 1712 3951 ι)

423 3970 552 4031 Non
584 3975 756 4031 aliter
786 3970 985 4044 itaque
1015 3973 1118 4029 has
1149 3972 1515 4044 disciplinas,
1549 3988 1676 4044 quae
1728 3970 2002 4027 utilitatis

352 4047 582 4119 aliquid
614 4047 853 4116 habent,
879 4044 1293 4119 a_Christianis
1323 4044 1689 4119 adhibendas
1720 4060 1849 4119 esse
1878 4044 2004 4119 Cle-

356 4114 529 4174 mens
550 4114 861 4189 opinatur;
884 4116 998 4189 nisi
1022 4114 1502 4189 velutiquasdam
1526 4115 2008 4189 praeexercitatio-

354 4206 485 4259 nes,
522 4187 737 4260 quibus
767 4188 1111 4260 etrcaptiosa
1140 4187 1604 4260 adversariorum
1640 4187 2009 4260 sophismata

355 4257 605 4327 diluere,
640 4265 697 4316 et
724 4257 987 4316 veritatis
1018 4258 1412 4330 cognitionem
1461 4257 1726 4330 assequi'
1758 4257 2006 4330 possint.

355 4331 622 4402 Denique
653 4335 794 4387 tunc
824 4346 922 4386 eas
954 4347 1069 4386 non
1098 4329 1294 4402 imodo
1342 4329 1603 4396 inutiles,
1638 4330 1752 4402 sed
1801 4329 2007 4402 perni-

352 4399 550 4461 ciosas
595 4419 724 4459 esse
773 4403 1006 4470 asserit,
1038 4401 1274 4473 quando
1305 4417 1438 4457 cum
1469 4417 1605 4456 vera
1634 4399 2009 4472 philosophia

353 4458 831 4543 conijrunctmnon
865 4458 1085 4529 fuerint
1128 4490 1142 4528 ι
1195 4496 1223 4523 ‹‹
1249 4477 1439 4540 Artes,
1471 4458 1666 4543 inquit
1693 4473 1759 4536 3°,
1792 4472 1842 4528 si
1873 4458 2008 4528 cum
2039 4458 2086 4523 D

353 4543 731 4620 phiIosophia
751 4546 1080 4620 conjunctae
1101 4561 1214 4600 non
1243 4544 1726 4620 fueri_nt,cuilibet
1745 4543 2008 4620 exitiales

353 4615 550 4674 erunt.
578 4615 608 4667 πῖ
627 4618 735 4673 Sed
770 4615 893 4673 haec
924 4616 1123 4672 omnia
1151 4633 1219 4671 ex
1246 4615 1322 4671 iis
1351 4615 1600 4671 clariora
1630 4621 1688 4670 et
1719 4616 2011 4686 apertiora

352 4689 635 4818 nmnibus
668 4690 979 4760 fiunt,qu:e
1009 4688 1285 4760 superius
1308 4687 1377 4743 de
1400 4687 1771 4759 philosophia
1801 4687 2011 4759 dispu-

384 4777 637 4817 av1mus.

921 4855 1324 4911 ARTIGULUS
1381 4854 1447 4908 V.

357 4950 439 5003 De
486 4946 878 5014 grammatica,
909 4943 1224 5013 dialectica,
1272 4943 1648 5013 arithmetica,
1681 4952 1732 5000 et
1779 4946 2011 5015 quibus-

429 5016 559 5071 dam
586 5018 856 5082 numeris,
889 5015 955 5072 de
984 5017 1225 5084 musica,
1257 5018 1587 5088 geometria,
1618 5016 2011 5083 architectura,

428 5090 799 5160 agricultura,
832 5090 1060 5143 nautica
1089 5097 1141 5144 et
1169 5087 1530 5143 astronomia.

427 5185 789 5242 Clementem
821 5190 1118 5250 nostrum,
1152 5186 1223 5240 de
1255 5184 1509 5257 singulis
1541 5185 1851 5256 discipulis
1883 5186 2016 5257 dis-

352 5262 680 5325 serentem,
712 5257 763 5313 si
794 5273 1139 5328 sequamur,
1173 5257 1244 5312 ab
1274 5256 1405 5329 ipso
1439 5257 1559 5312 haec
1589 5258 1905 5329 audiemus
1927 5256 1971 5292 ⁸⁷
2003 5272 2017 5312 :

355 5352 385 5380 «
412 5329 562 5385 Eum
588 5331 738 5386 bene
769 5334 828 5385 et
858 5328 1081 5385 utiliter
1107 5329 1408 5385 eruditum
1440 5329 1735 5400 existimo,
1767 5328 1870 5400 qui
1901 5344 2023 5384 om-

424 5473 471 5509 ⁷²
498 5490 555 5545 p.
584 5474 710 5529 656.
788 5474 833 5509 ⁷³
864 5473 903 5529 l.
937 5490 979 5541 ι,
1011 5488 1067 5543 p.
1099 5472 1201 5528 291
1237 5477 1295 5529 et
1324 5488 1448 5545 seq.

433 5546 626 5580 "Rm
724 5545 1135 5580 τειειηρμς
1254 5544 1448 5580 τοι..

353 5561 428 5616 pa
477 5587 489 5600 .
521 5546 645 5600 656.
724 5545 768 5580 ⁷⁸
800 5545 837 5599 l.
871 5563 911 5614 1,
984 5586 997 5600 .
1030 5545 1155 5599 315.
1254 5545 1299 5579 ⁷⁷
1330 5545 1369 5601 1.
1402 5561 1457 5600 ix
1488 5545 1547 5599 in
1577 5545 1711 5599 Vita
1741 5545 1863 5598 Her:

350 5634 410 5685 p.
432 5560 566 5671 $92.
645 5617 689 5651 ⁸³
719 5617 865 5673 ibid.
939 5561 987 5651 θ’
1017 5615 1056 5672 l.
1090 5633 1168 5671 vu
1196 5616 1256 5671 in
1288 5617 1420 5672 Vita
1448 5617 1689 5680 Zenon.,
1719 5617 1747 5682 §
1777 5615 1863 5669 42.

344 5688 392 5745 ⁷ο
424 5693 567 5743 tom.
604 5688 675 5760 ll,
708 5688 808 5745 lib.
842 5705 920 5744 vn
952 5693 1031 5743 De
1065 5690 1295 5759 repub.,
1327 5705 1383 5760 p.
1416 5688 1515 5744 351
1551 5691 1608 5743 et
1638 5703 1757 5757 seq.

348 5761 379 5833 Ξ
418 5760 509 5814 17.
587 5759 632 5793 ⁷³
662 5759 764 5815 lib.
799 5776 877 5830 v1,
911 5776 968 5831 p.
1000 5760 1131 5815 654.

649 5877 918 5939 Ριτειοι..
966 5876 1077 5937 Gs.
1124 5875 1231 5935 Ix.

1541 5474 1587 5508 7‘
1616 5473 1656 5527 1.
1687 5489 1764 5535 v1,
1798 5489 1854 5543 p.
1886 5472 2011 5528 6514.

1254 5545 1299 5579 7’
1330 5544 1369 5601 l.
1402 5543 1457 5600 ix
1488 5545 1547 5599 in
1577 5544 1711 5599 Vita
1741 5543 1970 5607 Herac.,
1996 5546 2024 5609 §
2054 5547 2102 5599 l.

1862 5686 1907 5722 ⁹⁰
1936 5687 2153 5744 Strom.
2186 5688 2293 5744 lib.
2325 5705 2406 5755 νι,
2439 5704 2497 5758 p.
2528 5686 2659 5742 692.
2745 5688 2789 5722 ⁹¹
2832 5687 3003 5761 ibid.,
3034 5706 3091 5762 p.
3123 5690 3249 5746 655.

2100 3196 2157 3246 et
2172 3207 2351 3245 vanas
2381 3206 2582 3244 eorum
2616 3189 2875 3258 argutias
2906 3195 2963 3243 et
2993 3190 3388 3246 cavillationes
3420 3189 3743 3260 diluamus,

2101 3262 2471 3317 confutemus
2504 3265 2561 3314 et
2590 3259 2973 3329 explodamus
2993 3259 3021 3313 ‘?

2174 3331 2552 3403 Necgmirum
2601 3346 2761 3384 sane.
2789 3330 2935 3403 Nam
2988 3330 3314 3393 dialectica,
3347 3335 3413 3385 ut
3444 3332 3540 3387 ille
3571 3332 3653 3387 ait
3682 3333 3750 3403 ⁸⁷,

2094 3401 2557 3485 juxta‘Piatonis
2589 3400 2961 3468 sententiam,
2996 3422 3024 3485 (ς
3057 3406 3146 3483 est
3175 3403 3444 3485 qnnazdaim
3485 3400 3754 3485 scientia

2102 3473 2393 3544 inventrix
2440 3489 2666 3544 eorum,
2717 3488 2872 3544 quae
2894 3476 3033 3526 sunt
3063 3474 3552 3544 rsignilicationis.
3591 3497 3619 3525 »
3649 3479 3752 3542 τῆς

2101 3548 2209 3597 τῶν
2239 3540 2407 3617 ὄντων
2470 3540 2792 3617 δηλῴσξωξΔ
2825 3540 3070 3617 εὑρετική
3122 3540 3208 3617 ᾗς
3244 3543 3399 3617 ἐστὶν
3445 3540 3749 3617 ἐπιστήμή.

2106 3615 2329 3686 Duplex
2360 3631 2532 3688 porro
2556 3613 2896 3688 dialectica
2920 3616 2992 3669 ab
3022 3631 3089 3669 eo
3120 3616 3526 3688 distinguitur.
3560 3613 3757 3674 Prima

2106 3688 2165 3743 in
2199 3686 2371 3742 rebus
2402 3686 3052 3759 sophisticisversatur,
3074 3707 3101 3734 «
3129 3686 3432 3759 etaliquid
3467 3690 3630 3759 dicit,
3662 3689 3757 3744 vel

2108 3759 2247 3814 facit
2278 3774 2506 3827 eorum,
2538 3774 2665 3828 qua:
2695 3757 2995 3823 dicuntur,
3029 3763 3131 3811 aut
3178 3757 3330 3814 ﬁunt
3378 3761 3450 3815 ab
3498 3757 3757 3815 homini—

2109 3833 2222 3886 bus
2251 3829 2319 3897 ⁸⁸,
2353 3851 2381 3879 ››
2422 3834 2593 3898 atque
2625 3829 2744 3882 haec
2776 3828 2973 3899 procul
3007 3829 3324 3899 rejicienda
3353 3836 3463 3886 est.
3498 3833 3694 3887 Altera
3725 3849 3760 3887 a

2111 3904 2262 3957 bono
2292 3904 2349 3956 et
2378 3900 2677 3956 moderato
2700 3899 2820 3954 viro
2851 3900 3231 3969 acquirenda,
3280 3923 3307 3951 «
3343 3908 3408 3958 ut
3444 3903 3628 3972 possit
3673 3903 3759 3958 fa-

2112 3989 2241 4029 cere
2270 3977 2326 4027 et
2355 3972 2546 4027 dicere
2572 3987 2796 4044 eaquae
2820 3975 2940 4044 pec
2991 3979 3154 4042 grata
3203 3976 3362 4041 sunt,
3396 3974 3575 4044 idque
3622 3974 3761 4028 uni-

2112 4060 2351 4101 versum
2402 4060 2503 4112 pro
2533 4042 2781 4097 viribus.
2817 4042 2999 4097 Docet
3046 4048 3244 4098 autem
3292 4042 3556 4100 Clemens
3606 4044 3761 4101 hanc

2115 4132 2252 4187 esse
2276 4115 2671 4184 prudentiam,
2700 4129 2830 4187 quas
2851 4130 2919 4169 ea
2940 4113 3169 4184 dividit,
3193 4131 3320 4185 quas
3352 4116 3763 4187 percipiuntur

2116 4185 2524 4257 intelligentia,
2559 4202 2684 4255 quae
2716 4186 2785 4258 ad
2813 4202 3013 4258 veram
3074 4185 3425 4257 sapientiam
3457 4185 3560 4242 nos
3591 4187 3763 4258 quasi

2118 4275 2295 4314 manu
2318 4256 2510 4324 ducit,
2544 4274 2674 4328 quae
2704 4256 2775 4310 ad
2810 4256 3343 4328 ipsummet’etiam
3374 4259 3559 4315 Deum
3585 4256 3765 4313 audet

2118 4328 2413 4401 progredi,
2446 4345 2592 4401 quasi
2629 4328 2868 4382 tandem
2925 4329 3260 4401 divinorum
3319 4330 3763 4400 coelestiumque

2120 4399 2424 4457 scientiam
2459 4399 2783 4471 profitetur.
2819 4402 3006 4471 Atque
3037 4399 3158 4471 haec
3188 4402 3386 4456 omnia
3415 4418 3484 4457 ex
3514 4399 3763 4470 septimo
3793 4400 3797 4405 ”

2117 4471 2379 4527 Platonis
2408 4470 2484 4526 De
2513 4471 2796 4541 republica
2841 4470 2990 4526 libro
3020 4470 3250 4527 videtur
3281 4473 3553 4530 hausisse
3582 4474 3646 4528 δ’.
3679 4473 3765 4528 Ad

2118 4544 2237 4599 haec
2258 4559 2391 4598 vero
2414 4542 2741 4606 dialectica,
2767 4543 3269 4611 quemadmodum
3300 4544 3399 4599 ille
3428 4543 3569 4601 alibi
3601 4545 3683 4599 ait
3702 4545 3767 4612 νο,

2119 4613 2562 4685 quaeintellectu
2598 4617 2871 4684 percepta
2902 4614 3155 4680 fuerunt,
3182 4616 3309 4670 fuse
3326 4623 3379 4670 et
3403 4615 3770 4671 rationabili-

2118 4684 2229 4753 ter,
2252 4702 2318 4741 ac
2342 4701 2476 4758 cum
2509 4684 2793 4740 electione
2823 4690 2880 4740 et
2909 4702 3153 4758 assensu
3196 4687 3467 4758 explicat.
3501 4689 3635 4752 Quae
3667 4704 3774 4742 au-

2120 4764 2236 4813 tem
2260 4772 2390 4811 vere
2416 4756 2580 4830 dict_a_
2603 4764 2759 4822 sunt,
2793 4757 3121 4830 conﬁr_mat,
3149 4756 3535 4830 dissolvitque
3555 4758 3773 4814 dubita-

2120 4831 2297 4884 tiones
2327 4832 2392 4900 et
2414 4827 2832 4900 sophismata:
2880 4850 2921 4900 7«
2955 4828 3053 4900 Est
3103 4829 3286 4900 enim,
3343 4827 3519 4885 sicuti
3578 4830 3775 4886 adhuc

2123 4899 2363 4986 scripsit
2382 4899 2448 4986 91,
2474 4897 2781 4986 dialectica
2805 4899 3197 4986 ‘velntivallu’s
3227 4897 3493 4986 quidam,
3522 4919 3594 4986 ne
3624 4902 3776 4957 veri-

2122 4976 2214 5027 tas
2244 4970 2620 5044 conculcetur
2640 4988 2673 5044 a
2695 4970 3056 5044 sophisticis.
3082 4995 3108 5023 .-)
3146 4970 3357 5038 Quidni
3388 4973 3563 5029 vero?
3591 4989 3778 5044 quan-

2126 5043 2446 5113 doquidem
2484 5061 2506 5090 ι
2543 5040 2857 5109 dialectici,
2890 5043 3085 5112 inquit
3129 5045 3398 5101 Laertius
3423 5047 3487 5109 9',
3520 5062 3553 5100 a
3585 5040 3781 5100 disse-

2125 5114 2306 5188 rendo
2338 5113 2524 5168 vocati
2571 5118 2733 5188 sunt,
2770 5114 2826 5168 hi
2876 5115 3181 5185 nimirum,
3214 5117 3316 5188 qui
3367 5118 3682 5173 verborum
3712 5131 3780 5172 ac

2126 5186 2423 5241 rationum
2453 5185 2724 5241 acumine
2754 5192 3041 5256 pugnant.
3076 5209 3104 5238 »

2198 5256 2589 5311 Arithmeticaa
2623 5257 3197 5328 quoquerutilitalem
3248 5276 3315 5315 eo
3363 5260 3633 5315 Clemens
3677 5259 3781 5313 de-

2129 5332 2421 5385 monstrat
2442 5327 2670 5400 ”,quod
2689 5327 2992 5399 gnosticus
3004 5345 3107 5387 seu
3133 5330 3785 5403 perfectissimus,sicut

2115 5472 2562 5543 ⁷⁶ρ.655,659.
2666 5473 2960 5578 “p.694.
3062 5475 3107 5510 ἰτ
3139 5475 3179 5531 1.
3212 5492 3362 5547 ιη.
3395 5476 3521 5545 339,
3553 5475 3784 5557 et.l.'vi,

2201 5542 2291 5578 801
2352 5562 2368 5578 τ
2425 5560 2459 5578 n
2512 5544 2619 5578 ΟΩΟ
2773 5544 3009 5578 ίειπηηη
3068 5545 3084 5578 1
3154 5564 3196 5578 η
3252 5564 3286 5578 τη
3335 5548 3464 5578 001.
3540 5548 3586 5578 BI
3616 5547 3735 5578 ,ιυλ

2047 5547 2102 5627 ,ι-
2276 5542 2317 5599 ιο
2425 5544 2639 5631 ρκὲθθ-
2669 5615 2711 5631 ..
2739 5542 2788 5631 ξι
2819 5544 3107 5631 ειτοαλεέ-
3252 5542 3464 5631 r1221.-
3509 5542 3590 5631 r
3616 5542 3789 5631 sic;

2134 5614 2463 5692 Promm.,’§
2489 5617 2625 5692 18A.“
2669 5615 2713 5649 ⁸⁸
2814 5633 2867 5692 1,
2888 5632 2949 5692 p._
2977 5617 3102 5671 319.
3137 5620 3222 5692 hi?
3342 5620 3471 5675 354.
3546 5620 3591 5654 ⁸³
3618 5614 3790 5692 ibid.,

3349 5692 3394 5727 θ’
3425 5692 3485 5747 in
3518 5692 3793 5762 Prooem.,

3427 5882 3508 5939 44
