4014 6158
229 199 258 255 1
270 200 381 256 437

1394 203 1493 256 ΒΕ
1528 203 1718 258 ALIIS
1752 203 1968 258 CLEM.
2010 204 2224 259 ALEX.
2264 205 2475 260 OPER.

3513 205 3536 260 1
3548 205 3655 261 438

1030 394 2125 531 DlSSEBTATIO
2247 401 2841 532 TERTIA

223 657 508 715 De‘aliis
567 658 902 715 Clementis
956 655 1394 716 Alexandrini
1425 657 1741 732 operibus,

1826 659 1956 713 sive
2002 661 2325 726 ceris,s-ive
2377 661 2785 735 falsis,eolitis
2844 668 2903 718 et
2980 661 3261 730 ineditis,
3323 680 3396 721 ac
3455 662 3534 721 de
3570 667 3653 720 iis

403 755 540 814 quas
563 740 671 797 ille
695 741 1093 815 scripturum
1116 757 1179 796 se
1206 755 1333 797 esse
1352 742 1762 813 promiserat,
1795 743 1856 794 et
1882 736 1962 794 de
1988 742 2190 797 var-iis
2215 739 2649 819 chronologiis
2693 739 2771 799 ab
2829 742 2943 801 illo
2985 747 3480 819 repraasentatis.

1476 1101 1863 1198 CAPUT
1931 1103 2424 1202 PRIMUM

1166 1369 1254 1427 De
1285 1365 1448 1428 libro
1478 1367 1587 1447 qui
1615 1374 1875 1432 octavus
1905 1367 2298 1428 Stromatum
2329 1367 2716 1430 inscribitur.

719 1704 874 1759 833
911 1703 1314 1761 ARTICULUS
1360 1706 1404 1762 Ι.

751 1802 1010 1874 Analysis
1044 1803 1210 1876 hujus
1243 1805 1393 1859 libri.

211 1945 216 1950 -
315 1917 540 1972 Auctor
567 1917 757 1987 hujus
785 1917 922 1974 libri
955 1920 1334 1975 manifestum
1365 1919 1643 1975 omnibus
1676 1920 1812 1975 facit
1855 1921 1902 1973 ³⁸.

239 1989 1900 2062 antiquissimosphilosophos,quemadmodumChristia-

236 2075 381 2133 nos,
405 2077 597 2116 veram
637 2061 1074 2132 philosophiam
1101 2061 1459 2133 proﬁtentes,
1483 2064 1555 2118 ab
1579 2065 1737 2119 omni
1763 2080 1896 2118 con-

232 2130 499 2187 tentione
527 2139 583 2186 et
618 2130 1008 2206 dubitatione,
1040 2130 1159 2188 sive
1195 2152 1251 2206 ia
1310 2134 1551 2206 litigiosi
1605 2152 1672 2190 ac
1731 2136 1895 2190 dubii

237 2218 590 2273 semperque
603 2204 878 2274 ancipitis
901 2206 1083 2260 animi
1107 2204 1246 2260 vitio
1271 2204 1453 2262 fuisse
1484 2223 1728 2274 prorsus
1750 2206 1896 2262 alie-

232 2289 366 2329 nos.
400 2278 617 2349 Contra
655 2277 1114 2349 verojuniores,
1134 2278 1216 2349 uti
1242 2277 1337 2332 ille
1361 2279 1443 2332 ait
1464 2277 1528 2340 ’5,
1549 2278 1894 2349 philosophi

231 2361 388 2422 vana
416 2346 610 2422 laudis
628 2347 960 2422 cupiditate
995 2348 1284 2422 inducti,“
1306 2348 1650 2422 adiinutiles
1701 2346 1893 2422 nugas

232 2416 537 2489 tamalios
568 2416 820 2472 fallendo
850 2435 1024 2488 quam
1069 2418 1447 2489 digladiaudo
1503 2416 1896 2480 ferunturfAt

238 2486 584 2555 Christiani,
619 2491 836 2558 rejects.
858 2486 1019 2545 omni
1053 2486 1446 2558 contentione,
1477 2493 1783 2547 veritatem
1827 2509 1896 2547 ex

241 2563 431 2614 sacris
462 2561 800 2635 scripturis,
862 2561 1279 2635 interrogando
1338 2568 1397 2617 et
1456 2564 1892 2635 respondendo,

238 2636 482 2701 propter
513 2631 827 2686 honestum
862 2632 1038 2687 ﬁnem
1070 2631 1419 2703 quaerentes,
1455 2631 1572 2690 non
1601 2651 1730 2690 eam
1765 2631 1892 2690 tané

240 2703 572 2775 tummodo,
607 2704 704 2758 sed
738 2708 795 2758 et
821 2703 1128 2758 scientiam
1163 2714 1629 2775 consequuntur.

316 2774 466 2847 Tum
499 2775 946 2847 deindeauctor
978 2783 1178 2830 noster
1201 2774 1402 2846 paucis
1457 2778 1729 2847 explicat,
1780 2793 1896 2847 qua

251 2846 482 2918 ratione
514 2851 571 2900 et
598 2846 872 2900 methodo
903 2847 974 2902 ad
1010 2863 1204 2902 veram
1237 2849 1387 2918 ejus,
1407 2846 1564 2918 quod
1590 2846 1896 2918 quaeritur,

246 2915 818 2972 demonstrationem
851 2919 1152 2987 pervenire
1184 2915 1504 2988 possimus.
1557 2915 1749 2974 Primo
1797 2919 1905 2974 ita-

249 3001 365 3067 que
395 2989 566 3067 scire,
600 2988 794 3059 inquit
822 2988 939 3055 ille,
963 2991 1664 3067 _debemus_qiuid‘nomAen
1697 2995 1754 3046 et
1774 3007 1902 3067 ora-

1907 1579 1980 1594 —

1921 1703 1976 1771 Α
2016 1705 2186 1761 ritate
2218 1723 2350 1764 esse
2383 1709 2594 1764 debere
2644 1725 2870 1776 curam,
2932 1708 3176 1765 minime
3230 1725 3363 1765 vero
3421 1708 3492 1763 de
3549 1723 3652 1763 no-

2009 1781 2294 1843 minibus.
2330 1780 2509 1838 Veras
2565 1791 2763 1836 autem
2822 1782 2996 1837 debet
3053 1792 3286 1851 Semper
3344 1795 3649 1836 assumere

2008 1851 2492 1930 prOpositiones,‘
2518 1857 2577 1930 et
2630 1859 3086 1930 consequentem
3119 1870 3188 1907 ex
3217 1852 3288 1930 iis
3320 1851 3647 1930 conclusio-

2007 1923 2140 1985 nem
2172 1924 2403 1979 elicere.
2453 1924 2740 1978 Caeterum
2802 1929 2937 1979 ante
2995 1925 3077 1990 id,
3131 1925 3285 1994 quod
3345 1923 3648 1995 quaeritur,

2007 2006 2098 2056 est
2129 1995 2352 2065 aliquid
2389 1996 2572 2064 prius,
2609 1996 2764 2064 quod
2783 1997 2910 2050 sine
2945 1995 3061 2049 ulla
3091 1998 3351 2050 creditur
3406 1995 3652 2049 demon-

2006 2068 2318 2130 stratione,
2350 2072 2408 2120 et
2441 2067 2575 2122 inde
2607 2069 2677 2121 ad
2695 2066 2942 2122 aliorum
2969 2067 3418 2138 inquisitionem
3450 2069 3652 2138 prece-‘-

2006 2141 2270 2200 dendum
2305 2145 2414 2191 est.

2079 2216 2269 2281 Atque
2300 2216 2366 2263 ut
2396 2208 2468 2263 ab
2500 2209 2777 2281 omnibus
2810 2208 3028 2264 clarius
3076 2207 3460 2281 intelligatur_
3498 2224 3644 2277 quo-

2008 2278 2188 2340 modo
2205 2281 2584 2336 observandae
2605 2280 2726 2334 sint
2749 2282 2834 2334 his
2854 2297 3058 2336 omnes
3080 2278 3650 2336 demonstrationum

2007 2354 2377 2428 regulis,_eas
2436 2357 2640 2428 auctor
2698 2359 2919 2428 noster_
2959 2353 3031 2406 ad
3083 2351 3233 2406 hanc
3296 2349 3648 2428 propositio:

2006 2419 2181 2483 neinz
2216 2422 2477 2478 «Utrum
2538 2423 2709 2488 fetus,
2760 2425 2860 2492 qui
2906 2423 2966 2478 in
3027 2429 3193 2478 utero
3252 2419 3537 2494 gestatur,
3571 2419 3650 2494 sit

2007 2495 2253 2560 animal,
2288 2495 2868 2566 nidemonstrandam
2902 2492 3525 2566 singulatim'adhibet
3579 2492 3645 2566 ἐξ.

2005 2573 2076 2626 Et
2116 2569 2173 2622 id
2234 2565 2470 2636 quidem
2529 2564 2626 2620 ille
2686 2573 2817 2636 post
2873 2564 3022 2620 fuse“
3059 2572 3406 2636 prosecutus
3438 2567 3548 2636 est
3577 2564 3647 2632 3‘,

2005 2643 2143 2696 inde
2175 2635 2471 2693 concludit
2499 2635 3075 2692 demonstrationem
3116 2653 3246 2690 esse
3302 2635 3648 2699 orationem,

2007 2730 2136 2784 quis
2169 2727 2354 2784 unum
2391 2709 2596 2784 probat
2625 2724 2694 2762 ex
2725 2709 2876 2771 aliis,
2913 2724 3162 2784 quorum
3199 2706 3551 2784 principium
3577 2704 3651 2758 i1-

2005 2778 2109 2838 Iud
2145 2781 2406 2852 ponitur,
2441 2780 2597 2850 quod
2631 2795 2808 2834 sensu
2863 2778 2940 2852 et
2978 2778 3370 2852 intelligentia
3416 2778 3654 2832 evidens

2017 2861 2126 2911 est.
2149 2851 2240 2907 ’Ex
2273 2851 2365 2904 his
2397 2867 2631 2920 quoque
2655 2852 2846 2921 prima
2875 2851 3298 2905 demonstratio
3329 2851 3414 2913 ﬁt,
3475 2854 3654 2921 atque

2016 2927 2142 2983 alia;
2175 2919 2470 2990 deinceps,
2504 2919 2632 2990 quas
2657 2919 2872 2993 'prima
2926 2922 3351 2976 demonstratio
3400 2919 3655 2991 amplius

2017 2997 2134 3051 dici
2169 3010 2281 3049 non
2318 2999 2587 3063 possunt.

240 3060 349 3126 tio,
377 3076 479 3142 seu
512 3060 584 3114 de
613 3076 675 3114 re
705 3061 1030 3142 quaerenda
1047 3062 1376 3142 _pr_opositio
1408 3063 1759 3142 signiﬁcent.
1794 3062 1894 3142 Sc:
1927 3075 1970 3139 Β
2079 3060 2398 3142 Postquam
2419 3072 2627 3142 autem
2659 3063 2705 3097 3’
2748 3061 2846 3142 ille
2895 3063 3041 3142 dixit
3096 3079 3214 3142 non
3274 3061 3442 3133 plura
3475 3060 3652 3116 unius

243 3131 440 3186 eundo
473 3133 854 3202 quaerendum
888 3149 958 3186 an
997 3131 1143 3188 illud
1167 3131 1180 3133 ἡ
1205 3150 1402 3187 revera
1431 3131 1695 3201 eisistat,
1730 3134 1886 3202 quod

239 3215 627 3258 sermoneseu
663 3205 1060 3274 propositione
1088 3205 1450 3258 enuntiatur.
1498 3205 1690 3259 Tertio
1725 3206 1767 3238 ²⁷
1792 3205 1885 3258 in-

242 3275 652 3342 vestigandum
686 3275 881 3345 qualis
912 3275 990 3329 sit
1019 3277 1148 3344 ejus
1181 3281 1410 3340 natura,
1443 3281 1499 3329 et
1533 3283 1728 3329 utrum
1780 3277 1910 3330 da--

249 3350 374 3397 tum
404 3353 641 3416 superet
663 3347 955 3400 ordinem.
989 3349 1044 3400 Si
1093 3353 1291 3401 autem
1342 3345 1505 3401 nulla
1549 3351 1628 3401 sit
1675 3347 1746 3401 de
1795 3347 1885 3400 his

243 3417 662 3478 controversia.
708 3418 808 3471 sed
869 3417 1162 3471 unanimis
1221 3417 1487 3472 omnium
1536 3433 1884 3481 consensus,

234 3484 385 3541 illud
418 3489 694 3543 constitui
721 3488 890 3542 debet
947 3488 1226 3543 doctrinm
1283 3488 1660 3559 principium.
1722 3489 1885 3551 Quod

244 3559 486 3627 quidem
520 3560 616 3614 ille
644 3559 941 3629 proposito
973 3560 1117 3615 solis
1173 3560 1438 3631 exemplo
1500 3559 1732 3631 planius
1782 3561 1882 3615 de-

242 3637 578 3685 monstrare
609 3636 873 3685 conatur.

314 3703 621 3773 Duplicem
652 3719 784 3756 vero
814 3701 958 3756 dicit
987 3718 1116 3756 esse
1143 3702 1297 3757 sicut
1347 3702 1544 3767 fidem,
1601 3701 1886 3772 cognitio-

239 3786 400 3843 nem,
442 3790 505 3829 ac
536 3774 989 3843 praescientiam,
1045 3773 1130 3828 ita
1187 3779 1243 3829 et
1300 3775 1882 3829 demonstrationem.

238 3842 373 3902 Una
405 3842 698 3916 siquidem
729 3850 961 3909 tantum
991 3851 1082 3898 est
1111 3861 1181 3898 ex
1213 3861 1317 3914 spe
1347 3852 1404 3900 et
1433 3845 1710 3914 opinione
1743 3863 1756 3910 ;
1800 3848 1885 3916 ai-

235 3927 362 3974 tera
392 3915 526 3971 vero
557 3933 628 3970 ex
657 3917 902 3971 scientia
935 3916 1188 3984 proﬂuit.
1223 3923 1397 3982 atque
1432 3917 1650 3970 idcirco
1702 3915 1885 3971 stabi-

237 3993 315 4047 lis
346 3993 455 4053 est,
491 3988 660 4042 firma
690 4004 756 4042 ac
791 3987 1020 4058 pr0prie
1053 3989 1209 4042 dicta
1232 3988 1679 4042 demonstratio.
1740 3989 1883 4042 Cum

239 4068 439 4119 autem
470 4059 748 4114 iudicatio
777 4065 835 4112 et
860 4058 1241 4129 syllogismus
1272 4059 1380 4114 hoc
1411 4058 1564 4112 inter
1622 4074 1684 4112 se
1715 4059 1882 4112 diile-

241 4131 914 4201 rant’°,quodindicatio
933 4146 1115 4184 unum
1156 4132 1566 4186 tantummodo
1622 4131 1881 4201 denotet,

237 4200 620 4278 syllogismus
644 4217 776 4278 vero
799 4219 867 4255 ex
888 4202 1118 4278 duabus
1142 4202 1456 4278 praemissis
1482 4200 1886 4278 propositioni-

241 4271 355 4333 b'us
386 4274 618 4328 tertiam
657 4273 889 4336 inferat,
923 4271 1058 4326 hinc
1089 4289 1231 4326 sane
1264 4273 1348 4338 ﬁt,
1385 4278 1448 4326 ut
1473 4272 1806 4327 sihmcertaa
1829 4278 1885 4325 et

235 4364 386 4404 verae
419 4345 654 4408 fuerint,
687 4350 828 4398 tunc
856 4343 935 4398 sit
990 4344 1414 4399 demonstratio
1451 4361 1462 4398 :
1526 4361 1694 4398 secus
1753 4360 1884 4397 vero

241 4415 612 4475 ratiocinatio
644 4415 933 4469 duntaxat
961 4416 1094 4469 erit.
1427 4442 1429 4444 -

317 4490 466 4553 Quia
496 4494 690 4541 tamen
725 4485 1060 4557 philosophi
1083 4486 1433 4555 proﬁtentur
1453 4502 1583 4541 esse
1624 4486 1893 4557 quaedam

241 4559 556 4633 principia,
589 4556 1148 4633 quianonpossunt
1177 4557 1604 4633 demonstrari,
1621 4556 1756 4611 inde
1791 4574 1893 4633 au:

239 4628 368 4688 ctor
398 4628 924 4686 noster‘concludit
953 4645 1188 4683 omnem
1222 4629 1784 4683 demonstrationem
1823 4628 1892 4682 ad

243 4705 447 4768 ﬁdem,
479 4718 609 4772 quae
664 4699 1059 4772 demonstrari
1120 4701 1346 4772 nequit,
1407 4716 1635 4772 reapse,
1670 4700 1892 4772 reduci.

244 4777 356 4831 Sed
408 4771 553 4845 post
597 4771 719 4826 haec
758 4771 874 4826 alia
923 4777 1082 4836 sunt,
1141 4772 1224 4826 ait
1281 4771 1401 4836 ille,
1454 4771 1741 4845 principia
1797 4771 1896 4845 de-

242 4841 766 4906 monstrationum,
829 4859 959 4913 quas
1017 4859 1086 4897 ex
1151 4859 1330 4898 sensu
1389 4841 1467 4896 eti
1504 4841 1898 4913 intelligentia

242 4919 550 4974 evidenter
605 4914 1277 4985 apparentrQuocirca
1334 4914 1382 4968 si
1413 4931 1539 4984 qua
1611 4915 1798 4968 oratio
1830 4930 1898 4968 ex

240 4990 341 5054 iis,
373 5005 502 5060 quae
535 4984 1034 5060 suiniticredibilia,
1071 4986 1256 5060 possit
1300 5002 1389 5060 ea,
1449 5003 1583 5060 quai
1634 4987 1893 5060 nondum

240 5054 768 5130 sunt'probabilia,
803 5061 959 5130 recte
988 5057 1256 5128 probare,
1319 5054 1480 5130 hanc
1530 5055 1729 5130 oeci:qu
1761 5054 1896 5109 ἀπο-

241 5128 484 5201 δείξεώς,
547 5153 568 5178 ι
604 5128 931 5201 essentiom
979 5128 1558 5201 demonstrationis»
1619 5129 1896 5194 dicimus,

240 5199 491 5268 Quando
522 5217 655 5256 vero
687 5216 756 5254 ex
787 5199 860 5255 iis
891 5200 1105 5269 ",quaa
1124 5200 1530 5254 demonstrata
1553 5205 1712 5267 sunt,
1735 5201 1804 5254 ad
1830 5217 1898 5254 ea

243 5293 374 5346 quea
396 5289 592 5346 perise
624 5271 1101 5346 suntcredibilia
1157 5278 1334 5346 atque
1394 5270 1783 5346 intelligentia
1838 5279 1896 5346 et

239 5338 423 5404 sensu
456 5344 630 5416 plane
655 5343 949 5398 evidentia
970 5338 1510 5408 recurrimus,tunc
1537 5338 1894 5398 id‘resolutio

224 5424 640 5560 'voﬁiuqli‘iibus
671 5487 876 5566 auctor
907 5501 1112 5566 rursus
1145 5484 1366 5566 colligit
1398 5485 1472 5550 ei,
1507 5484 1608 5566 qui
1667 5483 1891 5555 aliquid

238 5555 649 5619 demonstrare
677 5556 824 5627 vult,
860 5556 1178 5612 maximam
1208 5558 1281 5612 de
1295 5555 1771 5629 propositionum
1789 5572 1890 5611 ve-

2003 3154 2259 3212 generis,
2276 3137 2375 3212 sed
2400 3136 2766 3212 diversorium
2783 3136 3500 3212 tantummodogenerum
3525 3149 3654 3187 esse

2003 3204 2316 3283 principia,
2342 3211 2482 3260 tunc
2515 3205 2988 3283 Pyrrhoniorum
3017 3205 3233 3283 refellit
3290 3204 3648 3283 opinionem,

2000 3273 2118 3353 qua
2137 3273 2224 3353 ab
2244 3279 2329 3332 eis
2351 3273 2577 3353 statuta
2597 3283 2721 3330 erat
2741 3274 2922 3353 ἐποχῇ
2939 3277 3032 3353 ,‘id
3065 3281 3156 3329 est
3181 3273 3546 3330 assensionis
3568 3291 3654 3353 re:

1999 3345 2209 3413 fentio,
2233 3366 2336 3404 seu
2369 3348 2464 3402 ille
2494 3364 2674 3411 error,
2707 3363 2823 3416 quo
2850 3345 2995 3401 nihil
3025 3363 3270 3418 prorsus
3293 3345 3649 3418 certum,sed

1997 3424 2200 3479 omnia
2221 3436 2350 3474 esse
2380 3419 2561 3473 dubia
2581 3425 2637 3473 et
2658 3418 2883 3472 incerta
2909 3417 3373 3472 somniaverant.
3411 3417 3654 3470 Fatetur

1997 3493 2324 3549 nihilonius
2357 3505 2784 3558 nonnunquam
2817 3490 3226 3544 assensionem
3289 3488 3502 3542 merito
3553 3503 3651 3542 re-

1996 3565 2194 3627 tineri,
2227 3569 2332 3617 aut
2362 3567 2596 3631 propter
2629 3560 2844 3631 mentis
2875 3560 3367 3624 imbecillitatem,
3415 3563 3517 3631 aut
3538 3559 3643 3613 ob-

1996 3630 2682 3700 scuritatemipsiusmet
2739 3630 2867 3702 rei.
2902 3636 3003 3684 aut
3061 3632 3219 3702 paris
3277 3630 3645 3702 aqualisquc

1996 3648 2338 3692 scuritatem
2370 3648 2682 3700 ipsmsmet
2739 3648 2841 3692 rei.
2902 3648 3003 3684 aut
3103 3648 3219 3686 aris
3277 3648 3644 3702 mquamsquc

1996 3708 2224 3763 roboris
2256 3708 2620 3774 argumenta.
2655 3701 2939 3774 Atqueibi
2963 3704 3022 3756 in
3045 3648 3501 3758 (graeco-Latinis
3522 3701 3644 3774 Cleg

1997 3773 2395 3834 mentinorum
2424 3773 3057 3846 Operumeditionibus
3085 3775 3274 3846 prima
3301 3775 3483 3843 hujus
3506 3773 3643 3828 libri

1996 3867 2135 3922 pars
2167 3848 2410 3903 desinit.

2071 3923 2133 3975 ln
2169 3926 2328 3988 parte
2360 3935 2400 3972 11
2431 3921 2635 3971 auctor
2657 3916 2897 3987 exponit
2925 3917 2971 3951 ³³
3002 3917 3144 3987 quid
3177 3921 3313 3972 ante
3344 3914 3650 3988 deﬁnitiof

1996 4009 2121 4056 nes,
2159 3986 2532 4052 divisionem,
2548 3986 3086 4044 demonstrationes
3109 3989 3231 4042 ﬁeri
3257 3989 3486 4051 debeat,
3508 3986 3649 4055 quid

1995 4065 2066 4119 ad
2103 4063 2234 4117 illas
2266 4063 2525 4116 conferat
2553 4061 2838 4123 inductio,
2886 4061 3181 4130 quomodo
3241 4075 3309 4113 ex
3366 4059 3653 4130 divisione

1995 4136 2097 4190 fiat
2129 4133 2417 4191 definitio.
2451 4148 2516 4186 ac
2543 4148 2642 4201 per
2672 4128 3078 4186 inductionem
3137 4148 3209 4185 ex
3240 4128 3649 4201 singularibus

1996 4206 2331 4261 universale
2365 4199 2701 4272 colligatur.
2734 4202 2956 4256 Dehinc
3015 4201 3114 4256 ille
3175 4203 3450 4272 patefacit
3505 4199 3647 4272 quid

1995 4277 2284 4340 inductio,
2345 4275 2579 4339 divisio,
2626 4273 3048 4328 demonstratio
3097 4271 3463 4341 et’det‘initio
3519 4271 3647 4326 effi-

1996 4350 2173 4404 ciant.
2208 4347 2496 4410 Quoniam
2525 4351 2720 4400 autem
2756 4347 3006 4400 scientia
3035 4350 3144 4409 est,
3178 4361 3313 4399 cum
3348 4345 3425 4398 rei
3471 4357 3650 4396 causa

1926 4421 2396 4510 Ccoguoscitur,
2431 4417 2650 4499 idcirco
2702 4415 3143 4510 quadruplipnem
3204 4416 3463 4510 ostendit
3520 4429 3651 4469 esse

2005 4487 2271 4557 causam,
2307 4488 2591 4544 nimirum
2618 4488 2947 4556 materiam,
2976 4487 3351 4554 efﬁcientem,
3378 4487 3650 4555 formam,

2009 4569 2063 4618 et
2097 4563 2296 4617 ﬁnem.

2075 4635 2395 4702 Assumpto
2426 4629 2679 4685 subinde
2706 4630 2751 4664 ³⁴
2775 4629 3032 4702 hominis
3053 4628 3353 4702 exemplo,
3414 4627 3654 4702 planum

2001 4705 2106 4760 ille
2138 4705 2278 4759 facit
2300 4698 2708 4757 definitionem
2743 4717 2812 4756 ex
2841 4702 2922 4755 rei
2953 4701 3143 4771 ipsius
3173 4698 3428 4769 genere,‘
3457 4706 3514 4754 et
3569 4698 3654 4753 ul-

2006 4776 2152 4831 tima
2184 4775 2343 4830 illius
2371 4773 2702 4828 differentia
2740 4772 3043 4828 constitui.
3104 4772 3460 4827 Divisionem
3519 4786 3653 4825 vero

2006 4849 2052 4882 3"
2083 4864 2213 4903 esse
2242 4845 2558 4916 triplicem,
2589 4844 2821 4916 generis
2847 4845 2906 4898 in
2939 4842 3183 4916 species,
3216 4844 3398 4898 totius
3429 4844 3487 4916 in
3519 4859 3654 4916 piar-

2007 4924 2119 4983 tes,
2153 4936 2220 4974 ac
2249 4913 2487 4972 tandem
2522 4913 2614 4970 rei
2661 4913 2985 4984 ipsiusmet’
3030 4915 3088 4968 in
3144 4932 3250 4969 sua
3281 4913 3606 4969 accidentia
3637 4931 3650 4978 ;

2009 4993 2113 5046 sed
2148 4990 2399 5060 primam
2432 4991 2662 5041 tantum
2697 5003 2827 5041 esse
2850 4987 3093 5060 proprie
3139 4987 3356 5060 dictam
3411 4985 3652 5060 divisio-

2007 5055 2167 5117 nem'.
2201 5062 2481 5123 Quamvis
2513 5065 2711 5113 autem
2741 5055 2911 5112 vari—aa
2943 5059 3064 5113 sint
3094 5056 3340 5127 species,
3383 5063 3488 5111 aut
3519 5055 3648 5127 plu-

2011 5134 2176 5188 ribus
2208 5146 2573 5198 communes,
2607 5137 2708 5184 aut
2732 5131 2888 5184 334
2918 5130 3277 5199 quibusdam
3309 5128 3497 5197 magis
3526 5144 3654 5194 pro-

2007 5205 2167 5276 prias;
2201 5218 2567 5273 unaquaeque
2595 5207 2788 5276 tamen
2824 5200 2906 5255 rei
2928 5201 3232 5276 constituit
3253 5199 3653 5276 characterem

2007 5271 2064 5330 et
2089 5271 2381 5338 naturam,
2416 5277 2538 5339 aut,
2566 5277 2629 5326 ut
2659 5272 2848 5338 aiunt,
2880 5274 3219 5327 essentiam.
3262 5271 3651 5337 Quamobrem

2007 5349 2105 5418 qui
2142 5346 2394 5414 alicujus
2427 5344 2508 5400 rei
2547 5345 2739 5418 habet
2786 5344 3118 5410 scientiam,
3177 5343 3354 5418 illius
3399 5342 3570 5418 dabit
3597 5348 3655 5397 et

2009 5413 2410 5497 definitionem
2441 5433 2478 5497 ε.
2507 5415 2629 5470 vice
2679 5431 2811 5497 vero
2858 5431 3046 5479 versa,
3098 5414 3201 5497 qui
3248 5413 3651 5496 definitionem

2006 5491 2089 5546 rei
2120 5489 2432 5558 cujusdam
2464 5487 2718 5557 ignorat,
2752 5503 3059 5558 nunquam
3118 5484 3281 5558 illius
3341 5484 3651 5558 scientiam

2008 5554 2268 5618 habebit.
2300 5562 2374 5616 At
2402 5559 2461 5614 in
2490 5554 2941 5615 deﬁnitionibus
2983 5556 3302 5629 singularis
3333 5554 3654 5629 cujuslibet

307 5687 354 5720 ²⁶
376 5687 590 5757 Strom.
627 5680 830 5757 1.1111,
856 5697 911 5752 p.
1188 5697 1242 5751 p.
1436 5680 1479 5714 2⁷
1510 5697 1568 5752 p.
1600 5676 1727 5735 770.
1759 5679 1802 5716 ³⁸
1833 5697 1890 5753 p.

2008 5685 2049 5739 ι.
2125 5687 2169 5721 π
2201 5704 2255 5757 ρ.
2289 5684 2467 5737 πρηεο
2496 5681 2691 5754 p.773
2721 5685 2777 5738 et
2807 5697 2931 5755 seq.
3007 5682 3052 5718 ιι
3087 5682 3292 5754 p.775.
3369 5681 3416 5717 θ’
3449 5682 3646 5756 p.776

236 5762 295 5815 et
319 5774 442 5828 seq.
477 5755 523 5790 ³⁸
547 5772 602 5826 p.
634 5752 762 5806 778.
791 5752 838 5787 3‘
863 5751 924 5824 7p.
957 5752 1082 5805 779.
1115 5751 1159 5786 3"
1191 5770 1247 5823 p.
1277 5752 1403 5806 780.
