4014 6158
240 220 384 276 1445

1406 225 1502 277 DE
1541 223 1727 276 ALIIS
1760 223 1977 278 CLEM.
2021 223 2236 277 ALEX.
2279 223 2490 279 OPER.

3523 226 3663 282 1H6

235 347 393 419 vent,
424 359 488 400 ac
520 357 651 398 cum
684 342 1066 419 Chris_to,iqui
1095 346 1221 416 jam
1246 343 1312 419 in
1346 344 1445 419 illo
1477 345 1604 418 ipso
1626 344 1875 419 habitat.
1910 346 1962 413 Α
1991 349 2194 416 postea
2228 346 2527 402 lconensis
2559 346 3058 419 archiepiscopus,
3092 347 3246 404 inter
3277 347 3505 405 Graecos
3540 350 3660 406 Va‘

142 451 146 454 λ
236 417 667 489 colloquantur.
702 419 780 470 Ex
809 417 882 472 iis
916 416 1209 488 siquidem
1240 417 1285 452 ⁸⁵
1333 416 1514 489 aliqui
1574 435 1640 473 eo
1692 416 1880 488 magis

234 495 375 544 sunt
403 487 688 553 illustres,
723 504 836 560 quo
869 487 1056 560 magis
1084 507 1154 544 ex
1185 489 1391 544 mundi
1433 487 1710 560 procellis
1755 487 1884 544 sese

234 560 590 625 subduxere,
625 574 692 613 ac
719 559 992 630 pictatem
1026 577 1193 616 suam
1217 566 1273 615 et
1318 559 1691 616 sanctitatem
1750 561 1882 615 abs-

233 631 485 686 condere
516 633 824 685 conantur.
859 632 931 686 Hi
967 649 1138 702 porro
1171 632 1270 687 Dei
1304 632 1587 697 haeredcs,
1613 631 1891 702 illiusque

233 719 370 758 vera
418 704 612 774 proles
664 708 721 755 et
753 703 946 774 imago
972 705 1026 758 in
1052 705 1207 758 hunc
1237 703 1698 772 mundumalios
1729 720 1890 757 exer-

238 774 404 830 cendi
439 778 806 845 ergo,iatque
837 775 1164 830 excolendze
1213 775 1446 831 virtutis
1477 781 1578 831 aut
1609 775 1889 830 doctrinae

236 845 425 919 gratia
456 843 624 919 missi
657 843 724 898 su
737 852 816 900 nt.

313 918 448 972 Post
478 917 600 988 haec
632 921 834 973 auctor
863 921 1058 972 noster
1085 917 1126 955 ⁸¹
1164 917 1315 972 hanc
1344 919 1410 971 ut
1468 915 1666 988 egenis
1719 933 1889 986 opem

239 988 430 1061 ferant
459 987 944 1061 opulenti,reddit
975 988 1164 1044 adhuc
1197 990 1484 1061 rationem
1510 987 1533 1042 Ξ
1567 988 1891 1061 quiaDeus

237 1059 637 1124 cbaritas'est,
678 1063 737 1114 et
788 1060 1051 1116 Christas
1101 1077 1216 1116 non
1272 1059 1466 1116 solum
1517 1059 1892 1116 inﬁrmitates

238 1131 544 1187 hominum
577 1132 858 1202 suscepit,
910 1133 1009 1187 sed
1071 1148 1172 1203 pro
1227 1132 1424 1203 nobis!
1459 1137 1728 1187 mortuus
1777 1137 1890 1198 est,

238 1220 354 1276 quo
385 1202 646 1276 animam
675 1219 732 1276 ea
755 1201 946 1276 nobis
982 1201 1214 1276 quoque
1239 1221 1344 1275 pro
1377 1201 1507 1258 aliis
1556 1205 1890 1276 ponendam

236 1275 367 1346 esse
398 1275 829 1344 doceret.Atqui
863 1275 912 1330 si
947 1292 1050 1346 pro
1082 1275 1212 1331 aliis
1269 1279 1519 1330 mortem
1579 1275 1739 1330 obire
1798 1275 1894 1330 de-

235 1345 470 1418 bemus,
504 1350 725 1418 quanto
760 1345 1186 1418 magisidivites
1217 1347 1434 1416 omnia,
1457 1348 1610 1401 bona
1637 1363 1768 1415 sua,
1794 1362 1891 1401 co-

236 1417 360 1499 pias
383 1423 442 1499 et
492 1417 728 1499 divitias
790 1417 880 1499 ad,
909 1417 1330 1499 sublevandam
1382 1434 1729 1499 pauperum.
1764 1417 1893 1499 ino-

237 1489 396 1560 piam
429 1489 772 1559 impendere
801 1490 1270 1560 tenentur-.Quod
1303 1488 1658 1560 quidemille
1715 1488 1893 1560 ipsis-

238 1559 360 1616 met
388 1560 632 1616 Joannis
665 1565 719 1616 et
747 1559 912 1617 Pauli
946 1563 1017 1617 de
1047 1561 1328 1617 charitate
1342 1561 1532 1617 verbis
1564 1559 1892 1616 luculenter

238 1632 549 1685 conﬁrmat
580 1631 643 1684 ⁸³.

236 1637 549 1688 conﬁrmat
580 1637 643 1684 ⁸³.

2001 419 2204 474 ῐίοεωεε
2240 419 2587 474 biblothecae
2619 421 2847 476 codices
2877 419 3044 474 illum
3078 421 3150 474 ad
3195 420 3491 476 variarum
3527 421 3655 477 Ori-

1997 492 2166 563 genis
2201 490 2581 563 homiliarum
2615 491 2835 546 calcem
2867 496 3186 563 repertum,
3222 492 3425 548 Latine
3459 493 3658 548 reddi-

1998 563 2103 617 dit.
2139 561 2360 634 Exhoc
2385 567 2576 618 autem
2610 563 2831 631 codice,
2864 561 3126 634 hacque,
3153 562 3659 634 interpretatione,

2000 652 2065 688 ac
2097 632 2330 703 praefixo
2366 634 2586 706 ultimae
2623 635 2899 706 Origenis
2928 632 3184 689 homiliaa
3209 632 3380 690 titulo
3413 636 3664 691 Michael

1999 706 2328 761 Ghislerius
2355 705 2628 761 eumdem
2661 705 2817 760 hunc
2846 705 3062 760 librum
3097 712 3230 776 post
3263 723 3404 761 suos
3440 707 3496 761 in
3555 707 3656 763 Je-

2001 777 2240 832 remiam
2275 778 2728 849 commentarios
2759 781 2912 849 typis
2936 777 3149 849 Graecis
3175 784 3231 832 et
3252 777 3473 834 Latinis
3509 795 3662 834 anno

2003 851 2139 902 “533
2172 848 2440 919 Lugduni
2476 848 2742 920 imprimi
2791 848 3202 920 divulgarique
3259 850 3508 905 curavit.
3550 851 3663 906 Sed

2001 923 2139 992 quia
2171 925 2359 974 textus
2389 920 2625 975 Graecus
2652 920 2823 992 valde
2853 921 3257 991 imperfectus,
3289 938 3354 976 ac
3391 921 3662 992 pluribus

2000 991 2060 1046 in
2092 991 2238 1047 locis
2272 1008 2514 1046 mancus
2542 998 2599 1046 et
2631 991 2875 1047 mutilus
2905 996 3052 1058 erat,
3085 1008 3189 1046 nec
3251 991 3408 1048 alius
3457 995 3639 1048 codex

2001 1081 2115 1134 quo
2145 1062 2245 1117 ille
2275 1063 2709 1128 emendaretur,
2743 1062 2993 1118 inveniri
3055 1063 3264 1134 potuit,
3322 1064 3540 1119 idcirco
3598 1065 3659 1120 in

2001 1137 2108 1191 hac
2141 1150 2374 1204 quoque
2405 1134 2660 1188 editione
2691 1135 2860 1188 variae
2893 1139 3032 1189 sunt
3062 1134 3282 1189 lacunze
3332 1141 3387 1190 et
3437 1134 3655 1191 hiatus.

2073 1207 2208 1261 Post
2238 1206 2360 1260 haec
2393 1221 2526 1260 vero
2573 1222 2706 1260 cum
2747 1205 3078 1261 Gbislerius
3117 1205 3503 1277 comperisset
3548 1207 3658 1262 hoc

2001 1276 2353 1349 opusculum
2387 1293 2502 1349 non
2534 1277 2606 1332 ab
2637 1277 2905 1347 Origene,
2931 1277 3031 1349 sed
3065 1295 3098 1331 a
3127 1276 3422 1349 Clemente
3457 1283 3658 1334 nostro

1999 1347 2392 1404 Alexandrino
2425 1347 2607 1402 fuisse
2639 1364 2840 1402 revera
2890 1348 3239 1419 profectum,
3294 1348 3351 1403 in
3412 1366 3523 1404 sua
3579 1351 3652 1405 ad

2001 1423 2232 1476 eosdem
2265 1419 2526 1490 lcremiae
2550 1420 3004 1474 commentarios
3035 1419 3376 1490 praefatione
3407 1423 3660 1477 correxit

2001 1507 2282 1558 errorem,
2319 1489 2631 1561 palamque
2656 1494 2956 1560 professus
2989 1489 3080 1545 est
3112 1490 3257 1546 illud
3309 1492 3497 1546 eidem
3531 1492 3658 1548 Cle-

2004 1564 2186 1620 menti
2218 1561 2610 1635 Alexandrino
2643 1567 2798 1635 recte
2839 1563 2913 1618 ab
2974 1562 3244 1630 Eusebio,
3305 1563 3658 1635 Hieronymo

2005 1645 2063 1692 et
2090 1635 2300 1690 Pbotio
2326 1633 2676 1704 adjudicari.

309 1703 636 1786 Enr-quibus
666 1702 953 1786 inquiti”,
988 1702 1339 1786 intelligitur
1391 1702 1536 1786 quis
1580 1703 1752 1786 dives.
1798 1702 1888 1758 lo-
1923 1721 1972 1785 B
2039 1710 2140 1786 _In_
2169 1702 2423 1786 hujusce
2451 1721 2622 1776 porro
2653 1703 2795 1786 libri.
2814 1704 3070 1786 editione
3097 1703 3301 1786 pluris
3326 1704 3659 1786 idem_(_}bi:

232 1790 369 1830 cum
402 1773 461 1829 in
490 1773 648 1830 cmlis
683 1773 916 1842 habeat,
952 1779 1053 1829 aut
1085 1773 1206 1830 non
1232 1773 1464 1831 habeat.
1499 1775 1890 1838 Quemadmo-

237 1847 382 1902 dum
414 1847 572 1902 enim
597 1845 654 1900 in
689 1847 942 1917 peccatis
974 1851 1261 1913 mortuus,
1325 1846 1460 1901 inde
1510 1845 1843 1902 excluditur
1877 1862 1889 1899 :

235 1917 321 1974 ita
346 1923 495 1973 Deus
520 1922 691 1973 Pater
720 1918 798 1971 ibi
832 1917 1000 1972 illum
1033 1918 1443 1974 lubentissime
1489 1918 1758 1988 suscipit,
1792 1917 1896 1988 qui

238 1991 309 2046 ad
343 2006 477 2045 eum
511 1994 632 2044 toto
663 1989 836 2044 corde
867 1989 1240 2045 convertitur.
1305 1989 1450 2044 Hinc
1509 1990 1891 2045 manifestum

239 2066 442 2133 auctor
473 2061 608 2133 facit
638 2061 684 2095 ⁸⁸
709 2077 837 2132 quae
887 2077 1021 2115 vera
1079 2064 1155 2116 sit
1211 2061 1570 2133 pcenitentia,
1619 2067 1676 2116 et
1722 2060 1894 2133 quale

242 2133 322 2188 sit
370 2132 429 2215 in
483 2132 644 2188 cmlis
699 2134 769 2215 de
799 2137 1119 2215 peccatore,
1170 2132 1611 2215 paenitentiam,
1658 2132 1894 2215 agente,

238 2203 522 2277 gaudium
547 2203 772 2275 angelis
802 2203 899 2259 lac
921 2204 1060 2269 Deo,
1095 2203 1194 2276 qui
1226 2203 1386 2277 solus
1428 2207 1628 2277 potest
1650 2203 1892 2277 peccata

241 2275 562 2331 dimittere.
595 2277 678 2330 Ad
738 2291 864 2331 eam
904 2292 1072 2346 porro
1121 2275 1445 2347 agendam'
1479 2275 1890 2347 paenitentiam

240 2347 499 2402 maxima
546 2347 650 2418 ille,
701 2347 913 2418 probat,
959 2363 1107 2418 opus
1166 2364 1293 2402 esse
1357 2347 1682 2418 diligentia.
1745 2347 1893 2401 Nam

240 2417 727 2491 quamvisinoliti
762 2417 918 2490 pravi
949 2417 1193 2473 affectus
1223 2417 1550 2491 confestim,
1591 2418 1892 2491 simulque

284 2490 481 2546 recidi
517 2489 904 2545 forsitan’non
950 2491 1201 2561 possint,
1265 2490 1360 2544 Dei
1420 2494 1615 2545 tamen
1677 2489 1892 2561 virtute

284 2507 481 2546 nectat
517 2507 755 2545 rorsuan
789 2507 904 2544 non
950 2507 1201 2561 possmt,
1265 2507 1360 2544 uel
1420 2507 1615 2545 tamen
1677 2507 1890 2545 Vlt‘tUte

237 2507 604 2632 antrumque
635 2561 910 2633 precibus
931 2567 989 2616 et
1012 2559 1250 2629 auxilio,
1283 2577 1347 2616 ac
1368 2577 1504 2633 vera
1527 2559 1890 2632 poenitentia,

239 2633 597 2704 assidueque
639 2632 1030 2688 meditatione
1079 2632 1400 2704 expugnari
1446 2637 1740 2704 poterunt.
1783 2633 1893 2687 Sed

237 2705 308 2760 ad
342 2705 396 2759 id
433 2705 908 2773 consequendum
935 2719 1170 2759 necesse
1200 2709 1288 2758 est
1339 2709 1404 2776 ut
1434 2704 1565 2776 pius
1603 2709 1884 2776 sanctus:

238 2793 352 2849 que
382 2780 585 2849 rector,
604 2792 670 2830 ac
700 2777 1058 2849 gubernator
1089 2775 1364 2831 audiatur
1392 2775 1456 2846 θεέ
1513 2775 1610 2847 qui
1645 2775 1891 2849 salutari

236 2846 371 2902 cum
405 2848 712 2903 severitate
741 2853 863 2902 tum
893 2847 1133 2903 lenitate
1163 2846 1652 2917 peccatorem’aut
1683 2846 1892 2901 excitet

238 2924 296 2974 et
345 2924 612 2984 exacuat,
642 2924 744 2974 aut
775 2919 1019 2973 deliniat
1048 2924 1104 2972 et
1162 2918 1417 2986 alliciat;
1479 2917 1580 2988 qui
1631 2935 1765 2973 cum
1824 2933 1890 2973 eo

232 2991 445 3045 fundat
472 2990 782 3061 lacrymas,
816 3006 882 3044 ac
933 3006 1036 3060 pro
1095 3005 1161 3043 eo
1222 2995 1400 3044 Deum
1435 2990 1726 3059 precando
1785 3005 1888 3044 no-

2008 1778 2241 1844 slerius,
2277 1778 2377 1832 sed
2413 1778 2698 1845 breves,et
2724 1776 2798 1848 ad
2833 1777 3159 1848 marginem
3183 1781 3414 1848 tantum
3446 1777 3662 1848 adjecit

2004 1849 2358 1915 notationes,
2391 1847 2606 1918 quibus
2653 1847 2742 1901 vel
2773 1863 2840 1901 ea
2872 1847 3000 1919 quae
3057 1847 3115 1902 in
3174 1847 3430 1904 auctoris
3493 1847 3656 1904 textu

2002 1921 2512 1978 animadversione
2545 1919 3066 1991 dignajudicabat,
3101 1919 3655 1991 paucis__edisserit,

2001 1994 2089 2050 vel
2119 1992 2430 2063 quosdam,
2463 1991 2548 2046 uti
2579 1989 2665 2063 illi
2696 1989 3021 2062 videbatur,
3056 1989 3251 2063 arguit
3281 1989 3440 2046 illius
3495 1989 3655 2047 erro;

2001 2061 2238 2130 resfvel
2272 2063 2509 2134 tandem
2543 2061 2657 2116 alia
2689 2063 2952 2134 quaedam
2986 2061 3231 2129 indicat,
3291 2079 3418 2134 quae
3473 2063 3659 2118 voluit

2001 2141 2172 2192 caute
2204 2135 2275 2190 ab
2301 2133 2570 2188 omnlbus
2603 2133 2737 2204 legi.

2073 2209 2267 2278 Longo
2305 2204 2518 2278 dehinc
2548 2203 2746 2278 elapso
2777 2205 3074 2278 temporis!
3119 2203 3428 2278 intervallo
3481 2204 3654 2278 Com-

2073 2221 2267 2278 Longo
2305 2221 2518 2260 uenlnc
2548 2221 2746 2331 elagso
2777 2221 3061 2276 temporis
3119 2221 3428 2260 intervallo
3481 2221 3654 2260 uom-

1998 2279 2244 2335 belisius
2275 2276 2520 2332 celebris
2542 2293 2609 2332 ex
2674 2275 2832 2330 ancti
2853 2275 3134 2332 Dominici
3159 2277 3362 2348 ordine
3385 2276 3657 2348 scriptor,

1999 2351 2058 2405 in
2093 2367 2201 2405 suo
2249 2353 2566 2404 Graecorum
2623 2349 2856 2402 Patrum
2911 2350 3172 2404 Auctario
3223 2347 3463 2403 Parisiis
3496 2347 3653 2404 anno

2002 2423 2140 2476 1672
2170 2419 2346 2476 aliam
2371 2421 2545 2489 hujus
2578 2417 2837 2487 libri,cui
2870 2418 3191 2476 Clementis
3216 2419 3396 2475 nostri
3418 2418 3660 2475 Alexan-

2000 2493 2156 2548 drini
2191 2491 2496 2562 inscripsit
2526 2491 2963 2560 nomen,Graeco
2987 2490 3657 2562 Latinoquecharactere

1998 2565 2315 2620 editionem
2351 2562 2691 2634 publicavit.
2727 2564 2786 2617 In
2816 2580 2884 2618 ea
2913 2569 3109 2634 autem
3161 2562 3422 2618 Graecum
3455 2568 3653 2618 aucto-

2001 2637 2081 2691 ris
2119 2633 2521 2690 textum’nova
2554 2634 2792 2689 donavit
2825 2633 3156 2699 Latinitate,
3199 2649 3263 2688 ac
3295 2634 3657 2704 conjecturis

1999 2707 2592 2789 suisquosdam‘ej'us
2625 2706 2821 2760 hiatus
2847 2707 3078 2789 explere
3108 2709 3356 2789 conatus
3387 2704 3654 2787 est.Mul-

1999 2785 2090 2834 tos
2123 2776 2450 2849 tamen,qui
2483 2777 2610 2832 sine
2635 2776 3172 2849 manuscriptorum
3197 2777 3464 2849 codicum
3489 2776 3654 2849 auxi-

1996 2850 2076 2905 lio
2109 2849 2202 2903 vix
2233 2849 2305 2903 ab
2339 2847 2459 2902 ullo
2492 2864 2756 2918 unquam
2791 2847 3065 2919 poterunt
3112 2847 3367 2914 restitui,
3419 2847 3654 2919 penitus

1999 2922 2251 2976 intactos
2282 2919 2542 2990 reliquit.

2070 2991 2359 3046 Plurimas
2383 2988 2579 3045 autem
2611 2993 2669 3046 et
2699 2989 2954 3061 prolixas
2985 2990 3043 3045 in
3103 2988 3349 3059 hujusce
3404 2989 3565 3056 libri,
3624 3007 3658 3045 a

231 3066 353 3117 ctes
375 3062 885 3154 ducatiqsoinnes;
911 3077 1085 3132 quem
1109 3063 1361 3154 denique
1380 3063 1886 3154 peccatortimeat,
1921 3087 1964 3154 ρ
2007 3080 2068 3118 se
2097 3062 2257 3154 editi,
2293 3061 2641 3154 ﬁnejadjecit
2667 3066 2836 3154 notas
2859 3065 2917 3117 et
2945 3061 3402 3154 observationes,
3437 3062 3656 3154 quibus

232 3149 486 3205 quocum
522 3133 733 3200 doleat,
767 3141 943 3204 atque
990 3149 1188 3204 poenas
1248 3133 1661 3203 deprecantem
1719 3137 1887 3187 ante-

231 3209 440 3260 vertat.

302 3280 376 3332 Ut
404 3279 600 3331 autem
633 3274 692 3330 id
744 3273 974 3330 facilius
1035 3277 1240 3328 auctor
1289 3277 1486 3329 noster
1537 3273 1890 3345 persuadere

229 3351 409 3418 queat
439 3346 506 3414 3°,
537 3347 828 3418 integram
859 3346 1147 3418 describit
1182 3345 1513 3418 historiam,
1566 3363 1682 3418 qua
1709 3346 1889 3418 Joan-

230 3416 338 3500 nes
357 3416 718 3500 evangeiista
736 3419 1044 3500 cujusdam
1064 3416 1412 3500 urbis,ha_ud
1439 3416 1638 3498 procul
1664 3416 1891 3500 Epheso

229 3489 474 3555 dissitze,
505 3487 776 3560 episcopo
801 3492 1080 3556 juvenem
1113 3487 1370 3559 eleganti
1391 3488 1666 3560 corporis
1701 3487 1892 3542 forma

230 3561 505 3633 bonaque
536 3559 726 3616 indole
757 3560 1066 3633 praeditum
1099 3559 1543 3633 commendasse
1591 3567 1887 3614 narratur.

234 3630 835 3704 Hunc—episcopus'in
865 3633 1127 3704 tectisct
1184 3631 1408 3704 aedibus
1439 3630 1564 3704 suis
1590 3634 1888 3704 receptum

235 3702 691 3775 educatumque,
726 3720 889 3758 sacro
935 3702 1106 3773 paulo
1138 3702 1487 3775 postrabluit
1517 3702 1892 3775 baptismatis

237 3776 423 3830 fonte.
487 3772 597 3830 Sed
633 3776 883 3830 remissa
917 3772 1192 3844 paulatim
1254 3772 1414 3827 illius
1445 3790 1606 3839 cura,
1658 3773 1892 3843 juvenis

244 3846 568 3901 immatura
597 3846 864 3902 libertate
898 3847 1140 3915 potitus,
1165 3845 1484 3915 ,ﬁagiliosis
1507 3851 1565 3899 et
1596 3844 1894 3900 sceleratis

243 3917 590 3972 hominibus
617 3935 680 3973 se
710 3914 998 3987 adjunxit,
1045 3932 1110 3970 ac
1163 3914 1459 3987 latronum
1518 3917 1636 3970 dux
1685 3917 1894 3985 lactus,

242 3995 487 4044 caateros
515 3989 756 4058 ﬂagitiis
785 3985 1120 4058 superabat.
1159 3985 1483 4054 Aliquando
1514 4003 1648 4042 vero
1692 3994 1897 4056 postea

237 4061 496 4115 Joannes
528 4059 733 4124 redux,
793 4059 1448 4130 depositumgjuvenem
1510 4059 1581 4113 ab
1613 4060 1893 4130 episcOpo

241 4133 598 4203 rcpoposcit.
631 4132 742 4188 Sed
776 4133 848 4186 ab
873 4128 946 4185 eo
1003 4128 1291 4203 omnium,
1352 4145 1482 4203 quas
1504 4128 1892 4202 contigerant,

235 4201 689 4274 certiorifactus,
725 4203 1015 4274 protinus,
1047 4201 1324 4274 nullaque
1350 4201 1702 4274 interposita
1733 4218 1896 4256 mora

236 4273 501 4346 perrexit
530 4275 601 4330 ad
623 4273 922 4346 juvenem,
957 4288 1146 4346 quem
1173 4273 1485 4346 salutarem
1516 4273 1766 4346 adduxit
1820 4274 1892 4328 ad

228 4342 661 4418 pcenitentiarri,
696 4363 760 4400 ac
792 4342 990 4418 postea
1024 4342 1289 4418 Ecclesia
1324 4344 1601 4399 restituit.

310 4417 526 4489 Exibac
587 4435 757 4489 porro
794 4415 1154 4471 'narratione
1207 4415 1361 4468 idem
1435 4421 1639 4489 auctor
1693 4420 1894 4469 noster

233 4488 538 4560 concludit
569 4487 640 4545 ab
670 4506 758 4555 eo,
793 4492 892 4560 qui
926 4492 1296 4560 peccatorum
1324 4487 1740 4560 ‘pmnitentiam
1776 4502 1887 4541 non

229 4558 380 4629 agit.
409 4576 515 4615 nec
551 4563 728 4616 Deum
761 4557 1002 4624 idcirco,
1036 4573 1140 4612 nec
1173 4557 1428 4630 divitias,
1490 4561 1589 4612 sed
1625 4559 1888 4630 seipsum

229 4645 367 4685 esse
396 4630 811 4687 incusandum.
844 4637 1053 4686 Contra
1072 4646 1227 4698 vero,
1261 4629 1361 4700 qui
1409 4629 1699 4700 sinceram
1723 4629 1728 4630 “
1751 4646 1888 4700 pec-

228 4705 504 4757 catorum
537 4705 718 4775 egerit
750 4701 1171 4775 paenitentiam,
1212 4699 1294 4756 ac
1338 4699 1550 4775 salutis
1605 4717 1722 4775 suis
1756 4699 1884 4755 lcu-

228 4788 362 4828 ram
395 4789 528 4829 vere
574 4771 784 4843 habet,
836 4775 974 4830 huic
1032 4774 1202 4827 Pater
1251 4771 1505 4826 cmlestis
1564 4772 1883 4842 perfectam

221 4844 663 4970 abiciutionem
696 4852 1091 4917 aaternamque
1144 4843 1324 4900 vitam
1383 4844 1606 4899 tribuet
1665 4859 1729 4898 ac
1787 4844 1888 4898 do-

225 4932 309 4970 na
359 4933 375 4970 1
412 4959 427 4970 .

225 4916 427 4973 nabit.

805 5003 1212 5063 ARTICULUS
1255 5003 1323 5058 ΙΙ.

221 5103 511 5176 Quomodo
540 5103 629 5176 hic
659 5104 800 5160 liber
828 5111 880 5161 et
909 5120 1141 5176 quorum
1167 5119 1341 5176 opera
1371 5103 1444 5158 ad
1484 5119 1582 5176 nos
1629 5117 1884 5172 pervene-

302 5175 408 5242 rit,
431 5192 496 5230 ac
515 5175 580 5230 de
607 5180 782 5232 variis
814 5173 982 5232 illius
1011 5173 1371 5244 editionibus,
1408 5174 1796 5245 variorumque
1827 5176 1888 5228 in

296 5262 428 5301 eum
457 5248 936 5304 observationibus
969 5253 1018 5304 et
1047 5252 1217 5307 notis.
1757 5283 1761 5285 -

297 5343 611 5398 Tractatus
645 5346 753 5399 iste
784 5347 882 5400 diu
912 5363 1051 5400 sane
1081 5345 1138 5401 in
1192 5345 1676 5402 bibliothecarum
1711 5343 1884 5396 rude-

212 5415 393 5469 ribus
425 5420 483 5468 et
513 5416 890 5472 obsnuritatis
930 5417 1169 5474 latebris
1225 5417 1482 5473 delituit.
1535 5414 1665 5468 Non
1720 5419 1884 5468 octo-

207 5489 391 5560 ginta
438 5488 654 5542 etenim
715 5495 850 5545 ante
904 5505 1088 5545 annos
1131 5490 1440 5548 Mattheus
1475 5483 1882 5557 Cariophylus,

2005 3134 2190 3190 multa
2219 3134 2534 3188 emendare
2578 3133 2903 3188 connititur
2960 3132 3141 3189 Graeci
3199 3137 3394 3188 textus
3453 3133 3650 3199 verba,

2043 3222 2124 3260 uae
2161 3204 2313 3260 male
2345 3206 2538 3260 Graeco
2579 3205 2636 3258 in
2691 3205 2887 3258 codice
2942 3204 3162 3274 scripta
3191 3208 3378 3271 erant,
3400 3202 3490 3258 vel
3523 3220 3651 3274 qua

2043 3277 2380 3356 ariOphylus
2410 3277 2653 3356 adverso
2685 3275 3100 3356 contrarioque
3145 3290 3319 3356 sensu
3354 3275 3651 3356 accepisse

1996 3347 2112 3418 ipsi
2145 3345 2833 3418 videbatur.Aggreditur
2860 3346 3104 3418 insuper
3116 3345 3648 3418 suisﬁadnotationi-

2002 3416 2112 3472 bus
2143 3418 2543 3472 obscuriorem
2575 3417 2833 3471 auctoris
2864 3417 3178 3471 dictionem
3205 3416 3520 3487 aliquando
3551 3433 3650 3471 ex-

2002 3490 2221 3562 plicare
2251 3495 2307 3543 et
2337 3488 2958 3562 enucleare.‘Pluribus
2989 3489 3228 3562 demum
3259 3488 3321 3562 in
3352 3487 3494 3562 locis
3515 3505 3650 3562 prof

2002 3558 2139 3617 bare
2172 3565 2418 3614 conatur
2450 3559 2743 3614 immerito
2776 3575 3015 3629 prorsus
3045 3559 3226 3628 hujus
3258 3558 3390 3613 libri
3423 3560 3650 3629 parenti

2003 3633 2262 3686 inustam
2297 3631 2450 3686 338
2484 3648 2516 3686 a
2545 3630 2890 3700 CariOphylo
2921 3629 3011 3684 vel
3042 3630 3333 3686 Ghislerio
3366 3647 3650 3701 quorum-

2003 3706 2134 3758 dam
2164 3718 2496 3773 pravorum,
2532 3719 2599 3758 ac
2632 3704 2955 3771 praesertim
2979 3701 3246 3773 Origenis
3277 3719 3540 3757 errorum
3576 3703 3655 3758 la-

2003 3777 2135 3830 bem
2165 3783 2222 3829 et
2255 3773 2791 3828 maculam.Verum
2825 3774 2872 3828 si
2906 3775 3093 3828 doctis
3123 3773 3482 3844 quibusdam
3513 3774 3655 3830 viris

2003 3850 2239 3926 credas,
2264 3845 2432 3926 illum
2465 3862 2581 3926 uno
2613 3844 2934 3915 praesertim
2967 3844 3025 3926 in
3083 3844 3210 3926 loco
3250 3846 3322 3898 ab
3383 3846 3653 3926 ejusdem

2005 3917 2275 3988 Origenis
2309 3918 2377 3971 de
2417 3917 2771 3988 animarum,
2797 3987 2803 3988 γ
2830 3923 2896 3970 ut
2927 3917 3139 3988 aiunt,
3191 3917 3656 3988 praaexsistentia

2005 3986 2200 4045 errore
2234 4003 2346 4042 nou
2379 4003 2620 4057 prorsus
2648 3987 2967 4042 vindicavit
2995 3992 3053 4043 et
3080 3986 3370 4042 liberavit.
3420 3987 3530 4042 Sed
3582 3989 3653 4043 de

2006 4061 2358 4186 ὴιῗδξεέῗέξὲεί
2389 4145 2524 4183 vero
2556 4128 2651 4182 hic
2701 4127 2849 4183 liber
2906 4128 3220 4184 Clementis
3274 4127 3652 4184 Alexandrini

2005 4203 2243 4257 nomine
2269 4201 2496 4266 Oxonii,
2529 4217 2558 4255 e
2591 4200 2819 4255 theatro
2847 4199 3239 4256 Sbeldoniano
3258 4202 3410 4272 typis
3441 4201 3656 4256 Graecis

2005 4280 2060 4327 et
2093 4275 2315 4328 Latinis
2347 4289 2501 4326 anno
2534 4272 2671 4325 1683
2701 4289 2953 4326 excusus
2985 4282 3088 4326 est.
3124 4273 3232 4326 Sed
3259 4277 3420 4326 totus
3451 4272 3550 4326 ille
3580 4272 3652 4326 li-

2005 4346 2108 4398 ber
2138 4344 2271 4398 talis
2306 4345 2439 4398 inde
2471 4344 2706 4409 prodiit,
2768 4343 2963 4414 qualis
2993 4361 3027 4397 a
3075 4344 3426 4398 Combetisio
3460 4344 3654 4399 editus

2005 4422 2177 4470 antea
2208 4417 2413 4470 fuerat.
2449 4415 2595 4468 Huic
2625 4419 2821 4468 autem
2855 4415 3093 4468 editioni
3115 4416 3417 4486 przefectus
3449 4430 3655 4471 omnes

2001 4487 2073 4542 ab
2102 4486 2221 4540 iliis
2252 4486 2310 4540 in
2340 4486 2564 4540 huncce
2597 4490 2909 4538 tractatum
2947 4485 3131 4555 prius
3150 4485 3481 4556 divulgatas
3539 4490 3650 4542 ob-

2003 4558 2358 4612 servationes
2392 4561 2626 4627 penitus
2656 4555 2968 4626 ejecit,ncc
2999 4557 3158 4611 aliud
3191 4555 3518 4627 quidquam
3551 4560 3656 4612 ad-

2001 4630 2147 4683 didit
2178 4645 2357 4699 quam
2389 4630 2560 4682 breve
2587 4628 2957 4699 prooemium,
2981 4645 3095 4698 quo
3129 4628 3282 4682 hunc
3305 4628 3659 4685 librumCle-

1997 4698 2605 4771 menti’Alexandrino
2637 4703 2752 4753 tam
2789 4698 3020 4754 Eusebii
3053 4699 3448 4769 Caesariensis,
3475 4717 3653 4771 quam

1996 4771 2328 4841 Hieronymi
2357 4769 2663 4839 Pbotiique
2693 4771 3034 4824 testimonio
3067 4777 3120 4824 et
3181 4769 3528 4826 auctoritate
3560 4790 3654 4826 as-

1996 4859 2191 4899 serere
2227 4842 2453 4896 nititur.
2489 4843 2573 4895 Ad
2611 4843 2729 4895 haec
2758 4857 2890 4894 vero
2925 4841 3022 4896 ille
3051 4842 3322 4897 observat
3373 4842 3648 4898 ultimam

1995 4914 2304 4986 periodum
2341 4930 2353 4966 :
2387 4915 2449 4965 Ὦ
2481 4907 2570 4964 διὰ
2597 4915 2694 4964 τοῦ
2724 4908 3109 4986 πᾳιδόςηβῒθί,
3143 4930 3176 4986 a
3230 4912 3492 4986 librario,
3554 4915 3656 4984 qui

1996 4982 2270 5040 eumdem
2301 4989 2614 5038 tractatum
2650 5000 2753 5054 pro
2786 4982 3029 5038 homilia
3059 4983 3409 5053 Origeniana
3451 4982 3654 5040 vendi-

1996 5063 2123 5113 tare
2157 5056 2406 5119 volebat,
2441 5056 2624 5128 fuisse
2653 5056 2894 5128 omnino
2930 5060 3279 5128 praapostere
3335 5057 3647 5126 adjectam.

1995 5129 2140 5192 Quid
2175 5129 2383 5194 vero,si
2420 5128 2476 5180 in
2514 5127 2622 5182 hoc
2652 5127 2820 5191 libro,
2855 5144 2926 5182 ex
2958 5127 3212 5198 quadam
3248 5133 3350 5183 aut
3381 5129 3652 5198 pluribus

1995 5199 2281 5264 homiliis,
2317 5215 2419 5253 seu
2452 5198 2841 5253 concionibns
2876 5199 3204 5268 composito
3266 5216 3393 5254 eam
3455 5206 3660 5254 auctor

1995 5270 2362 5326 retinendam
2397 5269 2752 5324 censuerit?
2785 5272 2855 5324 At
2885 5271 2957 5324 de
2988 5271 3079 5325 his
3131 5271 3300 5325 infra.

2069 5343 2184 5397 Nos
2207 5342 2458 5412 denique
2491 5341 2586 5396 ille
2613 5341 2866 5396 monitos
2901 5342 3032 5396 fecit
3063 5357 3124 5396 se
3149 5359 3328 5412 quam
3364 5341 3653 5410 paucissi-

1997 5415 2110 5467 mis
2141 5413 2379 5484 vocibus
2410 5412 2800 5484 interpositis.
2833 5414 3120 5482 quasdam
3145 5413 3471 5484 explevisse
3503 5413 3631 5469 lacu

1997 5500 2124 5554 nas,
2159 5483 2397 5556 quibus,
2426 5483 2505 5539 uti
2532 5483 2656 5554 jam
2691 5483 3142 5556 diximus,vetus
3173 5483 3471 5558 exemplar
3500 5487 3658 5543 aliaa-

289 5669 518 5744 wgse.
597 5670 826 5744 ειὲ37.
901 5671 1118 5745 u§3a
1195 5672 1417 5740 83§39.
1493 5669 1710 5738 εδὲίιου
1787 5667 2308 5738 "§41.“§42-
