4014 6158
203 215 231 269 1
247 214 357 269 453

1382 214 1474 267 DE
1511 214 1698 267 ALIl'S
1732 211 1944 265 CLEM.
1987 212 2201 266 ALEX.
2243 212 2455 266 OPER.

3482 223 3627 281 4454

202 340 393 396 fuisse
413 337 738 412 hereticos,
782 337 886 411 qui
944 335 1147 405 citata,
1208 335 1292 392 uti
1350 336 1632 412 diximus,
1690 334 1858 412 Pauli
1890 337 1944 404 Α
1968 335 2164 412 veniat
2195 339 2252 412 et
2282 336 2616 412 comitetur,
2649 336 2880 412 nullam
2897 339 3076 412 plane
3105 341 3224 398 vim
3257 344 3494 404 aﬂ‘erri:
3527 351 3630 408 sed

202 415 406 479 verba,
431 413 503 467 de
544 409 769 482 angelis
803 408 1180 481 'przepostere
1237 409 1613 480 explicantes,
1675 408 1862 482 multa

203 484 375 552 falsa,
408 480 667 538 absurda
695 487 752 538 et
772 480 964 554 impia
983 482 1336 554 effutierunt.
1355 486 1430 536 At
1453 480 1722 552 quamvis
1741 480 1862 535 haec

200 557 407 611 eadem
426 553 689 627 Apostoti
703 553 877 627 verba
897 555 968 627 de
990 554 1215 625 angelis
1229 553 1538 627 videantur
1559 569 1673 627 non
1691 567 1862 627 posse

202 627 418 699 accipi,
450 623 554 698 pro
586 625 760 682 solita
789 623 1179 699 nihilominus
1206 641 1326 699 sua
1344 624 1628 699 singulari
1663 623 1860 679 mode-

199 696 525 754 ratidneac
558 698 846 753 modestia
877 699 1082 752 doctor
1113 697 1209 752 ille
1241 697 1492 752 eximius
1523 696 1739 752 fatetur
1761 711 1859 750 eos

200 787 324 824 non
355 785 486 825 esse
515 773 736 824 temere
765 769 1264 835 condemnandos,
1297 769 1394 838 qui
1425 767 1526 822 illa
1555 768 1728 823 modo
1761 767 1862 822 ali-

201 857 345 912 quo,
379 856 485 896 nec
516 840 721 912 impio,
764 855 867 895 nec
911 842 1184 914 absurdo,
1217 839 1432 895 fuerint
1472 838 1857 914 interpretati,

197 911 383 968 Porro
413 916 610 968 autem
640 917 846 967 auctor
878 918 1074 968 noster
1095 911 1284 968 obiter
1300 915 1534 967 tantum
1565 912 1634 966 ad
1653 911 1858 966 eadem

197 985 362 1040 sicut
391 985 674 1051 vidimus,
703 983 966 1055 Apostoli
997 985 1174 1040 verba
1205 983 1595 1053 collineando,
1629 999 1697 1038 ea
1729 983 1857 1055 bre-

195 1057 446 1112 vissime
469 1056 540 1110 de
564 1052 789 1126 angelis
811 1055 1108 1125 explicuit.
1133 1056 1348 1110 Verum
1368 1055 1449 1109 ibi
1474 1052 1709 1126 penitus
1727 1052 1862 1109 silet

199 1144 323 1200 quo
357 1143 534 1200 sensu
557 1126 934 1200 intelligenda
952 1143 1080 1200 esse
1104 1127 1413 1200 putaverit,
1443 1131 1544 1200 aut
1563 1126 1861 1200 quomodo

199 1197 688 1272 angeliamundi
721 1198 973 1254 vanitate
1011 1197 1446 1272 liberabuntur.
1504 1197 1625 1261 Quo
1681 1197 1864 1272 igitur

190 1269 335 1342 jure
365 1271 476 1326 dici
508 1274 704 1341 potest
725 1287 802 1326 ea
831 1285 1006 1342 pravo
1039 1286 1105 1342 ac
1136 1269 1406 1342 haeretico
1437 1285 1616 1325 sensu
1640 1269 1723 1342 ab
1758 1286 1862 1324 auo

199 1340 364 1399 ctore
379 1340 579 1398 nostro
599 1343 780 1397 fuisse
797 1340 1030 1412 accepta
1045 1341 1073 1396 ‘I
1095 1341 1290 1397 Satius
1310 1340 1718 1412 estAugustini
1740 1356 1859 1396 mo-

201 1414 457 1470 destiam
482 1413 723 1483 imitari,
740 1429 845 1468 nec
858 1429 991 1468 eum
1007 1414 1417 1479 condemnare,
1433 1413 1532 1484 qui
1555 1429 1670 1484 quo
1684 1427 1859 1468 sensu

197 1485 465 1558 Apostoli
494 1486 673 1558 verba
702 1484 1080 1558 intellexerit,
1115 1488 1280 1558 certo,
1302 1485 1588 1558 scirinon
1635 1489 1857 1558 potest.

278 1556 771 1628 Pelagianismum
803 1561 999 1611 autem
1032 1556 1189 1612 olere
1219 1555 1530 1622 Ghislcrio,
1561 1555 1857 1612 vel’etiam

195 1627 512 1712 Cariphylc
539 1629 810 1684 videntur
860 1627 982 1683 haec
1031 1628 1286 1712 auctoris
1344 1629 1530 1683 nostri
1587 1628 1852 1682 verba":

1970 425 2039 463 ea
2065 408 2240 477 effici,
2272 414 2337 464 ut
2366 408 2546 464 libere
2575 413 2727 480 agat,
2762 426 2830 466 ac
2867 408 3055 468 libera
3103 414 3406 474 voluntate
3460 425 3627 479 aeter-

1972 497 2110 554 nam
2142 480 2393 554 salutem
2427 481 2812 554 adipiscatur.

2040 551 2270 636 i‘lodum
2311 569 2490 636 porro
2532 551 2594 607 in
2624 553 2813 636 scirpo
2871 553 2914 608 ii
2968 561 3122 636 certe
3178 567 3470 636 quierunt,
3520 567 3624 636 qui

1968 622 2170 679 volunt
2194 622 2490 680 auctiorem
2516 622 2783 680 nostrum
2819 627 3001 681 errori
3049 622 3503 690 Novdtianoruin
3528 622 3621 693 his

1970 694 2303 775 praelusisse
2331 696 2562 775 verbis“
2587 713 2635 750 τι
2662 698 2722 775 _Si
2757 698 2960 775 quis...
2992 699 3140 775 forte
3162 718 3265 773 per
3321 705 3619 775 ignoram-

1968 769 2135 849 tiam,
2163 773 2266 821 aut
2294 768 2426 849 vitae
2457 784 2630 849 casus
2659 769 3104 849 invcluntarios,
3140 768 3274 849 post
3333 768 3617 849 signacu-

1969 838 2116 922 lum,
2149 835 2437 922 cepaxide,
2471 847 2529 894 et
2558 838 2960 922 liberationem
2983 860 3026 922 _a
3057 835 3425 922 p'eccatis_,__in
3481 866 3615 922 pec-

1969 920 2118 979 cata,
2141 910 2475 992 eeu‘d’ebita
2507 910 2817 992 prolapsus
2847 910 3161 992 fueritfita
3192 922 3255 971 ut
3284 910 3402 976 illis
3448 910 3618 992 p'ror—

1971 998 2072 1037 sus
2105 982 2355 1062 obrutus
2387 982 2636 1062 sit,‘isna
2661 984 2782 1062 _Deo
2799 986 3044 1062 penitus
3081 989 3336 1058 rejectus
3385 982 3496 1062 est,
3548 1009 3614 1048 ac

1971 1055 2254 1134 reprobus
2286 1054 2534 1134 exsistit.
2567 1054 2852 1134 Quisquis
2877 1057 3032 1112 enim
3066 1054 3281 1114 ex'toto
3319 1054 3492 1118 corde
3541 1065 3613 1118 ad

1973 1127 2559 1207 Deum-convertitur,
2595 1127 2862 1207 portatei
2885 1134 3094 1207 aperta
3127 1136 3284 1201 sunt,
3337 1135 3616 1207 suscipit-

1972 1214 2084 1276 que
2117 1196 2509 1276 libentissime
2541 1196 2937 1276 animo_Pater
2964 1200 3152 1276 filium
3175 1196 3306 1276 vere
3327 1196 3611 1276 paaniten-

1971 1273 2110 1344 tem.
2137 1269 2369 1344 »_Quod
2401 1269 2574 1337 enim,
2608 1269 2817 1344 amabo
2842 1275 2925 1344 te,
2947 1271 3034 1344 vel
3069 1269 3404 1344 minimum,
3431 1278 3616 1334 Nova-

1971 1341 2144 1419 tianee
2179 1340 2465 1419 haereseos
2494 1339 2804 1419 vestigium
2838 1341 2920 1395 ibi
2960 1343 3324 1419 deprehendi
3373 1339 3618 1419 potest?

1970 1412 2744 1488 Q_uid_ad__re_mi_ttendorum
2776 1418 3153 1488 peccatorum
3180 1412 3448 1488 negatam
3502 1420 3616 1475 mi-

1971 1483 2175 1538 nistris
2208 1482 2472 1559 Ecclesia
2501 1482 2871 1553 potestatem,
2936 1482 3322 1559 quodhhujns
3379 1490 3616 1548 haeresis

1969 1559 2146 1634 caput
2174 1558 2318 1634 erat,
2453 1560 2558 1634 _aut
2587 1560 2813 1634 spectat
2829 1561 2930 1634 aut
2947 1554 3177 1634 accedit
3195 1554 3398 1634 ‘i'Nihil
3422 1563 3614 1634 plane.

1969 1630 2093 1700 Non
2125 1626 2282 1681 enim
2314 1625 2472 1700 aliud
2504 1625 2708 1681 auctor
2727 1632 2940 1700 noster
2963 1628 3035 1684 iis
3059 1630 3255 1685 verbis
3275 1632 3388 1687 sibi
3411 1625 3617 1700 voluit,

196 1723 229 1750 ‹‹
266 1697 451 1756 Homo
479 1699 606 1772 ipse
638 1717 671 1754 a
700 1716 761 1755 se
780 1715 1018 1772 suaque
1046 1701 1261 1755 virtute
1290 1715 1526 1770 operam
1597 1715 1839 1772 ponens,
1872 1701 1919 1766 Β
1953 1698 2071 1772 nisi
2101 1714 2258 1772 eum,
2293 1697 2484 1772 quiin
2517 1698 3158 1772 peccatisrperseverat,
3201 1704 3406 1758 tandiu
3438 1721 3472 1760 a
3501 1697 3616 1760 Ded

197 1771 606 1843 studensque,
657 1771 1096 1843 accilaborans,
1159 1775 1223 1827 ut
1278 1773 1631 1843 compressis
1664 1771 1830 1843 _ail‘e-

197 1844 438 1909 ctibus,
472 1839 801 1914 _tranquilli
859 1843 1040 1898 animi
1101 1843 1202 1898 ﬁat
1259 1841 1350 1896 καὶ
1416 1839 1855 1913 διαπονοῦμενος

198 1914 490 1985 ἀπείθειαν,
555 1915 702 1972 nihil
760 1914 896 1969 inde
975 1918 1252 1985 praestat;
1309 1915 1399 1970 sin
1473 1919 1669 1969 autem
1728 1915 1857 1984 ejus

245 1987 399 2044 alam
427 1987 508 2042 rei
542 1987 832 2042 desiderio
887 1985 1291 2042 vehementius
1347 1987 1699 2051 inardescat,
1761 1986 1855 2040 di-

245 2005 399 2044 alam
427 2005 508 2042 rei
542 2005 832 2042 GOSIOBI‘IO
887 2005 1291 2042 venemenuus
1347 2005 1699 2051 marcescat,
1761 2005 1855 2040 (11-

198 2005 638 2130 ῃεθοιὶεωῳιθ
679 2057 1253 2130 omnemadhibeat,
1313 2059 1594 2130 adjuncta
1626 2057 1709 2111 illi
1765 2057 1855 2130 di-

205 2125 350 2202 vi'na
399 2125 632 2199 virtu-te,
683 2131 754 2200 τῇ
785 2128 1069 2202 προσθήκῃ
1118 2130 1216 2196 τῆς
1244 2125 1403 2199 mucci
1443 2132 1539 2182 τοῦ
1571 2132 1705 2182 Θεοῦ
1762 2125 1852 2181 δυ-

202 2201 444 2273 νάμεως,
477 2202 669 2273 evadit
697 2201 961 2256 votorum
995 2201 1256 2272 cumpos.
1293 2207 1442 2257 Deus
1466 2218 1852 2273 namquervo-

205 2273 468 2329 lentibus
497 2272 710 2328 animis
741 2274 980 2344 aspirat.
1004 2294 1032 2324 »
1066 2275 1137 2328 At
1165 2278 1395 2328 tantum
1420 2274 1605 2338 abest,
1631 2272 1702 2327 ut
1733 2272 1854 2326 hanc

205 2344 702 2416 Pelagianismum
728 2345 983 2400 redolere
1004 2345 1388 2401 Combeﬁsius
1411 2344 1851 2414 existimaverit;

203 2417 351 2490 quin
385 2417 580 2490 potius
612 2432 827 2490 magna
857 2416 969 2487 ipsi
1000 2416 1312 2490 videantur
1330 2417 1529 2490 gratiae
1563 2432 1854 2471 commen-

203 2487 369 2544 datio
389 2487 796 2558 inostrique’ad
843 2504 967 2543 eam
1026 2487 1208 2542 libera
1253 2487 1550 2543 voluntate
1607 2493 1852 2542 conatus

207 2559 538 2630 explicatio.
574 2565 717 2614 Nam
749 2559 865 2630 ibi,
885 2559 1099 2629 inquit,
1132 2559 1393 2616 humana
1422 2559 1695 2615 voluntas
1727 2561 1854 2614 sine

205 2629 830 2706 gratia‘excitanteita
851 2629 1084 2706 inutilis
1112 2630 1460 2706 declaratur,
1489 2635 1555 2686 ut
1579 2647 1693 2686 non
1728 2632 1855 2706 sine

207 2699 359 2776 novo
410 2702 511 2776 Dei
555 2702 782 2776 auxilio
839 2703 942 2758 flat
995 2701 1230 2758 virtutis
1286 2699 1547 2776 compos,
1607 2707 1666 2758 et
1718 2699 1854 2756 ἀπά-

204 2775 379 2840 θειαν,
415 2773 796 2845 adipiscatur.

282 2847 394 2902 Sed
419 2848 671 2917 ingenue
691 2845 992 2900 fatendum
1009 2848 1104 2918 est
1118 2845 1412 2918 duplicem
1429 2861 1557 2901 esse
1575 2861 1745 2916 posse
1761 2862 1859 2918 au-

207 2918 388 2973 ctoris
419 2916 606 2973 nostri
623 2919 933 2972 verborum
957 2916 1401 2988 explicationem
1425 2922 1483 2972 et
1513 2917 1859 2972 sensum.Et

203 2990 400 3063 primo
414 2989 651 3063 quidem
666 2988 996 3060 signiﬁcare
1012 2989 1569 3063 possunthominem
1583 2988 1856 3063 nimirum

1969 1770 2129 1840 rejici
2161 1773 2218 1824 et
2247 1769 2566 1840 reprobari,
2599 1769 2860 1840 quandiu
2884 1772 2956 1827 iis
3013 1773 3261 1829 obrutus
3319 1775 3511 1832 fuerit.
3545 1779 3620 1832 At

1967 1841 2065 1896 ubi
2098 1841 2168 1896 ad
2191 1846 2375 1896 Deum
2403 1856 2470 1895 ex
2525 1845 2646 1896 toto
2695 1843 2868 1898 corde
2925 1844 3300 1913 convertitur,
3365 1852 3421 1903 et
3477 1863 3615 1905 eum

1967 1917 2340 1987 peccatorum
2371 1928 2501 1966 vere
2549 1914 2870 1987 pmnitebit,
2907 1919 3032 1987 tum
3066 1933 3099 1970 a
3151 1917 3318 1972 Patre
3375 1923 3613 1987 aeterno,

1965 1983 2059 2062 Qui
2093 1983 2300 2062 salutis
2327 1989 2521 2054 portas
2541 1984 2639 2062 illi
2671 1985 3094 2062 aperie_t,illico
3126 1989 3526 2062 suscipieturu
3548 1983 3613 2048 In

1963 2055 2155 2111 Graeco
2187 2061 2388 2110 autem
2421 2057 2678 2112 auctoris
2701 2055 2888 2112 nostri
2920 2061 3080 2112 textu
3115 2060 3264 2114 nihil
3291 2055 3448 2117 'cum
3502 2061 3615 2118 Ca-

1964 2126 2228 2199 riophylo
2276 2129 2717 2203 immutandum
2765 2133 2906 2203 e_st,_
2939 2132 3418 2203 quandoquidem
3460 2133 3611 2190 nihil

1962 2173 2205 2274 prcrrsus
2237 2198 2349 2253 nisi
2378 2215 2580 2274 verum
2612 2203 2668 2274 et
2697 2173 3051 2274 catholiciim
3083 2173 3503 2274 complectitur:

2033 2271 2182 2334 Quid
2213 2272 2576 2345 vero._quod_
2622 2271 2758 2326 huic
2789 2277 3005 2345 nostra?
3061 2271 3434 2345 explicationi
3496 2293 3614 2332 non

1963 2359 2171 2419 parum
2205 2341 2518 2419 roboris’et
2547 2341 2896 2419 firmamenti
2918 2343 3090 2419 “inde
3121 2341 3419 2417 adjicitur,
3454 2349 3611 2419 quod

1963 2413 2035 2490 _ab
2067 2419 2303 2470 auctore
2335 2413 2776 2490 nostrodiserte
2808 2416 3091 2490 traditum
3126 2413 3328 2490 postea
3359 2413 3617 2490 legimus

1964 2486 2250 2561 latronem
2284 2502 2348 2540 ac
2381 2484 2682 2561 sicarium,
2704 2503 2839 2561 vera
2871 2484 3229 2561 pmnitentia,
3266 2484 3449 2561 quasi
3471 2491 3622 2546 alter

1964 2558 2217 2632 quodam
2239 2557 2622 2632 baptismate,
2646 2574 2679 2612 a
2708 2557 2933 2632 Joanne
2965 2557 3319 2632 evangelista
3349 2562 3618 2618 Ecclesiae

1965 2631 2303 2685 restitutum
2328 2629 2510 2683 fuisse
2532 2628 2559 2681 ?
2591 2628 2978 2691 Quamobrem
3011 2628 3359 2687 ille'ibidem
3391 2634 3623 2689 addidit

1962 2702 2024 2756 in
2055 2701 2154 2756 illo
2186 2701 2413 2756 ostendi
2440 2701 2484 2735 1°
2513 2716 2858 2775 «magnum
2892 2702 3132 2775 sincerae
3163 2703 3541 2775 poenitentiae,
3565 2711 3622 2760 et

1967 2775 2184 2828 iteratae
2253 2773 2737 2844 regenerationis,
2778 2773 3000 2843 grande
3057 2773 3501 2841 documentum,
3530 2773 3623 2832 ac

1965 2845 2293 2916 conspicuae
2326 2843 2776 2916 resurrectionis
2815 2851 3118 2916 tropaeum.
3143 2868 3171 2896 »
3207 2847 3432 2912 Quibus
3484 2864 3627 2903 sane

1966 2917 2158 2989 verbis
2183 2915 2542 2989 Novatianus
2573 2931 2731 2970 error
2762 2915 3044 2972 radicitus
3075 2922 3444 2989 amputatur.
3480 2921 3626 2976 Vera

1969 2988 2260 3070 siquidem
2294 2991 2351 3042 et
2382 2986 3026 3070 sincerapeccatorum‘.
3050 2986 3500 3070 post—baptisma
3524 2991 3626 3070 ard-

222 3057 488 3143 divitem,
516 3061 586 3143 de
617 3057 748 3143 quo:
766 3064 971 3116 auctor
999 3057 1200 3143 noster
1229 3061 1696 3143 disputathtunc
1727 3057 1868 3143 ἀτξά-
1903 3062 1945 3128 C
1974 3057 2320 3126 missorum,
2347 3057 2696 3143 poenitentia
2722 3060 2892 3143 quasi
2939 3057 3086 3143 alter
3140 3057 3381 3143 quidam
3401 3137 3408 3143 ι
3428 3062 3624 3133 bapti-

215 3133 389 3198 θειαν,
420 3133 947 3205 perturbationum,
1008 3133 1128 3187 sive
1161 3133 1320 3202 pravi
1379 3133 1713 3205 divitiarum
1771 3132 1865 3186 de-

218 3203 797 3262 siderii‘vacuitatem
829 3208 887 3258 et
917 3203 1356 3259 immunitatem
1389 3204 1687 3272 consequi,
1733 3219 1867 3258 cum

218 3277 360 3333 totis
390 3277 714 3332 connititur
741 3275 985 3339 viribus,
1020 3290 1393 3346 omnemque,
1431 3280 1495 3330 ut
1552 3275 1710 3329 illius
1767 3291 1868 3346 ex-

214 3365 360 3422 pers
383 3352 439 3404 et
467 3346 615 3422 iiber
645 3347 745 3422 sit,
779 3347 1145 3422 diligentiam
1172 3345 1430 3422 adhibet,
1465 3350 1642 3422 atque
1673 3345 1872 3400 divina

227 3417 412 3492 gratia
435 3418 486 3492 ei
517 3419 763 3486 accedit,
796 3423 852 3474 et
883 3417 1140 3473 additur.
1171 3417 1680 3492 Verbum_etenim
1708 3435 1872 3490 προσ·

213 3437 406 3546 ξτειιθ.
435 3437 486 3473 BI
517 3437 763 3486 accedit,
796 3437 852 3474 et
883 3437 1140 3473 auditur.
1184 3437 1431 3473 vernum
1464 3437 1680 3473 etenim
1708 3437 1872 3490 προσ-

255 3492 365 3561 ήκη
398 3489 556 3545 idem
581 3494 752 3546 sonat
782 3494 958 3560 atque
989 3495 1374 3560 augmentum
1403 3531 1416 3557 ,
1439 3489 1872 3561 incrementum

222 3560 285 3620 et
315 3563 594 3619 accessio.
640 3562 764 3626 Quo
797 3563 1038 3632 quidem
1067 3579 1242 3617 sensu
1303 3560 1737 3632 signiﬁcaretur
1786 3561 1876 3615 di-

217 3637 416 3691 vinam
453 3633 1016 3706 gratiamrhumanis
1079 3633 1405 3706 conatibus
1439 3632 1763 3706 praeveniri,
1821 3634 1877 3686 et

225 3707 359 3763 istis
393 3703 594 3776 postea
615 3703 810 3776 adjici.
835 3709 906 3760 At
930 3705 1021 3760 hic
1045 3721 1284 3776 sensus,
1303 3703 1410 3760 etsi
1429 3703 1543 3776 non
1562 3704 1879 3776 ipsummet

223 3774 740 3904 Pelagianicmum,
776 3776 984 3832 saltem
1018 3775 1689 3849 semi-Pelagianismum
1725 3774 1879 3848 sapit

229 3866 261 3904 e
323 3866 386 3904 re
431 3865 462 3904 ο
488 3864 518 3904 e
550 3890 562 3903 .

229 3855 290 3907 et
323 3854 562 3905 redolet.

297 3921 607 3977 Secundus
634 3935 770 3975 vero
802 3934 1014 3975 sensus
1044 3935 1172 3975 esse
1206 3921 1398 3990 potest
1449 3917 1749 3973 hominem
1808 3917 1880 3973 ad

227 3994 383 4050 hanc
412 3991 695 4058 ἀπάθειαν,
728 4007 829 4047 seu
864 3991 1025 4064 pravi
1080 3991 1423 4064 divitiarum
1481 3990 1723 4045 atfe‘ctus
1779 4005 1879 4044 va-

228 4063 1135 4134 cuitatem‘pervenire,’quando
1167 4063 1251 4117 illi
1283 4063 1563 4132 adjuncta
1619 4065 1730 4134 est,
1780 4077 1880 4134 seu

1974 3148 2139 3186 smus
2170 3145 2299 3186 esse
2331 3129 2566 3196 dicitur,
2600 3134 2835 3200 propter
2866 3129 3314 3200 quamJoa'nnes
3340 3129 3626 3188 latronem

1972 3203 2242 3257 Ecclesiae
2261 3200 2579 3268 κατέστησε,
2603 3199 2724 3256 seu
2749 3199 3168 3270 ἀπεκᾶτὲστησε,
3230 3225 3258 3253 ‹‹
3292 3204 3570 3259 restituit.
3596 3225 3626 3253 »

1975 3275 2137 3340 Quod
2170 3273 2409 3343 quidem
2441 3272 2700 3326 Graecum
2729 3273 2994 3338 verbum,
3029 3278 3092 3328 ut
3122 3274 3181 3328 id
3213 3274 3398 3329 obiter
3427 3275 3630 3330 obser-

1974 3361 2200 3408 vemus,
2235 3343 2386 3398 male
2418 3359 2678 3411 prorsus,
2714 3343 2962 3398 sicutab
2995 3344 3125 3399 aliis
3149 3346 3628 3401 animadversum

1977 3422 2068 3472 est
2094 3457 2109 3481 ,
2141 3416 2388 3470 Ruﬁnus
2416 3413 2642 3481 Latino,
2676 3433 2705 3463 «
2730 3415 3006 3484 praefecit,
3036 3437 3064 3466 »
3098 3416 3454 3472 reddiderat.
3483 3416 3627 3472 Nam

1975 3489 2230 3544 Joannes
2263 3485 2777 3560 facinoressimum
2819 3487 3028 3556 furem,
3089 3488 3473 3560 quantumvis
3507 3506 3631 3560 pos-

1980 3560 2282 3618 nitentem,
2316 3573 2431 3612 non
2491 3555 2648 3610 illico
2680 3560 2884 3612 contra
2937 3555 3154 3614 statam
3191 3564 3247 3616 et
3301 3555 3628 3617 solemnem

1980 3629 2447 3704 coaposlolcrum
2471 3643 2712 3704 suorum
2732 3629 3107 3701 disciplinam
3134 3653 3162 3681 «
3187 3632 3446 3704 praefecit
3470 3658 3490 3686 ι
3518 3637 3631 3690 Ec-
3693 3656 3697 3659 ι

1981 3699 2190 3769 οἱθέὶςε,
2215 3700 2316 3756 sed
2349 3721 2377 3751 «
2402 3699 2678 3754 restituit.
2705 3721 2733 3749 ››

2052 3773 2265 3829 Nullus
2295 3771 2476 3843 igitur
2494 3773 2537 3806 “
2562 3771 2732 3846 nobis
2754 3770 3009 3843 amplius
3030 3772 3362 3846 insusurret
3383 3774 3634 3846 hujusce

1982 3847 2117 3902 libri
2140 3842 2433 3918 auctorem
2468 3842 2983 3918 esseClementem
3015 3842 3500 3918 _Alexandrinum',
3533 3847 3636 3918 qui

1987 3919 2279 3990 Hermum,
2312 3913 2739 3990 Novatianismi
2766 3914 2918 3969 haud
2973 3915 3145 3986 plane
3190 3919 3501 3990 immerito
3528 3913 3634 3990 po-

1988 3989 2295 4060 stulatum,
2317 3983 2454 4040 κατά
2481 3981 2622 4038 πόδα
2653 3981 3008 4060 snbsecutus
3039 3995 3147 4044 est.
3187 3981 3636 4060 Utrumqueet-

1989 4062 2147 4118 enim
2179 4060 2236 4114 in
2269 4059 2378 4124 hoc
2409 4073 2602 4130 errore
2633 4058 2874 4114 minime
2903 4058 3162 4128 allisum,
3196 4061 3298 4130 ita,
3324 4058 3437 4117 nisi
3469 4077 3639 4116 mens

230 4129 574 4194 conceditur
602 4135 795 4190 divina
827 4129 1049 4207 gratia,
1066 4138 1173 4207 aut
1221 4129 1428 4207 gratiae,
1448 4204 1458 4207 Α
1480 4132 1886 4204 praevenientis
1992 4137 2328 4207 nostrainos
2352 4129 2552 4207 fallat,_
2569 4130 2875 4207 perspicue
2905 4129 3294 4207 ostendimus,
3327 4139 3393 4207 ut
3413 4133 3641 4207 nullus,

231 4147 574 4194 conceditur
602 4147 795 4190 amna
827 4147 1036 4207 gratia,
1070 4147 1173 4190 aut
1221 4147 1422 4206 gratiae
1480 4147 1886 4204 praevenientis
1992 4147 2193 4189 nostra
2221 4148 2328 4186 nos
2352 4147 2535 4198 lauat,
2569 4147 2875 4255 perspicue
2905 4147 3294 4199 ostendimus,
3327 4147 3393 4189 ut
3413 4147 3640 4201 nuuus,

231 4207 597 4288 adjutorium
625 4223 637 4261 :
674 4206 992 4288 atquehac
1022 4205 1348 4288 divinaope
1366 4204 1626 4288 adjutus,
1650 4219 1883 4288 omnem
1992 4210 2050 4288 et
2080 4201 2652 4288 nedoctusquidem
2685 4202 2699 4256 i
2731 4203 2783 4288 ie
2812 4202 2920 4288 vir,
2953 4204 3192 4288 quihaec
3213 4205 3382 4288 nebis
3405 4204 3640 4288 objecit,

231 4273 474 4352 operam
504 4273 796 4352 impendit
817 4281 884 4332 ut
932 4277 1090 4332 illam
1140 4273 1401 4352 exagitat
1440 4273 1732 4352 obtineat:
1765 4276 1889 4352 rHic
1994 4275 2290 4352 tantillum
2317 4273 2456 4352 quid
2479 4279 2679 4352 contra
2694 4273 2949 4331 allatasa
2971 4273 3142 4332 nobis
3163 4277 3421 4334 rationes
3446 4273 3507 4332 in
3530 4291 3640 4332 me-

228 4345 430 4428 antem
462 4345 878 4428 sens'usplane
893 4366 1074 4428 sanus
1099 4354 1262 4428 estet
1292 4346 1888 4428 orthodoxuﬂs..Atqui
1997 4350 2162 4428 dium
2195 4345 2451 4428 potuerit
2477 4346 2782 4428 adducere.

231 4425 391 4496 hanc
421 4439 550 4478 esse
573 4417 826 4496 aucturis
845 4423 1036 4496 nostri
1060 4425 1314 4496 mentem
1336 4421 1474 4496 inde
1490 4419 1696 4476 conﬁci
1720 4417 1892 4496 posse
1925 4433 1972 4496 ι)
2072 4417 2332 4496 _Denique
2364 4421 2888 4496 auct_or_noster_eo
2912 4417 3106 4496 adhuc
3130 4417 3647 4496 corripituquuod

2008 4491 2210 4547 relicto
2239 4486 2308 4544 ac
2337 4490 2547 4559 rejecto
2579 4486 2819 4560 litterali
2853 4486 3338 4560 propositorum'a
3354 4508 3415 4546 se
3435 4486 3650 4546 Christi

2008 4562 2322 4634 verborum
2351 4577 2553 4634 sensu.
2588 4576 2703 4634 non
2736 4559 2917 4634 alium
2943 4559 3117 4630 quam
3152 4562 3519 4634 spiritualem
3552 4563 3654 4634 ad-

2012 4635 2245 4706 mittere
2275 4632 2560 4706 videatur.
2592 4633 2652 4686 In
2684 4645 2750 4687 eo
2781 4631 3010 4706 quippe
3039 4631 3446 4705 persequendo
3476 4632 3654 4706 paulo

2013 4705 2262 4761 nimium
2285 4703 2628 4778 ideo__fuisse
2658 4703 3054 4778 putant,__quia
3084 4706 3154 4760 de
3175 4703 3656 4778 bonorum—pra:-

2009 4779 2266 4849 diorum_
2296 4779 2354 4849 et
2397 4775 2756 4849 divitiarum
2794 4774 3162 4832 abdicatione
3227 4780 3311 4834 sic
3359 4774 3657 4849 dispntat,

2009 4848 2178 4922 quasi
2211 4846 2486 4922 Christus
2507 4846 2830 4918 discipulos
2860 4863 3001 4902 suos
3031 4849 3102 4922 ad
3136 4864 3280 4922 eam
3310 4846 3659 4922 adhortatus

2011 4918 2127 4978 non
2162 4919 2352 4974 fuerit.
2382 4919 2490 4972 Sed
2525 4923 2916 4990 praeterquam
2951 4920 3108 4989 quod
3161 4920 3361 4978 nullus
3392 4926 3502 4990 est,
3560 4918 3661 4990 qui

2015 4993 2239 5066 nesciat
2258 4996 2478 5066 veteres
2509 4989 3012 5066 Ecclesiaeliatres
3040 4992 3228 5063 magis
3255 4989 3664 5066 allegorico’et

2017 5063 2330 5148 spirituali,
2363 5078 2538 5148 quam
2569 5060 2808 5148 litterali
2830 5060 3338 5148 Scriptura—sensu
3358 5060 3664 5148 inhaerere,

2019 5135 2272 5217 ipsemet
2301 5140 2504 5217 auctor
2523 5138 2738 5216 'noster
2795 5138 2991 5204 aperte
3019 5135 3268 5216 .fatetur
3324 5138 3395 5192 ab
3454 5135 3667 5192 iisdem

2019 5208 2236 5264 Christi
2261 5205 2570 5278 discipulis
2599 5206 2808 5260 hamos
2841 5211 2897 5260 et
2926 5209 3090 5278 retia,
3117 5207 3344 5278 aliaque
3365 5209 3516 5264 bona
3540 5223 3668 5278 sua,

2022 5285 2089 5336 ut
2121 5279 2288 5333 illum
2345 5277 2759 5349 sequerentur,
2818 5277 3056 5346 penitus
3104 5277 3401 5336 derelicta.
3456 5277 3675 5335 Deinde

2022 5367 2158 5434 vero
2191 5349 2288 5434 ille
2319 5347 2612 5434 spirituali
2634 5347 2954 5434 .Scripturae
2986 5351 3186 5434 sensui
3212 5351 3440 5434 .idcirco
3477 5350 3678 5434 potis-

264 5429 416 5491 bus;
451 5430 514 5480 ut
545 5426 629 5481 sic
661 5425 896 5479 illorum
931 5423 1166 5494 propria
1191 5423 1432 5479 exsistat
1471 5423 1651 5479 salus.
1716 5425 1916 5495 Neque
2027 5420 2519 5495 simuminsistit,
2547 5420 2961 5495 quia_multos,
2997 5420 3081 5476 uti
3130 5420 3681 5490 animadvertimus,

260 5498 424 5554 enim
455 5498 609 5552 Deus
641 5497 796 5568 cogit
825 5491 979 5552 ειη
1000 5491 1110 5568 (vis
1158 5497 1314 5551 enim
1343 5495 1584 5568 inimica
1614 5500 1704 5550 est
1756 5491 1914 5566 Deo),
2032 5492 2318 5568 litterulis
2337 5493 2652 5568 verborum
2683 5491 2912 5568 Christi
2931 5508 3144 5548 sensus
3177 5495 3250 5568 ad
3303 5501 3529 5568 aeternae
3565 5510 3684 5550 sure

260 5570 371 5641 sed
401 5564 795 5641 quaerentibus
826 5564 1143 5641 _tribui't,_et
1173 5567 1516 5641 petentibus
1549 5568 1804 5641 praebet,
1864 5564 1923 5620 et
2031 5565 2238 5641 salutis
2276 5564 2756 5641 desperationem
2815 5564 3139 5635 redegerat.
3196 5567 3588 5641 Quamobrem
3621 5571 3688 5621 ut

312 5634 651 5696 ulsantibus
679 5639 941 5712 aperit.»
976 5634 1201 5705 Quibus
1224 5655 1373 5712 sane
1402 5634 1596 5693 verbis
1629 5638 1723 5693 ille
1755 5634 1924 5694 docet
2032 5638 2164 5712 illos
2197 5654 2230 5692 a
2259 5634 2668 5712 desperatione
2689 5634 2761 5689 ad
2785 5650 2948 5712 spem
2969 5634 3290 5712 revocaret.
3316 5640 3686 5712 probandum

312 5659 651 5696 υιεᾶηιιῡυε
679 5659 886 5712 aperit.
912 5661 941 5690 ⁷)
976 5659 1201 5705 QUIBUS
1233 5659 1373 5696 sane
1402 5659 1596 5693 VBI‘DIS
1629 5659 1723 5693 me
1755 5659 1924 5694 αοῠθῐ.
2032 5659 2164 5694 11105
2197 5659 2230 5692 ει
2259 5659 2668 5707 αδδριπάιιυιιυ
2689 5659 2761 5689 au
2785 5659 2948 5706 δμυω
2974 5659 3290 5695 revocaret.
3316 5659 3686 5711 ρι’(ιοᾶηαυῐῐι

263 5659 501 5770 gemini
531 5712 728 5769 divina
757 5710 966 5783 gratia,
997 5711 1235 5767 tametsi
1259 5726 1394 5766 eum
1418 5714 1688 5783 agentem
1709 5714 1764 5766 et
1783 5727 1924 5782 prae-
2033 5711 2148 5767 sibi
2177 5723 2306 5764 esse
2335 5706 2607 5778 credidit,
2638 5722 2756 5762 non
2786 5709 2909 5763 tam
2937 5723 3078 5780 opes
3111 5713 3170 5766 et
3199 5711 3464 5779 divitias,
3506 5724 3687 5782 quam

343 5811 366 5847 ⁷
396 5811 539 5880 §21.
615 5811 637 5846 ⁸
665 5811 695 5879 §
726 5811 812 5866 10.
894 5810 916 5845 ⁸
944 5812 972 5878 §
1000 5809 1090 5866 39.
1168 5809 1213 5845 ¹⁰
1242 5808 1272 5881 §
1301 5809 1392 5879 42,
1473 5810 1516 5848 ίί
1555 5807 1709 5881 Ittig.
1747 5825 1869 5882 prae.

2003 5808 2066 5864 in
2088 5808 2246 5864 hunc
2279 5805 2416 5863 libr.

228 4495 491 4564 videtur,
524 4495 679 4565 quod
714 4493 810 4548 ille
832 4493 1060 4565 ibidem
1116 4493 1489 4565 probandum
1543 4490 1892 4565 susceperit,

231 4568 348 4623 hoc
378 4562 493 4621 non
517 4562 589 4620 ab
621 4564 982 4631 hominibus,
1015 4562 1181 4619 sed'a
1211 4564 1336 4634 solo
1367 4570 1483 4619 Deo
1533 4579 1705 4634 posse
1727 4562 1893 4634 "ﬁeri.

236 4638 486 4705 Quando
520 4636 719 4709 itaque
749 4635 830 4691 ibi
891 4636 1178 4704 addidits,
1209 4632 1580 4763 ἓουλομὲναῐς
1613 4633 1707 4706 μὲν
1734 4634 1834 4708 γὰρ
1869 4633 1896 4686 ὁ

236 4708 374 4763 Θεὸς
402 4711 520 4763 ταῖς
553 4710 760 4763 danai:
791 4710 1123 4761 συνεπιπνεῖ·
1153 4730 1180 4758 ‹‹
1261 4723 1365 4762 eus
1382 4707 1541 4762 enim
1563 4706 1896 4762 volentibus

236 4708 374 4772 Θεὸς
402 4711 520 4768 ταῖς
553 4706 760 4780 ψυχαῖς
791 4710 1123 4780 συνεπιπνεῖ·
1153 4730 1180 4758 ‹‹
1209 4706 1541 4780 Deusenim
1563 4706 1896 4780 volentibus

237 4781 458 4838 animis
473 4777 712 4852 aspirat,
724 4802 750 4829 ››
766 4779 884 4852 sive
906 4779 1125 4852 potius,
1141 4777 1355 4834 «simul
1373 4779 1595 4852 aspirat
1608 4783 1667 4852 et
1679 4777 1897 4852 efﬂat,»

240 4869 442 4909 nonne
475 4849 568 4907 his
599 4852 793 4907 verbis
823 4849 924 4906 ille
952 4850 1210 4906 declarat
1242 4857 1421 4905 Deum
1457 4849 1786 4905 volentibus
1811 4850 1898 4903 di-

237 4925 434 4981 vitum
467 4923 683 4979 animis
715 4924 892 4979 simul
918 4923 1200 4993 aspirare,
1225 4922 1412 4994 gratia
1430 4921 1899 4994 scilicetprzsve-

246 4995 446 5052 niente
477 5012 542 5050 ac
573 4992 1024 5061 concomitante,
1059 5011 1175 5065 qua
1198 4992 1428 5065 possint
1457 4993 1601 5048 illud
1621 4992 1902 5060 obtinere,

248 5067 411 5140 quod
446 5067 571 5140 sine
601 5084 668 5140 ea
697 5082 1003 5140 nunquam
1028 5065 1306 5140 consequi
1328 5065 1902 5140 possentiQuamob-

247 5135 377 5196 fern
412 5139 576 5211 prius
607 5139 733 5211 ipse
765 5135 1028 5211 dixerat:
1055 5138 1170 5211 «in
1205 5135 1472 5211 homine,
1522 5141 1805 5208 tanquam
1839 5135 1905 5189 li-

251 5208 428 5277 bero,
453 5208 650 5266 libera'
667 5214 794 5266 erat
821 5209 1146 5265 voluntatis
1179 5208 1425 5276 electio;
1461 5208 1519 5261 in
1556 5213 1668 5264 Deo
1711 5214 1907 5264 autem

255 5284 418 5348 dare,
449 5287 730 5353 tanquam
763 5281 1013 5337 Domino
1038 5285 1097 5353 et
1155 5281 1394 5353 arbitro.
1423 5280 1558 5353 “Dat
1583 5285 1779 5336 autem
1811 5297 1908 5353 vc-

259 5354 539 5420 lentibus,
571 5351 626 5408 et
656 5369 891 5409 summo
923 5352 1114 5407 studio
1143 5351 1550 5408 annitentibus
1579 5361 1634 5408 et
1690 5351 1913 5408 oranti-
