4014 6158
329 203 464 259 1461

1491 214 1588 266 DE
1626 215 1816 267 ALIIS
1853 214 2068 268 CLEM.
2109 214 2322 266 ALEX.
2361 211 2592 267 OPER.

3605 219 3742 276 1462

321 332 688 415 aagretosque
735 329 959 415 curavit
1120 347 1277 415 nunc
1303 348 1569 415 veronper
1608 335 1906 415 apostolos
1928 341 1985 392 et
2013 337 2066 404 Α
2098 333 2318 415 quippe
2341 334 2441 415 qui
2467 337 2532 415 ut
2563 333 2619 415 in
2646 350 2761 390 uno
2782 333 2988 415 habitu
3013 338 3069 415 et
3087 335 3303 406 Spiritu
3327 343 3532 415 sancto
3564 351 3741 415 esset,

323 403 593 456 doctores
624 400 680 478 i_d
707 406 963 478 praestat.
993 401 1176 458 Homo
1199 405 1415 478 etenim
1441 400 1631 462 factus
1648 400 1766 475 est,
1798 416 1857 462 ut
1882 425 1983 478 pa-

321 480 517 550 ternae
558 471 784 550 volunti
842 474 1283 550 obsequeretur,
1342 471 1773 550 hominumque
1804 471 1982 535 sal-uti

317 543 668 622 consuleret.
702 545 771 622 Et
822 561 959 622 vero
991 543 1358 622 i_’lla_pe_ccata
1403 554 1606 622 nostra
1665 543 1981 622 abolendo,

313 616 535 692 terreni
564 616 894 692 veterisque
924 617 1138 692 delevit
1189 619 1451 676 hominis
1507 621 1856 692 imaginem,
1916 616 1982 679 ac

312 686 572 744 caelestis
606 693 663 742 et
694 687 826 742 novi
858 689 1189 758 impreSsit.

388 759 592 834 Palam
619 757 874 834 subinde
895 757 1166 834 “auctor
1191 765 1391 817 noster
1413 763 1545 818 fecit
1567 765 1866 834 quomodo
1890 765 1980 820 in-

313 829 638 902 telligenda
689 830 808 905 sint
857 831 977 905 haec
1028 833 1275 890 Joannis
1325 829 1601 905 Baptista;
1655 837 1834 891 verba
1884 838 1975 892 ’δε

312 924 342 979 «ξ
378 907 514 979 Ifest
547 918 638 957 me
663 903 848 979 venit,
881 904 982 974 qui
1013 921 1116 979 vos
1149 903 1478 976 baptizetin
1503 907 1717 978 spiritu
1749 908 1976 979 etigni,

310 975 500 1044 Cujus
521 972 980 1050 ventilabrum...
1017 972 1426 1050 Paleasautem
1453 972 1658 1050 combu
1672 984 1758 1033 ret
1780 972 1898 1050 igni
1922 972 1974 1047 pi

301 1062 372 1120 ac
405 1062 523 1117 quo
554 1045 731 1120 etiam
763 1053 1124 1120 sensiuVDeus
1155 1066 1188 1104 a
1212 1049 1404 1120 Moyse
1429 1049 1582 1120 ignis
1609 1045 1969 1107 consumens

306 1117 508 1172 dictus
531 1117 625 1171 sit.
656 1119 844 1188 Atque
875 1118 956 1172 ibi
1000 1118 1098 1174 ille
1125 1117 1392 1175 observat
1422 1117 1495 1176 ab
1527 1121 1890 1178 Heracleone
1908 1130 1969 1180 et

303 1188 440 1244 aliis
474 1189 832 1259 quibusdam
868 1190 1218 1259 baptismate
1240 1193 1576 1248 ablutorum
1600 1210 1774 1248 aures
1791 1194 1970 1251 fuisse

303 1260 832 1336 igneobsignatas.
859 1261 1118 1336 Aliorum
1147 1279 1278 1318 vero
1339 1263 1578 1336 refellit,
1604 1265 1965 1336 opinionem,

304 1332 410 1402 qui
443 1331 537 1387 his
567 1331 802 1406 Christi,
820 1333 1014 1406 verbis
1043 1335 1089 1368 5’
1121 1351 1134 1388 :
1161 1356 1188 1384 ‹‹
1222 1337 1422 1406 Ignem
1452 1335 1582 1392 veni
1628 1331 1864 1392 mittere
1906 1331 1966 1394 in

299 1408 611 1479 terram,»
647 1403 930 1474 putabant
963 1403 1285 1477 significari
1318 1407 1614 1473 virtutem,
1643 1425 1770 1479 quae
1795 1426 1967 1465 sanc-

297 1480 396 1553 tos
426 1474 669 1553 quidem
704 1474 1310 1548 expurgetfterrenos
1343 1495 1475 1534 vero
1509 1474 1739 1553 mergat
1787 1486 1966 1552 atque

299 1547 671 1602 exterminet.

371 1618 646 1673 Rationes
691 1633 892 1690 porro,
918 1616 1019 1690 ille
1075 1620 1296 1690 profert
1324 1620 1395 1654 ⁵9*
1440 1637 1546 1675 cur
1575 1621 1837 1679 seniores
1869 1640 1960 1678 sa-

2098 413 2306 480 nactus
2337 409 2434 473 sit.
2477 409 2758 461 Cazterum
2799 408 2841 440 ⁷¹
2876 407 3741 480 alfectussuggestioneetnutu

2090 478 2338 550 spiritus
2369 484 2671 554 vocantur.
2708 483 2779 532 At
2810 479 2964 554 ra_c_io
3001 497 3113 554 non
3140 478 3650 554 prcecipitquidem
3677 493 3742 544 ut

2089 567 2122 603 a
2153 556 2424 605 creatura
2454 551 2845 604 abscedamus
2877 551 2942 613 7’,
2977 552 3077 606 sed
3113 559 3174 606 ut
3203 570 3271 608 ea
3298 551 3449 610 bene
3501 562 3558 612 et
3609 559 3740 616 sine

2088 622 2400 676 affectuum
2434 621 2715 690 pravitate
2744 627 3002 676 utamur.

2159 692 2899 770 Dehincillerefert73quid
2936 694 3142 749 Petrus
3185 695 3256 770 in_
3297 696 3735 770 Apocalypside

2086 763 2386 838 abortivis,
2420 780 2670 833 quorum
2704 763 2909 838 melior
2940 782 3068 820 sors
3101 772 3208 832 est,
3243 763 3592 838 infantibus,
3643 778 3732 828 at-

2084 851 2196 901 que
2226 839 2294 890 de
2318 836 2743 913 fu_tura_eoru_m
2770 835 2959 913 salute
2980 837 3370 913 constituerit.
3392 835 3731 913 Nobisquo-

2083 923 2197 987 que
2229 907 2553 987 explicat.“
2584 907 2724 987 quid
2747 908 2871 987 _sibi
2900 907 2997 962 ille
3029 908 3185 987 velit,
3237 927 3369 987 cum
3416 910 3478 987 in
3527 907 3731 983 eodem

2082 977 2230 1032 libro
2264 977 2502 1049 scripsit
2532 977 2618 1032 ex,
2649 979 2818 1046 lacte,
2851 996 2884 1033 a
2925 979 3242 1036 mulierum
3296 978 3576 1040 uberibus
3628 988 3730 1042 de-

2085 1049 2323 1116 ﬂuente,
2357 1068 2422 1104 ac
2467 1057 2757 1116 concreto,
2793 1051 3179 1115 minusculas,
3239 1054 3342 1108 sed
3395 1057 3730 1115 carnivoras

2077 1120 2644 1197 bestias_procr_eari.
2679 1121 2924 1197 Planum
2957 1123 3212 1197 denique
3235 1124 3372 1179 facit
3401 1127 3444 1160 ⁷⁵
3473 1127 3614 1197 quid
3633 1147 3725 1185 se-

2077 1209 2185 1265 nex
2217 1192 2457 1265 quidam
2491 1192 2752 1246 docuerit
2782 1194 2852 1246 de
2887 1193 3075 1259 modo,
3101 1192 3217 1265 quo
3244 1197 3442 1252 anima
3464 1192 3724 1258 Hominis

2075 1264 2146 1319 ab
2178 1262 2403 1333 angelo,
2436 1263 2708 1337 hemanae
2741 1262 3425 1337 generationiprazfecto,
3459 1269 3726 1327 infundi-

2072 1339 2192 1460 tur],
2225 1352 2290 1391 ac
2322 1352 2438 1406 quo
2471 1335 2558 1401 fit,
2593 1335 2825 1391 utfetus
2847 1335 2905 1390 in
2931 1335 3278 1393 matrissuae
3301 1343 3466 1396 utero
3497 1341 3576 1397 sit
3597 1345 3723 1399 ani-

2072 1423 2168 1460 ma
2199 1447 2211 1460 .

2071 1423 2211 1462 mat.

2141 1480 2286 1551 Tum
2316 1477 2626 1551 confestim
2667 1481 2872 1551 auctor
2901 1479 3326 1550 expositionem
3363 1481 3576 1551 psalmi
3618 1486 3720 1542 de-

2069 1550 2204 1624 cimi
2237 1550 2424 1624 octavi
2466 1550 3448 1624 aggreditnr_7°,_ostenditque77473,
3471 1555 3572 1624 qui
3602 1557 3723 1613 sint

2069 1621 2220 1693 cceli,
2281 1623 2383 1693 qui
2440 1619 2721 1676 enarrant
2773 1619 3022 1693 gloriam
3097 1619 3220 1688 Dei,
3292 1625 3432 1694 quid
3485 1619 3565 1680 sit
3622 1629 3718 1683 ﬁr-

293 1705 683 1775 eram,quam
715 1688 1136 1775 praedicabant,
1169 1692 1497 1746 doctrinam
1545 1694 1783 1774 scriptis
1801 1712 1950 1775 “non
1989 1710 2034 1775 Β
2068 1688 2432 1775 rnamentum
2457 1688 2878 1775 qu_o_man_uum
2901 1694 3028 1763 ejus
3046 1688 3721 1775 opusannuntiatur,qui

289 1761 667 1834 tradiderint,
699 1777 804 1834 nec
834 1761 906 1834 de
936 1777 1005 1816 ea
1051 1761 1235 1834 libros
1268 1761 1732 1834 composuerint.
1795 1765 1954 1821 Gno-

290 1832 648 1906 stieosrvero
676 1833 775 1906 qui
822 1832 1165 1906 domesticis
1213 1832 1423 1906 magis,
1459 1853 1637 1906 quam
1670 1839 1960 1894 extraneis

278 1904 660 1970 invidebant,
694 1903 792 1977 ille
828 1905 1076 1975 corripit
1105 1907 1168 1974 ⁵ο,
1203 1903 1576 1976 ostenditque
1619 1909 1952 1977 scientiam,

279 1980 344 2032 et
366 1991 667 2048 sacrorum
685 1976 1028 2047 dogmatum
1053 1977 1444 2048 cognitionem
1461 1981 1736 2035 omnibus
1751 1976 1954 2036 utilem

294 2063 467 2122 _ese,_
489 2047 785 2122 simulque
809 2047 1192 2122 necessriam.
1215 2051 1288 2103 At
1314 2056 1594 2121 praeterea
1640 2054 1954 2122 praefectis,

296 2119 509 2195 inquit
531 2120 595 2189 ⁶⁶,
629 2124 686 2174 et
715 2119 1250 2195 praepositislonga
1281 2119 1550 2195 opusest
1571 2119 1950 2195 experientia,

291 2191 649 2264 eruditione,
682 2206 799 2264 qua
829 2191 1028 2246 omnia
1059 2191 1744 2264 habeantexplorata,_ac
1775 2191 1951 2250 disci-1

297 2261 472 2335 pulos
493 2264 564 2316 ab
596 2261 1006 2335 haereticorum
1037 2265 1336 2318 erroribus
1370 2261 1653 2331 avertant,
1678 2267 1952 2322 doceant-

295 2332 418 2409 que
450 2334 744 2409 quomodo
777 2332 908 2409 illos
937 2335 1285 2409 impugnare
1309 2341 1364 2390 et
1384 2337 1675 2409 debellare
1696 2339 1949 2409 possint.

292 2405 446 2460 Vitas
473 2404 650 2476 porro
682 2404 1012 2475 integritas,
1041 2404 1194 2462 sicut
1214 2406 1311 2460 ille
1343 2408 1423 2462 ait
1443 2408 1571 2476 “,et
1597 2404 1828 2464 morum
1857 2410 1948 2464 in-

294 2477 569 2554 nocentia
601 2482 762 2532 extra
791 2477 1044 2544 invidiae,
1077 2477 1193 2533 odii
1225 2483 1282 2534 et
1301 2478 1606 2534 calumnias
1629 2484 1817 2536 aleam
1841 2499 1951 2554 po-

295 2549 416 2604 sita
443 2553 552 2603 est.

366 2621 545 2675 Beata
589 2633 751 2692 vero!
785 2617 947 2675 illius
997 2623 1103 2692 est,
1149 2624 1447 2692 senectus,
1519 2620 1620 2692 qui
1702 2622 1944 2680 vivendo

294 2696 523 2766 aeterna
549 2691 668 2766 vita
697 2690 914 2761 dignus
957 2691 1262 2766 efficitur,_
1292 2690 1557 2761 nullique
1606 2693 1743 2766 nisi
1769 2711 1944 2766 pravo

290 2762 526 2838 homini
546 2763 992 2829 molestus,cum
1009 2780 1096 2834 eo,
1114 2763 1265 2834 quod
1285 2769 1374 2820 est
1391 2762 1942 2838 praetentissifnum,

290 2835 576 2906 deinceps
607 2840 895 2906 versatur.

363 2905 658 2962 Post’haec
691 2905 789 2960 llie
813 2909 1016 2960 narrat
1044 2905 1088 2940 ⁸⁸
1121 2905 1513 2976 Pythagoram
1571 2905 1944 2964 existimasse

284 2993 450 3044 eum,
475 2978 574 3049 qui
603 2978 780 3033 rebus
803 2978 1042 3032 nomina
1073 2976 1421 3047 imponeret,
1454 2978 1788 3049 sapientum
1813 2997 1943 3035 esse

286 3049 800 3121 antiquissimum.
819 3052 1188 3120 Quapropter
1201 3049 1301 3120 qui
1319 3065 1546 3105 sacram
1571 3050 1934 3121 Scripturam

285 3126 609 3189 scrutatur,
643 3139 712 3176 ex
743 3120 905 3175 illius
935 3121 1128 3174 verbis
1151 3125 1207 3174 et
1246 3121 1587 3175 nominibus
1641 3120 1813 3177 debet
1861 3124 1938 3178 la-

282 3197 512 3248 tentem
545 3209 780 3248 sensum
817 3192 1026 3247 elicere
1053 3217 1066 3257 ;
1097 3191 1295 3262 agnita
1326 3197 1523 3247 autem
1550 3193 1812 3260 veritate,
1863 3196 1933 3249 ad

280 3264 386 3320 Dei
440 3263 648 3319 nititur
680 3263 979 3336 pervenire
1013 3263 1603 3336 similitudinem.AAt
1665 3265 1935 3335 quisquis

284 3336 550 3391 mundus
580 3345 632 3391 et
664 3334 850 3408 purus
881 3340 988 3403 est,
1023 3335 1352 3390 doctrinam
1395 3334 1773 3406 divinamque
1819 3334 1932 3391 vir-

283 3413 475 3464 tutem
506 3413 870 3479 assequetur.

357 3480 619 3534 Scientiae
653 3475 954 3550 mysteria,
1006 3475 1380 3549 prosequitur
1411 3480 1613 3550 auctor
1634 3480 1836 3550 noster
1861 3479 1929 3546 ⁸³,

275 3552 456 3621 vulgo
489 3547 867 3622 deridentur;
917 3547 1131 3622 pauccs
1188 3547 1321 3604 vero
1377 3547 1633 3622 primum
1683 3549 1928 3622 quidem

277 3619 458 3695 agent
486 3621 900 3695 instuporem,
919 3619 1035 3695 sed
1072 3619 1641 3695 posteaassuefacti,
1665 3619 1928 3695 depulsis

274 3691 619 3763 ignorantia:
653 3691 927 3760 tenebris,
949 3692 1149 3747 lumen
1181 3691 1442 3747 veritatis
1476 3691 1588 3746 lati
1621 3693 1926 3763 aspicient.

276 3765 369 3820 lbi
401 3770 596 3820 autem
629 3765 724 3820 ille
742 3765 991 3836 explicat
1019 3765 1088 3836 σθ,
1109 3780 1364 3836 quonam
1387 3764 1556 3836 modo
1577 3763 1929 3836 investigan-

279 3839 360 3918 da
389 3837 466 3892 sit
495 3837 737 3918 veritas:
763 3834 833 3892 At
862 3834 1150 3918 gnostica,
1183 3835 1377 3918 inquit
1398 3836 1462 3918 9f,
1481 3835 1736 3917 virtusﬁ)
1764 3834 1924 3918 dpsnj

270 3889 1023 3992 ἦῖθῴέτ-..έῇξῇιξάιῖρρω
1085 3889 1582 3992 contemplatione
1635 3889 1815 3992 sisti
1864 3889 1928 3992 εἰ

273 3978 507 4036 actione
537 3981 729 4036 reddit
758 3978 1077 4046 excultum,
1107 3979 1206 4050 qui
1236 3979 1624 4050 temperantia
1657 3983 1714 4050 et
1751 3980 1926 4050 justi-

273 4054 361 4108 tia
390 4052 763 4117 exercitatus,
797 4057 854 4107 et
883 4051 942 4105 in
974 4049 1147 4106 carne
1169 4049 1419 4120 angelici
1443 4049 1711 4106 muneris
1755 4049 1926 4106 func-

271 4125 498 4180 tionem
531 4123 870 4189 meditatus,
896 4122 953 4177 in
985 4139 1227 4193 corpore
1275 4122 1542 4177 animum
1607 4122 1922 4178 sacrificat.

351 4199 494 4251 Tum
527 4196 807 4251 continuo
838 4193 936 4249 ille
968 4193 1136 4248 docet
1167 4194 1210 4228 ⁶⁶
1228 4193 1368 4264 quid
1402 4193 1772 4265 Tatiano,qui
1805 4193 1928 4251 haec

273 4267 572 4324 Geneseos
603 4268 778 4322 verba
807 4283 820 4320 :
853 4288 881 4315 «
917 4265 1044 4321 Fiat
1077 4265 1204 4329 lux,
1236 4286 1262 4314 »
1296 4265 1552 4336 optantis
1583 4282 1713 4321 esse
1763 4282 1921 4320 som-

274 4339 560 4403 niaverat,
595 4339 748 4394 346
805 4337 883 4392 sit
931 4337 1427 4407 respondendum.
1482 4337 1656 4392 Addit
1712 4354 1849 4393 vero
1879 4339 1922 4373 ⁶⁷

275 4411 435 4466 hunc
457 4409 908 4514 hﬁresiarcham
943 4409 1922 4514 dix‘issemiilieres,proetercrines
1956 4451 2000 4514 D

275 4486 328 4514 ml»
364 4499 501 4514 mrln
554 4498 646 4514 nm
706 4499 732 4514 ει
765 4482 979 4514 "inluta
1067 4480 1114 4514 in
1175 4496 1232 4514 νο
1282 4498 1348 4514 na
1399 4497 1516 4514 Πνυκὶ
1546 4497 1607 4514 οη
1642 4499 1667 4514 ο
1705 4481 1897 4514 ηιιηῖπῖ

271 4486 333 4536 et
364 4483 669 4548 mundum,
705 4499 738 4537 a
765 4482 981 4537 virtute
1026 4480 1116 4534 his
1175 4481 1350 4535 rebus
1379 4483 1673 4552 ,przefecta
1705 4481 1923 4551 puniri.

271 4553 447 4609 Varia
476 4571 649 4622 porro
679 4554 758 4609 ibi
791 4552 1112 4608 ostendit“
1144 4568 1271 4606 esse
1292 4550 1650 4622 Deijudicia.
1677 4550 1928 4608 Monitos

275 4623 533 4681 subinde
556 4643 663 4681 nos
695 4625 833 4680 facit
854 4624 913 4678 in
943 4625 1194 4693 quadam
1226 4623 1537 4693 scriptura,
1573 4624 1726 4679 haud
1752 4625 1929 4680 dubie

270 4696 630 4769 apocrypha,
659 4696 842 4752 asseri
879 4696 1166 4769 projectos
1207 4701 1264 4750 et
1291 4695 1620 4769 arbortivos
1674 4697 1928 4769 infantes

269 4767 480 4841 angelo
495 4767 830 4841 praesidiac
861 4767 1040 4841 tutori
1074 4767 1409 4841 educandos
1458 4767 1930 4841 erudiendosque

274 4839 472 4902 tradi;
499 4839 674 4912 atque
705 4839 824 4912 illic
846 4839 1024 4912 verba
1055 4839 1348 4912 quaedami
1368 4855 1436 4894 ex
1455 4839 1804 4910 Apocalypsi
1829 4841 1929 4896 Pe-

270 4912 348 4967 tri
382 4909 720 4983 desumpta,
751 4911 808 4964 in
841 4909 1110 4983 medium
1135 4909 1402 4983 adducit.

352 4979 644 5047 Quosdam
670 4987 873 5054 postea
901 4980 1113 5053 psalmi
1136 4979 1930 5054 decimiseptimiversus,ni-

270 5054 493 5110 mirum
521 5056 612 5119 26,
641 5052 710 5109 45
739 5059 796 5109 et
824 5052 917 5118 51,
949 5054 1200 5109 breviter
1231 5054 1656 5123 interpretatur
1684 5053 1749 5106 ⁸9.
1783 5052 1926 5106 Con-

275 5125 536 5182 tinenter
548 5143 682 5182 vero
705 5127 785 5181 ait
800 5124 1089 5180 malorum
1110 5123 1480 5180 tolerantiam
1499 5123 1928 5195 propteripsius

270 5198 535 5254 fructum
567 5215 696 5253 esse
725 5198 964 5253 bonam.
1000 5197 1179 5250 Porro
1238 5201 1434 5250 autem
1470 5195 1569 5261 qui
1619 5197 1927 5250 continens

268 5274 382 5337 est,
413 5276 542 5327 tum
574 5270 731 5325 illico
765 5269 857 5324 his
891 5267 1205 5323 alfectibus
1228 5284 1343 5322 non
1367 5271 1457 5322 est
1479 5268 1786 5322 immunis.
1823 5267 1924 5322 Ubi

270 5357 410 5399 vero
442 5344 487 5378 7°
515 5342 832 5399 accesserit
855 5339 1123 5409 habitus,
1152 5355 1268 5394 non
1292 5339 1418 5410 jam
1454 5343 1544 5395 est
1575 5338 1888 5394 continens
1914 5364 1928 5407 ;

351 5523 458 5594 5°§
502 5524 592 5576 24.
655 5523 696 5556 ιτ
746 5521 775 5593 Ξ
829 5521 901 5575 25
955 5525 1014 5575 et
1079 5525 1170 5578 26.
1248 5524 1292 5558 ιε
1345 5520 1551 5577 Matth.
1614 5536 1698 5585 ιη,
1760 5519 1845 5584 lt,
1915 5522 1936 5571 ι

376 5594 405 5656 ξ
460 5596 531 5650 28
579 5597 635 5649 et
687 5594 779 5647 29-
839 5593 883 5626 ⁶⁰
936 5594 1082 5656 §30.
1150 5597 1194 5631 ⁶¹
1261 5598 1287 5656 §
1342 5595 1430 5648 31.
1507 5592 1554 5626 ⁶²
1615 5590 1641 5656 §
1695 5592 1785 5651 32,
1842 5591 1932 5648 33.

2099 5520 2240 5573 Luc.
2304 5536 2388 5578 ιιι.
2452 5519 2536 5576 16.
2601 5519 2684 5569 17.
2764 5519 2809 5552 ‘9
2860 5519 2996 5570 Luc.
3059 5535 3161 5582 xn,
3229 5519 3314 5572 49.

2069 5591 2421 5656 .“§35.
2499 5589 2768 5654 “§36.
2845 5589 3108 5656 “§37.
3183 5590 3319 5656 “§

269 5595 317 5630 σο
376 5580 531 5663 s"28
579 5597 635 5649 et
687 5580 779 5647 29".
839 5593 883 5626 εο
936 5594 1082 5657 §30.
1150 5597 1194 5631 οι
1261 5598 1287 5661 §
1342 5595 1430 5648 31.
1507 5592 1554 5626 ω
1615 5590 1641 5662 §

2071 1764 2197 1819 dies
2229 1764 2343 1820 diei
2375 1769 2598 1820 eructet
2624 1765 2888 1833 verbum,
2922 1782 2987 1819 ac
3028 1764 3152 1835 quae
3177 1784 3290 1820 nox
3323 1767 3476 1822 nocti
3497 1764 3718 1823 scisti--

2071 1837 2209 1908 tiam
2245 1836 2484 1892 indicet.
2515 1838 2586 1908 At
2610 1837 2687 1891 ibi
2719 1837 2835 1891 duo
2867 1836 3152 1905 adjicit”.
3184 1839 3449 1908 Etprimo
3477 1839 3713 1908 quidem

2069 1907 2395 1976 diabolum,
2430 1909 2528 1978 qui
2565 1907 2884 1980 Dominum
2917 1913 3226 1963 venturum
3267 1907 3412 1964 esse
3453 1907 3710 1980 noverat,

2067 1995 2132 2051 ac
2164 1980 2482 2051 dazmones,
2507 1980 2605 2050 qui
2638 1979 3034 2045 Salomonem,
3068 1985 3381 2050 antequam
3425 1979 3712 2051 peccaret,

2064 2050 2381 2123 Dominum
2423 2067 2552 2105 esse
2585 2051 3044 2120 arbitrabantur,
3071 2068 3184 2106 non
3218 2053 3381 2123 prius
3409 2050 3713 2120 agnovisse

2063 2122 2882 2193 Christidivinitatem,quau1
2916 2122 3232 2178 amortuis’
3267 2124 3705 2183 resurrexisset.

2059 2193 2280 2249 Deinde
2313 2193 2409 2248 ille
2442 2210 2549 2248 nos
2579 2195 2857 2248 admonet
2879 2195 2950 2247 ab
2971 2194 3205 2250 Enocho
3227 2193 3438 2250 litteris
3461 2199 3706 2253 manda-

2059 2271 2186 2336 tum
2205 2267 2384 2320 fuisse
2404 2264 2672 2320 homines
2695 2266 2767 2319 ab
2783 2265 3006 2335 angelis
3024 2267 3562 2336 transgressoribus
3584 2286 3700 2325 non

2057 2335 2249 2392 solum
2281 2338 2682 2392 astrononiam
2713 2335 3224 2407 etdivinationcm,
3239 2339 3338 2394 sed
3357 2338 3696 2397 aliasetiam

2056 2413 2212 2464 artes
2243 2408 2539 2463 didicisse.

2128 2479 2474 2552 Pergitiipse
2503 2479 2568 2546 3°,
2593 2481 2649 2535 et
2670 2481 2956 2552 quartum
2985 2481 3250 2552 ejusdem
3294 2479 3510 2552 psalmi
3569 2497 3697 2537 ver-

2055 2567 2188 2606 sum
2211 2551 2610 2624 explanando,
2632 2551 2902 2606 observat
2927 2551 3129 2624 stellas
3151 2568 3280 2607 esse
3298 2551 3550 2624 corpora
3573 2555 3698 2624 spi-

2054 2622 2312 2690 ritualia’,
2348 2623 2566 2688 quibus
2597 2622 2680 2695 ita
2707 2639 2839 2695 cum
2872 2623 3146 2694 perfectis
3179 2623 3405 2695 angelis
3436 2622 3699 2680 commu-

2054 2695 2149 2750 nis
2177 2698 2268 2749 est
2301 2711 2494 2749 rerum
2529 2694 2980 2762 administratio,
3011 2699 3074 2748 ut
3105 2694 3299 2751 tamen
3354 2711 3469 2750 non
3521 2712 3700 2752 causa

2050 2782 2274 2831 earum,
2310 2767 2409 2820 sed
2441 2765 2561 2820 sint
2591 2770 2818 2819 tantum
2855 2765 3043 2837 signa.

2125 2839 2188 2892 In
2218 2837 2324 2892 hoc
2356 2842 2550 2892 autem
2583 2837 2701 2891 3'.”
2741 2836 3127 2907 subsequenti
3156 2853 3328 2892 versu
3353 2856 3373 2894 :
3403 2860 3432 2888 «
3464 2842 3526 2894 In
3575 2839 3697 2894 sole

2054 2907 2252 2989 posuit
2272 2908 2720 2989 tabernaculum
2744 2925 2942 2974 suum,
2967 2927 2992 2958 ι)
3010 2908 3144 2989 yult
3166 2924 3294 2989 esse
3313 2909 3695 2989 hyperbaton:

2053 2980 2135 3035 ita
2169 2984 2388 3053 utpost
2419 2986 2732 3050 sequentes
2761 2996 2963 3053 versus
2994 2980 3243 3035 debeant
3263 2980 3694 3053 itransponini

1970 3081 2012 3148 C
2051 3068 2185 3148 veiro
2209 3052 2290 3106 ait
2322 3052 2740 3134 Hermogenem
2771 3051 3231 3148 Opinatiimkess‘e
3253 3051 3608 3148 Salii/storem
3631 3054 3690 3109 in

2049 3122 2170 3177 sole
2203 3139 2376 3178 suum
2413 3125 2682 3194 posuisse
2712 3123 3242 3194 corpus.VSubinde
3269 3130 3464 3179 autem
3517 3125 3692 3179 inter-

2046 3195 2240 3264 posito
2265 3193 2519 3250 Pantaani
2540 3194 2900 3258 testimonio,
2919 3193 3093 3248 aliam
3111 3194 3211 3248 sed
3237 3195 3688 3258 obscuram,nec

2045 3265 2280 3320 omnino
2315 3282 2521 3321 sanam
2554 3266 2719 3319 affert
2749 3265 3090 3320 earumdem
3142 3265 3452 3321 verborum
3505 3269 3688 3322 inter-

2045 3337 2452 3406 pretationem.
2488 3337 2547 3390 Ei
2578 3352 2710 3390 vero
2743 3336 2980 3406 tertiam
3016 3336 3273 3405 ipse,sed
3291 3339 3552 3393 secunda
3571 3355 3685 3394 non

2043 3405 2232 3477 magis
2260 3412 2541 3479 veramiet
2570 3405 2912 3461 catholicam
2941 3407 3246 3479 subjungit
3267 3409 3330 3460 ⁸³.

2114 3479 2249 3533 Post
2278 3478 2401 3534 haec
2432 3478 2578 3533 alios
2607 3479 2873 3546 ejusdem
2918 3478 3127 3548 psalmi
3179 3478 3412 3544 versus,
3460 3479 3688 3536 scilicet

2040 3555 2332 3613 octavum,
2367 3549 3101 3622 decimum,duodecimum
3121 3555 3176 3604 et
3197 3552 3490 3606 decimum
3509 3569 3688 3622 quar-

2040 3627 2188 3687 tum,
2210 3620 2825 3692 prastermissistribus
2853 3621 3241 3686 intermediis,
3265 3620 3687 3678 breviteredis-

2040 3693 2199 3748 serit.
2233 3693 2447 3747 Cretera
2477 3708 2626 3757 vero,
2653 3709 2782 3763 quas
2834 3692 2929 3746 ille
2957 3699 3321 3764 prosecutus
3371 3695 3581 3764 fuerat,
3628 3695 3686 3750 in

2038 3765 2214 3837 editis
2245 3764 2494 3837 omnino,
2516 3765 2750 3832 desunt,
2780 3779 2886 3819 nec
2917 3763 3154 3820 aliunde
3177 3767 3474 3837 potuerint
3516 3763 3689 3822 resti-

2038 3836 2124 3891 tui
2147 3841 2204 3892 et
2232 3835 2521 3892 resarciri.

2602 3905 3009 3962 ARTICULUS
3040 3907 3110 3961 ΙῘ.

2035 3981 2111 4034 De
2139 3979 2304 4048 hujus
2351 3979 2609 4048 epitomes
2666 3977 2971 4049 horumque
2999 3986 3383 4049 excerptorum
3429 3989 3670 4037 auctore.

2107 3996 2304 4048 rnujus
2351 3996 2609 4048 epuomes
2666 3996 2863 4032 norum
2903 3996 2971 4032 ue
2999 3996 3383 4049 excerptorum
3429 3996 3670 4037 auctore.

2107 4051 2184 4106 Ex
2233 4051 2480 4120 hujusce
2536 4049 2730 4121 operis
2761 3996 3090 4121 anaiysi,et
3144 4051 3458 4121 utriusque
3517 4051 3681 4108 illius

2035 4123 2222 4192 partis
2251 4122 2424 4178 titulo
2452 4126 2700 4194 constat,
2741 4125 2798 4175 et
2817 4131 3012 4194 “extra
3041 4123 3496 4194 controversiam
3531 4125 3682 4194 pasi-

2035 4201 2161 4250 tum
2195 4211 2324 4249 esse
2355 4193 2684 4249 debetillud
2706 4192 2883 4264 variis
2901 4193 3230 4260 sententiis,
3255 4193 3420 4248 nullo
3438 4192 3680 4264 pro—reus

2035 4267 2238 4338 ordine
2265 4267 2536 4338 digestis,
2572 4281 2676 4320 nec
2709 4263 2821 4318 sibi
2869 4264 3133 4338 invicem
3168 4263 3450 4320 connexis
3473 4271 3530 4320 et
3579 4284 3675 4321 eo-

2037 4335 2415 4403 haerentibtis,
2451 4338 2628 4392 fuisse
2661 4339 3052 4406 compactum.
3088 4335 3255 4391 Unde
3282 4343 3502 4402 autem,
3534 4341 3590 4391 et
3610 4355 3678 4392 ex

2035 4409 2207 4491 cujus
2233 4409 2490 4491 auctoris
2518 4407 3036 4491 iucubrationibus
3075 4423 3145 4491 ea
3183 4409 3380 4491 omnia
3431 4409 3680 4491 hujusce

2035 4479 2323 4550 epitomes
2355 4479 2996 4550 scriptordecerpserit,
3022 4479 3676 4534 intereruditosnostra:

2038 4552 2222 4606 aetatis
2255 4552 2523 4607 homines
2552 4551 2933 4620 disceptatur.
2967 4551 3211 4614 Quidam
3262 4551 3419 4606 enim
3472 4556 3681 4622 putant

2038 4625 2427 4688 Theodotum,
2463 4623 2633 4692 cujus
2666 4637 2876 4694 nomen
2913 4623 3111 4694 primae
3145 4623 3321 4691 hujus
3339 4622 3678 4694 scriptionis

2040 4696 2186 4765 parti
2237 4696 2540 4765 pra‘ﬁxum
2575 4693 2811 4764 legitur,
2845 4693 3025 4748 fuisse
3057 4711 3120 4749 ex
3144 4693 3678 4751 Clementis’nostri

2038 4766 2413 4821 Alexandrini
2449 4765 2904 4837 praeceptoribus
2937 4782 3146 4830 unum,
3180 4782 3353 4835 quem
3390 4766 3486 4820 ille
3517 4767 3677 4821 Stro-

2037 4849 2249 4892 malum
2279 4835 2546 4893 initio'ex
2577 4835 2884 4891 Palaestina
2917 4838 3232 4892 oriundum
3268 4838 3448 4893 fuisse
3505 4843 3680 4893 teste-

2039 4916 2134 4964 tur
2162 4911 2226 4974 ει,
2264 4925 2330 4964 ac
2363 4910 2684 4977 ipsummct
2713 4907 3070 4964 Clementem
3104 4926 3172 4963 ex
3203 4909 3364 4963 illius
3413 4910 3679 4964 doctrina

2039 4981 2147 5050 hoc
2178 4981 2581 5048 composuisse
2613 4996 2782 5049 opus,
2817 4981 2969 5050 quod
3021 4980 3238 5035 idcirco
3286 4979 3679 5048 Ἀνατολικήν-

2042 5049 2394 5106 etamen-av
2428 5053 2674 5107 vocavit.
2705 5051 2814 5106 Sed
2836 5049 3151 5107 levissima
3168 5069 3311 5108 sane
3331 5059 3422 5108 est
3453 5071 3519 5108 ae
3569 5053 3680 5108 mi-

2041 5125 2180 5179 nimi
2219 5125 2500 5179 momenti
2533 5123 2737 5178 horum
2763 5128 3068 5178 auctorum
3101 5125 3458 5193 conjectura.
3507 5125 3678 5180 Nullo

2039 5197 2334 5267 siquidem
2365 5199 2730 5266 argumento,
2765 5194 3044 5265 nullaque
3071 5196 3296 5250 ratione
3325 5212 3454 5250 eam
3489 5197 3681 5252 hacte-

2042 5287 2152 5349 nu_s_
2193 5274 2531 5349 probavere,
2565 5281 2750 5349 neque
2779 5267 3042 5349 prehare.
3073 5283 3334 5349 unquam
3386 5271 3679 5349 poterant.

2108 5337 2222 5395 Nos
2253 5339 2490 5411 quidem
2527 5355 2640 5393 non
2674 5337 2824 5409 fugit
2851 5338 3215 5394 Theodotum
3249 5355 3364 5394 non
3389 5337 3589 5394 isemel
3620 5339 3680 5393 in

2099 5520 2240 5573 Luc.
2304 5536 2388 5578 ιιι.
2452 5519 2536 5576 16.
2601 5517 2684 5569 17.
2764 5517 2809 5552 ‘9
2860 5517 2996 5570 Luc.
3059 5535 3161 5582 xn,
3229 5518 3314 5572 49.
3392 5517 3438 5551 ⁵ο
3514 5519 3540 5584 §
3593 5517 3684 5571 27.

3392 5589 3460 5643 38
3489 5594 3548 5644 et
3595 5589 3683 5642 39.

265 5667 310 5701 "
361 5652 527 5732 δ’ίιο·
605 5664 828 5730 ’θυοδ
886 5652 977 5728 4έέ
1035 5671 1146 5722 θίο·
1223 5652 1330 5730 "'16
1382 5666 1470 5720 45-
1548 5652 1684 5729 ⁷νὲ
1743 5663 1827 5715 46.
1907 5661 2193 5732 "Wet
2245 5652 2330 5714 4'8-
2409 5660 2524 5732 ηδ
2578 5652 2657 5712 εἰ).
2700 5660 2790 5732 is
2838 5663 2864 5727 ξ
3087 5661 3130 5695 τε
3187 5664 3214 5728 §
3274 5652 3367 5715 5'1.
3445 5661 3544 5727 τες
3593 5661 3683 5713 5-2.

269 5730 577 5808 71_is§53.
657 5735 882 5808 19§54.
961 5735 1006 5770 so
1031 5738 1060 5811 ἓ
1089 5739 1164 5792 55
1194 5743 1252 5794 et
1285 5738 1375 5793 56.
1451 5736 1571 5789 δι’-ιε
1605 5733 1776 5806 ἓδῖη
1852 5731 1942 5804 es

2144 5732 2189 5766 “
2217 5733 2430 5788 Strom.
2463 5730 2502 5786 l.
2536 5747 2577 5800 ι,
2610 5747 2668 5802 p.
2693 5730 2818 5786 274.
