4006 6200
283 339 390 396 541

1592 339 2040 396 STROMATUM
2076 340 2208 394 LIB.
2251 336 2370 395 νιι.

3581 342 3690 400 542

283 468 375 526 τὸς
401 463 525 533 ᾖτά
553 464 871 540 γνωσθέντα
898 469 1110 519 ποιεῖν·
1151 460 1275 520 οὕτε
1317 462 1405 518 καὶ
1456 462 1657 538 κρίνειν
1700 463 1764 518 τὸ
1813 459 1901 518 δέο

2048 465 2118 521 ad
2133 465 2402 539 magistri
2415 463 2759 539 imaginem,
2783 465 2938 523 Deus
2954 465 3014 522 in
3030 481 3204 524 carne
3217 471 3508 525 versatur.
3525 473 3690 527 Hanc

276 554 499 626 ἴσχξιων,
533 551 833 625 ἄμεμπτον
881 554 1072 608 ἑαυτὸν
1130 552 1457 628 παράσχοιτ’
1484 552 1543 607 ἂν
1579 552 1629 607 έν
1685 557 1801 614 τοῖς
1848 550 1930 626 ἔρα

260 661 377 714 τοις
423 642 757 712 ἐξασθενῶν.
786 642 1139 707 Ἀκολούθως
1165 643 1346 698 τοίνυν
1380 641 1477 697 δύο
1515 647 1594 715 τῷ
1639 643 1782 718 γένει
1840 642 1929 697 καὶ

251 728 493 784 παιδεῖαι
541 729 948 806 παραδίδονται
998 732 1304 809 πρόσφοροι
1354 731 1579 806 ἑκατέρᾳ
1620 736 1728 786 τῶν
1762 733 1930 805 ἀμαρ-

247 825 379 874 τιῶν
418 842 430 854 ·
466 823 540 893 τῇ
581 822 681 893 μὲν
715 823 752 890 ἡ
786 821 991 897 γνῶσίς
1021 843 1079 876 τε
1109 822 1199 876 καὶ
1229 823 1266 891 ἡ
1295 827 1396 891 τῆς
1445 821 1504 876 ἐκ
1542 822 1648 876 τῶν
1700 825 1928 898 Γραφῶν

254 910 562 985 μαρτυρίας
597 909 839 985 ἐναργὴς
873 915 980 983 (20)
1013 909 1310 981 ἀπόδειξις.
1340 915 1410 984 τῇ
1443 908 1500 966 δὲ
1549 913 1583 980 ἡ
1637 911 1775 966 κατὰ
1824 910 1928 965 Λό-

247 1019 342 1072 γον
405 995 673 1068 ἄσκησις,
707 999 770 1054 ἐκ
817 1000 1051 1061 πίστεώς
1097 1021 1155 1055 τε
1203 1001 1290 1055 καὶ
1337 996 1516 1077 φόϐου
1541 997 1926 1075 παιδαγωγου-

251 1087 412 1160 μὲνη,
451 1090 672 1164 Ἀμαρω
729 1086 774 1142 δ’
806 1089 881 1150 εἷς
911 1091 1011 1159 τὴν
1064 1087 1273 1144 τελείαν
1323 1088 1535 1164 ἀγάπην
1567 1088 1879 1159 συναύξουσι
1909 1108 1923 1122 ⁸

248 1176 411 1238 τέλος
448 1179 559 1252 γὰρ
593 1178 754 1251 οἶμαι
785 1183 883 1232 τοῦ
913 1183 1218 1254 γνωπικοῦ
1246 1179 1307 1233 τό
1336 1200 1397 1255 γε
1425 1179 1651 1234 ἐνταῦθα
1699 1176 1878 1234 διττόν
1910 1198 1924 1214 ο

245 1265 438 1340 ἐφ’ὦν
494 1268 620 1339 μὲν,
655 1270 690 1336 ἡ
743 1267 947 1343 Θεωρία
992 1271 1028 1338 ἡ
1078 1267 1505 1342 ἐπιστημονική,
1547 1268 1629 1346 ἐφ’
1664 1269 1734 1322 ὧν
1786 1266 1843 1322 δὲ
1888 1271 1922 1338 ἡ

247 1360 475 1428 πρὶξις.
513 1356 623 1426 Εἶη
661 1358 758 1430 μὲν
791 1356 882 1410 οὗν
910 1356 1000 1411 καί
1043 1357 1237 1412 τούσδε
1290 1357 1418 1419 τοὺς
1466 1356 1772 1433 αἱρετικοὺς
1825 1378 1926 1413 κα-

246 1444 638 1518 ταμαθόντας,
670 1445 730 1500 ἐκ
757 1443 930 1502 τῶνδε
953 1451 1060 1501 τῶν
1108 1449 1516 1520 ὑπομνημάτων
1550 1451 1924 1522 σωφρονισθῆ-

243 1534 335 1586 ναί
388 1554 450 1587 τε
503 1533 600 1588 καὶ
650 1534 968 1609 ἐπιστρέψαι
1023 1535 1112 1590 ἐπὶ
1165 1537 1258 1591 τὸν
1287 1535 1698 1612 παντοκράτορα
1756 1533 1920 1592 Θεόνί

244 1623 296 1676 εἰ
365 1620 426 1677 δὲ
472 1624 720 1697 καθάπερ
773 1626 824 1678 οἱ
872 1625 1050 1702 κωφοὶ
1084 1628 1195 1698 (21)
1228 1630 1333 1681 τῶν
1367 1621 1567 1703 ὄφεων,
1597 1630 1694 1680 τοῦ
1722 1630 1922 1687 καινῶς

248 1713 348 1783 μὲν
385 1712 725 1787 λεγομένου,
753 1713 1119 1789 ἀρχαιοτάτου
1151 1713 1228 1785 δὲ,
1272 1717 1348 1787 μή
1382 1715 1620 1769 έπαΐοιεν
1652 1712 1920 1787 ᾅσματος,

2037 572 2174 628 ergo
2205 555 2581 612 altitudinem
2614 555 2855 612 minime
2885 560 3304 629 assequentur,
3327 557 3428 629 qui
3450 575 3566 615 non
3598 575 3688 617 se-

2037 649 2300 718 quuntur
2318 651 2502 702 Deum
2527 661 2625 702 eos
2650 645 2960 701 ducentem
2985 665 2999 714 ;
3024 647 3188 702 ducit
3208 650 3400 703 autem
3422 662 3526 719 per
3543 649 3694 704 Scri-

2037 740 2242 807 pturas
2257 735 2538 791 divinitus
2557 734 2898 806 inspiratus.
2913 738 2981 790 Et
3001 751 3135 791 cum
3152 734 3272 791 sint
3291 735 3690 792 innumerabi-

2035 823 2260 896 lisque:
2283 824 2514 880 ﬁuntah
2528 823 3038 895 hominibus,sunt
3060 823 3265 896 utique
3286 826 3402 881 duo
3425 826 3688 897 cujusvis

2036 913 2255 986 peccati
2270 913 2576 986 principia,
2592 913 2880 985 ignoratio
2892 917 2947 969 et
2970 912 3344 970 imbecillitas
3358 918 3470 971 :est
3489 923 3683 971 autem

2033 1012 2096 1076 ›ι‹
2126 1008 2443 1074 utrumque
2472 1003 2528 1057 in
2563 1007 2765 1058 nostra
2794 1005 3105 1074 potestate,
3129 1019 3266 1058 cum
3297 1020 3401 1059 nec
3433 1004 3684 1062 velimus

2034 1095 2278 1158 discere,
2311 1109 2416 1148 nec
2446 1091 2830 1163 cupiditatem
2860 1091 3177 1148 continere.
3211 1092 3292 1147 Ex
3322 1091 3418 1148 his
3459 1098 3680 1162 autem,

2035 1198 2217 1238 unum
2249 1181 2429 1237 efﬁcit
2451 1186 2514 1237 ut
2541 1198 2654 1237 non
2685 1179 3139 1250 rectejudicent,
3167 1180 3417 1237 alterum
3442 1198 3594 1249 vero,
3618 1187 3685 1239 ut

2035 1288 2149 1327 non
2183 1271 2414 1343 possint
2441 1269 2680 1341 exsequi
2712 1268 2814 1342 qui
2837 1272 2990 1324 recte
3013 1268 3458 1340 suntjudicata.
3482 1270 3681 1342 Neque

2032 1361 2190 1416 enim
2221 1361 2276 1416 ai
2321 1359 2456 1431 quis
2506 1359 2684 1415 fuerit
2741 1359 3020 1430 deceptus
3071 1358 3131 1414 in
3181 1361 3497 1428 sententia,
3525 1363 3679 1417 recte

2031 1464 2201 1522 agere
2233 1450 2464 1520 poterit,
2493 1449 2666 1504 etiam
2699 1447 2749 1504 si
2780 1448 2859 1503 sit
2887 1448 3032 1504 satis
3081 1451 3289 1520 potens
3337 1453 3403 1504 ut
3449 1453 3584 1522 agat
3611 1465 3681 1506 ea

2031 1556 2160 1612 qua
2203 1539 2425 1594 fuerint
2471 1538 2745 1610 cognita:
2780 1553 2972 1608 neque
3031 1537 3133 1608 qui
3193 1541 3383 1609 potest
3412 1537 3468 1593 id
3522 1539 3679 1610 quod

2030 1633 2258 1701 oportet
2267 1628 2558 1700 judicare,
2583 1644 2646 1683 se
2666 1628 2740 1683 ab
2761 1627 2921 1683 omni
2944 1626 3398 1699 reprehensione
3419 1627 3679 1684 alienum

2031 1718 2334 1791 praebebit,
2366 1718 2413 1772 si
2444 1719 2513 1772 ad
2548 1733 2640 1773 res
2670 1717 2958 1788 gerendas
3013 1716 3090 1771 sit
3120 1715 3436 1787 impotens.
3466 1717 3682 1773 Conse-

240 1799 604 1865 παιδευθεῖεν
656 1801 748 1857 οῦν
800 1805 935 1879 πρὸς
981 1809 1084 1858 τοῦ
1113 1808 1266 1872 Θεοῦ,
1297 1804 1393 1866 τὰς
1424 1805 1531 1880 πρὸ
1558 1810 1659 1874 τῆς
1695 1804 1905 1877 κρίσεως

2030 1815 2278 1880 quenter
2306 1822 2440 1876 ergo
2471 1807 2599 1861 dum
2641 1819 2877 1877 quoque
2925 1820 3138 1876 genere
3186 1804 3510 1876 disciplina
3559 1810 3678 1861 tra-

241 1892 521 1962 πατρῴας
577 1893 855 1955 νουθεσίας
920 1893 1306 1967 ὑπομένοντες,
1337 1893 1443 1949 ἔστ’
1489 1892 1551 1948 ἂν
1600 1913 1923 1968 καταισχυνο

246 1981 436 2043 θὲιτες
500 1985 931 2053 μετανοήσωσιν,
992 1982 1138 2038 ἀλλά
1191 1985 1265 2056 μή
1350 1982 1428 2046 εἷς
1497 1985 1598 2052 τὴν
1677 1983 1918 2053 παντελῆ

242 2074 519 2144 φέροντες
581 2071 804 2134 ἑαυτοὺς
862 2070 951 2127 διὰ
1005 2080 1106 2142 τῆς
1152 2072 1395 2143 ἀπηνοῦς
1426 2073 1703 2135 ἀπειθείας
1759 2067 1924 2145 ἐμϐά-

241 2159 400 2213 λοιεν
469 2160 696 2233 κρίσινί
733 2163 973 2217 Γίνονται
1030 2163 1133 2238 γὰρ
1181 2162 1270 2217 καὶ
1327 2163 1542 2239 μερικαί
1601 2183 1740 2224 τινες
1796 2184 1923 2217 παι-

247 2247 430 2320 δεῖαι,
463 2250 528 2310 ἃς
561 2250 812 2312 κολάσεις
843 2251 1223 2325 ὀνομάζουσιν,
1256 2252 1328 2314 εἷς
1359 2253 1420 2314 ἃς
1463 2255 1624 2325 ἡμῶν
1671 2253 1723 2306 οἱ
1780 2251 1922 2308 πολ-

250 2338 352 2393 λῠὶ
417 2343 537 2392 τῶν
594 2339 649 2393 ἐν
703 2344 1100 2415 παραπτώματι
1159 2341 1465 2416 γενομένων
1525 2342 1586 2397 έκ
1638 2346 1736 2396 τοῦ
1784 2340 1920 2397 λαοῦ

246 2433 357 2482 τοῦ
411 2433 688 2500 κυριακοῦ
735 2429 1233 2494 κατολισθαίνοντες
1281 2431 1714 2508 περιπίπτουσιν.
1764 2430 1922 2488 Ἀλλ’

251 2518 333 2578 ὡς
397 2519 547 2590 πρὸς
606 2523 703 2572 τοῦ
757 2516 1148 2590 διδασκάλουῆ
1190 2525 1286 2576 τοῦ
1340 2522 1544 2596 πατρὸς
1605 2523 1658 2576 οἱ
1710 2519 1920 2591 παῖδες,

249 2605 446 2669 οὸτως
475 2608 644 2677 ἡμεῖς
673 2609 807 2682 πρὸς
835 2616 935 2678 τῆς
983 2611 1250 2686 Προνοίας
1293 2609 1658 2683 κολαζόμεθά.
1691 2611 1820 2673 Θεὸς
1867 2608 1924 2666 δὲ

245 2695 312 2748 οὗ
360 2700 707 2766 τιμωρεῖται
743 2700 857 2771 (22)
893 2716 906 2728 ·
941 2694 1052 2754 ἔστι
1097 2701 1202 2775 γάρ
1249 2702 1284 2770 ἡ
1333 2700 1577 2775 τιμωρία
1616 2705 1788 2756 κακοῦ
1835 2701 1922 2755 ἀνα

243 2782 568 2846 ταπόδοσις
604 2806 618 2817 ⁸
678 2785 895 2856 κολάζει
968 2789 1150 2861 μέντοι
1206 2791 1340 2864 πρὸς
1390 2791 1453 2844 τὸ
1503 2792 1780 2865 χρήσιμον
1829 2790 1916 2845 καὶ

241 2879 417 2948 κοινῇ
455 2875 548 2928 καὶ
585 2873 696 2946 ἰδίᾳ
722 2881 838 2939 τοῖς
865 2876 1278 2950 κολαζομένοις.
1311 2879 1476 2934 Ταυτὶ
1530 2880 1623 2952 μὲν
1682 2879 1915 2954 ἀποτρέ-

244 2967 344 3036 ψαι
424 2964 772 3038 βουλόμενος
827 2973 926 3035 τῆς
984 2967 1060 3030 εἷς
1109 2970 1206 3032 τὰς
1261 2968 1490 3044 αἱρέσεις
1541 2969 1916 3042 εὖεμπτωσίας

244 3054 384 3114 τοὺς
425 3051 901 3128 φιλομαθοῦντας,
932 3056 1244 3131 παρεθέμην
1280 3075 1292 3088 °
1315 3057 1442 3121 τοὺς
1490 3056 1547 3113 δὲ
1591 3065 1691 3128 τῆς
1724 3059 1917 3115 ἐπιπο-

243 3142 567 3213 λαζοῦσης,
620 3142 724 3198 εἴτε
773 3145 1003 3218 ἀμαθίας
1051 3145 1155 3201 ε’ίτε
1211 3142 1562 3224 ἀϐελτηρίας,
1599 3147 1702 3203 ε’ίτε
1747 3168 1914 3223 καχε-

338 3207 356 3212 -
500 3207 510 3213 .
554 3207 564 3212 -
815 3207 822 3218 ,
1403 3207 1434 3224 ..
1528 3207 1560 3217 -ι
1823 3207 1861 3223 η

243 3235 395 3305 ξεας,
437 3234 541 3297 εἶθ’
572 3233 608 3288 ὅ
633 3257 686 3290 τι
746 3233 950 3307 δήποτε
992 3240 1105 3313 χρή
1158 3237 1344 3294 καλεῖν
1386 3238 1574 3310 αὐτὴν,
1610 3242 1917 3296 ἀποπαῦσαι
1947 3207 1992 3276 C

244 3323 640 3400 γλιχόμενος,
677 3332 992 3398 μεταπεῖσαι
1024 3324 1081 3381 δὲ
1124 3329 1210 3382 καὶ
1258 3335 1618 3404 προσαγαγεῖν
1662 3333 1731 3404 τῇ
1780 3330 1918 3401 ἀλη-

247 3414 398 3483 θείᾳ,
435 3414 571 3475 τούς
634 3436 694 3489 γε
751 3417 827 3487 μὴ
879 3418 1216 3471 παντάπασιν
1279 3417 1546 3487 ἀνιάτους,
1603 3418 1916 3496 ἐπιχειρῶν,

245 3500 453 3556 τοῖσδε
510 3505 937 3577 συνεχρησάμην
982 3509 1098 3566 τοῖς
1149 3503 1352 3577 λόγοις.
1387 3505 1510 3562 Εἰσὶ
1557 3508 1658 3584 γὰρ
1711 3510 1762 3563 οἳ
1795 3505 1921 3564 οὐδὲ

251 3592 564 3667 ἀνέχονται
615 3593 716 3660 τήν
775 3591 952 3668 ἀρχὴν
1009 3592 1301 3649 ἐπακοῦσαι
1342 3599 1448 3650 τῶν
1480 3595 1617 3672 πρὸς
1647 3598 1747 3667 τήν
1777 3597 1920 3668 ἀλή-

249 3695 410 3745 θεια-δ
463 3680 917 3757 προτρεπόντων,
963 3684 1050 3736 καὶ
1100 3681 1167 3753 δὴ
1229 3683 1488 3762 φλυαρεῖν
1553 3685 1917 3762 ἐπιχειροῦσι,

254 3771 488 3846 βλασς-εὴ
503 3790 644 3841 μους
688 3776 788 3838 τῆς
839 3767 1098 3841 ἀληθείας
1144 3774 1502 3846 καταχέοντες
1547 3773 1766 3850 λόγους,
1797 3776 1918 3853 σφί-

253 3879 334 3911 σιν
374 3858 572 3918 αὐτοῖς
604 3861 670 3912 τὰ
703 3860 933 3933 μέγιστα
975 3864 1081 3914 τῶν
1135 3857 1304 3916 ὄντων
1355 3861 1644 3936 ἐγνωκέναι
1696 3884 1922 3939 συμχω-

249 3953 508 4022 ροῦντες,
543 3946 613 4000 οὗ
659 3946 941 4018 μαθόντες,
974 3948 1037 4003 ού
1088 3952 1433 4020 ζητήσαντες,
1468 3950 1529 4005 ού
1574 3953 1916 4023 πονέσαντες,

247 4037 361 4112 οὐχ
421 4036 685 4111 εὑρόντες
741 4039 842 4106 τὴν
889 4036 1212 4094 ἀκολουθίαν
1243 4058 1257 4074 ο
1292 4038 1384 4102 οὓς
1413 4038 1683 4110 ἐλεήσειεν
1727 4039 1786 4096 ἅν
1835 4065 1918 4106 τις

247 4129 280 4197 ἦ
319 4129 619 4200 μισήσειεν
651 4130 752 4192 τῆς
782 4127 1040 4198 τοιαύτης
1072 4127 1430 4207 διαστροφῆς.
1458 4129 1524 4187 Εἴ
1556 4128 1612 4186 δέ
1653 4153 1735 4194 τις
1778 4132 1916 4188 ἰάσι-

250 4239 358 4289 μος
412 4216 705 4290 τυγχάνει,
755 4217 930 4292 φέρειν
984 4215 1279 4291 δυνάμενος
1334 4219 1410 4282 ὡς
1468 4224 1574 4294 πῦρ
1624 4219 1912 4298 ῆσίδηρον

242 4315 347 4376 τῆς
411 4306 681 4376 ἀληθείας
731 4307 830 4374 τὴν
877 4306 1203 4383 παρρησίαν,
1236 4308 1666 4382 ἀποτέμνουσαν.
1726 4313 1915 4369 καίου-

247 4419 343 4451 cra
397 4398 498 4456 τὰς
549 4391 771 4467 ψευδεῖς
830 4393 989 4466 δόξας
1044 4396 1240 4468 αὐτῶν,
1276 4398 1524 4475 ὑπεχέτω
1547 4400 1614 4454 τὰ
1644 4398 1756 4456 ὦτα
1812 4410 1913 4473 τῆς

245 4490 464 4561 ᾠδῆς,
499 4486 699 4540 Ἔσται
733 4481 790 4538 δὲ
825 4489 1007 4553 τοῦτο,
1043 4485 1130 4540 ἐὰν
1186 4487 1286 4560 μή,
1318 4487 1575 4563 ῥᾳθυμεῖν
1627 4488 1912 4566 ἐπειγόμε-

245 4597 352 4643 νοι,
390 4570 818 4635 ἀποδιωθῶνται
855 4574 951 4643 τήν
999 4573 1278 4646 ἀλήθειαν,
1313 4576 1370 4646 ἢ,
1405 4574 1564 4647 δόξης
1613 4578 1906 4654 ὀριγνώμε-
1937 4579 1985 4646 D

247 4667 743 4735 νσι,καινοτομεῖιδ
797 4663 1088 4737 βιάζωνται
1124 4684 1137 4696 '
1191 4665 1490 4738 ῥᾳθυμοῦσι
1547 4673 1641 4741 μὲν
1683 4672 1782 4745 γὰρ
1832 4673 1904 4741 οἱ,

243 4756 422 4825 παρὸν
473 4753 577 4812 τὰς
632 4749 837 4814 οἰκείας
886 4757 1002 4814 ταῖς
1033 4750 1201 4816 θείαις
1235 4759 1467 4831 Γραφαῖς
1489 4753 1541 4826 ἐξ
1572 4755 1748 4814 αὐτῶν
1795 4765 1904 4814 τῶν

245 4846 478 4916 Γραοξῶν
514 4839 831 4914 πορίζεσθαι
882 4837 1202 4910 ἀποδείξεις,
1231 4841 1295 4896 τὸ
1340 4845 1592 4918 παράπαν
1643 4850 1733 4901 καὶ
1785 4854 1904 4911 ταῖς

247 4928 476 4997 ἡδοναῖς
519 4927 702 4982 αὐτῶν
750 4927 1170 5002 συναιρούμενον
1219 4928 1595 5006 ἐκλεγόμενοι.
1631 4935 1801 5010 Δόξης
1849 4935 1906 4993 δὲ

317 5107 384 5166 ιιι
413 5106 478 5161 Ρ.
499 5105 613 5159 895
641 5103 756 5159 ΕΙ).
793 5103 1081 5174 POTTER,
1102 5105 1208 5160 762
1239 5108 1352 5161 ΕΙ).
1374 5107 1598 5164 PARIS.

465 5260 761 5348 ’ξ-ιαρηςς.
795 5259 943 5315 Flor.
974 5257 1224 5336 ἐνεργής,
1259 5280 1587 5335 perperam.
1614 5267 1903 5325 SYLB.M8.

247 5343 432 5390 Paris.
446 5379 460 5398 ,
494 5343 746 5405 ἑνεργῆς.

317 5409 433 5472 (21)
467 5401 785 5478 Oijmtpoi.
841 5403 994 5478 Psal.
1035 5420 1202 5478 tvm,
1253 5406 1307 5478 5,
1354 5407 1657 5478 δεγθυμὸς
1713 5408 1901 5471 αὐτοῖς

239 5479 381 5530 κατὰ
403 5469 818 5558 τὴνβμοίωσιν
840 5477 973 5558 ’τοῦ
1013 5469 1229 5558 βφεωέ,
1261 5469 1388 5530 ὡσεὶ
1447 5469 1674 5540 ἀσπίδος
1707 5469 1898 5558 κωφῆς

239 5549 335 5603 καὶ
403 5545 648 5621 βυούσης
704 5547 773 5600 τά
827 5545 940 5599 ὦτα
965 5545 1134 5621 αὐτῆς
1168 5567 1179 5578 ·
1210 5546 1332 5615 ἥτις
1384 5548 1482 5603 οὐκ
1527 5545 1899 5607 εἲσακούσέτάι

243 5617 439 5706 φωνπῷ
474 5617 810 5690 ἱπαδόντων,
841 5619 1126 5695 φαρμάκου
1156 5639 1213 5674 τε
1243 5624 1734 5698 φαρμακευομένου
1755 5625 1902 5700 παρά

243 5712 443 5770 πφου.

2035 1898 2258 1952 duntur
2287 1896 2520 1967 utrique
2551 1900 2788 1968 peccato
2820 1893 3031 1950 utiles:
3066 1893 3150 1949 illi
3182 1892 3442 1965 quidem,
3476 1893 3675 1966 cogni-

2033 1987 2140 2055 tio,
2163 1991 2221 2043 et
2249 2004 2318 2043 ex
2339 1987 2782 2058 Scripturarum
2809 1983 3149 2040 testimonio
3173 1983 3411 2038 evidens
3435 1983 3682 2039 demon-

2035 2076 2278 2145 stratio;
2320 2076 2458 2132 huic
2533 2091 2690 2145 vero,
2741 2089 2870 2145 quas
2949 2077 3040 2128 est
3101 2073 3428 2129 secundum
3488 2072 3678 2144 Logon

2033 2165 2392 2231 exercitatio,
2425 2181 2542 2237 qua
2572 2179 2675 2235 per
2706 2163 2882 2218 fidem
2913 2166 2970 2219 et
2999 2161 3271 2218 timorem
3316 2160 3675 2218 instituitur.

2033 2258 2316 2311 Crescunt
2345 2258 2543 2310 autem
2573 2251 2744 2309 ambo
2773 2250 2950 2308 simul
2984 2251 3041 2306 in
3076 2251 3390 2322 perfectam
3423 2249 3677 2306 charita-

2036 2349 2174 2402 tem.
2208 2342 2471 2401 Gnostici
2523 2343 2682 2398 enim
2738 2345 2828 2398 est
2885 2341 2980 2396 hic
3012 2340 3274 2412 quidem,
3305 2344 3370 2395 ut
3399 2340 3675 2408 arbitror,

2041 2435 2256 2509 duplex
2278 2434 2442 2490 ﬁnis:
2467 2434 2526 2488 in
2548 2431 2846 2503 aliquibus
2866 2429 3130 2502 quidem,
3152 2428 3588 2501 comtemplatio
3607 2444 3678 2485 ex

2037 2525 2326 2592 scientia;
2357 2525 2416 2579 in
2449 2522 2582 2578 aliis
2608 2537 2769 2588 vero,
2800 2519 2972 2576 actio.
3003 2520 3082 2574 Ac
3128 2519 3356 2574 utinam
3404 2517 3527 2574 ﬁeri
3560 2533 3672 2590 po-

2032 2615 2230 2682 tuerit,
2265 2618 2330 2668 ut
2367 2613 2427 2667 hi
2482 2609 2762 2680 haeretici,
2795 2609 2846 2666 si
2908 2623 3037 2680 qua
3090 2607 3152 2663 in
3211 2607 3305 2663 his
3359 2607 3676 2662 traduntur

2032 2701 2472 2762 commentariis
2526 2699 2872 2766 dedicerint,
2898 2697 3290 2769 corrigantur,
3321 2703 3381 2752 et
3431 2711 3674 2752 conver-

2029 2797 2234 2851 tantur
2253 2793 2326 2849 ad
2348 2792 2533 2848 Deum
2555 2788 3044 2860 omnipotentem:
3063 2785 3152 2842 sin
3171 2789 3369 2841 autem
3390 2788 3671 2854 tanquam

2029 2884 2195 2940 surdi
2225 2885 2528 2954 serpentes
2551 2879 2730 2951 (quod
2761 2893 2903 2933 nove
2930 2875 3166 2946 quidem
3198 2873 3432 2937 dicitur,
3452 2877 3542 2929 est
3561 2890 3671 2928 au-

2026 2977 2145 3029 tem
2178 2967 2709 3044 antiquissimum),
2741 2983 2857 3023 non
2909 2964 3229 3021 exaudiant
3283 2961 3602 3030 canticum,
3637 2977 3670 3017 a

2028 3068 2142 3118 Deo
2169 3065 2323 3117 certe
2353 3059 2737 3132 castigentur,
2768 3058 3042 3128 paternas
3074 3051 3506 3110 admonitiones
3537 3067 3670 3124 quas

2029 3156 2164 3208 ante
2195 3149 2489 3221 judicium
2532 3147 2690 3203 'ﬂunt
2736 3145 3026 3218 patienter
3076 3142 3455 3208 sustinentes,
3487 3142 3670 3198 donec

2029 3243 2253 3315 pudore
2286 3237 2477 3295 atl‘ecti
2499 3239 2792 3293 ducantur
2812 3233 3182 3306 pmnitentia:
3210 3248 3328 3288 non
3353 3235 3548 3288 autem
3571 3247 3672 3302 per

2030 3331 2350 3386 immanem
2381 3324 2844 3383 inobedientiam
2874 3322 3102 3394 seipsos
3131 3321 3401 3393 injiciant
3430 3321 3489 3376 in
3536 3337 3672 3393 per-

2029 3419 2251 3476 fectum
2302 3415 2634 3488 judicium!
2694 3414 2845 3469 Sunt
2899 3411 3056 3468 enim
3088 3411 3360 3482 quaedam
3383 3408 3672 3483 partiales

2028 3506 2352 3580 disciplinis
2376 3521 2525 3578 quas
2544 3507 2756 3560 vocant
2775 3500 3216 3574 castigationes,
3241 3500 3300 3555 in
3324 3515 3472 3572 quas
3493 3497 3668 3555 multi

2027 3613 2096 3654 ex
2128 3597 2348 3653 nostris
2370 3595 2472 3667 qui
2503 3595 2562 3649 in
2593 3592 2806 3648 delicto
2838 3591 3100 3658 fuerunt,
3122 3605 3191 3644 ex
3219 3588 3435 3660 populo
3465 3586 3670 3645 Domi-

2027 3686 2159 3740 nico
2189 3683 2517 3740 dilabentes
2549 3678 2841 3736 incidunt.
2872 3681 3089 3734 Verum
3139 3677 3290 3732 sicut
3321 3693 3354 3731 a
3385 3676 3670 3748 magistro

2025 3774 2113 3830 vel
2146 3778 2308 3845 patre
2337 3771 2525 3844 pueri,
2559 3769 2641 3825 ita
2685 3784 2792 3824 nos
2831 3768 3192 3840 castigamur
3220 3783 3254 3822 a
3283 3767 3439 3822 824
3471 3763 3666 3821 Provi-

2027 3861 2245 3918 dentia.
2279 3861 2436 3918 Deus
2466 3862 2660 3916 autem
2690 3874 2806 3913 non
2839 3856 3010 3928 punit
3057 3857 3171 3929 (est
3216 3856 3374 3911 enim
3417 3853 3667 3927 punitio,

2028 3951 2166 4008 mali
2197 3949 2490 4022 redditio),
2522 3947 2775 4019 castigat
2821 3949 3017 4002 autem
3069 3949 3127 4002 et
3169 3943 3562 4001 communiter
3613 3947 3668 3999 et

2024 4041 2298 4116 privatim
2328 4040 2401 4096 ad
2432 4038 2744 4094 utilitatem
2775 4050 2976 4092 eorum
3007 4034 3109 4107 qui
3155 4035 3502 4106 puniuntur.
3535 4039 3668 4090 Haec

2025 4131 2262 4205 quidem
2293 4128 2530 4198 adduxi,
2559 4126 2772 4200 partim
2805 4126 2963 4198 quod
2984 4125 3189 4182 vellem
3212 4123 3511 4180 adhortari
3543 4127 3666 4180 stu—

2025 4223 2224 4278 diosos
2254 4234 2326 4275 ne
2374 4217 2542 4274 facile
2590 4215 2975 4289 prolabantur
3021 4215 3082 4270 in
3131 4213 3421 4282 haereses;
3457 4212 3666 4285 partim

2022 4316 2217 4369 autem
2251 4313 2318 4366 ut
2333 4311 2406 4367 ab
2425 4309 2534 4364 hac
2564 4324 2692 4379 quae
2715 4304 2986 4363 consistit
3016 4303 3075 4360 in
3099 4301 3409 4375 superﬁcie
3429 4302 3546 4358 sive
3575 4301 3668 4356 in-

2023 4401 2213 4471 scitia,
2242 4399 2365 4456 sive
2423 4396 2696 4464 stultitia,
2731 4394 2852 4451 sive
2910 4391 3067 4448 mala
3123 4390 3494 4458 habitudine,
3543 4389 3666 4445 sive

2022 4503 2372 4564 quocunque
2402 4485 2515 4542 alio
2546 4483 2786 4540 nomine
2813 4497 2942 4538 eam
2969 4495 3174 4536 vocare
3203 4482 3486 4550 oporteat,
3514 4478 3664 4534 deei-

2017 4582 2197 4644 stant,
2229 4577 2458 4633 efﬁcere
2487 4573 2772 4646 cupiens;
2808 4569 3018 4642 partim
3071 4583 3323 4639 quoque,
3357 4569 3422 4622 ut
3474 4583 3508 4622 a
3538 4566 3663 4638 pri-

2019 4667 2176 4724 stina
2213 4663 2504 4722 sententia
2545 4662 2916 4730 deducerem,
2949 4657 3298 4714 adducerem
3341 4659 3538 4712 autem
3587 4657 3660 4713 ad

2017 4756 2324 4814 veritatem
2357 4768 2454 4810 eos
2485 4751 2586 4823 qui
2609 4767 2726 4806 non
2750 4751 2889 4804 sunt
2911 4745 3150 4803 omnino
3173 4745 3660 4815 immedicabiles,

2017 4862 2163 4903 usus
2180 4860 2312 4901 sum
2339 4841 2434 4898 his
2454 4838 2847 4897 sermonibus.
2867 4837 3016 4893 Sunt
3034 4835 3190 4892 enim
3210 4835 3312 4908 qui
3333 4850 3403 4892 ne
3421 4834 3660 4908 quidem

2013 4937 2074 4993 in
2106 4935 2370 4992 animum
2401 4931 2692 4988 inducunt
2721 4926 2923 4984 audire
2968 4942 3068 4983 eos
3115 4924 3216 4998 qui
3247 4925 3560 4984 hortantur
3585 4927 3656 4984 ad

2089 5266 2202 5338 (22)
2233 5262 2361 5338 Θεὸς
2391 5259 2448 5316 δὲ
2480 5259 2541 5315 οὐ
2570 5259 2640 5318 τ’.
2666 5261 2838 5338 Favet
2878 5257 3150 5338 Clemens
3204 5258 3304 5338 isti
3353 5261 3659 5338 sententiae

2017 5331 2221 5409 (quam
2255 5337 2629 5392 vehementer
2657 5331 2962 5409 amplexus
3001 5336 3090 5388 est
3127 5335 3329 5409 postea
3359 5331 3659 5409 origenes)

2012 5402 2142 5481 quae
2193 5424 2425 5464 omnem
2486 5421 2720 5481 pcenam
2757 5402 2846 5461 vel
2891 5402 3315 5481 ἐπανορβῷσεως
3345 5402 3654 5481 νρίξπαραὲ

2012 5426 2142 5481 quae
2193 5424 2425 5464 omnem
2486 5423 2720 5477 puellam
2757 5423 2846 5461 V01
2891 5423 3315 5529 επανοϐυωσεως
3345 5423 3429 5458 νει
3481 5423 3651 5476 παρα-

2011 5478 2312 5557 δείγματος.
2336 5495 2516 5557 causa
2545 5475 3006 5557 inﬂictam‘vult.
3092 5475 3344 5557 ide_pag.
3377 5475 3503 5544 668,
3523 5477 3651 5543 745,

2007 5549 2150 5609 edit.
2187 5553 2394 5618 Paris.,
2429 5551 2567 5607 licet
2596 5566 2735 5622 pag._
2755 5549 2862 5604 536
2891 5554 3106 5622 certam
3130 5549 3306 5622 etiam
3342 5563 3523 5617 pains:
3555 5563 3647 5603 ra-

2007 5625 2230 5684 tionem
2266 5617 2566 5698 agnoscat.
2596 5617 2906 5695 ὶιμώρήσιν
2941 5618 3177 5676 dictam.
3212 5618 3450 5675 Low'rn.
