4006 6200
418 359 520 414 551

1630 352 2041 412 CLEMENTIS
2079 350 2597 409 ALEXANDRINI.

3714 365 3817 420 552

419 485 664 537 cantem.
697 482 832 546 Quae
863 496 994 534 cum
1020 479 1099 535 ita
1129 480 1407 547 habeant,
1441 480 1664 536 clarum
1688 485 1779 536 est
1814 497 1882 535 ex
1913 479 2046 534 anti'

2179 474 2398 540 ἡλικίαν
2448 475 2756 547 γενόμενος,
2789 477 2865 539 ὡς
2906 473 3216 550 πρεσϐύτης
3259 479 3544 556 νεωτέροις
3601 491 3819 562 συνεγὲ-

419 569 709 641 quissima
738 575 795 624 et
824 569 1130 625 verissima
1159 569 1438 634 Ecclesia,
1471 569 1577 624 has
1601 570 1976 636 recentiores,
2011 575 2068 622 et

419 676 544 730 quae
577 658 670 713 his
703 664 844 712 sunt
870 658 1061 713 adhuc
1105 657 1414 713 inferiores
1445 664 1728 728 tempore,
1761 658 1942 712 fuisse
1974 658 2067 710 in-

416 752 680 815 novatae,
713 745 1050 802 adulterina:
1073 751 1222 802 note
1252 746 1524 803 haereses.
1552 746 1628 801 Ex
1659 747 1732 802 iis
1763 763 1890 818 quas
1913 745 2069 800 dicta

415 841 554 891 sunt
583 835 962 891 manifestum
992 851 1122 890 esse
1177 835 1470 902 existimo,
1503 851 1681 890 unam
1710 851 1839 890 esse
1867 849 2065 888 veram

415 924 755 995 Ecclesium,
786 939 915 980 eam
947 941 1076 996 quae
1108 940 1238 978 vere
1269 931 1357 980 est
1373 925 1640 995 antiqua,
1675 925 1732 979 in
1765 923 1936 994 cujus
1971 938 2066 977 ca-

421 1015 680 1085 talogum
735 1016 1075 1068 releruntur
1103 1013 1138 1066 ii
1173 1013 1271 1082 qui
1319 1019 1459 1068 sunt
1481 1013 1626 1082 justi
1655 1029 1723 1067 ex
1745 1011 2062 1083 proposito.

415 1102 561 1158 Nam
592 1119 725 1158 cum
759 1119 914 1157 unus
965 1101 1043 1156 sit
1092 1102 1248 1157 Deus
1278 1109 1336 1158 et
1383 1119 1538 1158 unus
1593 1103 1894 1168 Dominus,
1937 1116 2059 1169 pro~

413 1197 611 1264 pterea
639 1192 697 1247 id
731 1192 906 1248 etiam
939 1192 1098 1262 quod
1131 1197 1219 1246 est
1250 1207 1481 1246 summe
1531 1190 1877 1256 venerabile,
1909 1200 1962 1244 et
1994 1205 2063 1245 ex

413 1297 478 1336 eo
511 1282 666 1353 quod
700 1282 778 1336 sit
808 1280 1051 1335 unicum
1083 1279 1375 1345 laudatur,
1421 1287 1482 1335 ut
1511 1281 1666 1350 quod
1704 1280 1782 1334 sit
1811 1279 2061 1334 imitatio

413 1371 685 1441 principii
719 1370 873 1442 quod
927 1374 1018 1423 est
1047 1385 1250 1423 unum.
1308 1370 1372 1422 In
1422 1369 1600 1424 unius
1650 1386 1787 1440 ergo
1839 1376 2061 1424 natura:

413 1463 629 1514 sortem
660 1460 968 1528 cooptatur
995 1455 1263 1511 Ecclesia
1303 1472 1430 1526 qua:
1461 1461 1548 1510 est
1580 1473 1720 1519 una,
1752 1471 1929 1524 quam
1961 1470 2060 1509 co-

410 1552 627 1602 nantur
646 1545 898 1600 haereses
931 1545 990 1598 in
1021 1543 1236 1598 multas
1260 1543 1610 1598 discindere.
1636 1552 1698 1616 ιχ(
1721 1544 1783 1598 Et
1806 1542 2061 1598 essentia

403 1652 539 1706 ergo
570 1641 628 1691 et
658 1633 938 1706 Opinione
971 1636 1029 1686 et
1064 1633 1352 1704 principio
1383 1638 1442 1687 et
1470 1631 1835 1689 excellentia.
1870 1631 2053 1686 solam

409 1740 538 1779 esse
568 1723 844 1791 dicimus,
887 1724 1188 1792 antiquam
1233 1729 1292 1776 et
1322 1721 1666 1776 catholicam
1717 1720 2056 1785 Ecclesiam,

2176 581 2294 616 νετο
2329 581 2340 593 ·
2396 566 2511 634 μεθ’
2568 565 2624 618 ὃν
2688 565 2877 638 Σίμων
2935 565 3019 620 ἐπ’
3071 566 3255 644 ὀλίγον
3308 571 3676 642 κηρύσσοντος
3730 583 3820 633 τοῦ

2178 649 2382 724 Πέτρου
2443 652 2749 723 ὑπήκουσεν
2806 658 2938 727 (33).
2973 661 3064 711 Ὧν
3127 659 3298 720 οὕτως
3360 657 3624 735 ἐχόντων,
3685 687 3818 738 συμ-

2177 740 2339 811 φανὲς
2391 740 2450 794 ἐκ
2494 748 2592 810 τῆς
2656 745 3084 818 προγενεστάτης
3135 747 3224 800 καὶ
3277 745 3651 822 ἀληθεστάτης
3703 756 3820 811 Ἐκ-

2174 829 2426 898 κλησίας,
2484 830 2580 891 τὰς
2659 833 3102 907 μεταγενεστέρας
3173 837 3371 899 ταύτας
3447 838 3536 892 καί
3594 842 3688 903 τὰς
3747 841 3819 903 ἔτι

2173 919 2378 972 τούτων
2442 915 2842 990 ὑποϐεϐηκυίας
2916 915 3022 993 “rip.
3075 926 3259 1000 χρόνῳ
3331 935 3820 1002 κεκαινοτομῆσθαι

2174 1007 2690 1082 παραχαραχθείσας
2741 1010 2995 1081 αἱρέσεις,
3050 1013 3143 1068 Ἐκ
3194 1019 3301 1068 τῶν
3362 1015 3664 1090 εἰρημένων
3718 1018 3819 1094 ἄρα

2175 1097 2401 1170 φανερὸν
2456 1097 2610 1169 οἶμαι
2660 1105 3005 1171 γεγενῆσθαι,
3067 1123 3192 1172 μιαν
3254 1103 3388 1157 εἶναι
3459 1107 3556 1172 τὴν
3629 1107 3813 1179 ἀληθῆ

2175 1184 2524 1254 Ἐκκλησίαν,
2557 1187 2655 1254 τήν
2715 1188 2794 1258 τῷ
2850 1183 2962 1242 ὄντι
3020 1189 3275 1265 ἀρχαίαν,
3336 1192 3412 1256 εἷς
3453 1196 3517 1262 ἣν
3577 1196 3629 1248 οἱ
3680 1198 3817 1252 κατᾶ

2172 1273 2423 1346 πρόθεσιν
2481 1271 2679 1328 δίκαιοι
2738 1275 3190 1352 ἐκγαταλέγονται
3225 1298 3237 1310 ’
3293 1280 3408 1344 ἑνὸς
3476 1283 3579 1357 γὰρ
3657 1281 3813 1347 ὄντος

2168 1366 2264 1416 τοῦ
2287 1367 2420 1416 Θεοῦ
2450 1363 2537 1417 καὶ
2571 1363 2684 1425 ἑνὸς
2714 1369 2810 1418 τοῦ
2839 1367 3063 1440 Κυρίου,
3099 1364 3188 1421 διὰ
3215 1372 3376 1423 τοῦτο
3425 1371 3512 1423 καὶ
3543 1373 3604 1426 τὸ
3637 1373 3818 1446 ἄκρως

2168 1450 2348 1523 τίμιον
2387 1453 2521 1505 κατὰ
2567 1453 2666 1520 τήν
2719 1452 2956 1524 μόνωσιν
3012 1454 3330 1522 ἐπαινεῖται,
3367 1457 3594 1530 μίμημα
3627 1462 3685 1514 ὃν
3722 1463 3813 1536 ἀρ-

2168 1546 2278 1613 χῆς
2334 1547 2435 1608 τῆς
2488 1547 2628 1612 μιᾶς.
2668 1543 2750 1614 Τῇ
2805 1546 2936 1615 γοῦν
2963 1548 3058 1596 τοῦ
3092 1544 3208 1606 ἑνὸς
3238 1545 3390 1621 φύσει
3415 1546 3819 1622 συγκληροῦται

2168 1628 2468 1698 Ἐκκλησία
2499 1632 2532 1698 ἡ
2569 1630 2684 1702 μία,
2717 1631 2777 1698 ἢν
2829 1631 2905 1694 εἷς
2955 1631 3170 1694 πολλὰς
3219 1634 3567 1706 κατατέμνειν
3607 1637 3820 1706 βιάζον-

2163 1738 2250 1771 ται
2307 1719 2556 1792 αἱρέσεις.
2591 1721 2740 1775 Κατά
2794 1741 2852 1773 τε
2906 1720 2996 1775 οὖν
3047 1723 3338 1776 ὑπόστασιν
3395 1725 3528 1779 κατά
3573 1747 3636 1781 τε
3697 1727 3812 1782 ἐπί-

409 1811 468 1866 in
503 1811 786 1866 unitatem
817 1811 992 1865 unius
1025 1809 1159 1865 ﬁdei
1216 1826 1344 1880 quae
1375 1815 1464 1864 est
1494 1825 1562 1865 ex
1611 1809 1862 1880 propriis
1888 1815 2046 1863 testa-

2164 1825 2338 1876 νοιαν,
2369 1805 2503 1859 κατά
2547 1826 2607 1859 τε
2665 1807 2868 1880 ἀρχὴν,
2901 1809 3036 1862 κατά
3081 1829 3141 1862 τε
3188 1807 3410 1884 ἐξοχὴν,
3448 1812 3618 1884 μόνην
3679 1815 3814 1869 εἶναι

2283 1894 2296 1904 ι
2428 1895 2438 1904 ι
2539 1893 2549 1904 ο
2685 1895 2694 1904 ι
2819 1897 2861 1904 ι...
2885 1899 2895 1904 -
2912 1899 2919 1904 ι
3046 1896 3056 1904 ι
3185 1899 3200 1904 -
3355 1901 3365 1904 -
3458 1883 3507 1904 ει.
3593 1899 3605 1904 -

413 1900 647 1968 mentis,
680 1899 767 1954 vel
814 1897 1010 1969 potius
1043 1914 1111 1953 ex
1162 1903 1513 1953 testamento
1563 1899 1717 1969 quod
1749 1902 1840 1953 est
1875 1914 2056 1952 unum

408 1988 654 2044 diversis
685 1987 1068 2058 temporibus,
1113 1986 1174 2042 in
1231 1987 1445 2058 quibus
1475 1986 1574 2042 Dei
1624 1987 1922 2042 voluntate
1954 2001 2059 2057 per

407 2093 592 2132 unum
637 2075 957 2132 Dominum
986 2079 1300 2146 congregat
1343 2091 1438 2130 eos
1468 2074 1570 2146 qui
1610 2085 1747 2130 sunt
1777 2075 2053 2142 ordinati,

406 2182 557 2238 quos
592 2165 1024 2236 praedestinavit
1051 2165 1229 2230 Deus,
1281 2180 1416 2218 cum
1447 2179 1546 2219 eos
1587 2165 1786 2233 justos
1826 2163 2055 2218 futuros

406 2256 776 2325 cognovisset
807 2258 940 2310 ante
972 2253 1177 2308 mundi
1221 2251 1721 2308 constitutionem.
1769 2252 2053 2307 Caeterum

406 2342 674 2398 Ecclesiae
711 2359 944 2414 quoque
976 2341 1318 2409 eminentia,
1355 2341 1505 2397 sicut
1536 2341 1888 2412 principium
1917 2358 2053 2396 con-

405 2431 736 2501 strutionis,
769 2436 860 2487 est
893 2447 961 2486 ex
993 2430 1238 2500 unitate,
1289 2431 1489 2486 omnia
1519 2429 1629 2485 alia
1662 2447 1972 2500 superans,
2001 2436 2058 2484 et

407 2518 554 2574 nihil
587 2519 813 2575 habens
863 2518 977 2574 sibi
1008 2517 1202 2573 simile
1250 2517 1338 2574 vel
1387 2519 1627 2589 aequale.
1670 2520 1858 2589 Atque
1882 2519 1953 2573 de
1983 2518 2057 2572 iis

405 2608 642 2676 quidem
675 2608 900 2662 dicetur
931 2613 1152 2678 postea.
1211 2608 1291 2661 Ex
1322 2607 1642 2662 haeresibus
1687 2614 1886 2663 autem
1929 2607 2055 2661 alia;

403 2697 639 2766 quidem
685 2695 1058 2768 appellantur
1087 2712 1153 2751 ex
1196 2695 1454 2766 nomine,
1489 2701 1553 2751 ut
1582 2713 1708 2767 quae
1753 2695 2055 2767 appellata:

402 2789 543 2840 sunt
575 2802 609 2841 a
631 2784 944 2841 Valentino
973 2790 1030 2841 et
1080 2784 1368 2842 Marcione
1397 2791 1454 2840 et
1502 2785 1775 2852 Basilide,
1825 2785 2056 2840 etiamsi

402 2873 725 2945 glorientur
773 2891 835 2930 se
891 2873 1145 2930 Matthiae
1191 2875 1527 2946 opinionem
1577 2875 1908 2928 adducere:
1946 2874 2056 2928 fuit

405 2963 562 3018 enim
603 2980 720 3018 una
749 2965 1016 3018 omnium
1045 2963 1445 3034 apostolorum
1479 2963 1633 3018 sicut
1664 2964 1947 3030 doctrina,
1973 2964 2054 3019 ita

403 3052 580 3107 etiam
610 3052 887 3120 traditio;
931 3051 1054 3108 aliae
1107 3057 1303 3108 autem
1355 3068 1422 3106 ex
1453 3050 1599 3123 loco,
1651 3057 1714 3107 ut
1761 3052 2050 3121 Peratici;

400 3140 524 3195 alia:
568 3146 766 3196 autem
816 3157 884 3196 ex
913 3146 1106 3212 gente,
1159 3146 1224 3196 ut
1273 3139 1570 3212 Phrygum
1612 3141 1890 3210 haeresis;
1925 3141 2049 3197 aliae

2165 1894 2336 1970 φαμὲν
2380 1895 2480 1963 τὴν
2527 1893 2761 1970 ἀρχαίαν
2812 1897 2925 1968 (54)
2972 1896 3060 1950 καὶ
3108 1883 3408 1967 καθολικὴν
3457 1883 3816 1972 Ἐκκλησίαν,

2166 1983 2242 2044 εἷς
2290 1981 2516 2052 ἑνότητα
2565 1983 2794 2045 πίστεως
2844 1989 2972 2056 μιᾶς
3021 1992 3118 2054 τῆς
3147 1987 3284 2041 κατὰ
3312 1989 3406 2049 τὰς
3436 1987 3639 2052 οἰκείας
3692 1989 3814 2046 δια-

2166 2073 2355 2141 Οήκας,
2392 2068 2607 2143 μᾶλλον
2640 2068 2697 2126 δὲ
2735 2072 2870 2126 κατά
2911 2073 3010 2140 τὴν
3063 2070 3329 2144 διαθήκην
3374 2078 3474 2145 τήν
3529 2079 3652 2150 μίαν
3690 2076 3816 2134 δια-

2164 2161 2352 2237 φόροις
2383 2166 2500 2222 τοῖς
2531 2160 2753 2234 χρόνοις
2785 2161 2903 2222 ἑνὸς
2927 2165 3042 2234 (55)
3072 2167 3167 2216 τοῦ
3198 2168 3331 2218 Θεοῦ
3368 2170 3447 2236 τῷ
3498 2166 3814 2240 βουλήματι

2166 2246 2234 2302 δι’
2285 2249 2401 2310 ἑνὸς
2470 2253 2565 2303 τοῦ
2611 2249 2817 2324 Κυρίου
2868 2249 3192 2325 συνάγουσαν
3239 2251 3366 2315 τοὺς
3421 2252 3530 2325 ἤδη
3583 2277 3812 2311 κατατε-

2160 2338 2483 2413 ταγμένους,
2518 2337 2610 2401 οὓς
2665 2339 2968 2414 προώρισεν
3025 2341 3052 2394 ὁ
3111 2340 3259 2411 Θεὸς,
3317 2338 3559 2406 δικαίους
3615 2344 3810 2418 ἐσομέ-

2162 2449 2287 2491 νους
2329 2429 2433 2499 πρὸ
2482 2421 2796 2496 καταϐολῆς
2843 2429 3054 2500 κόσμου
3093 2427 3370 2504 ἐγνωκώς.
3405 2431 3580 2488 Ἀλλά
3635 2434 3730 2488 καὶ
3778 2437 3813 2503 ἡ

2164 2515 2331 2591 ἐξοχὴ
2375 2523 2474 2584 τῆς
2517 2517 2868 2586 Ἐκκλησίας,
2899 2520 3136 2590 καθάπερ
3186 2520 3220 2588 ἡ
3271 2521 3416 2594 ἀρχὴ
3466 2524 3565 2588 τῆς
3618 2523 3816 2577 συστά-

2165 2627 2322 2674 σεως,
2353 2609 2488 2660 κατὰ
2543 2605 2640 2673 τὴν
2698 2603 2904 2678 μονάδα
2949 2605 3078 2674 ἐστὶ,
3112 2611 3283 2662 πάντα
3341 2609 3408 2662 τὰ
3453 2607 3597 2665 ἄλλα
3644 2612 3813 2686 ὑπερ-

2165 2691 2464 2762 ϐάλλουσα,
2507 2693 2595 2749 καὶ
2657 2691 2824 2767 μηδὲν
2867 2693 3070 2770 ἔχουσα
3125 2697 3318 2768 ὅμοιον
3364 2699 3398 2767 ἢ
3445 2697 3556 2753 ἴσον
3617 2701 3812 2774 ἑαυτῇ.

2161 2785 2321 2840 Ταυτὶ
2374 2785 2467 2856 μὲν
2519 2781 2609 2838 οὖν
2663 2793 2749 2838 καί
2794 2782 2869 2845 εἲς
2924 2783 3143 2854 ὕστερον
3181 2804 3193 2815 ·
3227 2790 3332 2839 τῶν
3385 2783 3432 2840 δ’
3462 2788 3723 2859 αἱρέσεων
3759 2791 3812 2843 αἱ

2167 2875 2260 2946 μὲν
2310 2873 2415 2927 ἀπὸ
2465 2871 2732 2944 ὀνόματος
2780 2872 3294 2947 προσαγορεύονται,
3328 2875 3402 2934 ὡς
3434 2878 3468 2943 ἡ
3504 2875 3607 2929 ἀπὸ
3657 2876 3814 2933 Οὐα-

2163 2959 2407 3015 λεντίνου
2472 2960 2560 3013 καὶ
2631 2959 2949 3034 Μαρκίωνος
3006 2960 3093 3014 καὶ
3156 2959 3502 3032 Βασιλείδου,
3557 2961 3652 3017 κᾶν
3706 2967 3812 3034 τὴν

2162 3049 2402 3104 Ματθίου
2469 3047 2682 3124 αὐχῶσι
2750 3049 3110 3123 προσάγεσθαι
3183 3046 3384 3118 δόξαν·
3449 3050 3542 3123 μία
3608 3053 3713 3126 γὰρ
3774 3054 3810 3121 ἡ

2161 3142 2376 3194 πάντων
2429 3137 2613 3214 γέγονε
2677 3142 2781 3191 τῶν
2851 3135 3175 3192 ἀποστόλων
3233 3137 3413 3211 ὥσπερ
3463 3137 3812 3209 διδασκαλία,

399 3234 595 3284 autem
635 3246 702 3284 ex
750 3228 1104 3301 operatione,
1160 3235 1224 3284 ut
1266 3229 1733 3284 Encratitarum:
1786 3229 1915 3286 aliae
1946 3248 2046 3286 au-

2165 3231 2307 3286 οὖτω
2356 3227 2412 3282 δὲ
2455 3228 2544 3281 καὶ
2594 3230 2628 3296 ἡ
2657 3223 2954 3300 παράδοσις
2985 3229 3135 3298 (56)·
3168 3228 3223 3280 αἱ
3254 3224 3311 3282 δὲ
3359 3228 3462 3282 ἀπὸ
3506 3228 3701 3298 τόπου,
3737 3230 3814 3290 ὡς

396 3321 512 3372 tem
543 3335 609 3373 ex
645 3319 874 3390 proprie
905 3318 1301 3390 dogmatibus,
1360 3323 1424 3373 ut
1453 3317 1791 3373 Docitarum
1830 3325 1887 3375 et
1925 3323 2050 3375 Hse-

611 3553 675 3617 ›χ‹
706 3544 765 3599 Ρ.
797 3545 923 3614 900,
951 3543 1065 3599 ΕΙ).
1096 3543 1403 3611 POTTER,
1437 3545 1540 3599 767
1575 3544 1686 3600 ED.
1720 3545 1947 3604 PABIS.

395 3769 552 3826 hunc
584 3791 612 3820 κ
644 3769 798 3826 idem
838 3768 1028 3825 valere
1079 3772 1254 3839 atque
1287 3790 1315 3818 «
1349 3769 1688 3841 ante‘bunc.
1724 3791 1752 3819 ››
1782 3770 1810 3825 ‘I
1839 3769 2039 3841 Neque

388 3843 544 3897 enim
595 3842 795 3897 Simon
846 3844 1050 3912 Magus
1101 3838 1390 3911 posterior
1422 3838 1534 3894 fuit
1566 3839 1878 3897 Marcione.
1914 3838 2036 3898 lino

393 3915 491 3968 diu
525 3918 659 3967 ante
689 3913 1044 3968 Marcionem
1073 3912 1233 3980 vixit,
1269 3916 1334 3967 ut
1363 3913 1516 3966 inter
1544 3928 1748 3968 omnes
1780 3919 2029 3969 constat.

390 3985 496 4038 Sed
529 3984 808 4038 nimirum
843 3983 1110 4054 Clemens
1133 3999 1266 4037 cum
1296 4000 1328 4038 a
1350 3983 1869 4054 propinquioribus
1894 3985 2035 4039 inci-

393 4057 606 4127 piens,
627 4055 1027 4127 haareticorum
1052 4053 1331 4127 Aindicem
1353 4053 1367 4054 ί
1395 4053 1630 4125 ιθὶιοιιθῖ,
1665 4056 1886 4127 primos
1935 4073 2036 4110 nuo

394 4124 638 4181 nieravit
669 4125 771 4198 qui
813 4132 979 4180 erant
1009 4124 1223 4198 ultimi,
1257 4130 1314 4180 et
1356 4124 1721 4198 postremum
1769 4127 2036 4182 omnium

392 4198 589 4269 posuit
615 4196 938 4266 Simonem,
972 4196 1070 4268 qui
1105 4211 1304 4269 revera
1342 4201 1466 4250 erat
1496 4197 1760 4269 omnium
1787 4199 2035 4268 primus.

391 4267 608 4324 Eodem
664 4285 898 4340 quoque
947 4267 1120 4340 modo
1176 4267 1559 4340 locutns_est_
1593 4267 1818 4340 Simeon
1861 4272 2038 4324 Meta-

391 4343 661 4412 pbrastes
681 4337 751 4412 in
779 4337 939 4396 Actis
969 4339 1261 4412 passionis
1293 4337 1466 4404 Petri,
1492 4337 1871 4412 Alexandrini
1909 4341 2036 4412 epi-

390 4409 574 4483 scopi,
611 4411 708 4466 ubi
752 4409 1058 4467 Petrus—in
1114 4425 1346 4466 carcere
1380 4409 1924 4483 positusAAchillam
1948 4409 2039 4483 'et

390 4478 791 4538 Alexandrum
841 4483 924 4538 ita
973 4483 1186 4537 affatur
1217 4499 1230 4537 :
1260 4478 1586 4551 Μεμνῆσθαι
1627 4478 1682 4534 δὲ
1729 4479 1895 4534 καλὸν
1947 4480 2036 4534 καὶ

390 4551 761 4625 τοῦᾏλεγάλου
793 4551 1097 4625 Διονυσίου,
1131 4551 1190 4625 ὃς
1219 4549 1360 4625 τῇδε
1393 4553 1901 4625 κακεξσεπεριιὼν,
1935 4557 2036 4625 Σα-

395 4619 622 4679 ϐελλίου
675 4624 928 4697 μάλιστα,
955 4619 1272 4697 ἐπιθεμένου
1319 4623 1408 4677 καὶ
1467 4619 1653 4697 πολλὰ
1697 4619 1896 4697 τοῦτον
1940 4621 2036 4697 λυ-

392 4699 648 4769 ποῦντυς,
676 4693 832 4769 οὕτω
881 4695 975 4749 τὸν
1012 4693 1194 4769 πάντα
1214 4701 1312 4764 τῆς
1350 4699 1495 4769 ζωῆς
1522 4693 1685 4769 αὐτοῦ
1714 4695 1916 4769 χρόνον
1950 4693 2040 4750 διὰ

394 4767 625 4840 Χοιστὸν
653 4765 1003 4840 στενούμενος
1038 4764 1305 4840 διετέλεσε
1339 4785 1350 4797 ·
1384 4765 1472 4840 καὶ
1533 4764 1836 4840 μετ’μαῦῖτὸν
1868 4768 2038 4840 Ἡρα-

391 4837 528 4899 κλᾶς
575 4859 635 4893 τε
683 4834 1140 4912 καξῨᾸημήτριος
1189 4838 1240 4892 οἱ
1285 4834 1542 4912 μακάριοι
1583 4834 1893 4909 ἐπίσκοποι,
1924 4834 2034 4896 etc.
2069 4846 2114 4912 Β

392 4912 600 4983 Vides,
630 4915 695 4965 ut
754 4911 1199 4983 Metaphrastes,
1228 4911 1560 4983 seu_po_tius
1587 4915 1746 4983 actor
1804 4927 1871 4966 ex
1919 4927 2036 4983 quo

393 4982 820 5065 Metaphrastes
853 4981 971 5037 hinc
1004 4981 1813 5065 acta-descripsitgeraclam
1837 4998 1903 5039 ac
1923 4981 2033 5038 De-

394 5051 666 5110 metrium
700 5053 1000 5134 episcopos
1033 5053 1114 5134 ait
1143 5053 1325 5108 fuisse
1355 5051 1484 5134 post
1507 5051 2034 5134 Dionysium-auos

390 5133 586 5181 tamen
639 5129 868 5196 constat
917 5125 1375 5196 praedecessores
1409 5124 1587 5179 fuisse
1618 5124 1896 5196 Dionysii.
1925 5125 2032 5180 Sed

389 5204 446 5252 et
470 5195 832 5276 geographia
862 5194 1439 5276 sciriplores,quoties
1470 5199 1754 5276 terrarum
1773 5194 1954 5276 situm
1979 5201 2036 5251 et

389 5266 740 5340 populorum
781 5266 1020 5340 nomine
1065 5266 1425 5340 describunt,
1456 5268 1661 5340 eodem
1709 5266 2036 5340 loquuntur

392 5335 585 5394 hiodo.
620 5338 819 5393 Dicunt
855 5337 1010 5392 enim
1050 5337 1183 5407 μετὰ
1209 5335 1438 5398 τούτους
1471 5336 1601 5390 εἰσὶν
1637 5335 2032 5402 ἐκεῖνοι.ρυοά

388 5412 542 5467 idem
576 5409 725 5464 valet
755 5425 818 5464 ac
843 5430 870 5457 «
893 5425 1074 5480 supra
1102 5409 1207 5464 hos
1240 5409 1333 5463 siti
1369 5414 1506 5464 sunt
1527 5409 1692 5464 isti.»
1713 5411 2034 5466 Pearsonus

388 5484 509 5538 loco
561 5481 735 5536 citato
784 5481 905 5534 haec
953 5480 1172 5536 infert:
1209 5503 1237 5530 «
1271 5481 1474 5537 Utrum
1523 5481 1758 5537 Henrici
1816 5481 2033 5537 Valesii

387 5553 672 5624 expositio
704 5551 836 5624 ferri
871 5552 1057 5622 possit
1079 5552 1349 5622 judicent
1378 5551 1744 5624 eruditi.Ego
1777 5558 2033 5624 mentem

387 5623 696 5680 Clementis
729 5623 811 5678 ita
842 5630 993 5678 recte
1023 5624 1265 5703 exprimi
1289 5639 1463 5749 posse
1487 5623 1704 5678 sentio:
1728 5646 1754 5673 «
1778 5623 1939 5687 Quod
1962 5624 2034 5678 ad

389 5693 748 5749 Marcionem
793 5694 948 5748 enim
1009 5697 1234 5749 attinet.
1268 5694 1286 5748 i
1315 5694 1367 5749 le
1417 5693 1652 5749 quidem
1687 5694 1798 5749 sub
1829 5695 2033 5749 eodem

389 5693 748 5753 Marcionem
793 5694 948 5748 enim
1009 5693 1234 5757 attinet,
1268 5693 1367 5750 ille
1417 5693 1652 5763 quidem
1687 5694 1798 5750 sub
1829 5695 2033 5750 eodem

387 5765 633 5840 imperio
664 5765 905 5840 Adriani
935 5763 1098 5832 vixit,
1132 5766 1243 5822 sub
1273 5781 1389 5838 quo
1422 5763 1706 5840 Basilides
1725 5770 1793 5840 et
1821 5765 2033 5840 Valen-

387 5834 586 5912 tinus;
617 5837 723 5899 sed
753 5852 889 5898 cum
918 5850 1098 5896 senex
1121 5834 1446 5908 esset,‘cum
1469 5834 1584 5893 illis
1606 5835 1708 5910 qui
1724 5836 1818 5894 his
1839 5837 2036 5910 junio-

2163 3322 2212 3375 οἱ
2247 3316 2532 3392 Περατικοί
2565 3319 2674 3389 (57)
2709 3334 2721 3347 ·
2752 3317 2806 3368 αἱ
2839 3312 2896 3369 δὲ
2927 3315 3034 3369 ἀπὸ
3063 3313 3264 3384 ἔθνους,
3295 3317 3368 3377 ὡς
3418 3319 3451 3386 ἡ
3496 3323 3605 3371 τῶν
3655 3323 3815 3391 Φρυ-

2147 3784 2258 3836 res,
2295 3767 2664 3832 recentiores,
2697 3782 2799 3822 seu
2836 3765 3186 3838 posteriores
3218 3769 3376 3838 sunt,
3411 3771 3800 3838 conversatu

2147 3835 2248 3896 est
2289 3840 2592 3894 luereticis.
2633 3860 2653 3888 ι
2717 3835 2854 3894 νοί
2892 3838 3047 3893 enim
3091 3835 3379 3909 νεωτέροις
3427 3855 3554 3893 cum
3606 3836 3805 3900 αὐτοῖς

2147 3910 2420 3981 conjungi
2453 3927 2564 3965 non
2595 3909 2784 3978 debet,
2806 3911 2972 3980 quasi
3006 3909 3132 3980 ipso
3157 3909 3448 3966 Marcione
3482 3909 3561 3964 illi
3585 3911 3797 3981 junio-

2146 3999 2239 4038 res
2270 3980 2740 4054 autposteriores
2771 3981 3021 4054 fuerint:
3059 3997 3270 4036 sensus
3301 3982 3492 4054 omnis
3519 3983 3675 4054 vocis
3698 3980 3796 4036 αὐ-

2143 4059 2260 4113 τοῖς
2295 4049 2543 4108 rel‘értur
2573 4054 2643 4108 ad
2686 4049 2852 4120 αὐτήν
2883 4058 2937 4107 et
2969 4053 3023 4106 in
3057 4069 3194 4107 voce
3223 4051 3514 4125 γενόμενος
3543 4053 3796 4122 linitur;

2147 4125 2430 4197 νεωτέροις
2455 4141 2588 4180 cum
2623 4125 2931 4197 συνεγένετο
2963 4128 3119 4197 arcte
3163 4125 3540 4197 conjungitur
3569 4140 3798 4197 eosque

2147 4195 2403 4258 denotat,
2439 4213 2571 4251 cum
2608 4195 2822 4266 quibus
2856 4195 3107 4251 Marcion
3143 4195 3425 4266 tanquam
3459 4195 3798 4266 discipulus

2147 4273 2529 4324 conversatus
2559 4273 2668 4333 est,
2703 4284 2736 4321 a
2765 4268 3133 4339 quibussuae
3156 4267 3470 4339 haereseos
3501 4267 3801 4339 principia

2148 4337 3003 4410 qumdamrmutuatusrestqui
3034 4337 3269 4408 quidem
3301 4339 3414 4410 ipsi
3443 4337 3714 4394 Basilidis
3739 4344 3803 4395 et

2146 4409 2442 4466 Valentini
2490 4409 2766 4480 discipuli
2814 4409 3064 4464 fuerunt.
3097 4413 3183 4480 Ita
3232 4409 3426 4480 vocem
3489 4410 3802 4480 eam‘alibi

2148 4487 2398 4554 usurpat
2426 4476 2716 4554 Clemens,
2751 4485 2815 4535 ut
2848 4482 2946 4554 lib.
2981 4498 2999 4535 ι
3034 4496 3047 4534 :
3080 4477 3262 4554 Θάλης
3295 4477 3350 4534 δὲ
3399 4480 3580 4554 Φοένεξ
3609 4476 3695 4554 ὢν.
3733 4479 3802 4534 τὸ

2147 4547 2314 4628 γενος
2351 4552 2440 4605 καὶ
2486 4557 2605 4628 τοῖς
2645 4551 2954 4628 Αἷγυπτίων
3000 4547 3306 4628 προφήταις
3352 4547 3801 4628 σρμϐεϐληκὲναι

2147 4622 2356 4700 εἶ’ρηται
2394 4622 2704 4700 ίμκαθάπερ
2731 4622 2839 4700 ’και
2890 4623 2916 4677 ὁ
2967 4622 3284 4700 Πυθαγόρας
3309 4622 3525 4700 μαῷτοῖς
3561 4644 3619 4698 γε
3663 4622 3799 4700 τοις-

2146 4691 2284 4762 τόις,
2318 4691 2628 4770 ξςτιιλδαίωνΔ
2651 4691 2711 4770 ’ξε
2754 4694 2843 4770 καὶ
2909 4695 3091 4768 μάγων
3132 4691 3256 4758 ’τοῖς
3298 4692 3544 4770 ᾁρίστοις
3574 4691 3800 4770 συνεγὲ-

2145 4761 2286 4842 νετοζ
2321 4767 2449 4842 Ubi
2484 4761 2923 4842 συμϐεβληκὲναὶ
2982 4761 3068 4842 et“
3095 4761 3439 4842 συγγενέσθαι
3494 4769 3666 4823 idem.
3706 4761 3802 4823 Ita

2145 4841 2373 4910 Optime,
2392 4837 2679 4910 Clementi
2709 4855 2842 4894 cum
2875 4837 3181 4895 veteribus
3198 4837 3511 4909 convenit]

2218 4911 2330 4982 (53)
2363 4909 2717 4982 Ὑπήκουσεν.
2752 4910 3082 4982 Ἑπήκουσεν
3118 4910 3494 4967 scribendum
3523 4925 3649 4965 esse
3697 4925 3803 4964 ar-

2145 4981 2401 5039 bitratur
2429 4981 2764 5038 Dodwellus
2796 4981 2919 5037 loco
2943 4982 3067 5047 jam
3112 4983 3288 5038 dicto.

2151 5123 2166 5144 ,
2215 5053 2324 5141 (54)
2387 5052 2572 5125 Φαμὲν
2632 5053 2733 5121 τὴν
2793 5052 3045 5128 ἀρχαίαν.
3104 5057 3208 5110 Ms.
3274 5053 3452 5109 Paris.
3514 5048 3711 5124 φαμέν,
3758 5048 3797 5117 ἢ

2141 5144 2398 5178 αογαιαν.

2179 5144 2528 5267 ρέἕῖνίῧνός.
2586 5195 2695 5250 Pro
2743 5193 2861 5257 ἒνός
2913 5195 3062 5250 Flor.
3115 5209 3419 5267 perperam
3500 5193 3673 5267 habet
3740 5189 3800 5244 ἐν

2143 5263 2228 5327 οἷς
2261 5287 2273 5324 :
2311 5263 2374 5322 ut
2405 5266 2579 5322 etiam
2614 5267 2834 5322 llerveti
2867 5267 3077 5336 versio,
3111 5263 3132 5316 ἐ
3169 5263 3238 5321 ἱιί
3277 5266 3495 5336 quibus
3544 5263 3641 5319 Dei
3696 5279 3806 5318 νο-
3861 5325 3872 5334 ,

2141 5339 2362 5394 luntate
2413 5355 2514 5410 per
2567 5354 2750 5392 unum
2793 5338 3120 5410 Dominum
3168 5341 3486 5410 congregat
3528 5352 3625 5391 eos
3666 5350 3727 5406 q.
3767 5357 3800 5384 υ

2142 5407 2431 5466 ὃγωυῐιοῖ
2459 5441 2526 5450 -
2555 5413 2641 5462 Ἐν
2677 5410 2759 5469 οἷς
2791 5409 2963 5463 habet
3004 5409 3175 5464 etiam
3215 5426 3323 5463 ms.
3361 5407 3541 5462 Paris.

2214 5482 2348 5554 (56)
2373 5476 3008 5554 llapaiSﬁomcngRespicit
3085 5479 3449 5554 apocrypbas
3501 5475 3800 5554 _Matthie

2141 5548 2486 5626 παραδόσεις,
2521 5553 2590 5607 de
2622 5552 2839 5626 quibus
2868 5548 3050 5621 supra
3081 5548 3138 5626 ρ]
3167 5548 3464 5626 74β’,ίοόὶὶ,
3501 5548 3679 5626 Paris.

2214 5620 2324 5694 (57)
2359 5620 2662 5694 nepattxol.
2721 5620 3168 5694 Spencerus'in
3228 5621 3499 5693 Origenis
3559 5620 3657 5674 lib.
3710 5635 3802 5686 vr,

2144 5711 2200 5777 p.
2223 5693 2356 5777 2911.,
2380 5693 2621 5777 adnotat
2652 5693 3040 5777 Peraticorum
3093 5693 3336 5777 hqeresin
3378 5695 3584 5777 fuisse,
3614 5705 3800 5777 quam

2142 5761 2370 5838 invenit
2395 5766 2687 5838 Peraticus
2721 5765 3046 5838 Euphrates
3079 5781 3091 5819 :
3127 5766 3199 5820 de
3220 5780 3338 5838 quo
3369 5763 3492 5837 agit
3519 5761 3800 5820 Theodo-

2143 5843 2306 5898 retus
2335 5836 2438 5896 lib.
2470 5855 2487 5896 ι
2518 5837 2591 5894 De
2617 5837 2763 5895 hear.
2801 5835 2916 5910 fab.
2952 5835 3014 5894 in
3044 5835 3286 5896 Paratis.
