4006 6200
398 374 506 432 565

1624 375 2035 431 CLEMENTIS
2053 371 2580 427 ‘ALEXANDRINI

3705 369 3823 424 556

395 501 558 566 nant,
593 496 819 553 hostias
850 511 979 552 esse
1023 497 1278 552 mandas
1326 501 1384 553 et
1417 501 1526 554 Deo
1559 503 1832 572 acceptas
1862 496 2039 554 tradit

2157 492 2337 568 ρείων,
2395 489 2604 567 καθαρᾶ
2658 490 2747 545 καὶ
2817 487 2980 545 δεκτᾶ
3051 493 3132 563 τῷ
3189 494 3307 562 Θεῷ
3360 487 3732 565 παραδίδωσιν
3781 496 3820 563 ἡ

396 587 718 656 Scriptura,
779 590 977 657 utpote
1010 586 1162 658 quod
1187 586 1338 656 justi
1371 603 1473 657 per
1502 587 1676 643 fidem
1711 588 1820 644 iter
1850 588 2043 660 ingre-

399 675 638 730 diantur
666 675 737 730 ad
771 674 1000 730 Patrem
1032 681 1089 729 et
1135 681 1198 745 ›ι‹
1251 674 1482 730 Filium.
1515 681 1648 732 Haec
1678 677 1830 732 enim
1865 677 2046 732 stabi-

398 762 533 818 litas
587 779 788 818 eorum
825 779 1074 834 quorum
1131 764 1282 818 [isses
1335 767 1477 820 sunt
1525 765 1782 838 ungulae,
1811 766 1909 836 qui
1942 765 2043 821 Dei

400 851 629 924 eloquia
663 852 760 906 diu
818 855 1112 922 noctuque
1164 851 1524 908 meditantur
1566 862 1620 908 et
1651 853 1954 909 ruminant
1984 855 2042 910 in

403 943 613 998 animae
670 938 1118 1012 disciplinarum
1165 941 1567 1012 receptaculo;
1617 959 1794 1014 quam
1864 943 2045 999 etiam

403 1031 720 1103 gnosticam
743 1029 1240 1101 exercitationem,
1260 1031 1466 1086 mundi
1488 1031 1761 1088 animalis
1780 1049 1845 1088 ru
1856 1033 2042 1089 mina-

400 1120 639 1187 tionem,
699 1117 842 1172 dicit
895 1117 986 1172 lex
1034 1117 1363 1191 allegorice.
1427 1122 1560 1187 Quae
1606 1126 1804 1176 autem
1855 1137 2045 1193 neque

399 1212 736 1280 utrumque,
769 1223 958 1278 neque
1007 1225 1074 1262 ex
1105 1207 1178 1262 iis
1216 1208 1440 1264 habent
1484 1209 1759 1276 alterum,
1792 1209 2047 1266 secernit

403 1302 465 1352 ut
494 1297 824 1351 immunda.
856 1302 938 1351 Ac
970 1312 1100 1368 quae
1150 1296 1453 1353 ruminant
1505 1298 1766 1369 quidem,
1801 1299 2042 1355 biﬁdam

397 1391 594 1442 autem
630 1402 743 1441 non
777 1385 997 1440 habent
1027 1390 1334 1457 ungulam,
1362 1386 1572 1459 vulgus
1593 1389 1929 1444 Judzeorum
1962 1395 2046 1445 ta-

396 1475 508 1531 cite
539 1475 914 1546 significant;
952 1474 1052 1545 qui
1083 1473 1315 1546 eloquia
1344 1475 1582 1546 quidem
1620 1477 1715 1533 Dei
1739 1477 1955 1533 habent
1983 1477 2044 1534 in

397 1580 517 1631 ore,
552 1564 725 1618 ﬁdem
760 1567 958 1618 autem
991 1567 1048 1618 et
1080 1562 1243 1618 basin
1277 1579 1391 1618 non
1423 1563 1662 1635 habent,
1697 1581 1828 1637 quea
1859 1571 2049 1621 trans-

399 1652 580 1708 mittit
608 1654 680 1707 ad
697 1651 926 1707 Patrem
956 1667 1059 1723 per
1077 1651 1308 1719 Filium,
1329 1659 1386 1708 et
1406 1653 1682 1709 innititur
1703 1654 2043 1726 veritati(a).

399 1742 563 1798 Unde
591 1742 767 1796 etiam
795 1740 1086 1811 ejusmodi
1120 1756 1305 1812 genus
1328 1741 1716 1798 animantium
1740 1743 1914 1800 labile
1935 1749 2045 1811 est,

400 1835 464 1886 ut
494 1847 742 1902 quorum
767 1831 942 1930 pedes
975 1829 1216 1934 minime
1248 1835 1386 1885 sunt
1412 1831 1596 1902 bilidi,
1632 1849 1820 1904 neque
1859 1833 2049 1906 dupli-
2077 1869 2122 1934 Β

399 1919 561 1974 citati
595 1919 730 1974 fidei
752 1917 1104 1974 innituntur.
1132 1940 1158 1967 ιι
1178 1918 1360 1974 Nemo
1381 1920 1560 1988 enim,
1587 1946 1610 1973 ι
1649 1923 1865 1992 inquit,
1899 1944 1926 1972 ‹‹
1949 1939 2042 1977 co-

396 2009 628 2080 gnoscit
657 2011 888 2063 Patrem
941 2006 1055 2062 nisi
1089 2006 1292 2078 Filius,
1324 2011 1380 2063 et
1406 2008 1498 2063 cui
1532 2008 1714 2066 Filius
1754 2009 2039 2067 revelave-

397 2097 474 2152 rit
488 2096 583 2168 (b).
599 2115 625 2147 ε
645 2096 873 2172 Rursus
891 2095 1200 2167 autemjilla
1219 2112 1454 2167 quoque
1505 2104 1708 2154 contra
1721 2105 1859 2154 sunt
1875 2099 2042 2155 simi-

395 2184 529 2241 liter
549 2185 874 2255 immunda,
890 2201 1017 2256 quae
1031 2185 1242 2241 biﬁdas
1261 2185 1479 2241 habent
1500 2186 1772 2258 ungulas,
1797 2188 2043 2245 minime

398 2278 593 2329 autem
621 2275 944 2330 ruminant.
971 2274 1102 2329 Haec
1124 2274 1280 2330 enim
1305 2274 1570 2330 indicant
1591 2275 1915 2348 haereticus,
1938 2277 2042 2350 qui

396 2363 812 2436 ingrediuntur
841 2362 1080 2436 quidem
1113 2365 1170 2417 in
1205 2363 1443 2419 nomine
1473 2365 1662 2420 Patris
1692 2370 1750 2421 et
1785 2366 1910 2434 lilii,
1945 2384 2043 2423 ac-

395 2457 656 2510 curatam
679 2459 874 2508 autem
914 2451 1287 2523 eloquiorum
1321 2452 1774 2510 declarationem
1808 2457 2043 2512 subtili-

395 2547 484 2598 ter
513 2542 857 2614 exprimere,
886 2547 944 2597 et
973 2541 1032 2596 in
1067 2547 1274 2598 tenues
1297 2547 1492 2614 partes
1507 2545 1907 2600 comminuere
1941 2562 2041 2601 ne-

399 2635 643 2702 queunt,
675 2634 733 2685 et
768 2630 1013 2700 justitiae
1037 2646 1213 2701 opera
1259 2630 1432 2702 paulo
1463 2632 1756 2702 'crassius,
1791 2649 1904 2688 non
1937 2651 2042 2690 au-

399 2722 517 2775 tem
540 2719 872 2775 accuratius
893 2724 950 2774 et
971 2717 1250 2773 subtilius
1274 2719 1511 2790 obeunt,
1533 2719 1582 2775 si
1608 2721 1779 2776 modo
1801 2722 2040 2778 obeunt.

399 2809 479 2865 Iis
511 2809 610 2880 qui
643 2812 783 2864 sunt
812 2807 957 2864 tales
988 2807 1130 2863 dicit
1160 2807 1444 2863 Dominus
1474 2827 1487 2863 :
1514 2831 1541 2859 ιι
1575 2809 1691 2864 Cur
1715 2811 1857 2864 mihi
1898 2812 2041 2866 dici-

398 2897 474 2953 tis
499 2915 511 2954 :
541 2897 800 2966 Domine,
829 2897 1090 2966 Domine,
1113 2903 1171 2952 et
1190 2913 1306 2951 non
1331 2897 1514 2952 facitis
1537 2913 1668 2969 quas
1695 2899 1824 2954 dico
1845 2899 1936 2972 (a))
1959 2900 1986 2956 ?
2011 2921 2040 2950 »

395 2990 541 3041 Sunt
569 2991 762 3042 autem
793 2986 1034 3042 omnino
1065 2985 1381 3053 immundi,
1429 2987 1532 3058 qui
1564 3003 1668 3043 nec
1690 2988 1900 3045 biﬁdas
1933 2988 2042 3046 ha—

395 3075 538 3130 bent
568 3073 822 3146 ungulas
854 3090 1042 3146 neque
1074 3074 1398 3130 ruminant.

829 3191 1187 3263 Megarenses,
1246 3190 1440 3262 inquit
1505 3191 1823 3263 Theognis,
1880 3194 2034 3251 326

1107 3279 1280 3334 neque
1305 3263 1481 3327 tertii,
1513 3279 1687 3335 neque
1714 3267 1915 3335 quarti,

396 3336 579 3406 Neque
607 3333 919 3390 duodecimi
945 3336 1094 3404 estis,
1119 3350 1296 3404 neque
1315 3335 1375 3388 in
1398 3333 1632 3404 ratione,
1658 3333 1756 3390 nec
1783 3333 2037 3410 numero,

399 3193 492 3249 Vos
547 3200 750 3262 autem,

397 3472 424 3498 ιι
461 3449 561 3506 sed
593 3453 876 3520 tanquam
925 3447 1137 3520 pulvis,
1170 3464 1345 3520 quem
1391 3448 1623 3520 projicit
1652 3455 1862 3505 ventus
1893 3467 1925 3506 a
1952 3451 2042 3508 fa-

399 3537 486 3594 cie
508 3547 668 3594 terra;
691 3537 790 3608 (τι),
814 3542 1164 3608 ettanquam
1190 3536 1392 3592 stillaa
1415 3539 1556 3594 cado
1577 3538 1672 3610 (e).
1708 3539 1857 3596 nHis
1882 3557 1912 3594 a
1938 3557 2041 3596 no-

400 3627 494 3682 bis
524 3627 929 3698 praetractatis,
963 3625 1206 3696 locoque
1239 3625 1443 3680 morali
1477 3626 1644 3682 nobis
1695 3629 2042 3684 summatim

403 3715 776 3787 sparsimque
825 3715 1139 3787 descripto,
1191 3719 1255 3770 ut
1285 3731 1493 3771 sumus
1543 3715 1809 3787 polliciti,
1858 3717 2044 3787 iisque

405 3820 533 3874 quas
575 3804 648 3858 ad
695 3819 892 3859 veram
942 3803 1194 3858 excitant
1239 3803 1656 3876 cognitionem,
1707 3804 1803 3860 hic
1836 3809 1894 3860 et
1925 3803 2045 3860 illic

404 3891 689 3964 inspersis
710 3891 1108 3964 dogmatibus,
1142 3897 1206 3946 ut
1231 3909 1261 3946 a
1285 3891 1543 3963 quolibet
1563 3909 1762 3948 eorum
1795 3893 1895 3964 qui
1920 3909 2044 3966 my-

405 3982 600 4037 steriis
632 3997 748 4036 non
775 3986 914 4036 sunt
943 3981 1180 4048 initiati,
1206 3997 1321 4036 non
1355 3982 1520 4038 facile
1543 3983 1775 4054 possint
1797 3982 2046 4038 inveniri

403 4074 616 4125 sancte
646 4068 1440 4141 traditiones,aggrediamur
1460 4071 1613 4141 quod
1643 4087 1852 4126 sumus
1883 4069 2048 4142 polli-

401 4159 525 4215 citi.
577 4159 725 4214 Sunt
772 4161 967 4212 autem
996 4156 1130 4211 libri
1176 4157 1514 4212 Stromatum
1547 4159 1749 4228 utique
1797 4158 2044 4224 similes,

399 4263 516 4304 non
549 4245 668 4302 illis
685 4245 998 4302 elaboratis
1030 4245 1218 4301 hortis
1247 4245 1306 4300 in
1330 4246 1548 4318 quibus
1569 4251 1709 4301 sunt
1729 4247 1969 4303 arbores
1990 4250 2048 4303 et

2156 588 2364 660 Γραφῆ,
2419 581 2496 643 ὡς
2545 581 2606 635 ἄν
2665 579 2742 642 εἰς
2795 577 3009 652 Ηατίρα
3056 579 3146 650 καὶ
3204 580 3282 643 εἱς
3311 580 3435 635 Υἱὸν
3464 577 3552 635 διὰ
3586 588 3690 651 τῆς
3719 581 3818 636 πί-

2155 693 2323 734 στεως
2370 674 2479 726 τῶν
2536 667 2763 724 δικαίων
2794 675 2922 738 -τῆν
2975 668 3196 745 πορείαν
3242 669 3592 742 ποιουμένων
3629 689 3641 702 ·
3675 669 3818 740 αὕτη

2153 761 2256 837 γὰρ
2286 763 2322 830 ἡ
2350 764 2459 814 τῶν
2493 757 2878 835 διχηλούντων
2930 755 3242 834 ἒδραιότης,
3283 762 3392 814 τῶν
3419 760 3488 814 τὰ
3517 757 3685 834 λόγια
3713 763 3820 815 τοῦ

2152 848 2287 904 Θεού
2321 847 2534 922 νύκτωρ
2582 846 2672 902 καὶ
2731 847 2847 918 μεθ’
2895 845 3108 922 ἡμέραν
3170 844 3520 919 μελίτώντων
3576 850 3691 921 (66)
3719 847 3816 903 καὶ

2152 934 2683 1008 ἀναπεμπαζομὲνων
2737 933 2790 990 ἔν
2841 939 2924 1007 τῷ
2980 935 3082 1004 τῆς
3153 937 3339 1010 ψυχῆς
3385 935 3494 989 τῶν
3554 937 3820 1010 μαθημά-

2156 1046 2267 1080 των
2322 1021 2530 1099 δοχείῳ
2562 1042 2574 1054 ·
2636 1022 2702 1092 ἥν
2751 1022 2843 1078 καὶ
2905 1022 3234 1093 συνάσκησιν
3280 1025 3582 1098 γνωστικὴν
3633 1023 3816 1097 ὑπάρ-

2155 1136 2355 1192 χουσαν
2389 1117 2624 1192 καθαροῦ
2676 1115 2817 1184 ζώου
2880 1113 3226 1190 μηρυκισμὸν
3284 1115 3314 1169 ὁ
3360 1116 3528 1188 νόμος
3557 1115 3817 1190 ἀλληγο-

2154 1211 2256 1282 ρεῖ.
2290 1209 2426 1260 Ὅσα
2455 1201 2512 1259 δὶ
2571 1205 2709 1277 μήτε
2757 1204 3030 1278 ἑκάτερον,
3082 1205 3224 1276 μήτε
3270 1204 3334 1258 τὸ
3375 1199 3556 1280 ἕτερον
3595 1204 3814 1260 τούτων

2153 1292 2291 1371 ἔχει,
2349 1293 2425 1356 ὡς
2482 1291 2756 1369 ἄκάθαρτα
2821 1291 3084 1366 ἀφορίξει.
3151 1290 3356 1350 Αὐτίκα
3424 1294 3493 1348 τὰ
3547 1294 3820 1369 ἀνάγοντα

2156 1382 2525 1458 μηρυκισμὸν,
2579 1382 2656 1454 μή
2705 1378 3051 1456 διχηλοῦντα
3088 1377 3169 1449 δὲ,
3215 1379 3343 1444 τοὺς
3397 1377 3697 1443 Ἰουδαίους
3724 1383 3819 1436 αἷ-

2152 1472 2390 1526 νίσσεται
2416 1470 2544 1533 τοὺς
2571 1469 2820 1532 πολλούς
2853 1488 2867 1503 ο
2901 1470 2955 1524 οἳ
3000 1468 3067 1524 τὰ
3093 1469 3186 1523 ιιὶν
3222 1468 3387 1544 λόγια
3414 1473 3512 1524 τοῦ
3542 1473 3679 1525 Θεοῦ
3710 1469 3819 1526 ἀνὰ

2154 1553 2328 1632 στόμα
2359 1556 2576 1633 ἔχουσι,
2619 1558 2718 1626 τήν
2774 1554 2834 1612 δὲ
2889 1556 3067 1612 πίστιν
3123 1557 3213 1612 καὶ
3250 1557 3349 1626 τήν
3385 1557 3539 1633 βάσιν
3581 1555 3649 1612 δι’
3678 1559 3818 1613 Υἱοῦ

2152 1648 2291 1724 πρὸς
2321 1648 2413 1702 τὸν
2461 1646 2672 1721 Πατέρα
2726 1646 3201 1723 παραπέμπουσαν
3247 1645 3347 1701 ούκ
3401 1643 3620 1722 ἔχουσιν
3681 1645 3815 1704 ἕπε-

2155 1734 2476 1811 ρειδομένην
2505 1740 2575 1810 τῇ
2607 1734 2840 1807 ἀληθείᾳ
2871 1755 2884 1770 ·
2928 1734 3048 1799 ὅθεν
3103 1736 3191 1791 καὶ
3229 1733 3524 1811 ὀλισθηρὸν
3554 1736 3618 1791 τὸ
3645 1735 3815 1812 γένος

2152 1824 2261 1881 τῶν
2292 1824 2558 1881 τοιούτων
2603 1826 2954 1898 Θρεμμάτων,
3004 1823 3082 1886 ὡς
3137 1824 3198 1878 ἅν
3260 1824 3336 1897 μὴ
3383 1821 3814 1900 σχιδανοπόδων

2153 1912 2345 1983 ὄντων,
2381 1912 2522 1988 μηδὲ
2565 1917 2636 1988 τῇ
2670 1910 2872 1987 διπλόῃ
2913 1919 3013 1982 τῆς
3058 1910 3293 1977 πίστεως
3322 1911 3756 1989 ἐπερειδομένων
3795 1935 3814 1949 ·

2153 2031 2181 2058 ιι
2224 2003 2411 2067 Οὐδεὶς
2459 2007 2570 2078 (67)
2627 2004 2754 2078 γὰρ,
2813 2002 2969 2081 φησὶ,
3016 2003 3268 2077 γινώσκει
3319 2003 3410 2057 τὸν
3464 2005 3707 2078 Πατὲρα,
3761 2003 3816 2058 εἰ

2156 2095 2232 2166 μὴ
2268 2095 2295 2149 ὁ
2327 2093 2450 2156 Υἱὸς
2479 2093 2565 2147 καὶ
2599 2093 2645 2164 ᾧ
2667 2092 2728 2146 ἄν
2761 2092 2790 2146 ὁ
2830 2088 2955 2153 Titi:
3002 2088 3359 2165 ἀποκαλύψῃ.
3385 2113 3415 2142 »
3443 2090 3722 2164 Ἓμπαλίν
3751 2108 3819 2148 τε

2157 2179 2218 2236 ἃν
2254 2183 2527 2257 ἀκάθαρτα
2577 2179 2786 2254 ὁμοίως
2840 2180 3082 2252 κάκεῖνα,
3141 2178 3240 2234 ὅσα
3283 2177 3511 2256 διχηλεῖ
3542 2180 3664 2254 μὶν,
3700 2203 3822 2256 μη·-

2154 2272 2419 2349 ρυκισμὸν
2453 2269 2511 2326 δὲ
2553 2272 2650 2325 ούκ
2697 2270 2907 2346 ἀνάγει.
2965 2269 3137 2327 Ταυτὶ
3191 2268 3292 2346 γὰρ
3347 2269 3474 2331 τοὺς
3502 2270 3827 2346 αἰρετικοὺς

2149 2359 2501 2428 ἐνδείκνυται,
2553 2358 2782 2431 ὀνοματι
2843 2358 2937 2432 μὶν
2997 2358 3205 2433 Πατρὸς
3251 2358 3342 2413 καὶ
3394 2359 3522 2414 Υἱοῦ
3550 2355 3791 2433 ἐπιὸεὸη

2151 2450 2437 2520 κότας,τήν
2466 2446 2524 2503 δὲ
2542 2453 2651 2503 τῶν
2682 2446 2889 2522 λογίων
2913 2442 3114 2523 ἀκριϐῆ
3143 2449 3437 2524 σαφήνειαν
3457 2448 3829 2526 λεπτουργεῖν

2151 2539 2241 2595 καὶ
2274 2536 2648 2594 καταλεαίνειν
2695 2535 3120 2607 ἐξασθενοῦντας,
3177 2538 3312 2610 πρὸς
3349 2533 3408 2592 δὲ
3447 2537 3536 2592 καὶ
3579 2538 3647 2593 τὰ
3677 2535 3822 2615 ἔργα

2149 2635 2250 2698 τῆς
2285 2625 2633 2692 δικαιοσύνης
2681 2625 3160 2700 ὁλοσχερὲστερον,
3208 2625 3336 2702 οὐχὶ
3386 2623 3445 2681 δὲ
3491 2623 3819 2702 ἀκριϐέστε-

2153 2738 2248 2792 ρον
2302 2716 2757 2791 μετερχομένους,
2806 2712 2860 2768 εἷ’
2901 2735 2962 2790 γε
3005 2713 3095 2768 καὶ
3147 2712 3483 2780 μετέλθοιεν.
3522 2716 3819 2780 Τοιούτοις

2149 2807 2289 2862 τισὶν
2323 2808 2350 2861 ὁ
2380 2804 2574 2878 Κύριος
2609 2803 2776 2879 λέγει,
2822 2827 2850 2855 ιι
2901 2802 2970 2860 Τί
3019 2823 3084 2877 με
3115 2801 3298 2878 λέγετε
3343 2805 3456 2878 (68)
3481 2803 3664 2880 Κύριε,
3701 2808 3818 2862 Κύ-

2153 2915 2256 2970 ριε,
2282 2893 2457 2949 καὶού
2488 2897 2694 2948 ποιεῖτε
2723 2889 2755 2945 ἃ
2799 2889 2941 2967 λᾶγω
2971 2911 2985 2961 ;
3024 2916 3052 2942 ››
3111 2893 3433 2968 Ἀκάθαρτοι
3485 2890 3542 2948 δὲ
3572 2895 3817 2969 πάμπαν

2154 2983 2209 3038 οἶ
2243 2985 2318 3057 μή
2353 2979 2740 3058 διχηλοῦντες,
2775 2977 2917 3053 μηδὲ
2946 2978 3241 3056 ἀνάγοντες
3275 2981 3644 3056 μηρυκισμόν.

2150 3188 2332 3261 Ὑμεῖς
2367 3187 2480 3260 (69)
2523 3181 2592 3254 δ’,
2651 3183 2695 3238 ὦ
2751 3188 3037 3261 Μεγαρεῖς-
3078 3181 3263 3261 (φησὶν
3386 3185 3648 3261 Θὲογνις),
3683 3187 3824 3245 aii-ca

2734 3322 2758 3342 ν
2846 3252 2858 3260 ’
2907 3252 2916 3259 ’
3021 3252 3237 3329 [τρίτοι,
3271 3252 3394 3310 οὔτε
3422 3252 3697 3346 τέταρτοι,

2798 3327 2810 3346 9
2843 3323 2859 3341 9
2926 3324 2948 3346 Ἴ
2977 3325 2990 3346 Ι
3167 3326 3194 3346 (Ι
3233 3328 3246 3346 3
3281 3325 3295 3346 Ἵ
3382 3327 3396 3346 τ
3467 3330 3493 3346 n

2149 3329 2287 3387 Οὕτε
2313 3325 2665 3400 δυωδέκατοι,
2697 3324 2810 3381 οὔτ’
2839 3324 2891 3380 ἐν
2926 3324 3100 3402 λόγῳ,
3134 3324 3246 3382 οὔτ’
3277 3325 3329 3381 ἐν
3371 3324 3613 3405 ἀριθμῶ,

2151 3469 2179 3498 (ι
2213 3444 2340 3500 ἀλλ’
2365 3440 2401 3514 ἤ
2433 3444 2508 3507 ὡς
2539 3444 2650 3517 (70)
2683 3443 2711 3497 ὁ
2757 3446 2946 3516 χνοῦς,
2998 3440 3056 3496 ὅν
3103 3441 3341 3515 ἑκρίπτει
3393 3445 3421 3499 ὁ
3469 3441 3670 3518 ἄνεμος
3699 3448 3822 3504 ἀπὸ

2149 3533 2448 3610 προσώπου
2476 3538 2577 3601 τῆς
2596 3534 2724 3607 γῆς,
2755 3531 2842 3585 καὶ
2872 3525 2947 3593 ὥς
2970 3530 3182 3605 σταγὼν
3202 3530 3309 3586 ἀπὸ
3333 3529 3524 3590 κάδου.
3543 3535 3816 3591 »Τούτων

2149 3625 2285 3696 ἡμῖν
2308 3619 2819 3696 προδιηνυσμὲνων,
2849 3620 2938 3674 καὶ
2987 3623 3083 3674 τοῦ
3112 3620 3309 3690 ἠθικοῦ
3345 3623 3551 3696 τρόπου
3577 3625 3697 3695 (71)
3731 3626 3818 3688 ὡς

2153 3711 2205 3766 ὲν
2235 3708 2518 3785 κεφαλαίῳ
2568 3708 2973 3785 ὑπογραφέντος
3030 3706 3308 3784 σποράδην
3365 3712 3499 3784 (72),
3556 3712 3630 3774 ὡς
3665 3713 3819 3768 ὑπε-

2152 3802 2261 3876 σχή
2274 3810 2429 3872 μεθα,
2460 3797 2550 3853 καὶ
2581 3795 2982 3874 διερῥιμμένως
3030 3797 3098 3852 τὰ
3147 3798 3369 3874 ζώπυρα
3397 3803 3505 3854 τῶν
3532 3803 3632 3866 τῆς
3657 3800 3825 3873 ἀλη-

2155 3894 2279 3954 θοῦς
2335 3889 2591 3964 γνώσεως
2663 3886 3221 3962 ἐγκαιταιτπειράντων¹
3272 3884 3542 3962 δόγματα,
3591 3890 3666 3951 ὡς
3727 3892 3817 3964 μὴ

2156 3974 2341 4054 ῥᾳδίαν
2381 3977 2512 4031 εἶναι
2559 3979 2639 4046 τῷ
2695 3973 3046 4050 περιτυχόντι
3096 3978 3204 4029 τῶν
3254 3976 3516 4048 ἀμυήτων
3558 3979 3654 4047 τὴν
3691 3983 3814 4035 τῶν

2155 4065 2319 4141 ἁγίων
2380 4060 2730 4139 παραδόσεων
2782 4061 3010 4140 εὕρεσιν,
3055 4063 3328 4137 μετίωμεν
3387 4065 3473 4120 ἐπὶ
3517 4066 3616 4136 τὴν
3659 4067 3815 4124 ὑπό-

2155 4175 2360 4230 σχεσιν.
2420 4153 2661 4208 Ἐοίκασι
2711 4149 2767 4207 δέ
2821 4173 2940 4216 πως
3005 4153 3058 4207 οὶ
3099 4158 3454 4228 Στρωματεῖς
3510 4153 3572 4209 οὗ
3618 4175 3817 4229 παρα-

2155 4240 2351 4305 δείσοις
2380 4238 2791 4314 ἐξησκημένοις,
2837 4238 3065 4303 ἐκείνοις
3101 4244 3220 4302 τοῖς
3252 4238 3303 4294 ἐν
3335 4240 3596 4316 στοιχείῳ
3618 4263 3811 4299 κατα-

629 4398 690 4453 Ρ.
719 4399 848 4463 901,
883 4397 995 4452 ED.
1041 4397 1342 4453 POTTER.
1395 4398 1473 4468 (a)
1503 4397 1683 4454 Levit.
1707 4414 1770 4467 ιι,
1802 4398 1835 4452 4
1866 4415 1880 4466 ;
1914 4397 2037 4454 Deu

2156 4414 2231 4467 nr,
2262 4397 2296 4452 3
2327 4411 2448 4467 seq.
2482 4394 2561 4466 (ὸ)
2614 4393 2754 4449 Luc.
2787 4409 2844 4460 κ,
2873 4393 2964 4449 22.
2995 4393 3067 4466 (ε)
3114 4397 3253 4450 Luc.
3289 4409 3370 4465 v1,
3404 4394 3493 4452 46.
3527 4394 3604 4468 (d)
3633 4395 3810 4454 Psal.

395 4487 436 4537 ι,
459 4470 512 4525 4.
543 4469 615 4540 (ε)
645 4472 757 4526 Isa.
789 4485 882 4540 ιι,
913 4469 998 4524 15.

464 4621 578 4692 (66)
607 4619 1004 4692 Μελετώντων,
1041 4619 1302 4692 Respicit
1339 4619 1491 4692 P_sal.
1542 4637 1583 4690 ι,
1614 4623 1649 4692 2
1679 4637 1695 4692 ;
1727 4620 1886 4678 ’Λλλ’
1914 4620 1951 4692 ἤ
1983 4621 2038 4678 ἐν

2156 4618 2315 4690 Apud
2340 4615 2717 4692 Theocritum
2748 4613 2867 4692 tale
2912 4613 3810 4692 quid__reperitur._Theognidia

391 4688 483 4784 vi?
512 4688 683 4784 νόμῳἸ
705 4691 934 4784 Κυρίουι
955 4691 1019 4784 τδ
1062 4688 1192 4760 θὲλῖη
1205 4710 1280 4784 μα
1325 4688 1510 4784 αὐτοῦ,
1540 4688 1631 4745 καὶ
1673 4689 1726 4746 ἰν
1775 4699 1853 4766 τῷ
1880 4688 2039 4767 νόμῳ

392 4760 556 4818 αὕτθῦ
583 4760 876 4832 -μέλιτῆήσιι
907 4760 1115 4832 ἡμέρας
1143 4760 1233 4816 καὶ
1264 4760 1502 4823 νυκτός,’
1825 4760 1836 4766 '
1950 4760 1960 4767 '
2010 4760 2021 4767 '

403 4904 412 4906 ,
463 4835 577 4906 (67)
608 4829 825 4906 Οὐδείς.
867 4835 984 4888 Luc
1013 4850 1070 4899 x,
1098 4835 1170 4888 22
1200 4851 1214 4906 _:
1249 4829 1440 4906 Ούδεξς
1481 4833 1743 4906 γινώσκει
1765 4835 1860 4906 τις
1893 4834 2035 4889 εστιν

393 4903 579 4980 6-13"“
605 4901 657 4980 εἴ
683 4904 822 4980 ei}?
870 4908 1077 4980 llatae.
1125 4904 1221 4980 καέ
1257 4903 1340 4980 τές
1383 4901 1522 4980 ἐςτιν
1551 4904 1794 4980 illati?
1820 4905 1866 4960 ει
1901 4906 1978 4978 μὴ
2005 4905 2035 4960 δ

392 4972 543 5048 Υἱὸς,
572 4971 739 5048 καὶ-’ᾦ
767 4971 862 5048 ἐᾲν,
893 4971 1159 5048 βούληται
1201 4975 1229 5028 ὁ
1251 4973 1376 5048 Υἱὸς
1406 4971 1774 5046 ἀποκαλύψαιξ

463 5045 574 5119 (68)
605 5044 674 5101 Τί
710 5042 777 5117 με
807 5042 934 5119 λιγ,
960 5042 1098 5119 Luc.
1151 5063 1205 5101 VI
1237 5061 1253 5100 :
1305 5043 1366 5097 Τί
1419 5065 1485 5116 με
1528 5042 1748 5099 καλεῖτε
1776 5042 1943 5119 Κύριε
1969 5050 2030 5102 Κ.

392 5114 565 5171 nulla
582 5114 792 5173 sensus
817 5114 1155 5171 variatione.
1190 5120 1254 5171 A.
1283 5114 1569 5171 Susum.

462 5187 578 5258 (69)
633 5185 837 5258 Ὑμεῖς.
895 5185 1198 5258 _Theocriti
1271 5187 1619 5258 scholiastes
1668 5185 2033 5258 epigramma

388 5255 608 5327 profert
637 5255 710 5313 ah
765 5256 1054 5327 Apollinis
1101 5255 1337 5328 oraculo
1381 5255 1819 5328 Megarensibus
1847 5257 2032 5313 reddi-

388 5332 540 5393 tum,
568 5329 723 5383 unde
755 5330 876 5382 hac
901 5328 1015 5382 duo
1047 5332 1187 5393 sunt
1216 5327 1446 5382 hexam.
1480 5327 1495 5382 Ξ

388 5392 575 5471 ἰίμεῖς
602 5394 747 5471 δ’,ᾼῶ
778 5392 1220 5471 Μεγαρεῖςηοῦᾳτε
1238 5395 1437 5471 τρίτοι,
1463 5393 1886 5471 -οζῖτε-τέταρτοι,

388 5463 523 5522 Οὔτε
554 5463 903 5540 δυωδέκατοί,
929 5463 1040 5522 631’
1069 5465 1120 5520 ἐν
1153 5463 1327 5540 λόγῲ,
1361 5463 1474 5520 οὔτ’
1503 5466 1554 5521 ἐν
1586 5463 1820 5540 ἀριθμῷ.

387 5541 453 5596 At
472 5555 562 5595 vos
590 5555 689 5596 nec
717 5539 929 5611 recipit,
964 5539 1322 5611 Megarensee,
1353 5539 1728 5611 tertiusiordo,

386 5611 506 5694 119p
535 5619 796 5682 quartus,
826 5605 1002 5694 aeriae
1030 5605 1310 5694 dissentis,
1329 5627 1507 5683 neque
1529 5610 1762 5679 denique
1789 5605 1956 5694 uestri

391 5681 514 5742 Utta
540 5677 793 5756 asquam'
811 5677 956 5739 ratio
984 5689 1085 5753 est,
1121 5677 1395 5754 nusquam
1409 5677 1768 5746 'numerus've,
1790 5677 2020 5736 locusve.

2145 4684 2282 4746 vero
2306 4688 2453 4746 elegi
2483 4691 2718 4742 tantum
2749 4688 3000 4742 exstant.
3025 4684 3178 4741 Vide
3191 4684 3632 4743 Proverbiorum
3661 4687 3804 4744 chi-

2146 4761 2362 4817 liadas.
2398 4755 2652 4830 Subjicit
2677 4756 2752 4830 iis
2777 4755 3042 4830 Clemens
3072 4757 3189 4812 duo
3218 4755 3346 4830 loca
3372 4773 3458 4830 ex_
3472 4755 3654 4814 sacris
3682 4757 3809 4816 Lit-

2146 4831 2313 4911 teris,
2341 4826 2594 4911 quorum
2835 4829 2927 4911 est
2953 4826 3078 4911 lea...
3100 4843 3190 4896 ιι,
3213 4827 3285 4881 15
3314 4842 3337 4911 :_
3361 4850 3390 4878 «
3418 4827 3802 4911 Ecce_gentes

2147 4895 2318 4975 quasi
2357 4895 2530 4956 'stilla
2585 4896 2797 4954 situla.
2835 4895 3235 4954 Tertullianus
3263 4899 3524 4954 adversus
3540 4895 3805 4956 Iudicas.-

2146 4973 2290 5051 «με
2328 4969 2514 5051 israel
2563 4968 2755 5051 adhuc
2801 4967 3130 5051 superbiae,
3187 4969 3341 5038 quod
3373 4969 3806 5051 ﬁentes-velut

2143 5040 2512 5098 stillicidium
2535 5037 2748 5104 situla,
2767 5037 3088 5109 aut'pulvis
3118 5054 3187 5094 ex
3206 5037 3342 5095 aera
3357 5037 3738 5110 députentur.
3765 5063 3799 5093 ι)

2142 5113 2286 5169 Vide
2316 5129 2373 5184 ρ,
2401 5112 2530 5184 53.6.
2707 5113 2973 5184 Camer-

2211 5176 2335 5255 (70}
2353 5176 2576 5250 Ἀλλ”ἥ
2617 5178 2714 5240 ὡς.
2759 5178 2926 5235 Conf.
2977 5193 3158 5250 supra
3204 5177 3411 5235 Strom.
3459 5193 3541 5246 vx,
3567 5194 3624 5250 p.
3651 5177 3796 5248 795,

2140 5259 2323 5394 uitii)
2378 5315 2599 5394 ’ῌθικοῦ
2663 5317 2890 5394 τρόπον.
2967 5315 3178 5389 Aptius
3251 5317 3542 5390 interpres
3585 5280 3795 5385 inton

2134 5388 2329 5461 τόπου,
2352 5391 2539 5461 «γιοοο
2567 5388 2774 5461 morali
2799 5410 2852 5461 η.

2209 5451 2329 5536 (72)
2393 5460 2482 5536 Ἐν
2591 5455 2900 5536 κεφαλαίῳ-
2977 5452 3402 5536 ὁπογριιφῇντος.
3479 5451 3791 5536 σποράδην.

2135 5525 2377 5611 ΡΗοιῑίξε
2436 5525 2934 5611 ὺωοσρίἱαηδμὶν
3008 5525 3325 5611 κειέὰλάίοις
3381 5525 3798 5611 δπογραξρίντος

2135 5599 2413 5679 σποράδην
2444 5621 2525 5662 τε.
2575 5601 2734 5659 Idem
2788 5615 2924 5658 mox
2969 5598 3268 5676 μθῆματα
3323 5598 3635 5657 substituit
3676 5615 3793 5671 pro

2134 5673 2396 5754 δόγματα.
