4006 6200
397 295 504 351 567

1633 283 1922 338 CLEMEN
1925 283 2036 336 TIS
2075 281 2578 336 ALEXANDRINI

3709 279 3823 338 568

400 415 786 492 procedemus
851 409 908 465 in
977 407 1296 478 inﬁnitum,
1355 412 1414 462 et
1471 409 1763 462 evertetur
1819 405 2064 460 demon-

2192 399 2361 472 Ξειξις,
2411 400 2618 477 ἀνάγκη
2671 406 2817 456 πᾶσα
2865 401 3128 477 πρότερον
3186 401 3296 475 (99)
3347 399 3478 456 εἶναί
3524 422 3575 457 τι
3629 402 3820 458 πιστὸν

402 505 605 563 stratio
629 519 643 558 :
668 502 759 558 sin
791 504 988 556 autem
1023 497 1374 563 secundum,
1413 512 1481 551 ea
1511 496 1639 567 ipsa
1669 510 1792 566 qua:
1821 497 1960 549 sunt
1990 509 2053 549 ex

402 613 464 651 se
523 588 848 657 credibilia,
894 591 1065 643 erunt
1121 584 1413 658 principia
1462 582 2055 638 demonstrationum.

399 685 532 741 Jam
556 697 692 738 vero
719 675 1055 751 philosophi
1081 677 1341 731 fatentur
1364 689 1493 729 csse
1518 672 2062 728 indemonstrabilia

403 769 693 846 principia
727 767 1168 820 universorum:
1197 763 1581 833 quamobrem
1617 760 1664 814 si
1698 765 1787 816 est
1820 763 2063 816 demon—

2169 488 2220 560 ἐξ
2280 490 2472 546 ἑαυτοῦ
2506 510 2517 522 ·
2553 492 2582 545 ’ὀ
2626 489 2693 560 δὴ
2746 495 2966 566 πρῶτον
3016 489 3106 544 καὶ
3138 487 3523 546 ἀναπόδεικτον
3557 490 3773 568 λέγεται
3806 510 3821 524 ο

2169 579 2256 635 ἐπὶ
2304 581 2400 649 τὴν
2457 578 2844 636 ἀναπόδεικτον
2904 577 3006 656 ἄρα
3065 580 3246 634 πίστιν
3296 581 3331 649 ἡ
3364 585 3509 634 πᾶσα
3551 579 3825 652 ἀπόδειξις

2171 667 2444 744 ἀνάγεται.
2473 671 2589 727 Εἶεν
2637 667 2681 724 δ’
2714 667 2773 724 ἂν
2833 670 2923 723 καὶ
2987 667 3155 725 ἄλλαι
3199 673 3305 723 τῶν
3351 667 3670 744 ἀποδείξεων
3714 671 3819 745 ἀρ-

2171 759 2267 835 χαὶ
2324 759 2458 831 μετὰ
2512 760 2610 829 τὴν
2671 757 2731 814 ἐκ
2787 758 3374 833 πίστεως’πηγὴν,τὰ
3402 758 3539 834 πρὸς
3568 757 3817 832 αἴσθησίν

405 858 633 926 stratio,
664 855 904 911 omnino
931 867 1167 906 necesse
1198 854 1288 905 est
1315 849 1480 921 prius
1502 865 1632 905 esse
1651 848 1870 920 aliquid
1904 866 1971 904 ex
2003 866 2064 905 se

2192 869 2228 902 τε
2277 849 2365 902 καὶ
2408 849 2591 919 νόησιν
2632 847 2871 926 ἐναργῶς
2921 847 3247 926 φαινόμενα.
3278 847 3352 901 Τὰ
3401 849 3499 920 μὲν
3545 849 3644 925 γαρ
3684 851 3821 926 πρὸς

407 943 868 1014 credibile,quod
893 940 1132 1013 quidem
1159 938 1377 994 dicitur
1399 938 1656 1010 primum
1682 943 1738 992 et
1759 938 2063 994 indemon-

409 1032 769 1092 strabile.Ad
798 1030 972 1084 {idem
997 1045 1132 1100 ergo
1159 1026 1740 1083 indemonstrabilem
1768 1026 2068 1082 reducitur

413 1122 608 1182 omnia
640 1117 1083 1175 demonstratio.
1117 1117 1298 1172 Erunt
1322 1120 1528 1171 autem
1563 1115 1676 1171 alia
1708 1132 1940 1187 quoque
1968 1117 2064 1172 de-

416 1210 907 1270 monstrationum
942 1205 1231 1279 principia
1263 1209 1394 1277 post
1415 1220 1547 1260 eum
1581 1205 1800 1260 fontem
1832 1205 1931 1276 qui
1983 1213 2066 1260 est

407 1321 473 1359 ex
505 1303 641 1366 ﬁde,
664 1313 874 1370 nempe
895 1313 964 1353 ea
999 1313 1128 1368 qua:
1163 1296 1460 1350 evidenter
1491 1303 1770 1366 apparent
1791 1312 1859 1350 ex
1890 1311 2067 1350 sensu

412 1395 470 1448 et
499 1385 1065 1460 intelligentia.Nam
1103 1401 1168 1439 ea
1203 1384 1439 1455 quidem
1475 1400 1599 1454 qua:
1625 1385 1679 1438 in
1713 1400 1955 1440 sensum
1987 1384 2072 1439 in-

414 1480 646 1548 cidunt,
685 1480 830 1533 sunt
863 1473 1182 1546 simplicia,
1215 1477 1272 1528 et
1321 1473 1612 1542 ejusmodi
1661 1478 1723 1526 ut
1775 1473 1919 1529 solvi
1969 1490 2069 1530 ne-

415 1571 636 1640 queant
671 1583 684 1622 :
718 1581 845 1636 qua:
879 1567 1074 1618 autem
1110 1579 1179 1617 ex
1210 1560 1614 1632 intelligentia,
1650 1561 2074 1633 simplicia,ra-

417 1656 661 1713 tionalia
686 1658 742 1711 et
773 1653 984 1726 prima.
1029 1652 1167 1716 Qum
1219 1655 1414 1705 autem
1467 1667 1534 1705 ex
1583 1649 1676 1704 his
1727 1651 2072 1722 gignuntur,

420 1750 563 1802 sunt
592 1743 828 1816 quidem
862 1739 1208 1811 composita,
1241 1739 1342 1794 sed
1379 1737 1562 1794 nihilo
1598 1739 1790 1795 secius
1839 1740 2069 1797 eviden-
2101 1775 2149 1840 B

414 1834 519 1902 tia,
542 1838 598 1890 et
627 1830 1029 1901 credibilia,et
1061 1828 1265 1901 primis
1300 1827 1487 1899 magis
1521 1828 1846 1884 rationalia.
1881 1832 2064 1896 Quam

416 1940 556 1996 ergo
581 1921 878 1994 propriam
904 1918 1150 1974 rationis
1177 1917 1510 1972 facultatem
1544 1916 1833 1974 habemus
1865 1935 2068 1975 onznes

421 2017 638 2069 natura
670 2009 933 2079 insitam,
964 2024 1032 2063 ea
1063 2006 1312 2078 pertinet
1344 2005 1414 2060 ad
1445 2005 1502 2060 id
1537 2007 1686 2078 quod
1740 2013 1828 2063 est
1868 2024 2069 2065 conse-

425 2118 634 2174 quens,
667 2104 722 2155 et
747 2099 815 2154 ad
851 2098 906 2152 id
942 2097 1096 2169 quod
1133 2098 1443 2167 repugnat.
1478 2095 1535 2149 Si
1569 2112 1683 2166 qua
1714 2113 1849 2169 ergo
1899 2098 2073 2154 fuerit

423 2189 716 2263 ejusmodi
746 2188 980 2243 inventa
1010 2184 1216 2250 oratio,
1249 2189 1315 2239 ut
1346 2200 1412 2238 ex
1445 2183 1537 2254 iis,
1587 2201 1715 2258 quae
1756 2187 1881 2257 jam
1933 2193 2073 2244 sunt

422 2277 747 2344 credibilia,
781 2277 874 2346 iis,
908 2293 1034 2347 quae
1068 2274 1330 2330 nondum
1367 2277 1507 2328 sunt
1535 2273 1856 2345 credibilia,
1891 2277 2070 2347 possit

429 2371 604 2426 fidem
639 2369 847 2434 facere,
878 2382 1006 2421 eam
1040 2363 1227 2436 ipsam
1269 2362 1533 2418 dicemus
1581 2378 1710 2419 esse
1757 2366 2070 2420 essentiam

427 2455 966 2516 demonstrationis.
999 2453 1230 2509 Dictum
1253 2455 1341 2508 est
1389 2455 1605 2520 autem,
1658 2452 1789 2508 ﬁdei
1843 2470 2076 2527 quoque

426 2552 484 2604 et
519 2542 1033 2603 demonstrationis
1065 2557 1252 2614 genus
1284 2555 1412 2596 esse
1441 2539 1655 2612 duplex
1687 2556 1700 2595 :
1736 2559 1918 2598 unum
1953 2543 2076 2615 qui-

428 2635 744 2708 dem,quod
779 2633 963 2690 solam
997 2630 1162 2686 affert
1195 2629 1635 2702 persuasionem
1667 2630 1882 2686 animis
1910 2633 2076 2688 audi-

427 2730 647 2792 torum,
696 2723 943 2780 alterum
993 2736 1149 2785 vero,
1201 2719 1358 2791 quod
1407 2719 1585 2774 efficit
1633 2720 1958 2776 scientiam.
2014 2722 2072 2778 Si

436 2814 570 2887 quis
602 2828 738 2885 ergo
771 2808 1052 2882 inceperit
1071 2824 1139 2864 cx
1161 2807 1232 2863 iis
1262 2824 1387 2879 quae
1419 2811 1558 2863 sunt
1586 2809 1875 2866 evidentia
1904 2827 2075 2868 sensu

431 2907 490 2959 et
521 2900 926 2974 intelligentia,
960 2902 1017 2954 et
1065 2896 1276 2952 deinde
1325 2896 1766 2953 convenientem
1815 2899 2078 2956 intulerit

428 2990 891 3061 conclusionem,
925 3003 1054 3043 vere
1087 2985 1587 3042 demonstratzsin
1625 2989 1818 3042 autem
1852 3005 1920 3043 ex
1950 2989 2076 3060 epi-

430 3080 729 3136 nabilibus
761 3076 972 3143 solum,
1003 3092 1119 3131 non
1178 3079 1375 3130 autem
1431 3074 1651 3145 primis,
1698 3075 1806 3131 hoc
1854 3083 1941 3132 est
1985 3094 2081 3132 ne-

2172 934 2417 1007 αῗσθησιν
2469 932 2750 1012 συμϐάντα
2797 936 2937 991 ἐστὶν
2997 937 3146 990 ἁπλᾶ
3200 956 3258 990 τε
3285 937 3374 991 καὶ
3405 933 3574 991 ἄλυτα
3603 939 3680 1011 (1)
3712 957 3725 971 ⁸
3755 940 3824 993 τὰ

2176 1023 2232 1080 δὲ
2275 1026 2411 1099 πρὸς
2455 1026 2660 1098 νόησιν,
2688 1025 2838 1082 ἁπλᾶ
2883 1045 2942 1081 τε
2988 1026 3076 1080 καὶ
3133 1024 3332 1102 λογικὰ
3372 1025 3462 1080 καὶ
3491 1030 3679 1102 πρῶτα
3711 1048 3724 1060 ·
3757 1028 3826 1082 τὰ

2176 1113 2232 1170 δὲ
2280 1115 2332 1186 ἐξ
2386 1115 2560 1170 αὐτῶν
2597 1116 2902 1193 γεννώμενα
2954 1115 3179 1170 σύνθετα
3227 1115 3342 1188 μὶν,
3375 1113 3527 1170 οὐδὲν
3579 1113 3624 1170 δ’
3660 1119 3825 1185 ἧττον

2177 1203 2376 1280 ἐναργῆ
2433 1205 2522 1260 καὶ
2579 1207 2745 1260 πιστὰ
2801 1205 2892 1259 καὶ
2958 1201 3300 1279 λογικώτερα
3325 1207 3434 1258 τῶν
3467 1205 3694 1281 πρώτων
3726 1208 3826 1280 (2).

2178 1292 2520 1358 Ἀκολοόθου
2575 1296 2664 1350 καὶ
2729 1293 3052 1369 μαχομένου
3112 1292 3202 1347 οὖν
3261 1291 3425 1364 ἐστιν,
3467 1293 3633 1371 ἥνπερ
3686 1293 3830 1350 tam

2180 1380 2351 1456 λόγου
2433 1379 2659 1456 δύναμιν
2746 1387 3049 1457 πεφυκυῖαν
3131 1381 3361 1444 ἅπαντες
3446 1380 3648 1456 ἔχομεν
3733 1382 3832 1457 φύ-

2179 1492 2280 1526 σει.
2313 1471 2434 1525 Ἐὰν
2469 1470 2557 1526 οὖν
2586 1492 2669 1534 τις
2701 1469 2893 1546 εὑρεθῇ
2927 1469 3099 1545 λόγος
3126 1474 3377 1532 τοιοῦτος
3437 1472 3554 1534 οἷος
3607 1470 3666 1526 ἐκ
3715 1477 3828 1526 τῶν

2180 1559 2288 1630 ἤδη
2323 1565 2526 1615 πιστῶν
2558 1565 2674 1623 τοῖς
2705 1558 2860 1616 οῧπω
2911 1562 2989 1634 (3)
3036 1565 3249 1622 πιστοῖς
3302 1558 3672 1636 ἐκπορίζεσθαι
3723 1563 3826 1632 τὴν

2182 1653 2357 1704 πίστιν
2415 1647 2731 1724 δυνάμενος,
2775 1650 2936 1705 αὐτὸν
2995 1655 3185 1705 τοῦτον
3247 1650 3378 1703 εἶναι
3437 1651 3680 1727 φήσομεν
3739 1649 3831 1706 οὐ·

2181 1738 2296 1801 σίαν
2353 1737 2696 1810 ἀποδείξεως.
2726 1737 2957 1814 Ε’ίρηται
3017 1735 3074 1794 δὲ
3132 1740 3206 1801 ὡς
3256 1737 3348 1793 καί
3377 1739 3440 1794 τὸ
3468 1745 3568 1808 τῆς
3597 1738 3830 1802 πίστεως

2179 1827 2267 1882 καὶ
2299 1829 2361 1883 τὸ
2391 1835 2490 1898 τῆς
2522 1826 2850 1902 ἀποδείξεως
2899 1830 3056 1904 γένος
3117 1825 3296 1882 διττόν
3331 1844 3346 1858 ⁶
3385 1828 3446 1883 τὸ
3507 1828 3601 1900 μὶν
3658 1831 3831 1884 πειθὼ

2184 1917 2348 1990 μόνον
2382 1924 2500 1980 ταῖς
2532 1921 2739 1994 ψυχαῖς
2783 1923 2890 1972 τῶν
2943 1918 3276 1990 ἀκουόντων,
3306 1917 3370 1972 τὸ
3419 1914 3476 1972 δὲ
3525 1917 3834 1991 ἐπιστήμην

2183 2007 2754 2082 ἀπεργαζόμενον
2791 2007 2852 2063 Εἰ
2917 2008 3011 2080 μὲν
3064 2004 3155 2062 οὖν
3215 2006 3276 2062 ἐκ
3327 2011 3436 2062 τῶν
3485 2007 3620 2082 πρὸς
3649 2006 3838 2078 α’ἰσθηο

2182 2117 2261 2152 σιν
2313 2096 2402 2151 καὶ
2449 2095 2636 2166 νόησιν
2671 2096 2910 2172 ἐναργῶν
2942 2094 3157 2170 ἄρξαιτό
3215 2117 3322 2166 τις,
3354 2097 3583 2151 κᾶπειτα
3633 2096 3697 2151 τὸ
3754 2097 3838 2151 οἶ-

2181 2190 2328 2240 κεῖον
2403 2184 2682 2260 ἐπενέγκοι
2766 2184 3153 2261 συμπέρασμα,
3212 2180 3379 2247 ὅντως
3461 2181 3836 2240 ἀποδείκνυσιν

2185 2275 2231 2331 εἰ
2265 2272 2310 2330 δ’
2343 2273 2394 2346 ἐξ
2454 2271 2684 2346 ἐνδόξων
2745 2275 2938 2347 μόνον,
2967 2275 3032 2328 οὐ
3093 2274 3201 2348 μὴν
3260 2274 3492 2350 πρώτων
3541 2295 3623 2350 γε,
3652 2275 3839 2331 τουτὲο

2183 2385 2296 2420 στιν
2327 2361 2449 2419 οὔτε
2478 2364 2614 2440 πρὸς
2648 2361 2893 2434 α’ίσθησιν
2937 2360 3054 2418 ιῧτε
3107 2364 3245 2437 πρὸς
3301 2362 3489 2434 νόησιν
3541 2363 3786 2440 ἐναργῶν
3820 2383 3836 2397 ·

2185 2452 2234 2510 εἴ
2297 2454 2391 2527 μὶν
2444 2452 2643 2508 οἰκεῖον
2700 2452 2948 2531 ἐπιφέροι
3023 2451 3404 2528 συμπέρασμα,
3463 2450 3840 2529 συλλογιεῖται

2190 2544 2308 2618 μὲν,
2341 2542 2403 2598 οὐ
2468 2543 2573 2616 μὴν
2635 2541 3071 2614 ἐπιστημονικήν
3131 2563 3190 2616 γε
3245 2543 3529 2613 ποιήσεται
3558 2545 3657 2612 τὴν
3699 2542 3838 2597 ἀπό-

2187 2632 2347 2706 δειξιν
2384 2653 2396 2665 υ
2432 2632 2479 2688 εἷ’
2505 2629 2550 2686 δ’
2583 2631 2682 2687 οὐκ
2725 2630 2953 2702 οἷ’κεῖον,
2987 2628 3111 2686 οὐδὲ
3161 2628 3536 2706 συλλογιεῖται
3584 2633 3683 2699 τήν
3741 2633 3841 2707 ἀρ-

2187 2724 2320 2798 χήν.
2356 2722 2602 2799 Διαφέρει
2653 2718 2698 2776 δ’
2742 2719 3056 2783 ἀναλύσεως
3105 2723 3186 2791 (5)
3242 2717 3515 2791 ἀπόδειξις
3546 2740 3559 2753 ο
3614 2717 3839 2777 ἕκαστον

2193 2812 2286 2886 μὲν
2319 2811 2424 2887 γὰρ
2480 2815 2587 2865 τῶν
2643 2808 3117 2883 ἀποδεικνυμένων
3162 2807 3250 2865 διά
3305 2831 3469 2864 τινων
3527 2807 3843 2866 ἀποδεικνυ-

2193 2902 2367 2974 μένων
2426 2898 2854 2967 ἀποδείκνυται,
2914 2896 3500 2974 προαποδεδειγμένων
3582 2898 3842 2955 κὰκείνων

2194 2991 2280 3067 ὑφ’
2311 2990 2530 3064 ἐτέρων,
2563 2991 2724 3065 ἄχρις
2785 2985 2845 3042 ἂν
2894 2987 2970 3051 εἷς
3022 2987 3088 3044 τὰ
3151 2987 3200 3061 ἐξ
3249 2989 3447 3044 ἑαυτῶν
3509 2990 3670 3044 πιστὰ
3714 2988 3850 3044 ἀνσ-

2191 3074 2512 3149 δρσὶμωμεν,
2576 3075 2610 3144 ἢ
2672 3075 2747 3138 είς
2795 3077 2863 3130 τὰ
2909 3076 3044 3149 πρὸς
3100 3073 3351 3147 α’ίσθησίν
3400 3097 3458 3130 τε
3514 3075 3604 3130 καὶ
3658 3078 3847 3148 νόησιν

435 3185 548 3243 que
579 3185 756 3224 sensu
790 3165 1160 3222 evidentibus
1197 3179 1302 3218 nec
1333 3161 1738 3234 intelligentia.
1770 3164 1819 3219 si
1874 3182 2077 3221 conve-

2192 3165 2422 3241 ἐναργῆ·
2459 3163 2590 3238 ὅπερ
2622 3163 2881 3228 ἀνάλυσις
2906 3165 3228 3237 ὀνομάζεται
3250 3161 3551 3237 ’ἀπόδειξις
3584 3161 3641 3220 δέ
3678 3165 3850 3238 ἐστιν,

430 3259 690 3314 nientem
723 3255 957 3328 quidem
993 3253 1202 3309 inferat
1229 3249 1684 3320 conclusionem,
1716 3252 2076 3327 syllogizabit

444 3345 810 3419 quidem,sed
846 3359 960 3398 non
991 3342 1199 3397 efﬁciet
1223 3339 1602 3396 scientiﬁcam
1633 3341 2081 3401 demonstratio-

437 3450 571 3490 nem
605 3449 617 3488 :
651 3431 714 3495 ἰα
739 3432 831 3488 sin
863 3435 1055 3485 autem
1090 3446 1204 3484 non
1235 3427 1699 3500 convenientem,
1732 3447 1804 3486 ne
1842 3431 2079 3488 omnino

433 3522 668 3595 quidem
716 3517 1104 3593 syllogizabit.
1142 3516 1338 3572 Difior‘.
1369 3521 1562 3572 autem
1598 3520 2017 3576 demonstratio
2049 3539 2081 3578 a

433 3610 809 3668 resolutione.
830 3606 1304 3678 Unumquodque
1326 3605 1482 3660 enim
1507 3620 1575 3662 ex
1595 3605 1668 3662 iis
1689 3623 1817 3679 quis
1840 3609 2080 3666 demon-

436 3704 722 3766 strantur,
781 3698 1219 3752 demonstratur
1265 3694 1421 3752 828
1468 3712 1572 3766 per
1616 3697 1903 3767 quaedam,
1954 3716 2081 3772 qum

430 3790 929 3856 demonstrantur,
950 3784 1067 3840 illis
1099 3801 1332 3856 quoque
1363 3784 1532 3856 prius
1561 3785 1978 3845 demonstratis
2010 3791 2082 3846 ab

428 3875 579 3942 aliis,
613 3876 794 3930 donec
842 3871 1198 3927 recurrimus
1251 3871 1326 3926 ad
1378 3888 1446 3926 ea
1501 3889 1630 3943 qua:
1680 3880 1818 3930 sunt
1870 3893 1973 3948 per
2022 3894 2084 3934 se

428 3963 743 4029 credibilia,
777 3965 878 4017 aut
909 3961 980 4015 ad
1013 3976 1079 4015 ea
1109 3977 1231 4030 qua:
1265 3964 1403 4015 sunt
1464 3960 1754 4017 evidentia
1800 3980 1973 4019 sensu
2028 3970 2086 4022 et

429 4051 838 4125 intelligentia,
891 4048 1048 4121 quod
1105 4048 1342 4119 quidem
1397 4049 1737 4106 nominatur
1784 4053 2082 4110 resolutio.

430 4140 854 4198 Demonstratio
887 4142 1086 4193 autem
1121 4140 1230 4202 est,
1264 4138 1498 4206 quando
1531 4155 1564 4192 a
1601 4138 1810 4210 primis
1841 4141 1998 4197 venit
2027 4142 2084 4198 id

431 4230 584 4301 quod
618 4227 919 4301 quaeritur,
970 4240 1072 4296 per
1118 4223 1319 4280 omnia
1366 4241 1492 4296 quae
1543 4230 1685 4281 sunt
1733 4229 2087 4288 intermedia

504 4395 566 4460 .1.
598 4389 658 4444 P.
688 4387 795 4443 eos
824 4387 934 4445 ED.
969 4386 1270 4459 POTTER,
1303 4389 1413 4442 773
1444 4387 1554 4444 ED.
1589 4387 1816 4444 PARIS.

2186 3253 2310 3308 ὅταν
2340 3253 2445 3308 ἀπὸ
2474 3258 2582 3308 τῶν
2612 3255 2842 3330 πρώτων
2902 3253 2965 3308 τὸ
3021 3253 3354 3327 ζητούμενον
3407 3255 3694 3324 ἀφικνῆται
3755 3252 3851 3311 διὰ

2186 3344 2400 3398 πάντων
2431 3347 2537 3398 τῶν
2571 3340 2623 3396 ἐν
2684 3341 2855 3415 μέσῳ.
2892 3343 3013 3418 Χρὴ
3073 3342 3252 3397 τοίνυν
3312 3342 3403 3397 τὸν
3461 3341 3844 3400 ἀποδεικτικὸν

2188 3429 2354 3504 ἄνδρα
2408 3434 2507 3500 τῆς
2547 3431 2659 3506 -μέν
2716 3430 2973 3502 ἀληθείας
3033 3431 3107 3494 ὡς
3141 3436 3248 3487 τῶν
3281 3431 3591 3507 λημμάτων
3619 3431 3850 3504 πολλὴν

2187 3523 2515 3592 ποιήσασθαι
2547 3519 2830 3594 πρόνοιαν,
2863 3524 2972 3576 τῶν
3016 3517 3074 3576 δὲ
3113 3520 3397 3594 ὀνομάτων
3439 3521 3847 3599 ἀφροντιστεῖν,

2190 3608 2298 3665 εἴτε
2351 3609 2632 3684 ἀξιώματά
2685 3631 2768 3672 τις
2847 3608 3026 3674 ἐθὲλοι
3099 3609 3311 3681 καλεῖν,
3361 3608 3468 3666 εῗτε
3524 3609 3845 3685 προτάσεις,

2191 3696 2298 3755 ε’ίτε
2357 3701 2646 3773 Λήμματα.
2695 3697 2940 3773 Ὁμοίως
2999 3696 3058 3754 δὲ
3108 3698 3198 3754 καὶ
3241 3703 3360 3768 τοῦ,
3409 3699 3564 3756 τίνων
3624 3701 3853 3759 ὑποκει-

2195 3787 2372 3860 μένων
2419 3787 2472 3841 τί
2515 3786 2842 3862 περαίνεται,
2875 3784 3095 3858 πολλήν
3128 3786 3202 3849 ὡς
3258 3784 3432 3849 αὕτως
3478 3791 3552 3861 (ὃ)
3605 3797 3853 3860 πεποιῆ-

2195 3879 2314 3930 σθαι
2347 3877 2446 3946 τὴν
2480 3876 2736 3952 πρόνοιαν
2772 3895 2785 3908 ·
2821 3874 2923 3931 ετίτε
2955 3873 3012 3931 δὲ
3041 3875 3365 3952 περαίνοντα
3393 3875 3554 3951 λόγον
3588 3877 3698 3933 εἵτι
3743 3900 3852 3935 πε-

2195 3965 2472 4041 ραντικὸν,
2525 3963 2631 4021 εῖτε
2688 3963 3136 4042 συλλογιστικὸν,
3179 3964 3354 4022 ἐθέλοι
3409 3987 3494 4029 τις
3553 3967 3853 4040 ὀνομάζειν

2194 4053 2377 4124 αὐτὸν,
2431 4053 2629 4124 ἥκιστα
2681 4055 3009 4133 φροντίζειν.
3044 4053 3148 4109 Δύο
3192 4056 3291 4130 γὰρ
3341 4059 3509 4112 ταῦτα
3565 4055 3619 4111 ἐν
3678 4057 3856 4113 ἅπασι

2195 4150 2395 4218 χρῆναι
2455 4144 2601 4218 φημῖ
2661 4145 2754 4198 τὸν
2813 4141 3194 4199 ἀποδεικτικὸν
3250 4141 3577 4222 φυλάττειν·
3623 4145 3692 4200 τὰ
3751 4147 3862 4218 μὶν

2197 4231 2466 4304 λήμματα
2514 4229 2692 4301 ἀληθῆ
2749 4227 3071 4306 λαμϐάνειν,
3120 4231 3419 4289 ἀκόλουθον
3465 4236 3540 4307 (7)
3586 4231 3633 4288 δ’
3661 4233 3863 4300 αὐτοῖς

509 4547 1150 4642 (99),ίῖρέῗῗροῖε.ῗ³ἓῖῖὶξ
1179 4555 1250 4642 Et
1289 4548 1373 4642 ei!
1421 4549 1761 4642 Αξίξιοίθιςθ
1806 4550 2077 4641 Prisci?“

2202 4555 2344 4642 sunt
2372 4550 2716 4642 probabilia.
2752 4574 2779 4602 ››
2809 4552 3098 4642 Sagana.

437 4617 540 4677 lib.
564 4639 582 4676 ι
615 4617 842 4692 Αηᾴιῃι.
864 4620 1229 4692 posteriorum
1249 4639 1268 4678 .'
1291 4625 1438 4674 Πᾶσα
1471 4617 1794 4674 διδασκαλία
1810 4617 1910 4674 -καὶ
1945 4617 2089 4675 πᾶσα

445 4688 1017 4767 μάθησις-διανοητική
1078 4690 1137 4767 ἐκ
1185 4693 1654 4767 προϋπαρχούσης
1694 4692 1907 4767 γίνεται,
1947 4693 2088 4767 γνώ-

443 4783 646 4823 σεως.‹‹
679 4765 883 4819 Omnis
915 4764 1178 4818 doctrina
1207 4764 1264 4819 et
1289 4764 1482 4819 omnis
1514 4764 1826 4823 disciplina
1855 4764 2092 4820 dianoe-

446 4783 646 4823 σεως.‹‹
679 4781 883 4819 umnis
915 4781 1178 4818 uocrrina
1207 4781 1264 4819 et
1289 4781 1482 4819 omnis
1514 4781 1657 4819 eiset
1711 4781 1826 4819 una
1855 4781 2092 4820 mance-

446 4837 563 4889 tica
595 4835 660 4888 fit
708 4851 775 4890 ex
807 4835 1184 4890 antecedente
1215 4836 1565 4906 cognitione.
1595 4858 1622 4884 »
1655 4781 1814 4901 good
1866 4837 1943 4890 ibi
1987 4837 2093 4892 ad-

448 4907 642 4960 ductis
673 4905 956 4977 eaemplis
984 4907 1098 4960 late
1130 4905 1354 4977 probat.
1565 4919 1569 4922 ·

525 4979 597 5048 (1)
631 4975 864 5031 "Alte-ca.
901 4976 1020 5032 Hoc
1050 4975 1155 5042 est,
1176 4993 1316 5048 quia
1353 5000 1372 5025 ι
1411 4977 1618 5034 resolvi
1652 4994 1764 5034 non
1797 4981 2093 5048 possunt»

453 5047 511 5101 in
545 5048 660 5120 alia
690 5065 752 5102 se
782 5050 996 5120 priora.
1030 5047 1190 5113 Quod
1211 5047 1283 5120 in
1321 5048 1527 5118 primis
1558 5047 1865 5120 principiis
1896 5065 2099 5104 neces-

452 5119 673 5173 sarium
702 5125 811 5174 est.
849 5119 1058 5174 Eadem
1090 5123 1230 5173 sunt
1259 5119 1426 5184 ἁπλᾶ,
1453 5140 1484 5172 (ι
1507 5119 1863 5190 simplicia,»
1887 5125 1948 5175 ut
1969 5135 2099 5190 quae

452 5205 520 5244 ex
553 5191 684 5244 aliis
716 5195 1154 5262 nonconstent,
1188 5190 1406 5262 alioqui
1440 5207 1551 5245 non
1587 5197 1782 5245 essent
1814 5195 2024 5262 prima.

521 5261 597 5334 (2)
644 5260 988 5334 Λογικώτερα
1035 5264 1142 5313 τῶν
1173 5261 1430 5334 πρώτων.
1467 5263 1686 5332 Nempe
1719 5260 1872 5334 quod
1910 5263 2100 5331 prima

453 5333 741 5403 principia
789 5349 889 5403 per
923 5333 998 5387 se
1056 5333 1224 5388 obvia
1255 5333 1393 5403 sint.
1428 5336 1684 5388 secunda
1717 5333 1850 5388 vero
1880 5351 1947 5388 ex
1979 5335 2099 5402 pri-

452 5401 583 5528 'rnist
624 5401 726 5474 per
782 5401 1117 5460 facultatem
1169 5406 1266 5456 τοῦ
1311 5401 1506 5478 λόγου,
1530 5427 1558 5455 (ι
1593 5405 1855 5475 rationis,
1891 5427 1919 5456 »
1951 5401 2097 5460 infe-

452 5491 554 5528 ran
590 5491 678 5528 ur.

451 5491 678 5530 rantur.

523 5546 596 5616 (3)
631 5541 818 5600 Οὔπω.
852 5545 945 5601 Sic
976 5545 1286 5617 legendum
1324 5561 1451 5602 esse
1483 5563 1584 5617 pro
1615 5545 1770 5617 vulg.
1807 5544 1975 5611 οὕτω,
2006 5545 2098 5599 vi-

456 5617 541 5671 dit
571 5618 742 5674 etiam
777 5618 1086 5689 interpres,
1119 5619 1258 5673 dum
1285 5618 1478 5683 vertit,
1511 5641 1539 5668 ‹‹
1571 5617 1643 5674 iis
1675 5633 1802 5689 quis
1837 5617 2098 5674 nondum

2273 4624 2347 4694 (4)
2380 4622 2872 4696 Ἀπεργαζόμενον.
2918 4625 3084 4680 Forte
3144 4623 3358 4680 rectius
3416 4622 3869 4698 ἐναπεργαζόμε-

2199 4713 2312 4748 νον.
2345 4700 2629 4750 SYLBURG.

2272 4766 2346 4836 (5)
2369 4763 2737 4849 :Avalooemc.
2769 4761 3052 4820 ’Ᾱνάλυσιν
3084 4765 3358 4850 intelligit
3400 4783 3549 4834 eam,
3583 4783 3703 4850 qua
3764 4784 3872 4850 ζεῦ

2201 4836 2260 4890 in
2297 4837 2515 4905 primas
2547 4838 2674 4909 ejus
2705 4853 2912 4892 causas
2945 4836 3321 4909 regrediendi)
3354 4854 3457 4908 per
3502 4836 3695 4895 varias
3755 4839 3874 4895 de-

2205 4907 2659 4964 monstrationes
2690 4909 2926 4963 tandem
2960 4907 3286 4963 resolvitur.
3321 4907 3487 4966 C’onf.
3520 4909 3878 4966 Aristotelis

2205 4980 2425 5051 Analyt,
2459 4980 2726 5051 posl.__lib.
2760 4996 2823 5046 ιι,
2855 4996 2980 5050 cap.
3010 4981 3100 5034 22.

2276 5048 2362 5120 (6f
2409 5049 2495 5110 Ὡς
2565 5048 2760 5110 αὕτως.
2817 5048 3199 5106 Scribendum
3277 5052 3589 5122 conjuncta
3673 5050 3883 5106 ὡσαύ-

2203 5140 2333 5175 τως.

2386 5189 2672 5275 Ἀκόλουθ.
2705 5191 2985 5275 βοιιιὶεῇι,
3029 5196 3094 5275 ut
3124 5207 3321 5275 .pravs
3364 5193 3780 5275 distinctione,
3820 5200 3890 5275 et

2208 5265 2354 5336 forte
2385 5264 2639 5318 materiae
2669 5261 3047 5336 obscuritate,
3078 5261 3173 5336 hic
3205 5265 3364 5318 locus
3413 5278 3617 5336 parum
3685 5266 3897 5322 fuerit.

2207 5334 3025 5424 hactenus“intelleqtus.,8ic
3082 5335 3263 5424 igitur;
3315 5334 3450 5392 eum
3505 5341 3896 5424 conceptum

2207 5421 2335 5488 exp.
2376 5402 2702 5460 Ἀκόλουθον
2763 5401 2809 5458 δ’
2864 5405 3052 5466 αὐτοῖς
3107 5401 3397 5487 ἐπιιεδέριειν¹
3446 5401 3841 5479 συμπάρέσμα
3876 5427 3892 5440 ·

2207 5477 2339 5553 ὅπερ
2379 5476 2530 5553 ςτινὶς
2582 5474 2672 5530 καὶ
2733 5474 2995 5553 ἐπιιρορὰν
3049 5476 3299 5553 καλοῦσι,
3349 5497 3412 5532 το
3463 5477 3900 5553 ἐπιφερόμεεον

2205 5543 2685 5623 τοῖςιλήμμασιν.
2739 5543 2869 5623 ῌερὶ
2901 5543 3110 5623 ’παντὸς
3155 5543 3747 5623 τοῦᾸητῳμὲνοὺνξ.
3799 5547 3907 5606 δεῖ

2212 5621 2312 5672 τῶν
2342 5613 2674 5692 λημμάτων,
2705 5613 2919 5677 οἰκείων
2954 5615 3012 5676 δὶ
3039 5624 3118 5695 τῷ
3149 5613 3548 5696 προϐληθέντι,
3575 5621 3668 5678 καὶ
3721 5640 3906 5696 προ-
