4006 6200
214 401 322 454 585

1509 403 1954 458 STROMATUM
1991 402 2124 456 LIB.
2166 402 2316 456 VIII.

3512 415 3620 472 586

206 545 335 598 γους
361 524 492 576 εἶναι
544 524 750 600 φαμέν·
793 523 1000 578 τούτων
1047 525 1149 600 γὰρ
1198 528 1306 579 τῶν
1355 521 1630 591 διανοιῶν,
1662 522 1750 577 καὶ
1799 523 1854 576 αἱ

1972 538 2124 593 nem,
2158 540 2282 594 quae
2304 527 2393 580 est
2423 525 2637 582 animal
2668 530 2934 603 mortale,
2983 535 3279 604 terrestre,
3329 535 3622 606 pedestre,

200 610 482 685 διαιρέσεις
533 614 800 688 γίνονται.
833 617 956 671 Τῶν
1009 611 1066 668 δὲ
1113 612 1422 690 διαιρέσεων
1455 617 1488 683 ἡ
1526 612 1618 686 μέν
1652 635 1735 676 τις
1779 612 1853 673 εἷς

186 699 304 770 εῗδη
342 699 554 777 διαιρεῖ
581 705 644 758 τὸ
689 701 1091 778 διαιρούμενον,
1126 705 1200 768 ὡς
1246 704 1427 779 γένος·
1459 707 1494 774 ἡ
1537 701 1594 757 δέ
1641 723 1723 764 τις
1773 701 1852 763 εἷς

179 790 358 864 μέρη,
391 793 470 853 ὡς
510 791 666 847 ὅλον·
695 796 728 863 ἡ
763 791 821 847 δὲ
853 794 926 855 εἷς
973 795 1038 848 τὰ
1087 789 1492 867 συμϐεϐηκότα.
1530 795 1593 850 Ἣ
1632 794 1725 865 μὶν
1760 791 1850 846 οὖν

172 881 274 934 τοῦ
310 881 460 936 ὅλου
513 882 591 944 εἷς
638 883 704 938 τὰ
755 884 892 958 μέρη
941 881 1222 958 διαίρεσις,
1257 885 1330 946 ὡς
1377 882 1462 938 ἐπὶ
1502 885 1564 938 τὸ
1594 882 1850 937 πλεῖστον

174 973 322 1024 κατᾶ
389 971 622 1048 μέγεθος
681 972 993 1028 ἆπινοεῖται·
1041 975 1075 1042 ἡ
1127 971 1184 1028 δὲ
1237 974 1312 1036 εἷς
1361 975 1427 1028 τὰ
1467 967 1854 1046 συμϐεϐηκότα

177 1059 462 1117 οὐδέποτε
515 1062 621 1130 ὅλη
675 1060 890 1117 δύναται
944 1060 1334 1140 διαληφθῆναι,
1382 1062 1486 1139 εἴγε
1533 1062 1621 1117 καὶ
1668 1059 1850 1116 οὐσίαν

175 1149 407 1223 ἑκάστῳ
439 1149 529 1206 δεῖ
570 1152 786 1214 πάντως
829 1157 936 1207 τῶν
989 1148 1156 1208 ὄντων
1204 1153 1486 1229 ὑπάρχειν.
1520 1154 1676 1210 "Ost
1725 1149 1852 1205 ἀδό-

175 1263 346 1311 κιμοι
381 1239 554 1318 Ξμᾳω
601 1242 757 1297 αὗται
806 1244 861 1296 αἱ
895 1241 1204 1318 διαιρέσεις,
1251 1242 1387 1316 μόνη
1422 1241 1479 1297 δὲ
1510 1239 1789 1314 εὐδοκιμεῖ
1816 1243 1850 1310 ἡ

171 1336 278 1384 τοῦ
313 1332 513 1405 γένους
547 1331 622 1393 si;
653 1330 767 1403 ε’ίδη
801 1333 970 1406 τομὴ,
1005 1333 1094 1410 ὕφ’
1123 1334 1189 1402 ἧς
1240 1330 1698 1408 χαρακτηρίζεται
1729 1330 1764 1400 ἥ
1795 1350 1854 1385 τε

173 1420 464 1489 ταυτότης
499 1423 538 1489 ἡ
586 1423 721 1476 κατᾶ
767 1421 944 1496 γένος,
976 1420 1010 1490 ἦ
1043 1443 1100 1476 τε
1147 1421 1400 1497 ἑτερότης
1432 1424 1466 1490 ἡ
1499 1421 1636 1475 κατᾶ
1675 1417 1852 1480 ἱδικὰς

174 1505 484 1584 auge-91';
549 1511 621 1564 Τὸ
679 1507 822 1573 εἶδος
872 1512 954 1565 ἀεὶ
1003 1504 1053 1564 ἔν
1101 1533 1204 1566 τινι
1257 1513 1407 1586 μέρει
1453 1515 1752 1582 θιωρεῖται·
1791 1507 1853 1562 οὐ

178 1601 294 1670 μὴν
327 1599 637 1671 ἀνάπαλιν,
666 1597 717 1654 εἶ’
739 1621 790 1654 τι
826 1601 992 1676 μέρος
1023 1599 1133 1656 ἔστί
1164 1622 1333 1667 τινος,
1364 1605 1522 1654 τοῦτο
1571 1599 1660 1654 καὶ
1711 1595 1852 1659 εἶδος

172 1690 511 1760 γενήσεται·
546 1691 580 1757 ἡ
612 1690 713 1764 γάρ
757 1690 882 1765 χεὶρ
935 1689 1099 1764 μέρος
1148 1689 1240 1763 μέν
1273 1688 1384 1744 ἔστι
1409 1693 1505 1744 τοῦ
1539 1688 1850 1763 ἀνθρώπου,

175 1773 331 1837 εἶδος
373 1774 430 1830 δὲ
462 1776 566 1831 οὐκ
596 1775 759 1833 ἔστιν.
793 1777 896 1834 Καῖ
943 1779 1006 1832 τὸ
1053 1778 1147 1851 μὲν
1195 1779 1353 1854 γένος
1406 1777 1458 1831 ἐν
1508 1783 1624 1837 τοῖς
1658 1773 1850 1831 εἶ’δεσιν

1963 613 2207 670 rationis
2235 614 2546 687 particeps.
2580 617 2701 680 Quo
2732 619 2796 674 ﬁt
2828 625 2893 675 ut
2924 623 3188 679 materia)
3233 623 3470 696 quidem
3521 625 3606 681 lo-

1962 719 2095 757 cum
2128 708 2361 775 praestet
2390 704 2617 773 divisio,
2651 707 2977 765 deﬁnitioni
3011 728 3278 783 quaerens
3325 713 3617 786 simplici-

1961 797 2142 848 tatem
2176 793 2431 851 nominis
2463 812 2475 849 :
2512 797 2753 854 artiﬁcis
2784 805 2977 856 autem
3004 807 3063 858 et
3081 804 3308 876 opiﬁcis
3330 805 3614 878 deﬁnitio,

1963 899 2088 954 quae
2121 884 2418 954 componit
2447 889 2502 939 et
2529 889 2838 956 construit,
2872 894 2929 944 et
2952 893 3080 961 ejus
3111 894 3267 964 quod
3291 899 3381 949 est
3411 899 3612 951 osten-

1961 973 2048 1026 dit
2079 973 2494 1043 cognitionem.
2546 975 2671 1031 Non
2717 977 2926 1034 harum
2977 986 3177 1038 autem
3227 999 3446 1054 rerum,
3509 1002 3616 1041 nec

1960 1059 2226 1116 idearum
2250 1063 2397 1116 381
2431 1068 2572 1118 sunt
2591 1065 2984 1139 deﬁnitiones,
3008 1071 3107 1125 sed
3137 1088 3339 1127 rerum
3364 1089 3616 1144 quarum

1960 1149 2246 1205 habemus
2267 1151 2624 1208 universales
2650 1155 2706 1208 in
2728 1157 2926 1212 animo
2946 1159 3237 1217 notiones.
3266 1161 3485 1218 Harum
3511 1180 3615 1219 no-

1960 1239 2186 1294 tionum
2219 1241 2467 1297 dicimus
2494 1259 2624 1299 esse
2645 1245 2942 1302 orationes
2968 1247 3370 1320 interpretativ
3383 1268 3446 1307 as
3471 1269 3484 1314 ;
3511 1252 3610 1308 ha-

1961 1345 2092 1384 rum
2125 1330 2281 1384 enim
2304 1331 2608 1388 notionum
2634 1333 2784 1390 ﬁunt
2805 1335 2982 1391 etiam
3007 1337 3344 1396 divisiones.
3365 1341 3444 1396 Ex
3468 1341 3584 1397 divi
3602 1373 3615 1385 ο

1962 1418 2229 1474 sionibus
2248 1423 2461 1486 autem,
2489 1439 2603 1477 una
2625 1423 2862 1495 quidem
2884 1433 2948 1498 ᾗ(
2969 1425 3178 1483 dividit
3199 1445 3319 1484 rem
3367 1429 3617 1488 divisam

1963 1507 2018 1562 in
2053 1508 2298 1578 species,
2333 1514 2398 1565 ut
2427 1526 2613 1581 genus
2644 1529 2657 1568 :
2687 1512 2869 1569 altera
2902 1519 3093 1572 autem
3114 1516 3172 1572 in
3198 1522 3415 1588 partes,
3443 1523 3511 1574 ut
3532 1525 3619 1576 to-

1961 1601 2118 1653 tum:
2157 1597 2269 1653 alia
2297 1599 2498 1654 veroin
2536 1601 2884 1659 accidentia.
2923 1607 3104 1676 Atque
3149 1605 3331 1662 totius
3369 1607 3612 1680 quidem

1960 1688 2017 1742 in
2052 1690 2246 1759 partes
2269 1687 2496 1757 divisio,
2522 1693 2586 1744 ut
2607 1690 2930 1762 plurimum
2954 1693 3364 1751 consideratur
3389 1695 3446 1751 in
3488 1713 3616 1753 ma-

1961 1775 2270 1848 gnitudine
2303 1793 2316 1830 :
2350 1793 2479 1847 quae
2511 1778 2576 1833 ﬁt
2605 1783 2802 1835 autem
2832 1780 2893 1836 in
2927 1783 3273 1851 accidentia,
3307 1801 3613 1856 nunquam

175 1863 512 1940 ἐνυπάρχει·
547 1868 608 1921 τὸ
641 1868 743 1943 γάρ
778 1871 916 1936 ζῶον
942 1867 1030 1922 καὶ
1062 1867 1112 1921 ἐν
1143 1873 1224 1940 τῷ
1254 1867 1524 1942 ἀνθρώπῳ
1552 1865 1641 1920 καὶ
1691 1863 1741 1919 ἐν
1774 1869 1852 1937 τῷ

1972 1868 2154 1936 potest
2183 1869 2303 1920 tota
2332 1865 2633 1938 explicari,
2678 1869 2972 1940 siquidem
3019 1875 3246 1944 oportet
3295 1873 3617 1946 unicuique

335 1957 405 2008 τὸ
439 1953 502 2009 δὲ
556 1955 711 2026 ὅλον,
762 1954 811 2010 έν
862 1961 978 2020 τοῖς
1028 1956 1241 2030 μέρεσιν
1294 1958 1395 2011 οὐκ
1442 1955 1757 2030 ἐνυπάρχει·
1791 1954 1853 2009 οὐ

177 2047 284 2116 γάρ
325 2046 357 2098 ὁ
391 2046 686 2116 ἄνθρωπος
712 2044 763 2098 έν
795 2051 911 2107 τοῖς
958 2045 1113 2100 ποσὶν
1170 2047 1423 2120 ὑπάρχει.
1460 2044 1553 2098 Διὸ
1600 2042 1857 2118 κυριώτε·

180 2153 273 2206 ρον
305 2134 380 2187 τὸ
417 2131 568 2193 εἶδος
597 2137 695 2186 τοῦ
729 2135 948 2207 μέρουςο
980 2134 1069 2189 καὶ
1118 2135 1215 2188 ὅσα
1261 2138 1357 2188 τοῦ
1394 2132 1579 2208 γένους
1610 2153 1844 2209 κατηγο-

185 2228 394 2295 ρεῖται,
426 2226 601 2276 ταῦτα
651 2224 822 2277 πάντα
856 2224 944 2278 καὶ
990 2228 1086 2278 τοῦ
1118 2221 1295 2286 εἷ’δους
1325 2224 1853 2299 κατηγορηθήσεται.

185 2320 462 2387 "Apes-trav
498 2313 597 2384 μὲν
635 2310 726 2366 οὖν
761 2312 834 2374 εἷς
865 2309 960 2366 δύο
991 2314 1346 2389 θεωρεῖν
1375 2310 1490 2383 ε’ίδη
1514 2312 1578 2367 τὸ
1607 2312 1782 2387 γένος’
1806 2309 1856 2365 εἴ

188 2402 244 2456 Ξὲ
295 2404 404 2474 μή,
471 2401 557 2462 εἷς
613 2400 756 2476 τρία.
788 2402 870 2458 Τὰ
919 2403 1100 2456 τοίνυν
1152 2400 1294 2474 ε’ίδη,
1352 2401 1706 2478 γενικώτερον
1757 2402 1851 2474 μὲν

187 2490 582 2564 διαιρούμενα,
615 2489 1074 2566 χαρακτηρίζεται
1103 2496 1181 2563 τῷ
1211 2513 1268 2547 τε
1297 2496 1474 2562 ταυτῷ
1497 2490 1586 2546 καὶ
1621 2490 1850 2566 θατέρῳ·

185 2580 376 2636 ἔπειτα
408 2578 469 2635 δὲ
504 2578 600 2634 διὰ
627 2581 736 2635 τῶν
764 2585 990 2656 γενικῶς
1039 2583 1458 2654 σημαινομένων
1501 2577 1855 2655 διαιρούμενα

186 2671 689 2746 χαρακτηρίζεται.
738 2671 999 2727 *Ἑκαστον
1048 2671 1148 2746 γὰρ
1196 2675 1306 2726 τῶν
1351 2667 1511 2725 εἱδῶν
1540 2668 1666 2740 ἤτοι
1697 2669 1855 2724 οὐσία

185 2762 350 2815 ἐστίν’
387 2761 582 2834 ὥσπερ
614 2759 740 2815 ὅταν
773 2759 1044 2836 λέγωμεν,
1077 2763 1195 2818 Τῶν
1226 2754 1397 2815 ὄντων
1425 2761 1492 2814 τὰ
1534 2761 1631 2832 μὲν
1660 2760 1856 2833 σώμα-

184 2854 251 2904 τά
281 2849 426 2915 ἐστι,
458 2851 535 2904 τά
585 2847 644 2904 Si
690 2850 971 2921 ἆσώματα’
1004 2849 1039 2917 ἢ
1070 2851 1259 2918 ποσὸν,
1292 2848 1328 2918 ἢ
1367 2849 1504 2924 πρός
1546 2870 1620 2917 τι,
1653 2847 1689 2918 ἢ
1722 2853 1853 2918 ποῦ,

192 2940 224 3006 ἦ
252 2939 414 3009 πότε,
524 2943 728 3006 ποιεῖν,
760 2937 796 3006 ἢ
827 2936 1078 3013 πάσχειν.
1111 2939 1320 3002 Παντὸς
1349 2939 1411 2992 οὗ
1440 2960 1584 3002 τινος
1615 2936 1705 2992 οὖν
1737 2937 1856 2993 ἐπι-

195 3031 426 3101 στήμων
457 3028 552 3088 τίς
600 3026 738 3096 ἐστι,
769 3027 964 3083 τούτου
1005 3026 1094 3082 καὶ
1138 3028 1229 3082 τὸν
1282 3027 1408 3104 ὅρον
1459 3025 1750 3083 ἀποδώσειο
1785 3030 1858 3091 ὡς

196 3120 221 3170 6
265 3139 330 3193 γε
388 3118 469 3189 μὴ
531 3113 831 3188 δυνάμενος
872 3113 1022 3192 λόγῳ
1067 3111 1383 3193 περιλαϐεῖν
1433 3117 1522 3170 καὶ
1581 3116 1856 3190 ὁρίσασθαι

195 3208 404 3262 ﬁnali-1,
426 3205 639 3259 τούτου
671 3204 985 3278 ἐπιστήμων
1018 3205 1116 3260 οὐκ
1143 3206 1202 3260 ἄν
1234 3225 1367 3260 ποτε
1397 3205 1504 3276 εἴη.
1539 3207 1632 3260 Ἐκ
1676 3203 1732 3259 δὲ
1760 3212 1860 3275 τῆς

194 3300 284 3349 τοῦ
316 3297 460 3370 ὅρου
514 3293 738 3369 ἀγνοίας
789 3294 880 3348 καὶ
924 3295 1020 3356 τὰς
1070 3292 1284 3356 πολλὰς
1322 3289 1754 3372 ἀμφισϐητήσεις
1781 3295 1864 3371 γί-

194 3387 378 3439 νεσθαι
437 3382 538 3438 καὶ
595 3384 696 3444 τὰς
773 3384 996 3453 ἀπάτας,
1057 3379 1364 3456 συμϐαίνει,
1423 3383 1486 3439 Εἰ
1559 3385 1660 3459 γὰρ
1715 3385 1744 3438 ὁ
1798 3384 1862 3438 τὸ

198 3481 429 3549 ςρὶγμα
463 3469 634 3535 εἰδὼς
663 3470 778 3547 ἔχει
830 3471 965 3526 κατᾶ
1008 3471 1252 3527 διάνοιαν
1296 3472 1395 3540 τὴν
1436 3469 1640 3542 ε’ίδησιν
1673 3471 1860 3544 αὐτοῦ,

201 3561 420 3618 ἒᾶνπται
456 3560 520 3616 δὲ
551 3563 642 3616 καὶ
679 3559 829 3637 λόγῳ
877 3562 1166 3640 σαφηνίσαι
1199 3561 1227 3615 ὃ
1259 3559 1574 3629 διανοεῖται,
1607 3564 1642 3631 ἡ
1677 3559 1734 3616 δὲ
1763 3564 1862 3631 τῆς

205 3651 444 3713 ἰιανοίας
497 3650 767 3726 ἑρμηνεία
813 3651 936 3724 ὅρος
980 3649 1146 3721 ἐστὶν,
1188 3649 1474 3725 ἀναγκαῖόν
1510 3649 1618 3705 ἐστι
1648 3652 1740 3706 τὸν
1780 3650 1862 3705 εί-

209 3741 333 3797 ξὸτα
362 3745 427 3797 τὸ
457 3747 698 3817 πρᾶγμα
740 3739 992 3806 δύνασθαι
1044 3741 1208 3796 αὐτοῦ
1247 3740 1336 3795 καὶ
1367 3741 1458 3795 τὸν
1510 3741 1636 3818 ὅρον
1669 3739 1859 3796 ἀποδι-

211 3831 380 3890 δόναι.
431 3825 931 3905 Ηροσλαμϐἀνεται
982 3828 1039 3885 δὲ
1085 3829 1235 3904 ὅροις
1278 3831 1364 3885 καὶ
1399 3833 1434 3900 ἡ
1477 3828 1729 3906 διαφορὰ,
1764 3852 1862 3902 ση-

215 3924 366 3992 μείου
395 3921 555 3990 τάξιν
589 3919 864 3994 ἐπέχουσα
902 3923 982 3991 τῷ
1023 3918 1156 3995 ὅρῳ.
1206 3924 1292 3991 Τῷ
1337 3924 1465 3995 γοῦν
1519 3925 1615 3975 τοῦ
1655 3921 1863 3994 ἀνθρώ-

211 4032 316 4065 που
341 4012 458 4084 ὅρῳ
487 4010 560 4063 τὸ
591 4007 916 4083 γελαστικὸν
946 4009 1260 4084 προστεθὲν,
1293 4015 1441 4063 ποιεῖ
1467 4010 1528 4064 τὸ
1551 4007 1703 4064 ὅλον·
1727 4015 1864 4078 ζῶον

214 4100 463 4174 λογικὸν,
529 4097 753 4169 θνητὸν,
810 4103 1090 4173 χερσαῖον,
1143 4097 1326 4168 πεζὸν,
1374 4095 1711 4173 γελαστικόν.
1755 4105 1870 4169 Ση-

216 4198 336 4262 μεῖα
393 4193 503 4265 γάρ
559 4189 673 4243 ἐστι
728 4189 796 4243 τά
848 4189 984 4244 κατὰ
1034 4187 1294 4265 διαφορὰν
1353 4189 1736 4264 προσαγόμενα
1789 4193 1869 4260 τῷ

215 4282 318 4353 ὅρῳ
378 4279 604 4335 οἰκείων
665 4278 1020 4354 πραγμάτων
1073 4281 1172 4348 τὴν
1234 4275 1291 4332 δὲ
1346 4279 1500 4352 φύσιν
1552 4279 1726 4334 αὐτῶν
1763 4284 1871 4333 τῶν

216 4370 554 4444 πραγμάτων
603 4367 704 4422 οὐκ
748 4365 1108 4424 ἐνδείκνυται.
1158 4365 1368 4423 Αὐτίκα
1422 4365 1564 4421 ἰδίου
1611 4365 1870 4422 ἀπόδοσιν

219 4461 367 4534 cas-iv
402 4461 546 4514 εἶναι
576 4459 680 4526 τὴν
732 4453 1012 4534 διαφοράν·
1047 4457 1136 4510 καὶ
1181 4457 1314 4519 καθό
1344 4461 1450 4511 τῶν
1484 4454 1670 4512 ἄλλων
1702 4457 1869 4512 ἀπάν-

219 4571 314 4602 των
349 4547 606 4622 διαφέρει
648 4546 712 4600 τὸ
760 4541 890 4621 ἔχον
937 4547 1038 4615 τήν
1069 4542 1353 4622 διαφορὰν,
1385 4546 1414 4600 ’ὀ
1450 4545 1600 4619 μόνῳ
1642 4545 1873 4622 ὑπάρχει

1967 1952 2194 2009 entium
2224 1955 2462 2010 omnino
2511 1954 2704 2012 inesse
2744 1958 3081 2015 essentiam.
3110 1959 3273 2017 Unde
3319 1962 3496 2017 etiam
3528 1978 3619 2017 re-

1970 2044 2298 2115 probantur
2329 2044 2514 2099 ambae
2546 2045 2634 2099 hae
2657 2045 2978 2104 divisiones
3002 2064 3017 2104 :
3045 2047 3169 2104 sola
3191 2057 3386 2105 autem
3414 2051 3624 2123 proba-

1966 2137 2061 2187 tur
2083 2132 2294 2188 divisio
2326 2133 2555 2206 generis
2577 2134 2636 2189 in
2669 2137 2914 2207 species,
2947 2155 2978 2191 a
3017 2154 3133 2210 qua
3165 2137 3414 2195 formam
3476 2140 3616 2196 cha-

1965 2226 2369 2294 racteremque
2393 2222 2607 2294 accipit
2628 2240 2755 2296 qua
2778 2229 2865 2282 est
2886 2227 3210 2283 secundum
3236 2243 3423 2301 genus
3453 2229 3620 2284 iden-

1963 2312 2124 2381 titas,
2174 2317 2230 2367 et
2277 2313 2586 2368 diversitas
2634 2315 2824 2385 quoad
2895 2315 3258 2372 differentias
3307 2318 3612 2390 speciales.

1965 2402 2202 2475 Species
2231 2418 2465 2474 semper
2493 2403 2550 2457 in
2585 2403 2784 2475 aliqua
2826 2409 2990 2476 parte
3036 2406 3460 2478 consideratur,
3494 2425 3612 2465 non

1963 2498 2162 2549 tamen
2193 2496 2398 2548 contra
2427 2491 2477 2547 si
2506 2491 2642 2562 quid
2675 2497 2765 2548 est
2815 2510 2952 2566 pars
3005 2493 3278 2566 alicujus,
3340 2495 3451 2552 hoc
3505 2497 3616 2554 erit

1962 2584 2139 2643 etiam
2169 2582 2430 2656 species:
2464 2598 2676 2638 manus
2707 2583 2865 2639 enim
2899 2588 2989 2640 est
3016 2576 3151 2657 pars
3168 2585 3403 2657 quidem
3419 2585 3616 2643 homi-

1965 2673 2081 2742 nis,
2112 2689 2228 2728 non
2259 2675 2348 2727 est
2377 2674 2572 2726 autem
2607 2671 2851 2742 species.
2884 2675 2952 2727 Et
2973 2688 3160 2744 genus
3182 2673 3419 2746 quidem
3461 2674 3616 2731 inest

1963 2762 2022 2817 in
2055 2759 2363 2834 speciebus
2395 2775 2412 2813 :
2443 2757 2660 2816 animal
2691 2758 2847 2814 enim
2877 2759 3102 2829 inestiin
3127 2760 3364 2818 homine
3381 2761 3615 2818 etbove.

1964 2852 2174 2906 Totum
2207 2853 2403 2904 autem
2437 2865 2550 2903 non
2583 2847 2736 2903 inest
2765 2847 2824 2903 in
2883 2849 3170 2920 partibus.
3223 2855 3410 2907 Homo
3459 2851 3615 2907 enim

1968 2958 2081 2997 non
2115 2939 2269 2994 inest
2294 2937 2351 2990 in
2379 2936 2646 3009 pedibus.
2699 2936 2981 3000 Quocirca
3031 2937 3256 3010 species
3307 2944 3398 2995 est
3454 2942 3620 3011 parte

1969 3033 2180 3106 potior.
2214 3031 2285 3085 Et
2313 3044 2677 3102 quaecunque
2719 3029 2788 3083 de
2843 3044 3055 3100 genere
3112 3029 3524 3100 praedicantur,
3555 3045 3624 3086 ea

1968 3123 2141 3179 etiam
2175 3119 2372 3176 omnia
2400 3116 2878 3190 pradicabuntur
2905 3119 2976 3173 de
3007 3118 3220 3190 specie.
3250 3119 3439 3192 Atque
3471 3118 3622 3191 opti-

1975 3229 2140 3267 mum
2173 3209 2410 3281 quidem
2442 3206 2618 3262 fuerit
2647 3205 3029 3278 contemplari
3063 3223 3250 3279 genus
3281 3207 3339 3262 in
3389 3208 3622 3263 duabus

1977 3299 2286 3373 speciebus
2322 3314 2334 3350 :
2367 3295 2460 3350 sin
2505 3295 2702 3350 minus
2751 3300 2968 3362 autem,
3017 3295 3074 3351 in
3125 3296 3338 3352 tribus.
3391 3295 3624 3368 Species

1973 3407 2109 3464 ergo
2141 3386 2341 3443 divisae
2361 3384 2596 3457 quidem
2632 3382 2986 3455 generaiius,
3037 3384 3430 3441 characterem
3478 3384 3625 3442 acci-

1972 3481 2139 3553 piunt
2169 3493 2237 3532 ex
2264 3476 2461 3531 eodem
2493 3477 2551 3528 et
2581 3471 2783 3528 altero.
2838 3472 3054 3528 Deinde
3083 3489 3217 3529 vero
3266 3475 3489 3539 divisas,
3521 3489 3625 3545 per

1973 3585 2042 3626 ea
2070 3583 2197 3640 qua
2229 3562 2580 3637 generaliter
2611 3560 3026 3633 signiﬁcantur
3055 3563 3448 3619 characterem
3469 3563 3623 3620 acci-

1973 3657 2163 3729 piunt.
2196 3653 2572 3724 Unaquaeque
2589 3648 2746 3705 enim
2775 3649 3001 3721 species
3024 3654 3125 3706 aut
3143 3655 3233 3707 est
3253 3651 3618 3709 substantia:

1975 3750 2040 3801 ut
2069 3761 2204 3800 cum
2231 3741 2516 3798 dicimus:
2541 3743 2618 3794 Ex
2647 3738 2722 3794 iis
2745 3756 2873 3811 quae
2897 3743 3058 3807 sunt,
3087 3739 3200 3796 alia
3220 3741 3455 3812 quidem
3483 3744 3624 3798 sunt

1975 3852 2272 3908 corporea,
2304 3832 2419 3889 alia
2445 3847 2580 3887 vero
2611 3831 2952 3902 incorporea
2981 3847 2996 3888 :
3031 3835 3132 3887 aut
3161 3835 3467 3902 quantum,
3520 3837 3623 3889 aut

1976 3926 2132 3999 quod
2163 3924 2411 3979 refertur
2443 3920 2514 3974 ad
2548 3918 2789 3989 aliquid,
2823 3921 2925 3974 aut
2956 3918 3078 3986 ubi,
3111 3923 3213 3975 aut
3243 3921 3500 3992 quando,
3523 3925 3626 3976 aut

1976 4030 2166 4088 agere,
2199 4017 2301 4067 aut
2330 4009 2469 4082 pati.
2499 4008 2917 4079 Cujuscunque
2935 4023 3073 4080 ergo
3106 4008 3184 4064 rei
3209 4009 3386 4065 habet
3410 4009 3627 4081 aliquis

1977 4102 2308 4164 scientiam,
2339 4099 2470 4169 ejus
2501 4099 2677 4154 etiam
2696 4097 2860 4153 dabit
2883 4097 3282 4154 deﬁnitionem
3307 4115 3320 4153 :
3346 4099 3632 4169 quemad-

1978 4192 2217 4249 modum
2240 4189 2338 4260 qui
2371 4205 2488 4243 nou
2521 4191 2714 4259 potest
2745 4187 3010 4242 oratione
3061 4186 3558 4258 comprehendere
3577 4194 3634 4244 et

1977 4282 2218 4340 deﬁnire
2247 4277 2558 4350 quidlibet,
2581 4278 2710 4348 ejus
2743 4275 2825 4330 rei
2851 4293 3159 4347 nunquam
3181 4276 3426 4332 habebit
3441 4277 3632 4332 scien-

1980 4372 2148 4426 tiam.
2182 4369 2260 4422 Ex
2284 4366 2653 4438 ignoratione
2683 4368 2878 4418 autem
2911 4363 3299 4431 deﬁnitionis,
3341 4363 3552 4419 accidit
3571 4366 3638 4419 ut

1982 4458 2179 4514 multae
2199 4453 2593 4510 dubitationes
2610 4451 2871 4505 oriantur
2887 4455 2944 4505 et
2965 4452 3355 4522 deceptiones.
3384 4452 3438 4504 Si
3476 4451 3634 4506 enim

1983 4547 2085 4620 qui
2120 4561 2241 4601 rem
2275 4542 2455 4608 novit,
2487 4540 2664 4595 habet
2693 4539 2752 4593 in
2807 4538 3006 4594 animo
3051 4540 3176 4609 ejus
3235 4538 3632 4611 cognitionem

221 4642 301 4693 ui
347 4640 864 4712 ἐντικατηγορεῖται
912 4640 1010 4691 τοῦ
1057 4638 1379 4711 πράγματος
1428 4635 1481 4690 έν
1528 4641 1645 4698 τοῖς
1695 4634 1863 4710 ὅροις,

1974 4640 2167 4709 potest
2195 4638 2391 4688 autem
2424 4629 2556 4701 quis
2586 4627 2847 4684 oratione
2867 4627 3157 4699 explicare
3187 4628 3245 4683 id
3278 4628 3433 4699 quod
3457 4626 3635 4684 habet

224 4730 418 4803 ivi-pq,
447 4728 517 4782 τὸ
571 4729 789 4802 πρῶτον
835 4724 991 4800 γένος
1036 4726 1110 4786 ὡς
1161 4725 1404 4800 ἀρχηγὸν
1435 4724 1524 4778 καὶ
1576 4725 1872 4780 ὑποστατὸν

229 4823 327 4889 έδτ)
378 4815 464 4872 δεῖ
514 4809 989 4890 παραλαμϐάνειν.
1021 4815 1106 4870 Ἑν
1166 4815 1260 4887 μὶν
1307 4810 1400 4868 οὖν
1442 4819 1559 4876 τοῖς
1617 4815 1878 4890 μακροτέ-

231 4928 334 4980 ροις
365 4908 528 4982 ὅροις
563 4905 626 4958 τὸ
657 4903 869 4968 πλῆθος
905 4907 1014 4957 τῶν
1057 4900 1214 4956 εἰδῶν
1264 4906 1371 4956 τῶν
1423 4901 1877 4978 ἒξευρισκομένων

232 4993 306 5048 Eri
350 5001 463 5050 τῶν
517 4993 649 5047 δέκα
691 4996 1060 5066 κατηγοριῶν·
1095 4991 1146 5045 ἐν
1189 4989 1246 5045 δὲ
1274 4996 1390 5052 τοῖς
1441 4990 1776 5066 ἐλαχίστοις,
1813 4992 1881 5046 τὰ

232 5084 622 5159 προηγούμενα
651 5086 759 5135 τῶν
809 5085 1096 5156 προσεχῶν
1144 5077 1302 5134 εῗδῶν
1335 5078 1628 5154 ληφθέντα,
1655 5083 1754 5149 τὴν
1787 5080 1882 5135 οὖ-

234 5175 334 5227 τίαν
359 5175 452 5228 καὶ
488 5171 654 5249 φύσιν
711 5167 1054 5241 διασημαίνει
1101 5172 1198 5223 τοῦ
1232 5169 1572 5244 πράγματος·
1609 5171 1636 5224 ὁ
1669 5166 1726 5223 δὲ
1754 5168 1882 5224 ἐλά-

229 5281 408 5337 per):
452 5262 521 5318 ἐκ
550 5264 720 5336 τριῶν
763 5259 1074 5330 συνέστηκε,
1102 5261 1200 5312 τοῦ
1248 5257 1439 5333 γένους
1465 5257 1555 5312 καὶ
1601 5255 1743 5313 δυεῖν
1771 5261 1878 5313 τῶν

292 5430 354 5494 ιι(
374 5420 440 5477 P.
461 5419 578 5476 916
607 5415 722 5472 no.
757 5414 1052 5484 roman,
1073 5412 1316 5468 779-780
1346 5417 1458 5470 an.
1478 5413 1706 5470 PARIS.

299 5592 409 5662 {66)
467 5589 751 5661 Θεωρεῖν.
811 5587 1042 5666 θεωρεῖν
1098 5583 1371 5666 agnoscit
1423 5583 1600 5640 etiam
1632 5580 1887 5666 .Iierveti

235 5655 436 5730 versio,
461 5686 492 5712 α
531 5655 917 5730 contemplari
932 5655 1118 5730 genus
1147 5655 1204 5710 in
1237 5655 1472 5710 duabus
1491 5655 1830 5730 speciebus:
1859 5679 1888 5703 υ

237 5740 402 5809 atque
421 5727 525 5790 ita
551 5737 649 5789 est
673 5731 737 5786 in
767 5727 823 5802 ᾗ).
848 5727 1229 5803 praecedente,
1252 5742 1368 5783 non
1399 5727 1770 5800 aspernanda
1798 5729 1889 5783 ta-

564 5853 836 5913 Ριτιοι..
884 5846 996 5958 (in.
1041 5843 1150 5907 1x.

1979 4727 2041 4781 in
2071 4724 2269 4780 animo
2296 4737 2308 4774 :
2342 4721 2472 4791 ejus
2499 4722 2698 4773 autem
2730 4715 2888 4787 quod
2921 4716 3116 4772 animo
3147 4716 3436 4788 cogitatur
3454 4715 3635 4790 expli-

1985 4814 2160 4879 catio,
2190 4815 2280 4866 est
2309 4807 2572 4864 deﬁnitio
2608 4822 2620 4860 :
2653 4821 2891 4860 necesse
2919 4820 3057 4875 ergo
3073 4807 3248 4876 estlut
3270 4806 3370 4878 qui
3390 4822 3510 4863 rem
3533 4823 3637 4864 uo-

1987 4905 2083 4970 rit,
2116 4898 2304 4974 possit
2332 4898 2458 4968 ejus
2489 4894 2660 4950 etiam
2690 4893 2828 4949 dare
2857 4893 3278 4950 deﬁnitionem.
3301 4895 3640 4952 Assumitur

1989 4996 2182 5047 autem
2206 4989 2264 5042 in
2293 4982 2736 5042 deﬁnitionibus
2757 4981 2932 5038 etiam
2952 4982 3302 5050 differentia,
3327 5000 3450 5054 qua
3485 4985 3641 5057 signi

1989 5081 2180 5135 locum
2199 5075 2422 5132 obtinet
2444 5073 2503 5127 in
2527 5071 2887 5127 deﬁnitione.
2918 5070 3181 5127 Hominis
3209 5073 3407 5144 itaque
3437 5058 3645 5128 deﬁni-

1989 5167 2135 5224 tioni
2167 5166 2484 5235 adjectum,
2515 5161 2572 5216 vi
2607 5159 2832 5215 ridendi
2869 5160 3204 5231 praeditum,
3229 5160 3369 5215 facit
3407 5167 3599 5217 totum
3627 5177 3641 5216 :

1992 5255 2211 5314 animal
2245 5250 2488 5309 rationis
2509 5249 2824 5322 particeps,
2848 5248 3114 5320 mortale,
3141 5254 3437 5320 terrestre,
3475 5249 3648 5321 pede-

1998 5595 2132 5636 men
2165 5583 2257 5634 est
2284 5578 2348 5632 A.
2381 5575 2553 5632 lectio
2580 5569 2808 5636 διαιρεῖν
2837 5593 2866 5622 ‹‹
2900 5570 3182 5627 dividere.
3214 5593 3244 5622 »

2068 5650 2183 5721 (67)
2213 5645 2561 5703 Ὑποστατόν.
2618 5669 2638 5697 ι
2673 5641 2835 5707 Quod
2893 5641 3138 5715 reliquis
3169 5641 3588 5701 substernitur.
3620 5659 3651 5692 »ι

2001 5723 2238 5779 Low'ra.
