4006 6200
430 362 540 418 587

1665 364 2075 418 CLEMENTIS
2111 365 2618 422 ALEXANDRINI

3751 358 3864 413 588

434 489 575 552 stre,
605 481 661 538 vi
694 480 925 536 ridendi
958 481 1287 552 praeditum.
1324 484 1460 548 Quae
1492 484 1649 538 enim
1683 502 1786 556 per
1815 486 2079 542 differen-

2200 485 2633 559 ἀναγκαιοτάτων
2687 480 2867 538 εἱδῶν.
2925 481 3132 537 Γίνεται
3189 478 3246 536 δὲ
3300 485 3462 538 τοῦτο
3520 477 3609 535 διὰ
3658 501 3866 536 συντο-

433 573 577 628 tiam
606 569 964 626 adhibentur
992 570 1345 638 deﬁnitioni,
1372 577 1515 628 sunt
1537 572 1706 646 signa
1736 591 1929 631 rerum
1955 592 2090 647 pro-

434 662 720 736 priarum,
754 659 1018 731 ipsarum
1052 665 1250 714 autem
1275 676 1472 716 rerum
1505 667 1777 719 naturam
1803 680 1916 719 non
1938 662 2092 718 indi-

434 755 590 808 cant.
641 750 775 805 Jam
824 766 957 805 vero
1008 749 1213 805 dicunt
1254 749 1644 808 differentiam
1694 768 1823 808 esse
1871 753 2090 825 preprii

439 839 855 908 redditionem,
889 843 945 894 et
973 839 1302 894 secundum
1335 841 1491 911 quod
1525 841 1720 897 differt
1750 842 1822 897 ab
1872 841 2004 896 aliis
2034 841 2090 895 id

440 931 596 1002 quod
629 930 807 986 habet
835 929 1246 997 differentiam,
1282 931 1433 1002 quod
1488 931 1598 987 soli
1641 931 1816 998 inest,
1845 936 1902 985 et
1931 932 2003 986 de
2034 946 2094 986 re

442 1026 647 1077 mutuo
683 1021 1034 1093 praedicatur
1067 1037 1078 1074 :
1133 1037 1368 1076 necesse
1419 1025 1509 1078 est
1548 1023 1607 1076 in
1649 1021 2093 1083 definitionibus

447 1112 706 1184 primum
741 1127 928 1182 genus
979 1127 1284 1167 assumere
1316 1116 1382 1166 ut
1431 1111 1773 1184 principale,
1834 1117 1892 1168 et
1938 1111 2094 1184 quod

444 1201 830 1257 subsistat.Et
849 1200 908 1254 in
930 1198 1299 1272 longioribus
1313 1200 1551 1272 quidem
1568 1209 1631 1274 ιχ(
1651 1201 2098 1257 definitionibus

448 1289 765 1346 multitudo
796 1289 1125 1362 specierum
1157 1307 1282 1362 quae
1332 1290 1714 1347 inveniuntur
1762 1307 1866 1362 per
1898 1291 2099 1345 decem

2206 573 2355 645 μίαν.
2398 573 2583 646 Φαμὲν
2635 570 2748 627 οὖν·
2783 570 3102 647 ’Ἄνθρωπός
3152 571 3260 626 ἐστι
3300 570 3364 624 τὸ
3412 574 3548 640 ζῶον
3599 569 3866 645 γελαστι-

2199 657 2314 716 κόν·
2345 663 2408 717 τό
2439 683 2496 718 τε
2522 661 2804 735 ἐξαιρέτως
2837 655 3188 734 συμϐεϐηκὸς
3237 663 3316 732 τῷ
3345 660 3652 734 ὁριζομένῳ
3680 680 3864 734 προσ-

2201 749 2609 824 παραληπτέον,
2642 753 2676 820 ἢ
2709 752 2807 819 τῆν
2863 749 3004 805 ἰδίαν
3057 751 3252 823 ἀρετὴν
3305 751 3495 821 αὐτοῦ,
3544 749 3578 819 ἢ
3607 750 3670 804 τὸ
3711 747 3871 804 ἳδιον

2202 835 2355 916 ἔργον
2390 839 2574 908 αὐτοῦ,
2608 839 2698 894 καὶ
2745 839 3011 895 τοιούτων
3055 844 3218 894 τινῶν
3251 836 3459 896 ἄλλων.
3502 839 3874 913 Ἐξηγητικὸς

2203 930 2295 984 οὗν
2319 931 2347 984 ὁ
2375 928 2502 1004 ὅρος
2532 928 2605 983 ὣν
2637 936 2736 1000 τῆς
2765 933 2862 984 τοῦ
2911 929 3229 1005 πράγματος
3279 928 3487 995 οὐσίας,
3533 923 3868 1003 περιλαϐεῖν

2207 1021 2300 1092 μὲν
2335 1014 2572 1094 ἀκριϐῶς
2602 1021 2703 1088 τήν
2756 1019 2912 1094 φύσιν
2956 1023 3056 1073 τοῦ
3104 1019 3422 1095 πράγματος
3459 1015 3730 1072 ἀδυνατεῖ·
3771 1015 3875 1072 διὰ

2207 1106 2264 1164 δὲ
2310 1112 2417 1163 τῶν
2477 1109 2827 1185 κυριωτάτων
2878 1105 3036 1163 είδῶν
3083 1109 3184 1177 τήν
3238 1105 3483 1178 δήλωσιν
3528 1115 3627 1176 τῆς
3673 1106 3878 1170 οὐσίας

2207 1202 2464 1270 ποιεῖται,
2513 1197 2603 1252 καὶ
2654 1195 2850 1273 σχεδὸν
2903 1197 2956 1252 ἐν
3000 1197 3320 1268 ποιότητιὸ
3351 1197 3478 1273 ὅρος
3519 1199 3617 1267 τῆν
3667 1196 3874 1252 οὐσίαν

2212 1283 2350 1360 ἔχει.

444 1381 922 1452 praedicamenta.
957 1380 1016 1433 in
1051 1378 1316 1436 minimis
1343 1385 1563 1452 autem,
1592 1397 1720 1452 qua:
1742 1396 1810 1436 ex
1841 1377 2212 1451 priopinquis
2243 1376 2551 1450 speciebus
2583 1379 2835 1448 sumptae
2867 1375 3089 1432 fuerint
3137 1375 3512 1448 principales,
3542 1376 3626 1432 rei
3656 1392 3878 1433 essen-

448 1469 592 1526 tiam
633 1473 690 1526 et
720 1474 993 1526 naturam
1027 1469 1366 1542 signiﬁcant
1394 1472 1533 1534 Quae
1559 1476 1640 1526 est
1677 1473 1874 1526 autem
1908 1469 2173 1538 minima,
2205 1469 2435 1523 constat
2464 1482 2532 1522 ex
2561 1467 2775 1537 tribus,
2807 1480 2876 1522 ex
2905 1481 3138 1539 genere,
3169 1469 3228 1522 et
3274 1466 3503 1522 duabus
3554 1467 3881 1539 speciebus

448 1557 700 1613 maxime
731 1556 1102 1614 necessariis.
1131 1557 1250 1613 Hoc
1279 1561 1474 1613 autem
1499 1558 1564 1612 ﬁt
1584 1561 1817 1630 propter
1839 1557 2200 1613 brevitatem.
2227 1554 2487 1611 Dicimus
2507 1546 2643 1627 ergo
2670 1555 2850 1610 Homo
2871 1563 2959 1610 est
2980 1552 3200 1610 animal
3222 1553 3275 1608 vi
3296 1553 3525 1610 ridendi
3546 1553 3874 1626 praeditum

446 1649 611 1703 Tunc
625 1647 1050 1704 assumendum
1070 1650 1158 1702 est
1174 1645 1226 1702 id
1255 1647 1408 1718 quod
1429 1649 1716 1720 praecipue
1741 1647 1957 1703 accidit
1977 1645 2027 1701 ei
2056 1645 2210 1718 quod
2237 1644 2536 1713 deﬁnitur,
2557 1647 2660 1700 aut
2677 1643 2917 1716 propria
2937 1644 3065 1715 ejus
3089 1643 3404 1710 virtus,aut
3421 1643 3721 1716 prOprium
3743 1644 3889 1715 ejus

457 1753 677 1792 munus
710 1753 775 1790 ac
807 1735 1088 1804 ofﬁcium,
1123 1740 1224 1790 aut
1254 1735 1476 1807 aliquid
1509 1736 1668 1792 aliud
1702 1735 2011 1807 ejusmodi.
2047 1735 2234 1799 Quare
2263 1751 2397 1790 cum
2431 1733 2692 1790 deﬁnitio
2724 1733 2932 1790 debeat
2956 1732 3038 1788 rei
3069 1733 3382 1789 essentiam
3413 1749 3718 1805 exponere,
3751 1749 3884 1790 non

457 1830 649 1898 potest
678 1825 915 1896 quidem
944 1825 1025 1880 rei
1058 1829 1336 1881 naturam
1373 1831 1645 1882 accurate
1677 1825 2174 1898 comprehendere
2207 1842 2220 1880 :
2254 1839 2357 1896 per
2384 1824 2709 1897 praecipuas
2741 1826 2937 1880 autem
2971 1823 3196 1896 species
3219 1822 3477 1880 declarat
3524 1823 3883 1882 essentiam.

455 1920 514 1971 et
541 1913 718 1970 habet
749 1914 1010 1971 deﬁnitio
1042 1917 1468 1987 propemodum
1500 1916 1816 1973 essentiam
1851 1916 1910 1971 in
1942 1913 2242 1988 qualitate.

1947 2073 2175 2129 CAPUT
2219 2073 2342 2128 VII.

1438 2178 1509 2232 De
1537 2177 1720 2232 causis
1748 2175 2060 2231 dubitandi
2086 2175 2201 2229 sive
2231 2189 2522 2229 assensum
2551 2173 2878 2230 sustinendi.

520 2303 654 2366 Quae
718 2301 983 2358 efﬁciunt
1029 2306 1092 2357 ut
1139 2302 1504 2359 sustineatur
1574 2302 1863 2373 assensio,
1911 2315 2079 2357 causa

2279 2301 2362 2356 Τὰ
2408 2299 2671 2370 ποιητικὰ
2717 2306 2818 2370 τῆς
2869 2298 3082 2374 ἐποχῆς
3126 2295 3270 2354 α’ίτια
3316 2296 3412 2354 δύο
3467 2297 3577 2354 ἐστὶ
3605 2299 3672 2356 τὰ
3719 2300 3873 2358 ἀνω-

449 2397 591 2449 sunt
619 2391 747 2447 duas
780 2408 1090 2464 supremae.
1125 2391 1251 2447 Una
1300 2391 1563 2465 quidem,
1624 2409 1791 2449 mens
1839 2391 2079 2446 human:

2209 2387 2372 2444 τάτω’
2434 2388 2489 2445 ἓν
2551 2390 2647 2462 μὲν
2697 2389 2760 2445 τὸ
2817 2387 3168 2463 πολύτροπον
3215 2389 3307 2443 καὶ
3350 2386 3575 2445 ἄστατον
3622 2397 3722 2460 τῆς
3773 2391 3880 2446 ἆν-

453 2497 582 2554 ῳιω
609 2485 701 2537 est
734 2481 1043 2554 multiplex
1073 2487 1130 2536 et
1159 2481 1474 2548 inslabilis,
1509 2481 1601 2537 cui
1621 2481 1856 2553 quidem
1889 2485 2079 2536 natura

2210 2476 2486 2552 θρωπίνης
2543 2479 2820 2553 γνώμης,
2881 2476 3012 2553 ὅπερ
3084 2478 3400 2554 γεννητικὸν
3466 2478 3599 2534 εἶναι
3655 2479 3875 2557 πέφυκε

453 2576 544 2628 est
576 2572 820 2628 insitum
854 2567 918 2626 ut
949 2575 1186 2644 generet
1232 2571 1682 2642 dissensionem,
1717 2575 1818 2626 aut
1847 2570 2096 2626 aliorum

453 2660 606 2714 inter
636 2675 699 2716 se
715 2659 962 2715 invicem
991 2663 1094 2715 aut
1115 2659 1207 2714 sui
1231 2659 1493 2732 ipsorum
1519 2659 1800 2730 aseipsis.
1831 2659 2098 2715 Secunda

455 2752 669 2819 autem,
700 2765 768 2804 ea
785 2765 913 2820 quae
936 2753 1024 2804 est
1047 2748 1102 2803 in
1129 2749 1304 2804 rebus
1327 2749 1741 2820 discrepantia,
1771 2765 1897 2820 quae
1919 2747 2094 2803 etiam

453 2838 705 2892 maxime
735 2837 915 2892 efﬁcit
944 2844 1004 2892 ut
1029 2837 1391 2892 sustineatur
1430 2837 1714 2893 assensio.
1763 2837 1908 2892 Nam
1959 2852 2093 2890 cum

449 2942 638 2997 neque
669 2927 946 2982 omnibus
976 2925 1118 2982 visis
1153 2925 1449 2998 possimus
1481 2927 1714 2981 credere
1744 2929 1982 2996 propter
2011 2940 2096 2980 re-

447 3016 830 3087 pugnantiam
864 3030 877 3068 :
915 3031 1104 3086 neque
1148 3016 1425 3070 omnibus
1466 3015 1641 3071 ﬁdem
1696 3032 1812 3070 non
1853 3015 2090 3082 habere,

443 3106 594 3174 quod
626 3104 681 3159 id
718 3105 870 3176 quod
905 3104 1049 3160 dicit
1088 3104 1288 3160 omnia
1339 3120 1468 3160 esse
1526 3104 1914 3171 incredibilia,
1953 3119 2089 3159 cum

439 3193 518 3247 sit
547 3210 615 3248 ex
645 3193 944 3260 omnibus,
979 3193 1039 3247 in
1074 3209 1383 3248 numerum
1415 3192 1590 3248 etiam
1624 3194 1887 3248 omnium
1919 3192 2092 3248 ascri-

438 3280 613 3336 batur
643 3301 658 3351 ;
693 3298 880 3352 neque
909 3281 1205 3354 aliquibus
1237 3282 1474 3353 quidem
1507 3283 1760 3350 credere,
1790 3282 2088 3354 aliquibus

436 3385 570 3425 vero
603 3387 718 3425 non
751 3371 1004 3438 credere,
1035 3375 1270 3442 propter
1300 3370 1691 3442 aequalitatem
1727 3387 1739 3425 :
1771 3388 1836 3427 eo
1854 3371 2087 3427 deducti

437 3475 648 3514 sumus
671 3462 734 3513 ut
757 3459 1164 3515 sustineamus
1186 3460 1608 3515 assensionem.
1634 3459 1853 3515 Harum
1887 3465 2084 3517 autem

435 3545 852 3618 principalium
884 3563 1222 3618 causarum,
1247 3553 1484 3620 propter
1502 3565 1651 3620 quas
1683 3549 2082 3607 assensionem

432 3635 819 3704 sustinemus,
852 3636 1191 3708 cogitationi
1222 3637 1458 3708 quidem
1494 3637 1874 3706 instabilitas,
1905 3656 2080 3710 gene-

431 3729 522 3780 rat
552 3725 978 3782 dissensionem
1013 3743 1027 3781 :
1063 3726 1350 3782 dissensio
1382 3731 1573 3783 autem
1607 3733 1696 3784 est
1744 3730 2082 3786 immediata

428 3831 604 3870 causa
621 3819 858 3887 propter
879 3833 1054 3888 quam
1081 3815 1411 3872 sustinetur
1432 3818 1714 3874 assensio.
1733 3818 1881 3874 Hinc
1904 3819 2078 3890 plena

426 3903 664 3974 quidem
699 3907 926 3960 estvita
969 3905 1212 3976 judiciis
1257 3911 1314 3960 et
1362 3907 1566 3974 curiis,
1615 3911 1671 3962 et
1714 3908 1772 3962 in
1818 3925 2072 3976 summa,

424 4007 624 4047 eorum
657 4010 784 4064 qua;
813 3993 1090 4049 dicuntur
1113 3995 1265 4048 bona
1295 3998 1352 4048 et
1399 3994 1556 4050 mala
1595 3995 1912 4051 electione:
1946 4013 2076 4068 quae

424 4082 662 4151 quidem
693 4081 883 4137 dubiae
913 4083 1126 4137 mentis
1158 4087 1214 4138 et
1235 4083 1306 4137 ad
1340 4085 1740 4155 oppositarum
1765 4103 1955 4141 rerum
1985 4087 2074 4140 in-

423 4171 760 4227 ﬁrmitatem
794 4171 1206 4242 claudicantis,
1239 4178 1380 4229 sunt
1411 4179 1778 4245 argumenta.
1803 4175 2074 4231 Suntita-

421 4275 533 4331 que
562 4259 730 4315 libris
761 4260 944 4332 plenae
987 4259 1376 4330 bibliothecae,
1435 4262 1775 4334 classesque
1817 4269 1874 4319 et
1921 4280 2075 4319 com-

2205 2574 2304 2637 τῆς
2336 2564 2648 2646 διαφωνίας,
2680 2565 2805 2637 ἤτοι
2835 2574 2934 2638 τῆς
2955 2570 3068 2642 (68)
3084 2566 3352 2638 ἀλλήλων
3375 2567 3511 2642 πρὸς
3541 2567 3866 2642 ἀλλήλους,

2205 2656 2241 2725 ἢ
2271 2658 2622 2728 τῆς“έαυτῶν
2662 2657 2801 2732 πρὸς
2849 2655 3088 2721 ἑαυτούς’
3144 2654 3391 2733 δεύτερον
3447 2654 3504 2712 δὲ
3551 2659 3585 2728 ἡ
3633 2657 3684 2714 ἐν
3736 2664 3871 2724 τοῖς

2206 2747 2322 2800 οὖσι
2357 2743 2641 2824 διαφωνία,
2672 2747 2706 2815 ἢ
2757 2747 2844 2802 καὶ
2897 2745 3120 2809 εῗκὸτως
3168 2745 3504 2820 ἐμποιητικῆ
3552 2748 3867 2818 καθέστηκε

2201 2841 2302 2904 τῆς
2336 2833 2569 2910 ἐποχῆς.
2618 2837 2774 2906 Μήτε
2820 2836 2923 2910 γὰρ
2974 2836 3170 2898 πάσαις
3221 2836 3536 2912 φαντασίαις
3580 2837 3865 2894 πιστεύειν

2205 2921 2518 2994 δυνηθέντες
2552 2921 2640 2978 διὰ
2664 2926 2764 2993 τὴν
2800 2925 3011 2999 μάχην,
3057 2925 3196 2998 μήτε
3221 2926 3415 2988 πάσαις
3460 2925 3700 2981 ἀπίστεῖν
3738 2929 3870 3000 (69)

2202 3009 2292 3067 διὰ
2339 3013 2400 3067 τὸ
2442 3012 2530 3068 καὶ
2577 3013 2676 3081 τὴν
2728 3011 2991 3088 λέγουσαν
3051 3013 3226 3076 πάσας
3277 3014 3532 3077 ἀπίστους
3582 3017 3866 3091 ὑπάρχειν

2201 3101 2251 3172 ἐξ
2307 3101 2527 3157 ἀπασῶν
2585 3102 2747 3156 οὖσαν
2811 3104 3342 3182 συμπεριγράφεσθαι
3401 3106 3639 3167 πάσαις·
3703 3108 3862 3178 μήτε

2195 3192 2303 3245 τισὶ
2337 3192 2431 3265 μὲν
2483 3191 2776 3265 πιστεύειν,
2805 3192 2915 3246 τισὶ
2967 3189 3024 3246 δὲ
3073 3193 3315 3247 ἀπιστεῖν
3349 3189 3438 3247 διὰ
3463 3194 3561 3263 τῆν
3595 3192 3863 3265 ῗσότητα,

2195 3282 2556 3355 κατήχθημεν
2607 3280 2683 3343 εἰς
2727 3281 2962 3356 ἒποχήν.
3017 3280 3236 3336 Τούτων
3271 3278 3328 3336 δὲ
3358 3281 3528 3337 αὐτῶν
3582 3285 3688 3336 τῶν
3749 3283 3864 3360 ἀρ-

2196 3371 2517 3446 χικωτάτων
2566 3374 2667 3435 τῆς
2713 3369 2926 3447 ἐποχῆς
2957 3371 3019 3425 τὸ
3055 3376 3151 3444 μὲν
3182 3365 3439 3426 ἀϐέϐαιον
3477 3378 3575 3441 τῆς
3605 3368 3862 3435 διανοίας

2193 3458 2511 3535 γεννητικόν
2554 3458 2662 3515 ἐστι
2713 3456 3028 3536 διαφωνίας·
3061 3461 3096 3528 ἡ
3130 3457 3189 3514 δὲ
3237 3456 3523 3538 διαφωνία,
3572 3461 3865 3536 προσεχὲς

2193 3547 2363 3604 ατίτιον
2411 3555 2510 3618 τῆς
2559 3547 2792 3624 ἐποχῆς·
2828 3547 2949 3612 ὅθεν
2979 3546 3204 3622 πλήρης
3239 3548 3333 3622 μὲν
3364 3549 3392 3602 ὀ
3427 3550 3548 3625 βίος
3583 3546 3864 3622 δικαστη-

2195 3639 2326 3714 ρίων
2353 3659 2413 3692 τε
2441 3637 2530 3692 καὶ
2565 3635 2997 3711 βουλευτηρίων,
3029 3636 3119 3692 καὶ
3145 3637 3385 3701 καθόλου
3425 3645 3524 3708 τῆς
3567 3639 3687 3713 περὶ
3722 3642 3856 3714 (70)

2192 3726 2257 3780 τὰ
2287 3724 2554 3800 λεγόμενα
2583 3725 2754 3802 ἀγαθᾶ
2798 3725 2888 3780 καὶ
2934 3727 3072 3780 κατὰ
3115 3725 3397 3802 αἱρέσεως,
3429 3725 3561 3802 ἅπερ
3614 3727 3855 3801 ἠπορη-

2190 3818 2358 3888 μένης
2399 3815 2510 3870 ἐστὶ
2561 3813 2803 3878 διανοίας
2847 3815 2936 3871 καὶ
2987 3817 3124 3891 πρὸς
3169 3817 3270 3885 τῆν
3312 3821 3418 3870 τῶν
3453 3819 3564 3889 (71)
3610 3816 3855 3872 ἀντικει-

2189 3906 2364 3976 μένων
2413 3907 2744 3981 πραγμάτων
2783 3904 2856 3966 εῗς
2903 3904 3177 3968 ἀσθένειαν
3224 3907 3337 3979 (72)
3391 3903 3848 3977 μετοκλαζούσης

2182 3996 2474 4069 τεκμήρια·
2507 3993 2740 4070 πλήρεις
2771 3991 2814 4048 δ’
2848 3995 2902 4048 αἱ
2957 4000 3120 4063 θῆκαι
3167 3997 3274 4048 τῶν
3335 3989 3591 4069 βιϐλίων,
3640 3994 3732 4049 καὶ
3786 3997 3850 4050 αἱ

2185 4086 2456 4156 συντάξεις
2487 4083 2575 4138 καὶ
2623 4083 2677 4138 αἱ
2723 4087 3087 4159 πραγματεῖαι
3135 4087 3242 4138 τῶν
3303 4079 3719 4162 διαφωνούντων
3785 4082 3846 4140 ἒν

2181 4178 2298 4234 τοῖς
2347 4169 2603 4246 δόγμασι,
2655 4170 2745 4226 καὶ
2791 4170 3134 4227 πεποιθότων
3184 4171 3407 4234 ἑαυτοὺς
3460 4173 3560 4242 τῆν
3608 4171 3661 4226 ἐν
3711 4179 3848 4238 τοῖς

2183 4265 2328 4318 οὖσιν
2363 4260 2624 4332 ἀλήθειαν
2649 4262 2956 4336 γινώσκειν.

421 4351 814 4406 mentationes
846 4351 918 4406 iis
951 4351 1047 4423 qui
1075 4351 1132 4406 in
1169 4351 1544 4423 dogmatibus
1568 4352 1720 4408 inter
1741 4370 1802 4409 se
1832 4354 2214 4427 dissentiunt,
2237 4359 2294 4411 et
2314 4353 2425 4411 sibi
2458 4357 2878 4426 persuaserunt
2900 4369 2963 4409 se
2992 4352 3052 4409 in
3082 4351 3258 4410 rebus
3278 4355 3474 4410 tenere
3499 4353 3846 4413 veritatem.

1928 4499 2154 4555 CAPUT
2181 4499 2310 4554 VIII

1059 4593 1175 4662 Qua
1203 4593 1451 4650 methodo
1478 4597 1598 4650 tum
1619 4611 1723 4664 res,
1758 4600 1874 4652 tum
1901 4597 2133 4654 nomina
2162 4597 2235 4653 ad
2264 4600 2444 4654 certas
2473 4598 2673 4652 classes
2720 4595 2910 4652 reduci
2935 4604 3181 4667 possunt.

486 4719 550 4773 In
581 4734 720 4774 voce
751 4719 865 4774 tria
895 4727 1202 4776 versanlur
1236 4736 1248 4775 :
1285 4736 1494 4792 nempe
1542 4726 1599 4777 et
1647 4721 1889 4778 nomina
1937 4739 2066 4795 quae

2243 4721 2381 4794 Τρία
2429 4723 2543 4794 (73)
2594 4719 2703 4774 ἐστί
2748 4719 2872 4796 περὶ
2922 4720 3018 4788 τῆν
3069 4720 3277 4795 φωνήν
3333 4720 3402 4775 τά
3455 4740 3515 4775 τε
3563 4719 3840 4799 ὀνόματα,

412 4811 553 4863 sunt
579 4807 747 4878 signa
776 4823 978 4864 eorum
1003 4825 1130 4880 quae.
1154 4811 1351 4866 animo
1377 4811 1708 4883 cogitantur
1725 4812 2068 4885 principali-

482 4941 546 5005 ἦ(
577 4933 634 4987 Ρ.
665 4933 772 4986 917
803 4933 910 4988 ΕΙ).
946 4935 1246 4998 PUTTER,
1269 4935 1369 4989 781
1405 4939 1512 4992 ΕΟ.
1549 4936 1781 4992 PARIS.

475 5045 931 5137 (ὄὸΓΗ-τοιςιῆς.
985 5058 1289 5137 puplieem
1343 5059 1768 5137 dissensionem
1820 5063 2065 5137 statuit;

411 5125 609 5203 aliam,
645 5145 761 5199 qua
787 5129 1000 5203 diversi
1046 5125 1312 5203 homines
1358 5133 1510 5186 inter
1555 5149 1618 5188 se
1661 5133 2049 5203 dissentiunt;

409 5199 585 5275 aliam
616 5217 732 5275 qua
763 5202 896 5270 quis
928 5219 960 5256 a
993 5202 1184 5273 seipso
1217 5202 1531 5275 discrepat.

480 5270 591 5342 (69)
623 5272 773 5340 Μήτε
809 5293 874 5347 -π.
931 5292 982 5328 α.
1035 5270 1434 5347 Sensusesti
1493 5275 1661 5330 Credi
1720 5292 1835 5330 non
1880 5293 2052 5347 posse

404 5341 554 5397 hanc
576 5341 1042 5415 propositionem
1078 5344 1282 5400 «Nihil
1317 5351 1404 5400 est
1435 5347 1812 5402 credendum.
1849 5341 2053 5412 (Quia

403 5417 527 5489 tum
554 5432 624 5470 ne
647 5415 767 5471 haec
791 5417 1025 5489 quidem
1053 5417 1372 5489 propositio
1393 5424 1548 5474 esset
1578 5420 1886 5489 credenda,
1914 5436 2049 5476 cum

401 5485 577 5562 etiam
611 5503 680 5562 ea
709 5485 968 5559 generali
996 5485 1138 5562 voce
1159 5485 1209 5538 ’‹‹
1242 5489 1395 5562 nihil
1422 5512 1448 5538 ››
1503 5485 1932 5546 excluderetur.
1965 5492 2051 5546 Si-

403 5556 528 5612 mili
561 5556 909 5635 ar'gumento
935 5561 1218 5635 adversus
1237 5561 1695 5635 _Pyr_rhoniorum
1721 5561 1933 5635 ἐποχήν
1959 5580 2052 5619 su-

401 5634 627 5704 praest
659 5647 803 5704 usus
838 5651 891 5704 p.
925 5633 1031 5704 777
1061 5633 1199 5688 edit.
1235 5633 1418 5690 Paris.

473 5702 586 5777 (78)
665 5701 762 5758 Καὶ
821 5701 1058 5769 καθόλου
1133 5709 1233 5775 τῆς
1291 5725 1352 5762 π.
1420 5703 1576 5772 Vult,
1639 5703 2050 5763 difﬁcultatem

2178 4805 2431 4883 σύμϐολα
2461 4803 2587 4864 ὄντα
2632 4812 2740 4863 τῶν
2790 4807 3087 4882 νοημάτων
3120 4809 3253 4863 κατά
3291 4808 3355 4863 τὸ
3384 4809 3837 4887 προηγούμενον,

2177 5062 2427 5136 eligendi
2462 5063 2615 5132 quod
2651 5062 2942 5136 Optimum
2973 5065 3083 5129 est,
3130 5060 3523 5136 qureuubique
3560 5062 3839 5136 gentium

2163 5131 2546 5217 conspicitur,
2577 5131 2708 5217 esse
2756 5131 3494 5217 manifestum—indicium,
3553 5131 3703 5205 quod
3771 5137 3841 5192 in

2163 5205 2367 5262 multis
2399 5205 2574 5260 rebus
2604 5205 2911 5261 retinenda
2943 5206 3022 5260 sit
3051 5205 3333 5261 assensio.

2231 5279 2344 5350 (71)
2400 5276 2500 5350 Καὶ
2558 5275 2695 5350 πρὸς
2751 5278 2849 5346 τῆν
2908 5280 3081 5350 τῶνη
3116 5277 3224 5344 Τήν
3281 5274 3647 5350 superfluum
3702 5285 3831 5335 est.

2161 5347 2257 5405 Sic
2287 5349 2438 5419 expl.
2467 5365 2480 5404 :
2512 5371 2538 5397 «
2581 5347 2715 5414 Quae
2748 5348 3126 5405 suntindicia
3158 5348 3367 5404 mentis
3397 5347 3611 5412 dubiae,
3652 5363 3832 5419 quae-

2161 5437 2275 5493 que
2305 5438 2424 5494 praa
2453 5435 2648 5494 rerum
2677 5420 2829 5478 inter
2857 5438 2920 5478 se
2951 5420 3342 5493 repugnantia
3384 5419 3458 5475 ob
3505 5419 3832 5478 inﬁrmita-

2160 5497 2278 5548 tem
2311 5493 2620 5548 claudicat.
2655 5513 2683 5540 »

2227 5565 2343 5633 (72)
2371 5562 2467 5626 Et;
2495 5562 2790 5626 ἀσθένειαν.
2824 5562 2962 5620 Dele
2993 5561 3090 5622 sic.
3125 5561 3362 5618 Low'rn'

2232 5633 2342 5708 (73)
2393 5633 2729 5709 Tpta.__Haac
2772 5651 2834 5692 se
2891 5635 3005 5691 tria
3042 5639 3415 5706 sequuntur:
3468 5650 3558 5690 res
3606 5649 3831 5693 conce-

2157 5707 2538 5780 ptus,voe‘es.
2565 5707 2752 5766 Voces
2799 5710 3227 5780 representaut
3272 5711 3618 5779 conceptus,
3667 5721 3828 5766 oon-
