4006 6200
457 335 558 389 591

1694 331 2104 386 CLEMENTIS
2137 333 2645 389 ALEXANDRINI

3769 335 3882 392 592

448 457 702 530 primam
734 453 1207 526 applicationem.
1234 454 1312 508 Ex
1332 453 1405 508 iis
1439 456 1632 508 autem
1659 469 1786 525 quae
1819 453 2101 511 collocan-

2287 471 2384 509 ιον·
2424 450 2533 510 ἔστι
2581 457 2680 530 γὰρ
2734 455 3025 528 συνώνυμα
3074 456 3210 529 (81),
3241 461 3314 511 ὧν
3346 456 3408 512 τό
3457 479 3517 512 τε
3547 454 3720 531 ὄνομα
3763 457 3882 532 ἅμ-

448 550 548 601 tur
577 544 686 601 sub
716 544 911 599 decem
936 543 1429 615 praedicamentis,
1464 541 1576 598 alia
1609 543 1847 614 quidem
1899 561 2002 616 per
2039 561 2101 600 se

449 634 752 703 dicuntur,
786 638 850 688 ut
875 650 1079 689 novem
1106 633 1579 705 praedicamenta,
1612 632 1725 688 alia
1769 637 1964 689 autem
2013 651 2100 690 re-

2210 550 2333 621 φοῖν
2365 546 2564 616 κοινὸν,
2597 545 2658 598 τὸ
2692 548 2852 614 ζῶον·
2885 545 2977 600 καὶ
3009 545 3036 599 6
3069 545 3261 620 λόγος,
3307 547 3334 600 ὁ
3385 546 3566 615 αὐτὸς,
3595 545 3882 602 τουτέστιν

2211 634 2238 688 6
2301 632 2464 706 ὅρος,
2523 635 2794 688 τουτέστιν
2851 633 3006 689 οὐσία
3061 628 3315 709 ἔμψυχος
3349 655 3363 667 ⁸
3433 637 3747 711 ἑτερώνυμα
3796 633 3887 704 δὲ,

448 723 569 779 lata
600 725 671 779 ad
705 722 943 794 aliquid.
976 727 1049 778 Et
1077 739 1284 778 rursus
1315 740 1384 778 ex
1415 723 1486 777 iis
1518 739 1645 793 quae
1678 727 1818 778 sunt
1866 724 1977 778 sub
2008 723 2103 778 his

2287 744 2310 776 κ
2357 725 2478 798 περὶ
2533 724 2595 777 τὸ
2656 724 2788 778 αὐτὸ
2850 723 3204 796 ὑποκείμενον
3265 724 3317 778 ἐν
3391 721 3674 802 διαφόροις
3732 724 3886 780 ἐστὶν

451 814 649 869 decem
681 812 1172 883 praedicamentis,
1208 812 1321 868 alia
1337 811 1576 884 quidem
1601 821 1731 868 sunt
1756 829 2100 885 synonyma,

451 903 605 959 sicut
635 902 739 958 bos
771 906 827 957 et
857 901 1054 970 homo,
1105 907 1398 973 quatenus
1447 900 1695 956 animal.
1746 906 1894 957 Sunt
1947 903 2104 957 enim

450 1008 794 1064 synonyma,
821 1007 1073 1063 quorum
1097 992 1406 1048 amborum
1425 1007 1640 1046 nomen
1665 995 1754 1047 est
1773 1007 2104 1062 commune,

452 1086 519 1136 ut
543 1081 808 1137 animal:
862 1086 918 1137 et
983 1080 1132 1136 ratio
1195 1083 1423 1152 eadem,
1483 1081 1594 1136 hoc
1653 1085 1763 1150 est,
1819 1081 2104 1153 deﬁnitio,

457 1187 690 1243 nempe,
721 1170 979 1228 essentia
1008 1171 1289 1227 animata.
1316 1171 1704 1240 Heteronyma
1727 1175 1920 1227 autem
1945 1174 2104 1238 sunt,

456 1277 585 1332 quae
653 1259 807 1316 circa
850 1252 1005 1316 idem
1057 1260 1395 1330 subjectum
1443 1264 1582 1316 sunt
1624 1259 1683 1315 in
1720 1259 1965 1316 diversis
2000 1277 2106 1316 no-

456 1349 718 1405 minibus
734 1353 1088 1406 utascensus
1111 1353 1168 1404 et
1187 1351 1502 1406 descensus
1522 1369 1533 1406 :
1550 1360 1613 1425 ’14
1632 1350 2107 1407 estenimeadem

455 1439 566 1510 via,
600 1439 722 1495 sive
761 1456 1026 1510 sursum,
1084 1438 1203 1494 sive
1251 1439 1549 1497 deorsum.
1601 1442 1705 1497 Est
1747 1442 1943 1496 autem
1997 1437 2108 1494 alia

456 1529 682 1600 species
713 1528 1255 1601 heteronymorum,
1301 1533 1501 1600 utpote
1558 1546 1767 1600 equus,
1819 1531 1876 1583 et
1923 1527 2111 1600 niger,

458 1634 586 1688 quas
622 1621 671 1673 et
706 1634 920 1673 nomen
953 1622 1008 1672 et
1038 1617 1324 1672 rationem
1354 1617 1598 1686 habent,
1632 1618 1880 1674 alterum
1912 1617 1985 1672 ab
2024 1615 2111 1672 al-

458 1712 583 1761 tero
613 1705 933 1775 diversum,
967 1709 1024 1760 et
1066 1721 1254 1778 neque
1283 1705 1502 1762 habent
1530 1708 1687 1763 idem
1737 1705 2067 1776 subjectum
2098 1721 2110 1759 :

464 1799 605 1850 sunt
627 1811 696 1850 ea
743 1801 942 1850 autem
989 1795 1238 1850 dicenda
1287 1794 1488 1863 altera,
1540 1813 1655 1852 non
1713 1794 2112 1866 heteronyma.

464 1883 819 1956 Polyonyma
839 1887 1032 1939 autem
1059 1888 1338 1956 suntquae
1359 1887 1624 1942 eamdem
1646 1885 1881 1957 quidem
1899 1883 2119 1945 habent

473 1972 781 2040 rationem,
810 1988 1019 2028 nomen
1046 1973 1240 2028 autem
1263 1973 1577 2042 diversum,
1605 1979 1669 2029 ut
1685 1971 2114 2044 ensis,spatha,

470 2062 716 2135 gladius.
758 2061 1198 2118 Denominativa
1229 2067 1426 2118 autem
1449 2067 1606 2134 sunt,
1641 2080 1772 2134 quae
1801 2079 1870 2118 ex
1918 2061 2115 2132 aliquo

470 2152 654 2208 altero
710 2156 850 2208 sunt
936 2151 1262 2224 nominata,
1323 2156 1388 2206 ut
1439 2170 1473 2208 a
1539 2152 1884 2208 fortitudine
1929 2149 2116 2206 fortis.

465 2247 832 2316 Homonyma
861 2247 1058 2298 autem
1092 2247 1252 2312 sunt,
1285 2259 1410 2314 quas
1461 2247 1710 2298 utuntur
1756 2243 1959 2298 eodem
2011 2257 2116 2296 no-

466 2333 645 2403 mine,
678 2348 792 2388 non
854 2331 1074 2387 habent
1130 2336 1325 2386 autem
1374 2333 1639 2388 eamdem
1701 2331 2008 2397 rationem,
2056 2333 2120 2384 ut

463 2422 659 2492 homo,
693 2421 792 2492 qui
822 2425 910 2477 est
939 2425 996 2476 et
1025 2420 1265 2486 animal,
1291 2421 1540 2476 ethomo
1565 2421 1779 2492 pictus.
1820 2424 1900 2474 Ex
1918 2419 2119 2475 homo-

463 2511 657 2584 nymis
689 2514 907 2578 autem,
943 2509 1058 2564 alia
1088 2509 1327 2581 quidem
1359 2510 1575 2565 habent
1606 2510 1762 2566 idem
1807 2525 2020 2564 nomen
2051 2525 2121 2563 ex

471 2601 726 2671 fortuna,
760 2603 823 2656 ut
854 2601 996 2671 Ajax
1028 2599 1265 2668 Locrus,
1298 2603 1355 2655 et
1384 2600 1528 2669 Ajax
1572 2597 1931 2654 Salaminius
1958 2621 1970 2664 -,
2005 2596 2121 2652 alia

473 2691 670 2745 autem
703 2706 774 2745 ex
827 2688 1171 2744 intentione.
1220 2688 1288 2743 Et
1319 2703 1387 2743 ex
1415 2687 1532 2756 his,
1564 2686 1680 2742 alia
1737 2687 1971 2758 quidem
2021 2703 2123 2758 per

466 2778 943 2846 similitudinem,
978 2782 1043 2832 ut
1072 2777 1269 2845 homo,
1307 2780 1363 2832 et
1392 2777 1492 2848 qui
1523 2781 1611 2832 est
1660 2775 1896 2844 animal,
1943 2781 2000 2831 et
2021 2775 2120 2847 qui

2215 812 2476 886 ὀνόμασιν
2522 815 2636 868 οἷον
2688 808 2943 876 ἀνάϐασις
2988 813 3079 867 καὶ
3127 807 3455 876 κατάϐασις·
3511 811 3636 876 ὁδὸς
3681 813 3787 889 γὰρ
3849 816 3889 882 ἡ

2214 901 2370 973 αὐτή,
2402 899 2526 971 ἤτοι
2561 902 2636 964 εἷς
2669 903 2728 956 τὸ
2760 903 2891 972 ἄνω,
2927 901 2963 971 ἢ
2992 901 3071 964 εἲς
3119 903 3182 956 τὸ
3231 904 3400 959 κάτω.
3430 903 3500 957 Τὸ
3551 901 3595 958 δ’
3624 901 3765 959 ἄλλο
3802 903 3891 958 εἶ-

2215 989 2306 1052 δος
2364 989 2473 1044 τῶν
2531 989 2907 1064 ἑτερωνύμων,
2963 991 3078 1046 οἷον
3129 989 3304 1054 ’ίππος
3359 993 3446 1046 καὶ
3508 989 3678 1064 μέλας
3711 1037 3725 1061 ,
3783 991 3886 1046 καὶ

2214 1078 2386 1155 ὄνομα
2437 1082 2528 1137 καὶ
2575 1081 2736 1158 Λόγον
2785 1079 2969 1156 ἕτερον
3025 1080 3294 1153 ἀλλήλων
3339 1080 3561 1160 ἔχοντα,
3597 1080 3737 1153 μηδὶ
3776 1086 3888 1138 τοῦ

2219 1171 2576 1245 ὑποκειμένου
2627 1175 2993 1226 κοινωνοῦντα
3027 1190 3040 1203 ο
3099 1167 3255 1247 ἕτερα
3315 1168 3374 1226 δὲ
3442 1171 3657 1226 λεκτέον
3695 1218 3710 1240 ,
3768 1171 3890 1246 οὐχ

2217 1260 2549 1333 ἑτερώνυμα.
2584 1261 2931 1334 Πολυώνυμα
2959 1257 3017 1315 δὲ
3043 1259 3112 1314 τὰ
3153 1260 3245 1314 τὸν
3277 1261 3374 1332 μὲν
3422 1259 3587 1334 λόγον
3637 1261 3728 1315 τὸν
3779 1259 3890 1314 αὐ-

2216 1349 2305 1404 τὸν
2334 1346 2553 1423 ἔχοντα,
2581 1343 2757 1422 ὄνομα
2808 1346 2866 1403 δὲ
2915 1346 3200 1425 διάφορον·
3235 1348 3310 1412 ὡς
3359 1349 3481 1424 ἄορ,
3531 1348 3705 1426 ξίφος,
3745 1347 3890 1424 φάσ-

2216 1456 2398 1512 γανον·
2453 1438 2759 1512 παρώνυμα
2817 1433 2864 1491 δ’
2913 1435 3025 1492 ἐστὶ
3081 1437 3150 1492 τὰ
3204 1437 3351 1513 παρά
3400 1458 3453 1492 τι
3503 1433 3688 1512 ἓτερον
3745 1435 3892 1492 ὦνο-

2223 1527 2492 1600 μασμένα,
2571 1527 2645 1589 ὡς
2720 1526 2826 1581 ἀπὸ
2895 1532 2997 1597 τῆς
3072 1523 3323 1602 ἀνδρείας
3380 1527 3408 1580 6
3465 1522 3730 1599 ἀνδρεῖος.
3800 1525 3892 1583 Τὰ

2220 1613 2277 1670 δὲ
2307 1616 2576 1689 ὁμώνυμα
2605 1617 2739 1690 (82),
2796 1619 2876 1688 τῷ
2932 1614 3078 1688 αὐτῷ
3129 1616 3357 1689 ὀνόματι
3389 1615 3678 1691 χρώμενα,
3711 1613 3890 1691 λόγον

2220 1702 2278 1760 δὲ
2308 1704 2370 1759 οὐ
2399 1705 2491 1760 τὸν
2538 1703 2696 1760 αὐτὸν
2737 1700 2951 1780 ἔχοντα·
2995 1707 3111 1759 οἷον
3159 1702 3466 1781 ἄνθρωπος,
3515 1704 3580 1760 τό
3625 1725 3683 1760 τε
3735 1708 3887 1774 ζῶον

2174 1795 2313 1870 (καὶ
2354 1795 2382 1849 6
2427 1793 2827 1870 γεγραμμένος.
2859 1798 2974 1848 Τῶν
3037 1791 3094 1848 δὲ
3142 1793 3456 1868 ὁμωνύμων
3505 1793 3572 1849 τὰ
3623 1794 3716 1866 μὲν
3769 1793 3889 1848 ἀπὸ

2224 1884 2400 1960 τύχης
2433 1885 2740 1958 ὁμωνυμεῖ,
2773 1883 2847 1946 ὠς
2878 1881 3011 1945 Αἴας
3043 1885 3155 1958 (83)
3188 1885 3216 1939 6
3262 1884 3473 1959 Λοκρὸς
3513 1881 3604 1937 καί
3636 1885 3664 1937 6
3693 1880 3894 1938 Σαλα-

2231 1973 2425 2046 μίνιος
2471 1973 2537 2027 τὰ
2587 1971 2645 2029 δὲ
2693 1973 2800 2027 ἀπὸ
2853 1971 3111 2035 διανοίας·
3143 1973 3234 2028 καὶ
3284 1974 3491 2027 τούτων
3521 1972 3590 2027 τὰ
3623 1972 3717 2046 μὶν
3761 1971 3895 2036 καθ’

2226 2063 2553 2136 ὁμοιότητα,
2605 2063 2680 2125 ὡς
2728 2063 3013 2136 ἄνθρωπος
3064 2061 3125 2116 τό
3154 2082 3213 2116 τε
3263 2065 3402 2131 ζῶον
3431 2062 3521 2116 καὶ
3555 2063 3583 2116 6
3628 2080 3896 2136 γεγραμ-

2231 2154 2408 2226 μένος·
2441 2152 2508 2206 τὰ
2546 2149 2602 2206 δὲ
2647 2151 2782 2206 κατά
2831 2150 3146 2225 ἀναλογίαν,
3197 2151 3273 2213 ὡς
3323 2147 3487 2213 πόδες
3539 2147 3690 2220 Ἴδης
3740 2153 3891 2224 (84),

2227 2242 2316 2296 καὶ
2349 2233 2401 2296 οἳ
2431 2242 2690 2313 ἡμέτεροι
2721 2238 2906 2308 πόδες,
2939 2237 3030 2294 διὰ
3072 2239 3134 2295 τὸ
3182 2241 3474 2315 κατωτέρω
3522 2242 3680 2294 εἶναι’
3709 2239 3779 2293 τὰ
3823 2236 3895 2294 δὲ

2226 2331 2342 2385 κατ’
2375 2329 2662 2406 ἐνέργειαν,
2694 2331 2768 2392 ὡς
2814 2334 2952 2391 ποῦς
2994 2327 3195 2384 πλοίου
3227 2331 3357 2403 (85),
3391 2326 3462 2383 δι’
3494 2327 3556 2384 οὗ
3582 2329 3646 2384 τὸ
3676 2326 3889 2384 πλοῖον

2227 2417 2379 2490 πλεῖ,
2424 2419 2512 2473 καὶ
2549 2422 2685 2480 ποῦς
2734 2419 2762 2473 6
2809 2419 3098 2492 ἡμέτερος,
3132 2415 3201 2472 δι’
3251 2418 3312 2473 οὗ
3359 2417 3674 2491 κινούμεθα.
3724 2419 3896 2492 Λέγει

2225 2529 2313 2562 ται
2359 2509 2632 2581 ὁμώνυμα
2674 2507 2782 2562 ἀπὸ
2827 2511 2925 2563 τοῦ
2967 2506 3132 2562 αὐτοῦ
3178 2507 3270 2562 καὶ
3319 2507 3458 2584 πρὸς
3499 2507 3562 2562 τὸ
3609 2504 3762 2561 αὐτὸο
3806 2507 3894 2570 ὡς

2231 2597 2334 2652 ἀπὸ
2363 2601 2459 2652 τοῦ
2494 2596 2680 2671 ἲατροῦ
2711 2598 2824 2671 (86)
2853 2597 2916 2652 τὸ
2944 2591 3158 2670 βιϐλίον
3180 2596 3270 2651 καὶ
3296 2596 3358 2652 τὸ
3389 2595 3609 2670 σμιλίον
3637 2597 3894 2670 ἰατρικά,

2228 2685 2334 2741 ἀπό
2362 2708 2422 2741 τε
2445 2690 2543 2741 τοῦ
2573 2687 2865 2762 χρωμένου
2896 2685 3203 2762 ἱατροῦ,καὶ
3228 2686 3364 2761 πρὸς
3394 2685 3488 2741 τὸν
3521 2684 3679 2742 αὐτον
3713 2684 3893 2762 λόγον

2229 2775 2320 2828 τὸν
2353 2773 2617 2848 ἰατρικόν.

470 2869 668 2941 pictus
705 2886 719 2938 ;
753 2867 867 2924 alia
899 2870 1094 2923 autem
1128 2883 1228 2938 per
1258 2865 1692 2938 proportionem
1717 2882 1783 2921 ac
1814 2864 2302 2933 convenientiam,
2333 2871 2398 2921 ut
2427 2867 2605 2938 pedes
2637 2867 2770 2934 Ida,
2803 2871 2860 2922 et
2889 2866 3075 2922 nostri
3120 2867 3322 2938 pedes,
3369 2871 3677 2938 propterea
3725 2866 3894 2938 quod

473 2957 595 3013 sint
626 2957 874 3012 inferius
904 2974 918 3024 ;
950 2955 1061 3011 alia
1093 2960 1289 3010 autem
1325 2971 1393 3010 ex
1416 2955 1774 3026 operatione,
1811 2959 1876 3009 ut
1907 2970 2008 3025 pes
2041 2953 2225 3021 navis,
2258 2970 2362 3026 per
2391 2970 2563 3025 quem
2592 2954 2757 3010 navis
2788 2955 3041 3026 navigat,
3075 2958 3132 3009 et
3169 2971 3271 3026 pes
3332 2959 3547 3025 noster,
3575 2970 3676 3026 per
3708 2970 3898 3026 quem

480 3062 803 3103 movemur.
838 3045 1128 3100 Dicuntur
1157 3043 1333 3099 etiam
1359 3043 1716 3115 homonyma
1747 3042 1818 3098 ab
1843 3042 2045 3098 eodem
2068 3046 2124 3097 et
2151 3042 2222 3098 ad
2253 3042 2407 3097 idem
2442 3046 2508 3098 ut
2537 3059 2572 3099 a
2602 3041 2824 3098 medico
2856 3041 3005 3098 liber
3030 3046 3088 3098 et
3120 3041 3464 3116 scalpellum
3489 3042 3741 3110 medica,
3775 3049 3840 3098 et
3861 3059 3901 3098 a

472 3135 698 3191 medico
722 3135 823 3206 qui
857 3134 1066 3203 utitur,
1100 3138 1156 3189 et
1183 3134 1255 3189 ad
1286 3133 1572 3189 rationem
1601 3131 1916 3189 medicam.

1995 3255 2225 3312 CAPUT
2255 3255 2348 3312 IX.

1829 3354 1905 3410 De
1932 3354 2162 3411 diversis
2208 3353 2521 3425 generibus.

535 3477 619 3529 Ex
649 3472 864 3542 causis,
895 3471 1019 3526 alim
1041 3472 1277 3543 quidem
1313 3476 1453 3528 sunt
1482 3487 1608 3544 qua:
1657 3471 1936 3527 dicuntur
1993 3487 2113 3541 pro-

2306 3473 2426 3524 Τῶν
2487 3467 2671 3524 αἰτίων
2724 3468 2791 3524 τὰ
2850 3470 2947 3543 μὶν
2999 3471 3463 3546 προκαταρκτικά·
3519 3472 3586 3525 τὰ
3643 3467 3702 3526 δὲ
3757 3491 3896 3526 συν-

467 3561 970 3630 catarcticze,aliaa
1000 3577 1134 3616 vero
1169 3561 1474 3633 synecticm
1526 3560 1653 3616 aliae
1707 3564 1901 3616 autem
1951 3560 2113 3631 adju-

2287 3559 2432 3613 rrixo't'
2464 3559 2531 3613 τὰ
2562 3555 2619 3613 δὲ
2658 3557 2908 3633 συνεργά·
2941 3558 3008 3613 τὰ
3057 3555 3134 3629 δὲ,
3169 3557 3241 3614 ὧν
3292 3559 3393 3614 οὐκ
3437 3557 3576 3617 ἄνευ.
3631 3563 3894 3635 Προκατ-

466 3655 692 3719 vantes,
727 3649 852 3705 alia;
884 3652 1013 3706 sine
1043 3650 1262 3721 quibus
1312 3667 1449 3706 non.
1497 3650 1955 3715 Procatarcticaa,
1988 3665 2113 3719 quae

2287 3647 2456 3701 »κτικὰ
2515 3647 2610 3720 μὶν
2667 3646 2734 3701 τὰ
2789 3648 3025 3723 πρώτως
3075 3646 3330 3725 ἀφορμὴν
3390 3650 3745 3724 παρεχόμενα
3805 3650 3894 3712 εἰς

470 3740 660 3810 primo
684 3741 823 3794 dant
845 3739 1212 3794 occasionem
1234 3740 1305 3794 ad
1324 3739 1432 3794 hoc
1447 3743 1510 3794 ut
1532 3737 1752 3809 aliquid
1779 3738 1899 3804 ﬁat,
1923 3753 2113 3808 quem-

2317 3735 2595 3810 γίγνεσθαί
2644 3756 2720 3804 τι,
2749 3738 2986 3810 καθάπερ
3032 3737 3096 3791 τὸ
3135 3735 3343 3799 κάλλος
3391 3743 3507 3800 τοῖς
3548 3737 3893 3800 ἀκολάστοις

468 3829 785 3883 admodum
831 3828 1204 3899 pulchritudo
1258 3828 1358 3883 dat
1408 3827 1910 3884 incontinentibus
1953 3842 2115 3882 occa-

467 3917 691 3971 sionem
736 3917 999 3984 amoris;
1046 3915 1130 3971 eis
1177 3917 1333 3971 enim
1377 3917 1502 3972 visa
1552 3916 1742 3972 solum
1813 3916 2118 3986 ingenerat

467 4005 831 4060 affectionem
884 4005 1253 4070 amatoriam,
1333 4021 1440 4059 nec
1487 4010 1682 4060 tamen
1761 4003 2112 4065 necessario.

465 4095 804 4165 Synecticae,
837 4111 965 4164 qua
1004 4092 1183 4148 etiam
1226 4109 1329 4162 per
1377 4091 1788 4163 synonymiam
1836 4109 1938 4146 seu
1985 4091 2116 4146 uni-

463 4199 601 4238 voce
630 4187 932 4246 vocantur,
966 4197 1070 4252 per
1100 4195 1162 4234 se
1195 4180 1466 4250 perfectae
1498 4181 1980 4250 quandoquidem
2014 4197 2118 4252 per

462 4287 523 4326 se
555 4275 645 4327 est
676 4271 843 4342 plene
873 4269 1133 4325 efﬁciens
1163 4269 1427 4323 effectus.
1464 4267 1752 4340 Deinceps
1775 4275 1968 4324 autem
1996 4287 2116 4326 om-

465 4360 630 4415 nium
662 4375 976 4416 causarum
1001 4355 1269 4429 exempla
1288 4357 1674 4412 ostendentur
1705 4357 1757 4412 ei
1787 4358 1886 4428 qui
1917 4358 2109 4414 discit.

535 4523 599 4586 ›χ‹
629 4519 686 4569 Ρ.
717 4513 824 4568 919
854 4513 963 4568 ED.
996 4511 1294 4581 POTTER,
1323 4510 1434 4568 783
1461 4515 1573 4566 ΕΙ).
1610 4512 1835 4567 PARIS.

542 4665 654 4737 (81)
687 4663 1009 4737 Συνώνυμα.
1060 4661 1401 4737 Aristoteles
1447 4661 1616 4737 libro
1660 4662 1932 4737 superius
1963 4662 2116 4737 dicto

471 4730 598 4806 gap.
637 4730 710 4805 ’1,
762 4730 925 4792 εθοῐ.’
959 4739 1032 4806 2;
1085 4730 1501 4806 Συνώνυμαηδὲ
1560 4730 1794 4806 λέγεται,
1846 4734 1918 4787 ὦν
1967 4734 2117 4806 τότε

471 4801 661 4880 ὄνομαΔ
691 4801 896 4877 κοινὸν⁹
945 4805 1033 4860 καὶ
1156 4805 1292 4880 κατᾲ
1314 4801 1574 4876 ’τοῦνομα
1605 4801 1903 4880 Α’όγοςτῆς
1930 4804 2116 4866 οὐσίας

470 4879 498 4931 6
531 4873 716 4938 αὐτός’
751 4873 1062 4946 οἷονγζῶον,
1097 4873 1125 4928 ὅ
1153 4898 1211 4930 τε
1240 4873 1545 4951 ἄνθρωπος,
1579 4873 1714 4930 καὶ”θ
1759 4877 1907 4950 βοῦς.
1946 4901 1973 4928 ‹‹
2011 4879 2114 4950 Sy-

469 4967 723 5021 nonyma
765 4956 959 5006 autem
1006 4951 1302 5018 dicuntur,
1356 4966 1607 5020 quorum
1657 4957 1712 5004 et
1769 4966 1980 5004 nomen
2031 4955 2119 5004 est

469 5037 803 5090 commune,
853 5027 909 5077 et
958 5023 1028 5076 ad
1080 5021 1220 5076 illud
1275 5037 1480 5075 nomen
1535 5022 1972 5077 accommodata
2017 5021 2118 5075 de-

469 5093 657 5165 ﬁnitio
688 5097 779 5149 est
807 5094 1010 5165 eadem
1037 5110 1049 5160 ;
1083 5093 1581 5164 quemadmodum
1613 5096 1670 5147 et
1699 5092 1895 5165 homo,
1925 5097 1982 5148 et
2012 5093 2118 5148 bos

469 5164 688 5219 dicitur
712 5163 952 5222 animal.
989 5186 1016 5212 »

540 5236 651 5308 (82)
683 5236 1004 5307 Ὁμώνυμοι.
1028 5231 1370 5308 Aristoteles
1393 5231 1533 5308 libri
1557 5235 1728 5289 modo
1751 5234 1887 5308 dicti
1912 5234 2116 5308 capqi,

467 5301 675 5380 iAni‘tiio':
733 5301 1031 5380 'Opa’wppa
1087 5302 1320 5380 λέγεται,
1381 5301 1454 5380 ᾧν
1491 5325 1666 5380 ονομα
1708 5305 1872 5380 μόνον
1907 5301 2115 5380 κοῖνόν·

471 5377 499 5430 6
562 5374 619 5432 δὲ
664 5372 806 5434 κατᾶ
841 5372 1086 5453 τοῦνομα
1143 5372 1306 5453 λόγος
1351 5377 1448 5453 τῆς
1498 5372 1939 5453 οὐσίας’ἓτερος·
2003 5378 2116 5430 οἷον

473 5451 610 5517 ζῶον
669 5451 807 5525 61:5
861 5445 1144 5525 ἄνθρωπος
1186 5445 1274 5500 καὶ
1317 5445 1380 5500 τὸ
1408 5445 1868 5525 γεγραμμένον.’‹‹
1899 5455 2119 5505 Homo-

472 5539 650 5594 nyma
679 5522 976 5593 dicuntur,
1037 5536 1289 5593 quorum
1344 5535 1558 5577 nomen
1611 5522 1799 5577 solum
1843 5526 2120 5594 estcom-

476 5592 676 5663 mune,
702 5598 772 5652 ad
803 5592 1113 5651 illud’vero
1146 5607 1356 5647 nomen
1388 5595 1830 5650 accommodata
1859 5592 2120 5650 deﬁnitio

471 5671 562 5724 est
590 5667 858 5728 diversa:
903 5665 1405 5742 quemadmodum
1447 5669 1506 5720 et
1536 5665 1735 5738 homo,
1768 5670 1826 5723 et
1851 5665 1999 5738 quod
2029 5663 2122 5738 pi-

2225 3829 2320 3878 τοῦ
2351 3822 2571 3900 ἔρωτος’
2619 3824 2780 3902 όφθὲν
2827 3826 2928 3901 γὰρ
2977 3825 3182 3898 αὐτοῖς,
3233 3828 3332 3895 τὴν
3381 3826 3645 3901 ἐρωτικὴν
3701 3825 3890 3884 διάθε-

2223 3933 2304 3967 σιν
2359 3911 2579 3986 ἐμποιεῖ
2629 3912 2814 3985 μόνον,
2866 3913 2930 3968 οὐ
2989 3914 3096 3986 μὴν
3145 3916 3691 3989 κατηναγκασμένως’
3754 3938 3893 3971 συν-

2225 4002 2407 4057 εκτικὰ
2434 4000 2511 4071 δὲ,
2547 4003 2681 4077 ἅπερ
2713 4004 2823 4074 (87)
2851 4002 3184 4076 συνωνύμως
3206 4003 3295 4058 καὶ
3315 4002 3580 4073 αὐτοτελῆ
3604 4002 3888 4075 καλεῖται,

2224 4088 2517 4166 ἐπειδήπερ
2548 4090 2828 4166 αὐτάρκως
2863 4089 2935 4145 δι’
2967 4092 3134 4146 αὐτοῦ
3165 4092 3454 4161 ποιητικόν
3489 4091 3600 4147 ἐστι
3623 4096 3720 4147 τοῦ
3741 4093 3894 4150 ἀπο-

2219 4177 2576 4252 τελέσματος.
2622 4181 2781 4249 Ἑξῆς
2829 4177 2886 4234 δὲ
2930 4181 3102 4235 πάντα
3146 4182 3216 4235 τὰ
3265 4179 3413 4236 αἴτια
3460 4181 3548 4236 ἐπὶ
3595 4185 3691 4236 τοῦ
3750 4205 3898 4256 μαν-

2223 4267 2474 4332 θάνοντος
2508 4265 2769 4323 δεικτέον
2825 4270 2854 4323 ὁ
2904 4269 2997 4342 μὶν
3047 4271 3230 4346 πατὴρ
3279 4268 3451 4326 αἶ’τιόν
3493 4269 3603 4325 ἐστι
3633 4291 3896 4347 προκατο

2219 4358 2474 4434 αρκτικὸν
2530 4360 2630 4422 τῆς
2688 4358 2996 4430 μαθήσεωςο
3051 4359 3080 4413 ὁ
3131 4355 3456 4423 διδάσκαλος
3521 4357 3580 4414 δὲ
3630 4380 3897 4418 συνεκτι-

2148 4668 2194 4732 D
2226 4666 2384 4719 ctum
2419 4666 2532 4728 est,
2564 4661 2782 4718 animal
2815 4663 3052 4720 dicitur.
3086 4687 3115 4716 »

2296 4735 2409 4807 (83)
2438 4733 2590 4807 At’ac.
2635 4737 2838 4807 Ajaces
2887 4737 3002 4791 duo
3051 4754 3082 4791 a
3111 4737 3344 4807 Trojani
3377 4737 3514 4794 belli
3540 4739 3898 4799 auctoribus

2228 4806 2478 4860 multum
2511 4805 2806 4861 celebrati.

2299 4877 2404 4951 (84)
2436 4873 2603 4953 liciis:
2648 4873 2818 4953 ”_[8nc.
2875 4876 3055 4953 Pedes
3100 4878 3571 4953 ldzsdmontisjl.
3606 4885 3665 4950 Υ,
3697 4897 3755 4938 v.
3787 4883 3897 4953 59,

2227 4943 2424 5007 Πάντες
2458 4944 2504 5000 δ’
2535 4943 2800 5020 ἐσσείοντο
2831 4943 2992 5008 πόδες
3024 4946 3403 5013 πολυπίδακος
3434 4947 3607 5020 Ἴδης.

2301 5019 2411 5091 (85)
2472 5023 2615 5080 Ποῦς
2674 5018 2896 5075 πλοίου.
2958 5021 3180 5078 Nonius
3237 5018 3585 5080 Marcellus:
3646 5046 3674 5074 α
3715 5023 3900 5080 Remi

2227 5097 2368 5146 sunt
2398 5091 2632 5167 navales
2663 5093 2863 5167 pedes.
2897 5114 2926 5142 ››
2955 5091 3252 5167 vocantur
3280 5095 3427 5151 alias
3459 5118 3487 5145 «
3523 5097 3699 5167 pedes
3726 5118 3755 5144 υ
3794 5096 3902 5151 fu-

2227 5179 2354 5240 nes_
2380 5163 2620 5240 nautici,
2663 5163 2892 5240 quibus
2942 5163 3068 5220 vela
3116 5163 3548 5240 astringantur.
3585 5167 3750 5240 Unde
3783 5167 3907 5240 Ly-

2228 5233 2488 5306 cophron
2519 5231 2742 5289 ποδωτὰ
2773 5231 2896 5288 λίνα
2925 5240 3108 5292 vocat.
3141 5231 3338 5293 Conf.”
3360 5238 3652 5294 Meursius
3697 5237 3760 5292 in
3815 5231 3910 5295 i's-

2226 5307 2348 5362 tius
2381 5309 2558 5377 poetzs
2607 5307 2937 5363 Cassandrae
2982 5325 3034 5362 ν.
3081 5308 3151 5361 97
3180 5313 3238 5364 et
3269 5309 3310 5363 1'
3340 5311 3427 5377 15,
3461 5315 3517 5366 et
3545 5317 3743 5366 noster
3774 5308 3910 5366 ibi-

2230 5379 2362 5434 dem
2395 5380 2876 5434 commentarius.

2300 5449 2412 5519 (86)
2439 5449 2579 5504 Ἀπὸ
2613 5453 2710 5503 τοῦ
2740 5447 2946 5519 ἴατροῦ.
2986 5448 3335 5507 Redundare
3353 5452 3631 5508 videntur
3660 5450 3751 5507 he
3783 5467 3905 5509 vo-

2300 5468 2390 5519 ((50
2441 5468 2579 5504 Απο
2613 5469 2710 5503 του
2741 5468 2824 5503 ιατ
2865 5468 2946 5502 ου.
2986 5468 3374 5507 [130011αᾶ1⁸θῖ

2229 5468 2550 5606 σουλ-ἐοειθ
2581 5520 2669 5606 ἐπὶ
2699 5524 2795 5577 τοῦ
2824 5468 3374 5606 ίραξροῦἱιθεοοιάυω.

2300 5592 2412 5670 (87)
2454 5593 2819 5670 Συνωνύμως.
2869 5590 3323 5670 Sic_l_e_g6ndum
3384 5610 3513 5653 esse
3563 5610 3666 5668 pro
3717 5591 3906 5670 vulg.

2228 5664 2540 5740 συνώνυμα,
2571 5664 2758 5742 liquet
2783 5683 2853 5724 ex
2881 5681 2938 5738 p.
2970 5664 3096 5721 334.
