4006 6200
395 331 506 388 595

1627 327 2035 382 CLEMENTIS
2071 323 2571 380 ALEXANDRINI

3705 324 3826 381 596

387 455 521 512 dem
551 455 608 510 et
635 450 964 525 chlamydis
996 454 1056 508 et
1085 450 1319 506 domus.
1344 449 1645 515 Quatenus
1670 449 1828 520 enim
1861 465 2041 504 causa

2174 445 2217 501 iv
2293 445 2704 517 ἐτεκνοκτόνησε
2760 443 3021 518 Μήδεια,
3081 447 3126 502 εἰ
3205 449 3282 520 μὴ
3344 447 3582 524 ὠργίσθη
3617 468 3631 483 ·
3695 448 3820 506 οὐδ’

385 547 478 602 est
503 545 572 598 ut
602 541 724 609 ﬁat,
755 557 825 596 ea
865 541 1091 596 ratione
1135 543 1224 596 est
1270 539 1450 596 etiam
1481 539 1765 606 efﬁciens,
1800 543 1861 596 ut
1891 539 1994 594 fiat
2024 555 2037 594 :

387 631 593 690 eadem
639 633 835 686 autem
885 629 1127 686 omnino
1157 631 1249 685 est
1279 644 1458 684 causa
1507 629 1791 700 efficiens,
1823 633 1881 685 et
1911 645 2041 700 pro-

389 724 520 795 pter
549 719 728 792 quod.
761 719 832 774 Et
879 718 929 773 si
963 716 1188 790 aliquid
1219 716 1457 789 quidem
1488 721 1578 774 est
1626 735 1805 775 causa
1834 722 1892 773 et
1918 717 2043 773 efﬁ-

2153 533 2214 590 ἂν
2276 535 2547 612 ὠργίσθη,
2604 533 2654 590 εἴ
2715 535 2792 610 μὴ
2851 535 3145 606 ἐζήλωσεν·
3204 534 3330 592 οὐδὲ
3383 541 3568 607 τοῦτο,
3628 538 3678 594 εἰ
3735 541 3824 613 μή

2155 624 2391 700 ἠράσθη·
2428 624 2554 680 οὑδὲ
2581 629 2765 696 τοῦτο,
2799 625 2850 680 εἷ
2897 627 2973 699 μὴ
3009 627 3195 682 Ἰάσων
3235 621 3491 683 ἔπλευσεν
3541 627 3618 690 εἷς
3668 627 3826 684 K0)-

2151 712 2313 792 χούς
2347 712 2470 770 οὐδὲ
2524 718 2707 787 τοῦτο,
2755 714 2800 769 εἰ
2835 715 2912 788 μὴ
2973 715 3154 790 Ἀργὼ
3203 715 3622 788 κατεσκευάσθη·
3683 715 3824 773 οἱ)δέ

391 809 574 874 ciens,
610 809 717 864 hoc
764 823 1001 879 quoque
1048 811 1134 863 est
1183 805 1424 862 omnino
1475 811 1708 880 propter
1757 808 1910 879 quod
1947 823 1960 864 :
1995 806 2046 862 si

2174 807 2358 872 τοῦτο,
2417 803 2463 858 εἰ
2530 805 2606 878 μὴ
2665 804 2732 859 τὰ
2789 801 2922 876 ξύλα
2981 803 3041 859 ἐκ
3088 809 3184 860 τοῦ
3241 804 3482 876 Πηλείου
3542 806 3760 879 ἐτμήθη
3809 851 3824 864 .

393 898 537 973 quid
569 901 765 953 autem
797 899 887 952 est
935 900 1174 969 pr0pter
1203 895 1382 968 quod,
1415 912 1531 952 non
1562 901 1654 952 est
1700 897 1759 952 id
1807 897 2047 954 omnino

393 1003 629 1062 quoque
660 1003 860 1042 causa.
891 983 1075 1041 Multa
1105 985 1346 1058 quidem
1397 991 1947 1042 certe'concurrunt
1976 986 2048 1042 ad

393 1093 580 1134 unum
611 1075 909 1144 effectum,
935 1077 1174 1148 propter
1203 1091 1330 1147 qua:
1353 1075 1420 1131 fit
1447 1075 1583 1132 ﬁnis
1608 1094 1621 1132 :
1647 1077 1747 1132 sed
1772 1093 1888 1132 non
1911 1079 2052 1132 sunt

396 1165 599 1222 omnia
646 1181 858 1222 causa.
891 1163 1068 1220 Filios
1117 1163 1273 1220 enim
1322 1181 1440 1221 non
1491 1163 1798 1222 occidisset
1827 1165 2048 1238 Medea,

399 1253 515 1312 nisi
548 1254 761 1312 fuisset
791 1252 970 1322 irata;
993 1269 1184 1326 neque
1217 1253 1428 1311 fuisset
1455 1253 1623 1322 irata,
1649 1253 1766 1310 nisi
1792 1254 2055 1311 laboras-

401 1347 492 1402 set
520 1343 838 1417 zelotypia;
891 1357 1082 1412 neque
1131 1341 1342 1399 fuisset
1389 1341 1668 1416 zelotypa,
1698 1343 1812 1401 nisi
1861 1361 2059 1401 amas-

404 1438 522 1504 set;
572 1449 765 1506 neque
816 1436 1094 1502 amasset,
1130 1431 1243 1488 nisi
1281 1432 1459 1489 Jason
1490 1431 1738 1490 Colchos
1785 1433 2056 1506 navigas-

407 1527 526 1592 set;
560 1537 751 1594 neque
797 1519 1042 1577 Colchos
1095 1521 1449 1592 navigasset,
1485 1521 1600 1577 nisi
1647 1524 1797 1596 Argo
1849 1523 2060 1580 fuisset

408 1611 722 1682 mdificata;
757 1625 948 1682 neque
977 1612 1129 1682 Argo
1182 1609 1392 1666 fuisset
1419 1610 1720 1680 aediﬁcata,
1755 1611 1867 1668 nisi
1899 1612 2059 1686 ligna

406 1701 662 1758 fuissent
707 1700 893 1756 scissa
921 1714 991 1756 ex
1021 1698 1198 1755 Pelio.
1229 1705 1294 1770 ᾖ(
1325 1699 1387 1754 In
1443 1699 1536 1756 his
1583 1701 1739 1756 enim
1781 1701 2058 1758 omnibus

2155 892 2243 950 Ἐν
2275 893 2488 956 τούτοις
2520 893 2625 968 γὰρ
2662 893 2854 948 ἅπασιν
2886 897 2982 948 τοῦ
3036 891 3110 948 δι’
3157 897 3268 970 (91)
3307 885 3704 972 τυγχάνοντος,
3753 896 3824 951 οὗ

2158 981 2330 1038 πάντα
2370 989 2472 1052 τῆς
2523 980 2899 1045 τεκνοκτονίας
2939 979 3087 1038 α’ίτια
3131 983 3412 1059 τυγχάνει,
3474 984 3612 1057 μόνη
3665 983 3727 1040 δὲ
3781 989 3825 1055 ἡ

2159 1071 2390 1141 Μὴδεια’
2427 1069 2511 1126 διὸ
2540 1071 2602 1127 τὸ
2648 1072 2725 1146 μή
2769 1070 2984 1127 κωλῦον
3035 1071 3385 1148 ἀνενέργητόν
3423 1072 3680 1129 ἐστινδιὸ
3716 1075 3831 1132 οὐκ

2162 1159 2301 1218 ἔστιν
2335 1159 2508 1216 αἴτιον
2537 1162 2600 1216 τὸ
2627 1163 2702 1235 μὴ
2753 1159 2990 1231 κωλῦον,
3024 1161 3171 1218 ἀλλᾶ
3214 1163 3277 1218 τὸ
3324 1161 3562 1220 κωλῦον.
3591 1165 3679 1218 Ἐν
3714 1165 3828 1239 γὰρ

2162 1255 2242 1324 τῷ
2269 1250 2504 1327 ἐνεργεῖν
2536 1250 2627 1306 καὶ
2659 1247 2786 1328 δρᾷν
2816 1272 2864 1307 τι
2897 1251 2960 1306 τὸ
2991 1249 3161 1307 α’ίτιον
3194 1258 3420 1309 νοεῖται.
3457 1255 3575 1310 Ἔτι
3619 1254 3684 1308 τὸ
3739 1255 3828 1326 μή

2163 1338 2378 1396 κωλῦον
2415 1341 2874 1416 κεχώρισταιτοῦ
2914 1341 3227 1418 γινομένου’
3257 1341 3323 1397 τὸ
3361 1339 3419 1398 δὲ
3465 1339 3638 1398 α’ίτιον
3682 1344 3834 1419 πρὸς

2162 1431 2226 1485 τὸ
2251 1430 2556 1506 γινόμενον.
2608 1428 2724 1486 Οὐκ
2774 1426 2836 1484 ἂν
2887 1429 2979 1485 οὖν
3032 1429 3115 1500 εἵη
3147 1428 3318 1486 α’ίτιον
3365 1432 3429 1486 τὸ
3464 1432 3540 1504 μή
3572 1431 3802 1488 κωλῦον

2166 1519 2264 1574 Διὰ
2290 1523 2452 1574 τοῦτο
2483 1522 2614 1595 γοῦν
2647 1517 3002 1588 ἐπιτελεῖται,
3035 1520 3114 1576 ὃτι
3144 1520 3206 1574 τὸ
3255 1517 3554 1591 δυνάμενον
3579 1521 3831 1578 κωλύειν

2167 1607 2228 1664 οὗ
2260 1609 2536 1684 πάρεστιν.
2567 1612 2855 1685 Τετραχῶς
2897 1609 2962 1664 τὸ
3011 1607 3182 1664 α’ἷτιον
3235 1607 3564 1688 λέγεταιτίτὸ
3601 1611 3831 1682 ποίοῦν,

2167 1697 2240 1759 ὡς
2272 1698 2300 1751 ὁ
2341 1693 2806 1773 ἀνδριαντοποιός
2839 1697 2932 1752 καὶ
2963 1700 2997 1768 ἡ
3031 1697 3162 1770 ὕλη,
3194 1699 3268 1760 ὡς
3297 1698 3325 1753 ὁ
3359 1698 3591 1774 χαλκός’
3623 1699 3721 1756 καὶ
3756 1702 3831 1757 τὸ

407 1806 540 1846 cum
571 1789 650 1846 sit
679 1793 917 1862 propter
957 1788 1136 1861 quod,
1170 1805 1287 1844 non
1327 1792 1464 1846 sunt
1497 1790 1696 1846 omnia
1726 1807 1915 1848 caussa
1947 1809 2056 1848 caa-

2174 1782 2330 1857 εῖδος,
2363 1786 2438 1848 ὡς
2469 1787 2498 1841 ὁ
2525 1787 2834 1862 χαρακτήρ⁹
2866 1785 2956 1841 καὶ
2999 1788 3062 1842 τὸ
3099 1786 3290 1857 τέλος,
3335 1788 3410 1851 ὡς
3452 1791 3489 1858 ἡ
3535 1791 3673 1862 τιμὴ
3723 1793 3832 1845 τοῦ

407 1881 500 1936 dis
531 1877 807 1946 filiorum,
841 1877 939 1935 sed
973 1877 1099 1935 sola
1132 1877 1351 1934 Medea.
1385 1879 1774 1943 Quamobrem
1808 1881 1864 1936 id
1897 1883 2052 1954 quod

2174 1874 2597 1952 γυμνασιάρχου.
2630 1878 2752 1934 Τῶν
2781 1876 2855 1930 ὧν
2879 1875 2978 1931 οὐκ
3018 1873 3140 1932 ἄνευ
3187 1875 3351 1953 λόγον
3393 1878 3423 1932 ὁ
3451 1877 3662 1953 χαλκὸς
3694 1878 3835 1934 έπέ-

410 1985 528 2026 non
584 1967 874 2040 prohibet,
906 1983 1020 2023 non
1077 1970 1354 2039 operatur
1399 1983 1416 2022 :
1469 1969 1742 2040 quocirca
1799 1987 1916 2026 non
1971 1975 2062 2027 est

413 2073 591 2116 causa
619 2057 676 2112 id
709 2057 864 2130 quod
897 2073 1012 2114 non
1045 2055 1310 2128 impedit,
1335 2057 1435 2113 sed
1469 2056 1526 2111 id
1559 2060 1715 2129 quod
1748 2058 2059 2131 prohibet:

413 2147 476 2204 in
507 2149 732 2220 agendo
762 2145 919 2202 enim
960 2145 1194 2216 aliquod
1225 2149 1284 2202 et
1313 2147 1608 2219 operando
1639 2163 1819 2204 causa
1847 2148 2065 2204 intelli-

419 2236 600 2310 gitur.
625 2236 931 2304 Praaterea,
955 2235 1110 2307 quod
1140 2251 1257 2290 non
1288 2234 1578 2307 prohibet,
1611 2240 2069 2310 separatumiest

423 2326 498 2384 ab
528 2343 594 2382 eo
625 2325 781 2398 quod
830 2325 916 2392 fit,
948 2340 1129 2382 causa
1175 2327 1370 2380 autem
1403 2325 1656 2382 refertur
1683 2327 1756 2382 ad
1803 2326 1861 2382 id
1913 2330 2066 2399 quod

427 2416 523 2475 ﬁt:
572 2431 688 2472 non
738 2412 850 2472 erit
892 2429 1029 2487 ergo
1080 2430 1255 2470 causa
1285 2413 1344 2469 id
1395 2415 1551 2487 quod
1604 2432 1720 2472 non
1779 2416 2066 2489 prohibet.

424 2505 740 2578 Propterea
769 2502 1009 2576 quidem
1046 2506 1201 2560 certe
1241 2502 1556 2576 perficitur,
1580 2505 1737 2576 quod
1769 2523 1886 2562 non
1917 2506 2072 2562 adsit

422 2593 485 2650 id
514 2593 664 2664 quod
719 2595 914 2664 potest
960 2590 1292 2664 prohibere.
1321 2595 1586 2660 Quatuor
1632 2598 1828 2650 autem
1880 2595 2073 2652 modis

425 2685 644 2742 dicitur
671 2701 850 2741 causa
876 2699 891 2740 :
921 2683 1206 2753 efficiens,
1239 2688 1306 2740 ut
1335 2684 1690 2754 statuarius;
1722 2690 1780 2742 et
1807 2687 2070 2758 materia,

425 2779 493 2832 ut
517 2789 629 2842 es;
671 2777 730 2831 et
780 2773 989 2842 forma,
1021 2778 1089 2830 ut
1138 2773 1465 2841 character;
1499 2779 1556 2830 et
1586 2775 1743 2847 finis,
1776 2781 1842 2832 ut
1887 2776 2075 2834 honor

423 2861 908 2937 gymnasiarchis.
942 2862 1160 2919 Eorum
1208 2879 1344 2934 ergo
1391 2864 1518 2920 sine
1548 2863 1764 2936 quibus
1808 2882 1946 2937 non,
1977 2883 2074 2923 ra-

422 2953 647 3010 tionem
701 2969 782 3009 aes
839 2955 1017 3020 tenet,
1050 2952 1122 3008 ad
1181 2951 1292 3008 hoc
1348 2955 1414 3008 ut
1469 2953 1574 3008 ﬁat
1627 2957 1842 3026 statua,
1877 2959 1932 3010 et
1987 2958 2077 3011 est

427 3040 708 3100 similiter
753 3057 952 3098 causa.
985 3043 1132 3096 Nam
1174 3041 1466 3114 quidquid
1497 3046 1588 3098 est
1635 3043 1764 3099 sine
1811 3061 1926 3116 quo
1957 3061 2074 3101 non

429 3129 720 3202 contingit
749 3130 871 3185 ﬁeri
901 3131 1192 3197 effectum,
1225 3146 1406 3186 causa
1433 3136 1524 3186 est
1553 3134 1901 3199 necessario,
1933 3151 2073 3190 cau-

429 3237 497 3278 sa
526 3223 724 3276 autem
777 3235 895 3275 non
947 3218 1235 3289 absolute,
1268 3235 1382 3274 non
1437 3223 1526 3275 est
1575 3221 1732 3277 enim
1786 3191 2151 3294 synecticac

426 3324 626 3376 causa,
659 3308 718 3362 id
769 3308 896 3364 sine
947 3325 1064 3380 quo
1112 3325 1254 3376 non,
1295 3308 1396 3364 sed
1447 3309 1758 3379 adjuvans.
1791 3309 2083 3384 Quidquid

431 3400 631 3454 autem
685 3401 982 3468 operatur,
1013 3397 1286 3452 effectum
1329 3396 1523 3452 reddit
1569 3413 1705 3454 cum
1753 3399 1884 3469 ejus
1931 3401 2084 3472 quod

432 3485 658 3560 patitur
704 3484 1070 3558 aptitudine;
1120 3501 1256 3540 nam
1300 3485 1562 3558 disponit
1608 3486 1843 3558 quidem
1892 3504 2090 3558 causa,

431 3574 656 3648 patitur
684 3577 882 3630 autem
937 3589 1121 3629 unum
1156 3573 1432 3645 quodque
1479 3579 1654 3644 prout
1684 3575 1736 3630 ei
1770 3576 1943 3632 fuerit
1984 3577 2093 3632 ali-

433 3662 577 3737 quid
601 3679 635 3718 a
660 3667 868 3720 natura
891 3662 1164 3732 insitum,
1185 3678 1322 3718 nam
1347 3663 1648 3718 concurrit
1676 3663 1806 3736 ipsa
1829 3665 2095 3737 aptitudo

433 3757 491 3809 et
519 3767 723 3810 eorum
757 3751 887 3808 sine
936 3751 1157 3824 quibus
1208 3768 1348 3820 non,
1383 3751 1670 3808 rationem
1722 3753 1964 3810 obtinet.
1997 3755 2100 3810 Est

429 3857 568 3916 ergo
617 3857 798 3898 causa
848 3838 1120 3896 inefﬁcax
1178 3841 1402 3913 absque
1448 3840 1774 3913 aptitudine
1805 3861 1821 3896 :
1851 3859 1920 3899 ea
1964 3861 2100 3902 vero

433 3949 550 3989 non
601 3937 693 3988 est
742 3948 941 4001 causa,
974 3933 1078 3988 sed
1131 3931 1324 3988 solum
1378 3933 1642 4004 adjuvat.
1694 3933 1899 3991 Omnis
1945 3935 2100 3992 enim

437 4038 618 4080 causa
647 4021 1060 4077 consideratur
1089 4021 1149 4075 in
1181 4023 1430 4093 agendo.
1464 4021 1731 4094 Seipsam
1763 4032 1958 4080 autem
1986 4042 2102 4084 non

435 4111 638 4166 fecerit
671 4115 828 4166 terra
862 4127 874 4165 :
911 4125 1098 4182 quare
1143 4125 1249 4166 nec
1296 4111 1474 4166 fuerit
1526 4127 1707 4167 causa
1754 4113 1844 4168 sui
1891 4113 2098 4186 ipsius,

437 4198 774 4255 Ridiculum
807 4203 898 4256 est
926 4203 1126 4255 autem
1178 4197 1393 4266 dicere,
1425 4197 1622 4272 ignem
1656 4217 1774 4257 non
1805 4217 1937 4258 esse
1965 4219 2102 4260 cau-

435 4305 564 4346 sam
596 4287 874 4357 ustionis,
906 4289 1008 4345 sed
1041 4286 1202 4360 ligna
1231 4303 1468 4378 :ineque
1497 4287 1760 4378 gladium
1794 4290 2102 4378 sectionis,

435 4378 536 4436 sed
569 4393 806 4436 carnem
844 4393 858 4433 :
893 4393 1085 4450 neque
1122 4377 1278 4450 quod
1313 4377 1501 4433 victus
1549 4377 1627 4433 sit
1673 4378 1918 4450 athleta,
1951 4377 2105 4438 vires

435 4467 778 4534 adversarii.
810 4468 915 4524 sed
965 4483 1136 4523 suam
1186 4464 1680 4522 imbecillitatem.
1715 4471 1905 4526 Caus‘a
1933 4485 2102 4543 syne-

2169 1983 2257 2040 χει
2289 1964 2424 2041 πρὸς
2454 1965 2520 2020 τὸ
2547 1965 2794 2040 γενέσθαι
2825 1964 2916 2020 τὸν
2973 1963 3278 2042 ἀνδριάντα,
3309 1967 3398 2022 καὶ
3439 1967 3646 2039 ὁμοίως
3677 1966 3836 2025 ἐστὶν

2171 2049 2367 2110 αἴτιον.
2400 2059 2512 2110 Πᾶν
2543 2053 2644 2128 γὰρ
2699 2053 2762 2108 οὗ
2793 2053 2970 2130 χωρὶς
3011 2053 3116 2110 οὐκ
3164 2051 3522 2132 ἐνδεχόμενον
3576 2057 3834 2134 γενέσθαι

2169 2143 2234 2199 τὸ
2279 2141 2658 2217 ἀποτέλεσμα,
2705 2143 2842 2198 κατὰ
2885 2141 3120 2218 ἀνάγκην
3171 2141 3314 2200 ἐστὶν
3383 2143 3577 2201 α’ίτιον·
3645 2145 3831 2203 αἴτιον

2174 2229 2232 2288 δὶ
2254 2230 2364 2308 οὐχ
2389 2231 2601 2296 ἁπλῶς·
2635 2233 2700 2288 οὐ
2730 2234 2836 2310 γάρ
2868 2233 2980 2288 ἐστι
3010 2233 3318 2289 συνεκτικὸν
3351 2235 3413 2290 τὸ
3460 2235 3522 2289 οὗ
3567 2236 3644 2309 μὴ
3675 2234 3832 2306 ἄνευ,

2164 2320 2426 2398 *συνεργὸν
2461 2317 2536 2376 δέ·
2570 2325 2674 2376 πᾶν
2727 2318 2785 2376 δὲ
2829 2324 2891 2377 τὸ
2940 2320 3214 2397 ἐνεργοῦν,
3260 2325 3490 2399 παρέχει
3533 2324 3596 2378 τὸ
3627 2323 3833 2380 ἀποτέ-

2175 2408 2354 2485 λεσμα
2383 2411 2500 2484 μετ’
2548 2407 2996 2486 ἐπιτηδειότητος
3039 2414 3136 2466 τοῦ
3184 2410 3512 2487 πάσχοντος·
3547 2409 3834 2486 διατίθησι

2178 2500 2273 2574 μὲν
2303 2499 2405 2576 γὰρ
2433 2500 2496 2555 τὸ
2525 2497 2696 2556 αἵτιον
2729 2503 2862 2574 (92)·
2895 2499 3096 2576 πάσχει
3127 2497 3185 2555 δὲ
3231 2496 3459 2556 ἕκαστον
3491 2501 3566 2564 εἷς
3596 2503 3626 2557 ὃ
3651 2502 3834 2581 πέφυο

2175 2589 2236 2644 κέ
2262 2610 2338 2660 τι,
2371 2595 2703 2665 παρεκτικῆς
2727 2595 2827 2659 τῆς
2871 2585 3318 2658 ἐπιτηδειότητος
3350 2587 3536 2661 οὔσης,
3581 2592 3672 2646 καὶ
3719 2597 3835 2648 τῶν

2177 2679 2251 2734 ὧν
2285 2675 2384 2734 οὒκ
2405 2675 2529 2734 ἄνευ
2561 2675 2724 2754 λόγον
2758 2676 3087 2753 ἐπεχούσηςο
3122 2679 3396 2756 ἄπρακτον
3430 2680 3519 2734 οὖν
3559 2682 3624 2736 τὸ
3653 2680 3836 2738 α’ἷτιον

2177 2765 2301 2824 ἄνευ
2347 2775 2447 2838 τῆς
2499 2765 2967 2839 ἐπιτηδειότητος
3029 2766 3128 2822 οὐκ
3177 2762 3291 2823 ἔστι
3347 2765 3407 2824 δὲ
3455 2767 3624 2840 αἶ’τία,
3683 2770 3841 2826 ἀλλᾶ

2179 2856 2454 2934 συνεργός·
2487 2855 2603 2912 ἐπεὶ
2641 2861 2745 2912 πᾶν
2789 2854 2961 2913 α’ίτιον
3013 2855 3067 2912 ἐν
3114 2861 3195 2930 τῷ
3227 2854 3356 2932 δρᾷν
3402 2863 3624 2914 νοεῖται·
3659 2860 3835 2932 αὑτήν

2180 2943 2238 3001 δε
2269 2946 2371 3001 οὐκ
2399 2943 2458 3000 ἂν
2493 2946 2682 3017 ποιοίη
2715 2948 2750 3018 ἡ
2791 2949 2885 3022 γῆ⁶
2923 2945 3062 3002 ὥστε
3109 2943 3236 3002 οὐδὲ
3287 2946 3433 3002 αἰτία
3477 2947 3538 3003 ἃν
3587 2947 3670 3020 ε’ίη
3706 2951 3837 3004 εσυ-

2177 3041 2300 3105 τῆς.
2333 3033 2746 3110 Καταγέλαστον
2781 3033 2838 3091 δὲ
2888 3036 2951 3090 τὸ
3003 3034 3209 3112 λέγειν,
3264 3038 3340 3110 μὴ
3388 3037 3451 3092 τὸ
3495 3041 3600 3114 πῦρ
3652 3036 3837 3094 αἳτιον

2183 3131 2284 3194 τῆς
2315 3123 2580 3194 καύσεως,
2623 3123 2768 3181 ἀλλά
2789 3124 2856 3180 τὰ
2883 3125 3040 3198 ξύλα.
3077 3122 3220 3200 μηδέ
3267 3127 3366 3194 τὴν
3419 3129 3696 3202 μάχαιραν
3741 3135 3856 3200 τῆς

2189 3220 2388 3288 τομῆς,
2430 3211 2576 3269 ἀλλὰ
2622 3215 2724 3284 τὴν
2769 3213 2960 3289 σάρκα·
3008 3212 3152 3288 μηδὲ
3193 3219 3290 3270 τοῦ
3340 3213 3859 3287 καταπαλαισθῆναι

2195 3305 2306 3379 (93)
2335 3303 2426 3358 τὸν
2459 3303 2707 3374 ἀθλητὴν
2735 3303 2836 3373 τὴν
2864 3303 3026 3380 ἰσχὺν
3055 3309 3151 3360 τοῦ
3182 3304 3504 3378 ἀντιπάλου,
3527 3307 3626 3374 τὴν
3655 3306 3864 3364 ἑαυτοῦ

2199 3391 2257 3448 δὲ
2285 3391 2580 3457 ἀσθένειαν.
2612 3393 2688 3449 Τὸ
2719 3393 3028 3448 συνεκτικὸν
3079 3391 3256 3448 αἳτιον
3309 3393 3372 3450 οὐ
3419 3389 3589 3450 δεῖται
3619 3395 3865 3470 χρόνου·

2197 3483 2261 3538 τὸ
2291 3481 2396 3559 γὰρ
2443 3482 2738 3556 καυτήριον
2778 3483 2892 3555 ἅμα
2932 3486 3012 3553 τῷ
3059 3483 3198 3539 κατά
3246 3485 3346 3552 τῆς
3397 3484 3592 3560 σαρκὸς
3641 3483 3870 3560 ἐπερεισ-

2204 3578 2397 3642 σθῆναι
2442 3571 2541 3640 τὴν
2587 3567 2867 3648 ἀλγηδόνα
2908 3572 3162 3647 παρέχει.
3207 3575 3331 3629 Τῶν
3377 3581 3878 3650 προκαταρκτικῶν

2203 3663 2270 3718 τὰ
2305 3661 2398 3734 μὲν
2453 3661 2659 3736 χρόνου
2713 3657 2908 3716 διῖται.
2939 3659 3105 3737 ἄχρις
3160 3658 3220 3716 ἂν
3273 3661 3496 3737 γένηται
3548 3664 3611 3718 τὸ
3659 3664 3878 3720 ἀποτέ-

2206 3749 2404 3822 λεσμα·
2449 3748 2516 3805 τὰ
2555 3746 2613 3804 δὲ
2655 3747 2718 3804 οὗ
2765 3745 2958 3818 δεῖται,
2997 3749 3072 3812 ὠς
3103 3751 3138 3820 ἡ
3189 3755 3396 3814 πτῶσις
3437 3753 3534 3807 τοῦ
3579 3753 3878 3827 κατάγμα-

2206 3861 2322 3902 τος.
2354 3841 2503 3910 Μήτι
2552 3837 2615 3893 οὐ
2658 3839 2794 3894 κατὰ
2842 3839 3094 3913 στέρησιν
3143 3839 3351 3916 χρόνου
3379 3836 3589 3915 ἄγρονα
3618 3843 3734 3915 (94)
3769 3842 3874 3898 λέ-

2209 3949 2359 4006 γεται
2384 3933 2573 3996 ταῦτα,
2604 3925 2751 3984 ἀλλά
2780 3927 2916 3984 κατὰ
2947 3927 3196 4001 μείωσιν,
3229 3927 3304 3992 ὠς
3357 3929 3447 3984 καὶ
3493 3931 3556 3985 τὸ
3586 3929 3880 4009 ἐξαίφνης,

2215 4015 2356 4092 μηδὲ
2403 4017 2534 4074 αὐτὸ
2576 4017 2754 4093 χωρὶς
2805 4015 3008 4092 χρόνου
3057 4016 3374 4093 γενόμενον.
3425 4023 3536 4072 Πᾶν
3567 4015 3742 4073 α’ίτιον
3791 4019 3880 4084 ὦς

2212 4106 2383 4164 α’ίτιον
2417 4105 2624 4178 διανοίᾳ
2653 4105 2862 4177 ληπτὸν
2890 4105 3147 4182 τυγχάνει
3175 4105 3263 4162 ἐπί
3296 4127 3466 4172 τινος,
3498 4109 3588 4162 καὶ
3637 4109 3782 4184 πρός
3815 4131 3880 4166 τι

2211 4202 2412 4254 νοεῖται
2447 4215 2460 4229 ο
2505 4196 2653 4260 τινὸς
2711 4197 2894 4268 μέντοι
2970 4194 3414 4269 ἀποτελέσματος
3451 4215 3464 4228 σ
3521 4197 3764 4267 καθάπερ
3839 4203 3882 4269 ἡ

2216 4287 2467 4364 μάχαιρα
2515 4289 2614 4340 τοῦ
2639 4286 2877 4360 τέμνειν⁶
2912 4286 3050 4360 πρός
3097 4306 3203 4340 τινι
3249 4282 3330 4354 δὲ,
3362 4285 3600 4361 καθάπερ
3629 4289 3712 4358 τῷ
3739 4285 3884 4342 ἐπι-

2210 4375 2436 4444 τηδείως
2487 4374 2699 4452 ἔχοντι,
2729 4373 2968 4452 καθάπερ
3010 4375 3074 4430 τὸ
3121 4378 3228 4450 πῦρ
3276 4378 3358 4448 τῷ
3394 4373 3557 4448 ξύλον
3589 4375 3684 4430 τὸν
3735 4373 3890 4432 ἀδά-

2217 4487 2388 4542 μαντα
2419 4467 2528 4540 (95)
2559 4464 2663 4540 γάρ
2695 4465 2759 4520 οὐ
2790 4464 2998 4520 καύσει.
3021 4465 3096 4520 Τὸ
3121 4462 3294 4519 α’ίτιον
3325 4468 3435 4520 τῶν
3462 4463 3597 4540 πρός
3623 4485 3702 4518 τι·
3727 4468 3886 4522 κατὰ

436 4558 590 4614 clica
640 4575 756 4614 non
808 4573 961 4630 opus
1009 4555 1184 4612 habet
1235 4561 1549 4628 tempore:
1585 4573 1722 4612 nam
1774 4561 2069 4616 cauteriun

2174 4557 2311 4634 ,γὰρ
2341 4557 2440 4626 τήν
2481 4554 2619 4628 πρὸς
2665 4549 2849 4627 ἓτερον
2897 4558 3097 4609 νοεῖται
3129 4554 3336 4629 σχέσινο
3371 4553 3510 4610 ὥστε
3551 4549 3693 4608 δυεῖν
3745 4553 3884 4610 tm-

433 4646 614 4705 siinul
642 4663 709 4704 ac
739 4646 903 4704 carni
935 4645 1114 4702 fuerit
1143 4643 1527 4718 applicatum,
1560 4644 1779 4718 praebet
1808 4646 2094 4706 dolorem.

506 4793 571 4858 ᾧ
599 4792 663 4847 Ρ.
691 4789 792 4845 921
826 4788 942 4846 ED.
976 4785 1279 4855 POTTER,
1308 4787 1416 4842 785
1445 4785 1558 4844 ED.
1591 4787 1824 4844 PARIS.

507 4952 621 5025 (91)
654 4950 732 5006 Δι’
759 4947 808 5005 8.
841 4949 996 5025 Flor.
1029 4947 1346 5025 conjuncta
1377 4943 1485 5025 διό,
1517 4947 2090 5025 minus_perspicue.

437 5019 545 5082 Hic
576 5019 770 5079 autem
805 5019 1163 5092 allusiogest
1214 5021 1283 5076 ad
1340 5019 1645 5092 prologum
1685 5019 1921 5078 Medeae
1945 5021 2094 5078 iuri-

437 5097 644 5171 pidcae,
675 5094 774 5171 qui
810 5091 961 5171 apud
991 5089 1594 5171 Ciceronem—quoque
1633 5106 1946 5171 expressus
1979 5097 2090 5171 est.

433 5163 865 5240 Disputatiode
893 5178 1072 5220 causa
1100 5163 1470 5234 prohibente,
1501 5180 1682 5235 supra
1708 5163 1978 5221 tractata
2006 5165 2091 5222 la-

434 5238 558 5296 tius
592 5257 648 5310 p.
684 5238 1124 5310 i343ASYLBIlRG.

507 5301 620 5384 (92')
653 5307 935 5378 Γιατίθησι
969 5305 1064 5384 μὲν
1089 5304 1189 5381 γὰρ
1220 5303 1282 5358 τὸ
1314 5301 1504 5360 α’ίτιον.
1539 5305 1684 5362 Vide
1733 5323 1862 5378 quae
1910 5307 2085 5378 paulo

429 5379 564 5456 post
593 5379 944 5456 sequuntur.
981 5379 1215 5456 [ιονντιι.

501 5455 613 5529 (93)
673 5447 1207 5529 Ῐςαταπαλαισθῆναι.
1285 5447 1376 5504 Sic
1430 5451 1624 5529 recte.
1686 5447 1836 5529 Flor.
1887 5448 2080 5529 qute-

427 5518 614 5584 tiores
653 5525 940 5583 editiones
999 5535 1299 5596 perperam
1355 5518 1634 5577 exhibent
1687 5520 1823 5575 κατά
1875 5519 2079 5576 παλαι-

427 5600 641 5656 σθῆναι.

671 5669 937 5744 ’Ἀχριινσι⁶
995 5663 1228 5738 Duplici
1283 5678 1460 5722 sensu
1518 5664 1672 5724 hanc
1699 5679 1899 5723 vocem
1929 5663 2078 5722 acci-

2207 4643 2510 4718 ϐάλλομεν,
2535 4641 2628 4698 ’ἕνα
2657 4641 2720 4698 τὸ
2751 4639 2921 4698 α’ίτιον
2955 4641 3030 4705 ὠς
3061 4639 3232 4700 α’ίτιον
3273 4643 3583 4717 νοήσωμεν.
3611 4643 3668 4696 ’0
3699 4641 3884 4707 αὐτὸς

2211 4951 2294 5021 pit
2325 4967 2338 5006 :
2394 4955 2448 5004 1ο
2474 4947 2610 5023 κατὰ
2638 4946 2906 5023 στέρησινο
2942 4961 3046 5023 pro
3076 4962 3139 5003 re
3168 4951 3609 5023 quae‘tempore
3657 4955 3834 5023 caret
3861 4971 3882 5023 ;

2205 5017 2539 5092 cujusmodi
2579 5025 2668 5076 est
2716 5017 2896 5092 Deus,
2945 5017 3206 5074 aeternus
3234 5039 3277 5092 ;_
3308 5019 3368 5072 2°
3415 5017 3552 5072 κατὰ
3611 5017 3884 5091 μείωσινῖ

2204 5090 2308 5164 pro
2342 5109 2402 5148 re
2459 5108 2584 5164 quae
2639 5091 2912 5164 exiguum
2961 5090 3444 5164 tempushdurat.
3497 5090 3622 5164 Quo
3676 5107 3888 5154 sensu

2200 5161 2404 5257 χρόνος
2437 5161 2718 5275 temporis
2742 5161 2974 5217 moram
2993 5167 3174 5218 notat.
3209 5161 3329 5218 Hoc
3346 5161 3669 5234 Hesychius
3687 5172 3889 5225 Vocat

2221 5230 2560 5275 AvnnunII-AIR
2595 5255 2619 5275 ρ
2699 5231 2966 5275 m'iwrnn-ru
3048 5233 3212 5275 τηνιῖο
3274 5231 3418 5275 τοιῆᾶ
3471 5231 3537 5275 ’1ιῆ
3579 5233 3649 5275 ll‘;
3679 5238 3886 5275 τεφσλῖ-

2215 5230 2640 5314 Ᾰχρονοτριϐἒς,
2699 5231 2990 5314 σύντομτν,
3048 5233 3236 5314 ταχύοι
3274 5231 3419 5314 παρὰ
3577 5233 3653 5306 μὴ
3679 5238 3886 5314 τετρί-

2473 5289 2708 5383 ¹χρόνῳ,
2768 5303 2804 5374 ἢ
2838 5289 3047 5432 ’χρόνον
3105 5289 3278 5359 τῖὀλὺν
3313 5289 3608 5377 διατρίψαί.
3643 5289 3888 5366 'Priar‘i

2197 5397 2376 5432 sensu
2428 5380 2581 5432 idem
2641 5394 2766 5432 exn.
2829 5399 2862 5432 α
2909 5395 3095 5432 οονον.
3151 5377 3214 5432 τὸ
3278 5378 3353 5432 μή
3415 5375 3712 5432 ἀρξάμενον
3774 5377 3882 5432 ἐπὶ

2195 5375 2376 5506 senssu
2428 5375 2581 5436 idem
2641 5375 2766 5448 exp.
2829 5375 3095 5452 ἄχρονον,
3151 5377 3214 5432 τὸ
3277 5378 3353 5450 μή
3415 5375 3712 5450 ἀρξάμενον
3774 5377 3882 5435 ἐπὶ

2195 5469 2266 5506 vo
2305 5471 2421 5506 νου.

2305 5471 2421 5507 νου.

2193 5469 2736 5597 ΧῆἓὲὂυὶΑδάμαντα.
2775 5522 2848 5578 De
2869 5521 3182 5578 adamante
3236 5535 3435 5594 super.
3467 5521 3690 5578 dictum
3728 5521 3864 5580 Str.

2184 5595 2241 5664 7,
2267 5595 2332 5670 ‘p.
2364 5595 2472 5652 639
2501 5597 2594 5652 ed.
2627 5599 2758 5652 Par.
