4006 6200
221 355 317 413 597

1418 346 1862 405 STBOMATUM
1898 348 2032 403 LIB.
2073 348 2222 403 VIII.

3417 350 3526 406 598

218 474 494 550 καὶπερῖτοῦ
521 469 857 547 δημιουργοῦ
902 467 995 526 καὶ
1042 470 1278 539 ποιητοῦ
1325 466 1491 544 λόγος
1531 467 1621 525 καὶ
1661 489 1765 524 πα-

1887 470 1959 526 Ex
1974 470 2411 542 procatarcticis
2428 472 2556 530 aliis
2574 473 2815 547 quidem
2836 478 3101 546 tempore
3120 488 3269 546 opus
3287 472 3524 546 habent,

218 563 430 643 $64.05:
469 559 600 618 ἔστιν
655 559 783 615 αὗτό
832 580 885 614 τι
940 561 1131 615 ἑαυτοῦ
1159 555 1355 628 αἴτιον,
1391 554 1515 613 οὐδὲ
1571 559 1763 614 ἑαυτοῦ

207 680 268 721 τις
285 655 422 723 πατήρ
452 671 463 683 ⁸
487 651 596 706 ἐπεὶ
622 649 683 706 τὸ
712 653 929 726 πρῶτον
961 651 1242 725 γενήσεται
1272 645 1518 721 δεύτερον
1556 666 1568 679 ·
1602 647 1665 702 τό
1700 668 1764 722 γε

202 747 283 820 μὴν
318 741 460 798 αἴτιον
502 740 694 817 ἐνεργεῖ
740 738 831 794 καὶ
865 736 1136 809 διατίθησι
1166 756 1179 768 ·
1210 738 1276 792 τὸ
1310 736 1410 792 ὑπὸ
1456 740 1554 792 τοῦ
1587 736 1762 792 αίτίου

198 836 422 911 γενόμενον
448 832 637 906 πάσχει
662 829 752 885 καὶ
784 826 1102 893 διατίθεται.
1133 825 1210 886 O6
1242 824 1461 882 δύναται
1494 823 1552 881 δὲ
1578 826 1640 881 τὸ
1666 824 1760 880 αὖ·

200 920 368 997 ὠπρὸς
406 922 562 992 ἑαυτῷ
603 913 1024 992 λαμϐανόμενον
1072 917 1308 993 ἐνεργεῖν
1358 917 1471 990 ἅμα
1500 914 1589 970 καὶ
1645 912 1763 970 δια-

198 1014 393 1082 τίθεσθαι,
420 1007 534 1065 οὐδὲ
579 1009 691 1071 υἱὸς
750 1007 882 1063 εἶναι
930 1007 1020 1062 καὶ
1066 1007 1269 1081 πατήρ.
1302 1005 1401 1060 Καὶ
1458 1002 1649 1068 ἄλλως
1699 1005 1762 1059 τὸ

194 1100 315 1156 αἴτιον
339 1104 419 1153 106
446 1099 528 1153 ὑπ’
558 1098 719 1153 αὖτοῦ
766 1098 1058 1174 γινομὲνου
1106 1096 1416 1172 προχρονεῖ
1470 1095 1606 1149 κατὰ
1660 1095 1759 1162 τήν

192 1190 342 1261 οὐσίαν,
366 1189 488 1258 ἃ)ςὴ
521 1187 764 1263 μάχαιρα
792 1189 895 1253 τῆς
946 1193 1147 1260 τομῆς.
1179 1184 1258 1243 O6
1316 1183 1540 1240 δύναται
1588 1180 1646 1238 δὲ
1700 1184 1763 1238 τὸ

194 1279 284 1334 16:6
320 1277 433 1332 κατὰ
473 1277 532 1332 τὸ
578 1276 708 1332 αὐτὸ
756 1275 850 1330 καὶ
879 1277 1207 1350 προχρονεῖν
1238 1277 1307 1349 τῇ
1340 1271 1445 1348 ὕλῃ
1490 1272 1623 1337 καθὸ
1679 1268 1763 1326 α’ί-

193 1368 274 1422 τιόν
297 1364 434 1438 ἐστιν,
464 1368 571 1440 ἅμα
600 1364 689 1421 καὶ
740 1365 982 1438 ὑστερεῖν
1023 1363 1114 1419 καὶ
1166 1363 1602 1438 ὑπεροχρονεῖν,
1633 1361 1765 1424 καθὸ

192 1459 261 1523 τῆς
297 1455 441 1516 αἰτίας
487 1453 626 1510 ἐστὶν
678 1449 861 1529 ἔργον.
898 1450 1148 1530 Διαφέρει
1178 1471 1237 1506 τε
1264 1451 1327 1506 τὸ
1360 1451 1491 1505 εἶναι
1533 1452 1630 1503 106
1677 1468 1766 1522 γε-

349 1561 361 1573 ’
390 1541 519 1599 οὕτω
547 1541 639 1598 καὶ
698 1538 871 1596 α’ίτιον
927 1542 1020 1614 μὲν
1080 1543 1178 1595 τοῦ
1233 1540 1553 1615 γινομένου,
1586 1538 1766 1609 πατὴρ

196 1631 236 1688 6‘s
272 1634 383 1689 υἱοῖν.
412 1631 518 1691 Οὔκ
570 1628 852 1708 ἐνδέχεται
880 1632 980 1707 γὰρ
1009 1631 1073 1685 τὸ
1098 1630 1232 1685 αὐτὸ
1261 1630 1399 1684 κατὰ
1427 1629 1488 1684 τὸ
1519 1627 1647 1683 αὐτὸ
1676 1626 1768 1681 καὶ

195 1723 284 1778 εἶναι
322 1724 417 1795 ἅμα
465 1722 551 1778 καὶ
608 1721 854 1797 γίνεσθαι
888 1738 903 1753 ·
940 1718 1092 1774 οὐθὲν
1124 1716 1217 1774 06v
1276 1717 1415 1774 ἐστιν
1458 1718 1652 1773 ἑαυτοῦ
1682 1712 1768 1770 α’ί-

193 1832 285 1867 τιον.
307 1809 574 1882 Ἀλλήλων
608 1809 713 1866 οὐκ
742 1808 854 1865 ἔστι
882 1808 950 1865 τὰ
981 1806 1150 1878 αἷτια,
1183 1806 1459 1878 ἀλλήλοις
1501 1804 1559 1862 δὲ
1596 1803 1762 1861 α’ίτιω

191 1903 214 1969 ἡ
252 1901 328 1976 τᾶρ
368 1897 632 1971 σπληνικὴ
682 1897 918 1963 διάθεσις
972 1897 1442 1974 προϋποκειμένη,
1485 1894 1547 1951 06
1600 1916 1765 1972 πυρε-

193 1994 257 2044 τοῦ
277 1987 435 2059 ατπιος,
462 1987 603 2044 ἆλλᾶ
632 1993 736 2045 106
763 1988 1001 2066 γίνεσθαι
1048 1989 1141 2043 τὸν
1176 1987 1406 2064 πυρετόν
1442 2006 1453 2018 ·
1484 1987 1576 2041 καὶ
1608 1986 1637 2040 6
1665 2006 1767 2039 πυ-

195 2078 808 2155 ρετὸς,προϋποκείμενος,
841 2077 903 2133 06
955 2074 1224 2149 σπληνὸς,
1274 2073 1421 2133 ἀλλᾶ
1469 2072 1566 2131 106
1614 2071 1770 2145 αὔξε-

195 2168 376 2235 σθαιτὴν
398 2165 648 2232 διάθεσιν.
684 2165 844 2224 Οὕτω
872 2167 961 2222 καὶ
993 2167 1047 2222 αἲ
1107 2165 1292 2243 ἀρεταὶ
1352 2162 1630 2235 ἀλλήλαις
1684 2161 1769 2219 α’ί-

194 2275 269 2310 τιιιι
288 2261 353 2329 τῷ
377 2258 445 2331 μὴ
473 2256 806 2333 χωρίζεσθαι
835 2258 975 2331 (96),
1006 2253 1097 2311 διὰ
1141 2257 1242 2324 τὴν
1292 2251 1718 2318 ἀντακολουθίαν
1754 2272 1767 2287 ’

196 2345 259 2399 iui
280 2345 318 2401 οἱ
343 2345 416 2400 ἐπὶ
440 2353 536 2417 τῆς
562 2342 810 2422 ψαλίδος
842 2344 994 2409 λίθοι
1021 2344 1298 2415 ἀλλήλοις
1319 2343 1453 2399 εἰσὶν
1482 2340 1645 2399 α’ίτιοι
1675 2346 1773 2399 106

202 2435 328 2503 μένειν
367 2437 816 2512 κατηγορήματος
864 2436 998 2509 (97),
1049 2431 1315 2504 ἀλλήλων
1374 2430 1433 2487 6‘s
1489 2430 1589 2487 οὐκ
1638 2431 1771 2488 εἰσὶν

199 2520 313 2576 sine:
338 2541 350 2553 '
375 2522 454 2577 καὶ
484 2525 512 2578 6
541 2519 879 2583 διδάσκαλος
910 2518 968 2576 δὲ
996 2520 1085 2576 καὶ
1118 2522 1145 2576 6
1178 2518 1461 2596 μανθάνων
1493 2518 1773 2591 ἀλλήλοις

198 2608 291 2664 ιίτῖν
336 2609 477 2666 α’ίτιοι
531 2616 633 2667 106
669 2611 997 2687 προκόπτειν
1025 2612 1308 2687 κατηγορή
1322 2631 1512 2684 ματος.
1547 2610 1774 2685 Λὲγεται

198 2695 477 2771 δεᾶλλήλοις
506 2699 683 2767 α’ίτια,
712 2701 844 2755 ποτε
881 2700 977 2774 μὲν
1006 2704 1115 2755 τῶν
1147 2698 1345 2769 αὐτῶν,
1365 2700 1439 2762 ὡς
1472 2700 1499 2754 6
1530 2697 1773 2775 ἔμπορος

195 2788 255 2841 ui
277 2791 299 2843 ὁ
319 2788 544 2862 κάπηλος
576 2789 863 2860 ἀλλήλοις
894 2787 1029 2845 εἲσὶν
1083 2785 1247 2845 α⁹ίτιοι
1293 2793 1390 2845 106
1434 2786 1728 2865 κερδαίνειν
1758 2807 1771 2821 ·

193 2875 538 2935 τπὶδὶιὶλλου
579 2879 680 2934 καὶ
732 2875 934 2952 ἄλλου,
959 2879 1199 2953 καθάπερ
1228 2879 1265 2948 ἡ
1318 2876 1564 2954 μάχαιρα
1602 2878 1693 2933 καὶ
1737 2879 1773 2948 ἠ

197 2965 283 3039 τάρξ
305 2986 316 2997 ·
342 2970 372 3037 ἡ
402 2969 487 3041 μὶν
515 2969 620 3046 γὰρ
660 2972 727 3042 τῇ
763 2967 919 3041 σαρκὶ
948 2964 1043 3023 106
1071 2968 1383 3041 τέμνεσθαιο
1416 2969 1452 3037 ἠ
1483 2968 1611 3042 σὰρξ
1633 2964 1689 3023 δὲ
1705 2969 1773 3040 τῇ

196 3057 377 3132 μαχαίρᾳ
415 3062 506 3113 106
548 3056 776 3131 τέμνειν
821 3056 885 3113 τὸ
937 3056 1221 3133 ὀφθαλμὸν
1253 3057 1514 3136 (98)“ἂντὶ
1569 3056 1774 3136 ὀφθαλ-

201 3147 561 3222 μδκαῖψυχῆν
594 3146 722 3202 ἀντὶ
752 3149 943 3222 ψυχῆς
978 3165 992 3180 ο
1026 3147 1054 3201 ὁ
1089 3147 1185 3220 μὶν
1241 3147 1343 3221 γὰρ
1392 3143 1605 3216 πλήξας
1658 3144 1777 3201 τινὰ

191 3233 427 3308 inscitia);
453 3234 625 3298 ι’ίτιὸς
660 3233 800 3292 ἔστιν
833 3234 982 3308 αὖτῷ
1008 3239 1108 3290 τοῦ
1141 3233 1393 3304 θανάτου,
1420 3233 1455 3305 ἢ
1503 3239 1599 3290 106
1627 3234 1770 3310 γίνε-
1803 3222 1845 3288 C

195 3332 278 3383 σθαι
311 3326 387 3379 τὸν
434 3326 665 3382 θάνατον
691 3344 705 3358 ⁵
742 3321 1096 3401 ἇντιπληγεῖς
1128 3320 1186 3379 δὲ
1219 3324 1308 3379 ὑπ’
1338 3323 1502 3379 αὐτοῦ
1552 3323 1768 3379 Θανασί-

194 3432 292 3481 mc,
314 3411 446 3491 ἔσχεν
471 3415 639 3471 αὐτὸν
674 3413 972 3485 ἀνταίτιον,
1003 3412 1065 3468 06
1097 3413 1231 3468 καθὸ
1262 3413 1468 3488 ἐγένετο
1509 3412 1659 3486 αὖτῷ
1688 3410 1771 3467 α’ί-

191 3503 613 3582 τιος,καθ’¹ἐτερον
654 3502 711 3560 δὲ
743 3523 758 3539 ⁸
787 3502 964 3566 αἵτιυς
1008 3504 1121 3576 μὲν
1176 3505 1281 3580 γὰρ
1339 3503 1486 3575 αὗτῷ
1543 3501 1773 3558 θανάτου

193 3588 357 3663 γίνεται,
386 3592 484 3671 οὔχ
511 3596 541 3650 6
572 3596 810 3661 θάνατος
844 3591 902 3648 ’ὁὶ
924 3590 1104 3666 τούτῳ
1134 3590 1300 3648 πάλιν
1467 3592 1569 3661 τὴν
1612 3602 1774 3655 θανα-

195 3678 313 3750 εἱμην
358 3682 683 3755 minuimus
737 3682 988 3757 πληγὴν,
1036 3678 1163 3737 ἀλλ’
1221 3679 1381 3743 αὐτὸς
1445 3682 1474 3736 6
1520 3679 1772 3758 τρωθείς.

193 3767 297 3824 ἀπ’
317 3769 468 3828 illo»
496 3774 593 3848 μὶν
631 3773 801 3834 αὐτὸς
830 3772 1049 3849 γέγονεν
1080 3768 1275 3838 α’ίτιος,
1306 3766 1477 3825 ἄλλον
1509 3766 1569 3824 δὲ
1616 3765 1772 3843 ἔσχεν

193 3854 333 3916 αἴτιον.
356 3863 445 3917 Καὶ
473 3863 502 3918 6
539 3860 814 3932 ἀδικήσας
846 3858 1022 3917 ἄλλου
1055 3860 1150 3934 μὶν
1208 3856 1381 3921 α’ίτιος
1437 3857 1775 3927 καθίσταται,

192 3949 259 4000 106
279 3946 586 4021 ἀδικηθέντος
612 3972 632 3985 ο
667 3951 695 4006 6
724 3948 783 4006 δὲ
810 3950 1293 4026 ἅντιτιμωρεῖσθαι
1339 3945 1577 4003 κελεύων
1606 3948 1777 4021 νόμος

194 4034 263 4090 οὖα
282 4035 608 4113 ἀδικήματος,
627 4039 778 4097 ἀλλὰ
799 4043 882 4112 τῷ
916 4041 1010 4112 μὶν
1041 4034 1391 4111 ἐκδικίας,τῷ
1421 4034 1480 4093 δὲ
1505 4033 1774 4100 παιδείας.

192 4122 305 4181 Ὢπε
328 4128 410 4184 οὐκ
433 4128 700 4200 ἀλλήλων
734 4128 801 4183 16.
828 4125 976 4183 α’ίτια
1013 4127 1088 4192 ὡς
1116 4125 1283 4199 α’ίτια,
1318 4125 1352 4181 ’ἆ
1381 4126 1447 4198 δή
1500 4126 1640 4182 ἐστιν
1691 4123 1775 4181 αἵ-

192 4231 268 4270 τιει.
304 4217 405 4274 Ἔτι
480 4224 753 4290 ζητεῖται,
804 4218 851 4272 εἱ
908 4213 1097 4272 πολλᾶ
1178 4217 1314 4271 κατᾶ
1388 4212 1612 4270 σύνοδον
1666 4214 1778 4277 ἑνὸς

194 4300 295 4358 sine
337 4305 522 4381 γίνεται
582 4304 775 4364 πολλά
805 4324 819 4340 ’
883 4305 936 4360 οἱ
992 4304 1093 4382 γὰρ
1163 4302 1460 4379 ἄνθρωποι,
1521 4302 1779 4359 συνελόν-

192 4410 252 4451 τες
291 4396 374 4467 (1),
423 4396 587 4452 αἴτιοί
665 4396 770 4452 εἱσι
849 4397 945 4450 106
1026 4391 1379 4459 καθέλκεσθαι
1452 4395 1554 4464 τήν
1632 4397 1777 4467 ναῦν,

197 4477 297 4535 ἆλλά
335 4482 416 4539 σὺν
467 4491 582 4549 τοῖς
642 4484 863 4556 ἄλλοις,
897 4483 945 4539 εἶ
1004 4486 1080 4559 μή
1130 4504 1184 4539 τι
1241 4484 1333 4539 καὶ
1388 4484 1450 4538 τὸ
1506 4482 1776 4539 συναίτιον

239 4643 360 4706 ιίιΡ.
381 4646 481 4702 922
508 4648 627 4705 ΕΙ).
662 4646 967 4719 POTTER,
1008 4646 1254 4703 786-787
1281 4645 1396 4702 ED.
1435 4645 1671 4705 PARIS.

238 4813 335 4894 ςωὶ
350 4813 541 4894 una},
587 4820 670 4889 τῷ
728 4817 807 4891 μὴ
846 4889 857 4894 _
885 4814 1240 4892 χωρίζεσθαι.
1292 4818 1531 4876 Rectius
1558 4815 1775 4894 uotiua:
1804 4820 1852 4887 Β

192 4887 261 4964 ττέῦ
283 4887 343 4956 μή
372 4887 815 4965 χωρίζεσθαι,ἠι
843 4887 1137 4961 interpres
1170 4906 1428 4965 quoque,
1462 4913 1490 4941 «
1520 4890 1777 4965 sihi_in-

192 4962 335 5033 Vitem
355 4962 545 5033 causa,
561 4966 706 5018 sunt
734 4978 806 5019 ne
829 4962 1239 5033 separentur.»
1251 4962 1536 5019 Svusuao.
1554 4962 1780 5018 —Cave

196 5031 443 5106 antemna
457 5032 634 5105 vulgo
655 5031 951 5106 receptam
976 5031 1287 5106 lectionem
1311 5034 1611 5091 sollicites.
1639 5034 1782 5090 Sen-

193 5111 267 5155 sus
295 5105 429 5161 enim
464 5103 595 5163 est':
620 5126 649 5156 ιι
675 5103 931 5162 Virtutes
970 5103 1085 5161 sibi
1126 5105 1374 5163 invicem
1398 5122 1585 5163 causa:
1615 5110 1780 5173 sunt,

195 5176 386 5252 ecquod
411 5181 648 5252 prepter
676 5181 945 5252 mutuam
969 5177 1447 5252 consequentiam
1472 5194 1587 5252 non
1609 5194 1782 5250 sepa-

196 5248 366 5303 rentur.
394 5248 676 5321 {fodippe
719 5249 993 5321 virtutes,
1023 5248 1181 5321 cumj
1207 5250 1363 5321 inter
1383 5267 1459 5321 ise
1489 5250 1611 5306 sint
1639 5248 1781 5321 con-

197 5327 331 5385 nme,
357 5325 417 5376 ut
440 5320 776 5394 loquuntur
792 5320 1043 5394 morales
1064 5320 1418 5394 philosophi,
1452 5320 1783 5394 necessario

199 5396 464 5477 genuiqtuo.
488 5390 718 5477 ponunt
761 5392 823 5476 in
854 5390 1376 5477 eodem'suhjecto,
1405 5390 1467 5449 et
1519 5392 1782 5449 vicissim

199 5454 399 5537 talium;
428 5454 566 5537 licet
596 5463 811 5537 alioqui
845 5463 1108 5537 nonsint
1137 5454 1228 5522 sui
1259 5454 1508 5537 invicem
1544 5481 1731 5537 causae
1767 5482 1780 5521 :

199 5527 243 5581 id
267 5527 396 5601 quod
418 5536 684 5610 Clemens
711 5527 892 5610 supra
922 5536 1063 5610 dicit
1108 5553 1237 5610 esse
1284 5534 1559 5608 ἀλλήλοις
1614 5536 1782 5610 αἴτια,

199 5612 484 5738 Ἅῒίξῇ
483 5605 746 5681 ἀλλήλων
776 5605 947 5666 αἴτια.
979 5607 1145 5668 Conf.
1179 5608 1387 5669 Strom.
1419 5605 1484 5682 ιι,
1514 5626 1649 5685 pag.
1677 5608 1785 5668 379

1872 560 2054 615 donec
2084 560 2155 617 ad
2189 560 2365 617 finem
2398 563 2717 634 perductus
2748 562 2928 620 fuerit
2957 560 3235 631 effectus;
3270 559 3396 617 alias
3427 579 3526 617 au-

1869 653 1987 706 tem
2021 666 2137 705 non
2167 649 2458 723 indigent,
2480 656 2547 709 ut
2567 669 2743 709 casus
2765 653 3054 710 fractum.
3076 651 3229 707 Num
3252 665 3388 723 ergo
3406 650 3527 707 haec

1870 756 1988 794 non
2022 738 2301 795 dicuntur
2328 740 2589 812 expertia
2614 741 2901 814 temporis
2933 757 3039 813 per
3070 740 3201 812 ejus
3247 739 3523 812 privatio-

1872 843 2030 895 nem,
2080 827 2181 883 sed
2228 844 2332 899 per
2388 829 2863 896 diminutionem,
2920 834 2985 885 ut
3031 829 3206 885 etiam
3264 832 3523 901 repente,

1871 916 2025 988 quod
2062 932 2167 971 nec
2197 915 2393 988 ipsum
2440 918 2678 989 quidem
2725 918 2945 975 factum
2980 921 3069 974 est
3112 918 3335 989 absque
3376 922 3524 973 tem-

1873 1004 2064 1079 pore?
2107 1004 2313 1062 Omnis
2357 1022 2563 1078 causa,
2617 1013 2907 1079 quatenus
2951 1024 3151 1073 causa,
3200 1006 3529 1078 concipitur

1872 1110 2000 1150 esse
2032 1092 2375 1165 alicujus,et
2405 1096 2625 1152 versari
2659 1097 2719 1152 in
2753 1096 2972 1169 aliquo.
2992 1095 3256 1166 Alicujus
3285 1095 3524 1167 quidem

1873 1184 2137 1250 effectus,
2163 1186 2229 1237 ut
2256 1183 2490 1255 gladius
2534 1185 2810 1253 secandi;
2842 1185 2904 1240 in
2937 1184 3134 1256 aliquo
3167 1188 3365 1240 autem
3395 1200 3524 1240 ver-

1873 1272 2012 1341 sari,
2029 1287 2238 1343 nempe
2254 1272 2315 1328 in
2335 1273 2543 1330 idoneo
2557 1274 3247 1347 subjecto,que'nadmod
3258 1290 3356 1329 um
3372 1273 3528 1346 ignis

1874 1360 1935 1417 in
1968 1360 2151 1433 ligno,
2175 1377 2290 1417 non
2323 1365 2453 1417 uret
2488 1362 2647 1419 enim
2694 1364 3090 1419 adamantem.
3122 1362 3315 1419 Causa
3343 1368 3432 1419 est
3462 1378 3531 1419 ex

1874 1451 1947 1507 iis
1978 1467 2107 1523 quae
2138 1450 2472 1507 referuntur
2503 1453 2571 1508 ad
2608 1451 2860 1525 aliquid;
2888 1452 3220 1526 concipitur
3246 1452 3405 1509 enim
3430 1469 3535 1526 per

1865 1531 2002 1596 'eam
2023 1556 2148 1610 quaa
2171 1543 2260 1595 est
2277 1540 2347 1595 ad
2367 1539 2618 1597 alterum
2638 1540 3070 1598 habitudinem.
3086 1541 3208 1605 Quo
3232 1541 3296 1596 fit
3312 1545 3376 1597 ut
3391 1542 3532 1598 duo-

1876 1630 1987 1685 bus
2008 1627 2122 1685 sibi
2139 1627 2388 1685 invicem
2412 1628 2747 1702 applicatis,
2762 1645 3002 1686 causam
3020 1633 3087 1685 ut
3103 1646 3343 1686 causam
3366 1630 3532 1686 intel-

1862 1717 2154 1792 ligamus.
2170 1717 2386 1775 Eadem
2407 1722 2605 1776 autem
2624 1723 2715 1776 est
2735 1720 2885 1777 ratio
2904 1718 3532 1792 opificis,eﬂ'ect0ris,et

1874 1806 2079 1882 patris.
2096 1807 2221 1863 Non
2239 1810 2330 1865 est
2345 1808 2567 1880 aliquid
2586 1808 2784 1881 ipsum
2804 1808 2896 1865 sui
2914 1807 3105 1882 ipsius
3123 1824 3322 1878 causa,
3339 1822 3530 1880 neque

1873 1896 1937 1961 ιιι
1960 1899 2051 1953 est
2070 1895 2287 1969 aliquis
2308 1901 2473 1970 pater
2493 1914 2667 1954 suus:
2685 1914 2823 1954 nam
2848 1896 2933 1955 sic
2956 1897 3238 1970 primum,
3263 1898 3527 1954 futurum

1876 1990 2032 2044 esset
2060 1986 2411 2042 secundum.
2435 1987 2625 2044 Causa
2655 1987 2893 2059 quidem
2918 1990 3071 2044 certe
3089 1987 3212 2060 agit
3231 1990 3289 2043 et
3308 1986 3490 2043 afﬁcit
3514 2004 3526 2043 :

1878 2076 2031 2150 quod
2056 2092 2090 2131 a
2109 2091 2285 2132 causa
2306 2075 2522 2132 factum
2542 2080 2653 2147 est,
2672 2077 2894 2149 patitur
2908 2080 2967 2134 et
2985 2076 3260 2133 afﬁcitur.
3284 2076 3411 2133 Non
3435 2094 3533 2150 p0-

1876 2169 1993 2221 test
2013 2169 2209 2221 autem
2232 2165 2388 2222 idem
2411 2182 2445 2222 a
2464 2165 2659 2239 seipso
2686 2166 3252 2240 sumptum,0perari
3274 2165 3454 2223 simul
3476 2172 3533 2223 et

1878 2253 2263 2327 afﬁci,neque
2282 2270 2413 2311 esse
2442 2253 2600 2311 filius
2644 2259 2701 2311 et
2730 2260 2910 2328 pater.
2933 2257 3002 2312 Et
3035 2254 3251 2327 alioqui
3284 2255 3343 2311 id
3374 2257 3528 2329 quod

1880 2351 1970 2400 est
1984 2360 2163 2400 causa
2180 2359 2246 2400 eo
2260 2344 2417 2416 quod
2436 2343 2499 2399 ﬁt
2520 2344 2590 2400 ab
2610 2344 2763 2417 ipsa,
2778 2349 2868 2401 est
2884 2344 3048 2418 prius
3071 2348 3185 2401 tem
3194 2360 3332 2418 pore
3343 2347 3533 2417 quoad

1881 2432 2222 2504 essentiam,
2255 2437 2321 2489 ut
2349 2433 2582 2506 gladius
2627 2434 2932 2491 incisione.
2956 2434 3085 2491 Non
3117 2438 3309 2506 potest
3338 2439 3533 2490 autem

1882 2522 2039 2578 idem
2062 2521 2238 2578 simul
2268 2526 2327 2579 et
2357 2526 2619 2596 tempore
2639 2540 2767 2580 esse
2799 2525 2961 2596 prius
2980 2524 3174 2596 quoad
3199 2524 3533 2594 materiam,

1884 2616 2173 2685 quatenus
2188 2615 2275 2667 est
2295 2629 2500 2680 causa;
2531 2619 2585 2669 et
2615 2617 2879 2685 tempore
2905 2629 3034 2669 esse
3063 2613 3535 2685 posterius,qua-

1885 2706 2057 2758 tenus
2079 2705 2170 2757 est
2198 2719 2347 2774 opus
2370 2719 2584 2759 causa.
2610 2702 2680 2758 Et
2709 2703 2985 2759 differunt
3014 2720 3143 2759 esse
3175 2720 3241 2759 ac
3273 2703 3415 2759 fieri.
3442 2704 3534 2759 Sic

1885 2792 2063 2849 etiam
2083 2808 2263 2848 causa
2278 2792 2515 2864 quidem
2530 2792 2658 2863 ejus
2677 2794 2829 2864 quod
2850 2792 3108 2864 fit,pater
3121 2809 3254 2848 vero
3274 2791 3529 2847 filii.N0n

1885 2880 2177 2954 contingit
2198 2880 2355 2937 enim
2388 2879 2543 2938 idem
2568 2882 2895 2937 secundum
2926 2881 3080 2936 idem
3104 2868 3170 2937 et
3198 2897 3329 2937 esse
3350 2881 3528 2938 simul

1883 2973 1941 3026 et
1990 2969 2138 3025 fieri.
2186 2968 2343 3025 Nihil
2391 2977 2478 3026 est
2523 2984 2660 3042 ergo
2711 2970 2803 3025 sui
2852 2970 3042 3042 ipsius
3089 2987 3288 3026 causa.
3330 2971 3529 3027 Causae

1884 3076 2001 3115 non
2035 3064 2173 3115 sunt
2202 3058 2383 3115 altera
2413 3057 2658 3115 alterius
2699 3059 2968 3129 invicem,
2997 3061 3097 3116 sed
3130 3059 3312 3116 altera
3342 3059 3531 3115 alteri.

1882 3147 2191 3221 Spleniaca
2219 3147 2377 3204 enim
2410 3165 2537 3221 quas
2569 3148 2735 3221 prius
2765 3147 2995 3204 exsistit
3023 3148 3273 3214 affectio,
3297 3164 3414 3203 non
3446 3151 3536 3204 est

1885 3255 2065 3295 causa
2109 3237 2308 3306 febris,
2333 3238 2433 3293 sed
2467 3242 2534 3293 ut
2580 3238 2684 3293 ﬁat
2734 3237 2943 3306 febris;
2979 3241 3037 3295 et
3086 3253 3214 3311 qua:
3266 3237 3537 3309 praecedit

1884 3328 2087 3396 febris,
2110 3344 2224 3383 non
2258 3325 2482 3399 splenis
2513 3344 2693 3383 causa
2722 3331 2833 3395 est,
2860 3328 2960 3383 sed
2993 3331 3058 3382 ut
3088 3331 3375 3398 augeatur
3403 3328 3541 3383 aﬂ‘e-

1884 3417 2018 3473 ctio.
2041 3415 2135 3471 Sic
2157 3415 2334 3472 etiam
2367 3415 2614 3473 virtutes
2641 3420 2781 3472 sunt
2802 3416 2916 3473 sibi
2948 3416 3198 3472 invicem
3243 3432 3432 3472 causas
3464 3434 3537 3472 ne

1884 3509 2251 3578 separentur,
2304 3509 2542 3578 propter
2598 3510 2867 3561 mutuam
2919 3505 3396 3578 consequentiam
3432 3521 3446 3561 :
3478 3511 3536 3562 et

1885 3595 1987 3668 qui
2020 3600 2155 3652 sunt
2187 3594 2248 3650 in
2282 3595 2498 3650 fornice
2537 3594 2766 3668 lapides
2804 3599 2944 3651 sunt
2974 3595 3086 3651 sibi
3118 3596 3365 3651 invicem
3397 3611 3535 3651 cau-

1885 3701 1961 3741 sae
1991 3684 2185 3756 quoad
2233 3683 2613 3755 praedicatum
2665 3684 2965 3752 manendi,
2998 3702 3115 3740 non
3164 3688 3305 3741 sunt
3337 3690 3532 3741 autem

1885 3773 2135 3830 invicem
2194 3789 2408 3830 causis.
2460 3772 2739 3846 Magister
2795 3790 3030 3848 quoque
3085 3777 3142 3830 et
3209 3772 3539 3846 discipulus

1886 3866 2029 3919 sunt
2058 3860 2171 3918 sibi
2201 3860 2451 3917 invicem
2486 3878 2679 3918 causae
2708 3862 2899 3934 quoad
2947 3862 3327 3935 praedicatum
3360 3863 3541 3936 profi-

1887 3950 2103 4007 ciendi.
2156 3950 2443 4007 Dicuntur
2501 3956 2700 4007 autem
2776 3951 2945 4007 alteri
2997 3951 3238 4008 alterius
3282 3952 3435 4009 inter
3480 3969 3543 4009 se

1887 4056 2102 4108 causa,
2135 4038 2453 4111 aliquando
2486 4039 2728 4112 quidem
2761 4042 3130 4112 eorumdem,
3161 4044 3228 4097 ut
3257 4045 3543 4098 mercator

1887 4132 1945 4185 et
1971 4128 2332 4201 caupoisunt
2379 4129 2491 4184 sibi
2540 4128 2789 4184 invicem
2837 4145 3027 4185 caussa
3079 4133 3143 4187 ut
3191 4130 3537 4202 proﬁciant;

1888 4217 2204 4291 aliquando
2262 4221 2462 4274 autem
2521 4217 2763 4274 alterius
2820 4229 2878 4274 et
2935 4218 3209 4286 alterius,
3253 4220 3537 4291 quemad-

1888 4307 2129 4363 modum
2162 4307 2318 4363 ensis
2351 4310 2407 4363 et
2437 4323 2603 4375 caro;
2653 4306 2751 4363 ille
2802 4307 3041 4380 quidem
3073 4308 3255 4377 carni,
3289 4312 3355 4364 ut
3385 4307 3539 4363 scin-

1888 4397 2090 4468 datur;
2124 4413 2257 4453 caro
2308 4400 2504 4455 autem
2553 4395 2771 4469 gladio,
2802 4400 2868 4452 ut
2896 4396 3128 4453 scindat
3170 4396 3404 4453 oculum
3437 4412 3540 4468 pro

1888 4485 2078 4555 oculo,
2123 4489 2182 4542 et
2235 4484 2498 4542 animam
2557 4494 2663 4557 pro
2723 4485 2942 4541 anima.
2989 4486 3100 4552 Qui
3150 4485 3305 4542 enim
3362 4482 3540 4541 alicui

1960 4816 2074 4890 (97)
2102 4817 2207 4869 T06
2239 4811 2413 4891 μὲνειν
2435 4814 2927 4891 κατηγορήματος.
2960 4837 2990 4868 ‹‹
3020 4816 3214 4889 Hujus
3245 4817 3543 4891 ριιωάίοαιί

1891 4888 2147 4946 manere.
2187 4910 2216 4939 »
2245 4889 2333 4944 Ita
2364 4904 2497 4944 mox
2529 4888 2767 4944 Low'rn.

1962 4961 2074 5037 (_98)
2101 4959 2172 5014 Τὸ
2234 4956 2538 5037 ἀφθαλμόν.
2570 4960 2705 5037 T0_v_
2734 4957 2959 5037 mavult
3016 4963 3083 5015 A.
3112 4959 3227 5037 Sed
3282 4957 3346 5015 τό
3388 4965 3543 5019 recte

1892 5031 2178 5117 scriptum
2208 5050 2222 5116 ξ
2257 5031 2474 5117 quippe
2504 5031 2671 5117 quod‘
2690 5034 2875 5117 totam
2906 5035 3250 5117 sequentem
3307 5038 3545 5117 senten-

1891 5102 2037 5179 tiam
2068 5102 2754 5179 respicit_:in_cujus_ﬂn‘e
2784 5102 3262 5161 subaudiendum
3296 5102 3542 5179 εὐλόγως

1892 5174 2126 5251 εἴρηται,
2158 5174 2248 5251 vel
2280 5175 2475 5251 simile
2503 5174 2989 5251 quidz‘SYLQURG.

1964 5243 2076 5321 (99)
2108 5243 2231 5324 Οὐχ
2279 5248 2307 5303 6
2373 5243 2600 5311 Θάνατος
2647 5243 2705 5301 δὲ
2754 5245 2934 5319 τούτῳ
2990 5244 3179 5304 πάλιν.
3238 5249 3541 5322 Corrupta.

1893 5325 2107 5377 Low'ru
2118 5366 2130 5378 .

1962 5395 2043 5461 (1)
2075 5389 2427 5453 Συνελόντες.
2481 5390 2658 5448 Malet
2708 5392 2853 5447 forte
2903 5390 3115 5462 aliquis
3171 5385 3544 5462 συνέλκοντες,

1894 5486 1922 5513 ‹‹
1958 5459 2076 5522 una
2105 5465 2407 5522 trahentes
2443 5480 2455 5519 :
2492 5486 2520 5514 »
2555 5462 2690 5521 ferri
2738 5467 2933 5519 tamen
2984 5459 3040 5519 et
3098 5459 3412 5525 συνελόντες
3440 5478 3544 5533 po-

1892 5540 2026 5667 tsest.
2044 5537 2191 5595 Aliis
2212 5537 2408 5596 verbis
2429 5553 2613 5611 supra
2642 5536 2703 5593 in
2726 5536 2929 5593 eadem
2962 5551 3023 5593 re
3045 5532 3543 5609 utitur,pag.137.

1932 5625 2184 5667 unum.

1932 5625 2184 5669 YLBURG.
