4006 6200
387 283 495 340 599

1619 275 2030 332 CLEMENTIS
2071 236 2575 334 ALnxaunaim

3709 278 3821 333 600

395 406 613 464 vulnus
657 403 870 461 inﬂixit
901 403 1094 471 letale,
1124 403 1175 459 is
1224 401 1277 458 ei
1326 417 1504 458 causa
1550 404 1639 457 est
1687 399 1914 466 mortis,
1949 403 2049 454 aut

2161 395 2373 454 α’ίτιον.
2427 398 2627 456 Ἀλλοι
2696 398 2753 456 δέ
2829 421 2989 476 φασιν
3025 446 3041 471 ,
3096 399 3142 456 εἰ
3201 399 3386 458 πολλᾶ
3455 397 3597 456 α’ἷτια
3678 404 3808 457 κατ’

395 501 460 553 ιιι
487 494 540 552 ei
572 511 733 551 mors
755 495 1010 563 accidat;
1047 494 1149 565 qui
1183 496 1378 549 autem
1409 495 1479 546 ab
1512 491 1640 562 ipso
1667 493 1757 546 est
1785 488 2046 544 vicissim

392 584 688 641 lethalitcr
735 583 1061 654 sauciatus,
1095 599 1229 639 eum
1259 579 1522 638 vicissim
1573 595 1815 635 causam
1847 577 2054 654 habuit

395 691 510 731 non
546 691 649 746 per
696 673 756 728 id
787 690 902 745 quo
934 673 986 729 ei
1022 651 1135 727 fuit
1172 687 1370 740 causa,
1404 670 1501 726 sed
1550 686 1654 742 per
1700 667 1857 724 aliud
1895 685 1909 725 :
1942 651 2057 740 ipsi

396 762 553 820 enim
585 762 650 818 ﬁt
678 779 860 818 causa
912 762 1147 830 mortis;
1198 777 1312 816 non
1355 764 1550 815 autem
1603 775 1762 813 mors
1812 757 2059 813 mortale

397 853 513 925 ipsi
554 851 774 907 vulnus
833 851 1095 908 vicissim
1149 849 1375 915 intulit,
1409 848 1511 904 sed
1561 848 1689 920 ipse
1737 845 2056 902 sauciatus.

399 943 588 1007 Quare
618 943 744 1013 ipse
774 941 1010 1013 quidem
1058 940 1169 996 fuit
1215 938 1460 995 alterius
1507 954 1707 1004 causa,
1733 936 1907 992 aliam
1955 953 2058 992 au-

403 1040 518 1087 tem
554 1047 791 1087 causam
824 1029 1054 1086 habuit.
1082 1030 1148 1084 Et
1180 1029 1280 1100 qui
1307 1026 1404 1084 alii
1437 1027 1569 1083 fecit
1601 1025 1903 1098 injuriam,
1927 1043 2059 1081 cau~

401 1138 470 1178 sa
501 1119 738 1192 quidem
771 1124 859 1176 est
890 1119 1157 1190 alterius,
1181 1119 1338 1174 884
1383 1131 1593 1189 nempe
1624 1117 1752 1187 ejus
1786 1114 1880 1172 cui
1912 1116 2066 1172 facta

403 1214 494 1268 est
523 1209 763 1281 injuria.
795 1211 910 1264 Lex
941 1213 1140 1264 autem
1166 1224 1296 1281 qua:
1327 1213 1530 1263 contra
1558 1207 1730 1277 jubet
1758 1221 1890 1261 eum
1925 1222 2062 1278 sup-

403 1299 578 1373 plicio
629 1298 809 1368 afﬁci,
840 1315 956 1354 non
1010 1297 1240 1366 injuri
1301 1313 1367 1352 ac
1419 1295 1714 1362 maleﬁcii,
1749 1295 1848 1350 sed
1901 1294 2066 1351 alteri

404 1390 644 1462 quidem
681 1387 977 1456 vindictae,
1009 1386 1175 1442 alteri
1222 1401 1354 1441 vero
1388 1383 1712 1455 disciplinis
1745 1400 1924 1440 causa
1958 1388 2065 1440 est.

405 1478 801 1544 Quamobrem
835 1495 952 1533 non
974 1479 1115 1532 sunt
1139 1475 1231 1532 sui
1265 1475 1514 1531 invicem
1537 1489 1729 1529 causae
1760 1479 1825 1529 ut
1851 1489 2066 1532 causa:

405 1569 508 1624 sed
558 1567 659 1623 illa
700 1584 825 1638 quae
883 1583 1077 1622 causae
1133 1570 1292 1621 sunt.
1330 1566 1608 1620 Praeterea
1657 1562 1945 1634 quaeritur
1995 1581 2067 1619 an

411 1656 599 1712 multa
639 1673 741 1729 per
793 1672 1177 1728 congressum
1209 1656 1351 1710 ﬁant
1381 1654 1584 1709 multa:
1631 1669 1820 1708 causae
1871 1653 2067 1708 unius-

2161 484 2327 556 ἱδίαν,
2384 485 2608 544 ’ἑκαστον
2667 491 2784 554 ἑνὸς
2842 488 3013 546 α’ίτιον
3090 491 3312 567 γίνεται.
3374 495 3488 549 Τοῦ
3541 497 3668 568 γοῦν
3731 492 3827 547 e6-

2165 573 2441 650 δαιμονεῖν
2507 579 2624 640 ἑνὸς
2697 576 2854 642 ὄντος
2925 579 3089 635 α’ίτιαι
3165 582 3527 657 τυγχάνουσιν
3578 585 3631 636 αἱ
3693 583 3828 657 ἀριο

2165 666 2276 735 ταὶ,
2334 666 2543 724 πολλαὶ
2604 667 2757 724 οὖσαι
2791 688 2804 700 ·
2837 670 2926 724 καὶ
2979 674 3079 725 τοῦ
3138 670 3518 744 θερμαίνεσθαι
3575 672 3665 726 καὶ
3718 677 3830 726 τιῦ

2169 755 2352 832 ἀλγεῖν
2411 758 2623 831 ὁμοίως
2678 757 2864 815 πολλὰ
2913 759 2980 814 τὰ
3037 758 3374 831 α’ίτια.Μήτι
3428 760 3518 816 οὗν
3569 762 3622 815 αἱ
3670 761 3831 816 πολ-

2171 843 2262 900 λαὶ
2322 846 2504 923 ἀρεταὶ
2569 847 2666 922 μία
2721 847 2830 904 ἐστὶ
2875 850 3009 904 κατὰ
3041 847 3292 922 δύναμιν,
3320 850 3410 904 καὶ
3465 850 3531 904 τὰ
3585 851 3831 924 θερμαί-

2168 955 2331 990 νοντα
2374 935 2462 990 καὶ
2520 939 2585 991 τά
2617 937 2887 1013 ἀλγοῦντα
2920 956 2935 971 '
2966 940 3054 993 καὶ
3083 939 3147 995 τὸ
3177 939 3391 1009 πλῆθος
3425 937 3483 994 δὲ
3532 944 3640 994 τῶν
3694 941 3832 1014 ἀρε-

2170 1029 2301 1094 τῶν,
2332 1025 2468 1080 κατᾶ
2491 1025 2644 1102 γένος
2671 1027 2725 1082 ἓν
2756 1028 3054 1104 τυγχάνον,
3089 1029 3208 1091 ἑνὸς
3258 1027 3434 1083 α’ίτιον
3474 1027 3674 1104 γίνεται
3725 1033 3839 1082 τοῦ

2174 1112 2555 1188 εὐδαιμονεῖν;
2603 1118 2696 1189 Τῷ
2755 1113 2868 1172 ὅντι
2925 1115 2982 1172 δὲ
3037 1118 3480 1193 προκαταρκτικά
3513 1120 3606 1191 μὲν
3666 1116 3758 1172 α’ίτ
3777 1139 3840 1171 ια

2174 1205 2292 1267 ἑνὸς
2335 1205 2531 1279 γίνεται
2580 1203 2833 1274 πλείονα,
2858 1209 2995 1262 κατὰ
3021 1207 3176 1284 γένος
3224 1208 3314 1262 καὶ
3362 1209 3478 1262 κατ’
3510 1205 3653 1271 εἶδος
3689 1225 3702 1237 ·
3736 1208 3838 1261 καὶ

2174 1295 2311 1348 κατᾶ
2365 1293 2518 1369 γένος
2576 1296 2694 1370 μὲν,
2750 1300 2848 1351 τοῦ
2906 1302 3084 1351 νοσεῖν
3141 1298 3411 1368 ὁπωσοῦν,
3469 1299 3586 1351 οἷον
3643 1295 3842 1370 ψύξις,

2177 1377 2414 1450 ἔκλυσις,
2446 1383 2639 1456 κόπος,
2697 1385 2919 1460 ἀπεψία,
2984 1387 3118 1459 μέθη
3157 1405 3172 1418 ⁸
3227 1388 3345 1441 κατ’
3402 1383 3543 1448 εἶδος
3597 1383 3675 1458 δὲ,
3733 1389 3844 1440 τοῦ

2177 1478 2431 1548 πυρετοῦ.
2465 1474 2548 1532 Τὰ
2603 1473 2662 1530 δὲ
2717 1477 2996 1531 συνεκτικὰ
3046 1473 3192 1532 α’ίτια
3247 1477 3382 1531 κατᾶ
3422 1477 3571 1550 γένος
3635 1475 3840 1548 μόνον,

2180 1563 2284 1619 οὐκ
2338 1560 2415 1619 ἔτι
2470 1562 2527 1620 δὲ
2573 1564 2663 1620 καὶ
2716 1566 2832 1620 κατ’
2887 1563 3048 1630 εἶδος.
3107 1568 3217 1623 Τοῦ
3275 1565 3378 1642 γὰρ
3439 1563 3840 1635 εὐωδιάζεσθαι

2179 1653 2316 1707 κατὰ
2369 1651 2524 1728 γένος
2583 1653 2702 1716 ἑνὸς
2759 1649 2936 1722 ὄντος,
2969 1652 3157 1710 πολλὰ
3183 1656 3248 1709 τὰ
3281 1654 3426 1710 αἴτια
3479 1655 3595 1710 κατ’
3625 1653 3778 1716 εἶδος
3821 1672 3836 1685 ’

416 1744 730 1816 Conjuncti
789 1744 947 1799 enim
1007 1743 1274 1800 homines
1335 1758 1522 1798 causae
1585 1744 1722 1796 sunt
1780 1744 1846 1796 ut
1902 1740 2049 1796 navi:

2185 1763 2242 1797 ον
2307 1741 2370 1798 λι
2391 1737 2662 1815 Corvo/tim,
2725 1740 2907 1820 ῥόδον,
2940 1743 3162 1819 κρόκος,
3194 1745 3418 1819 στύρακ,
3451 1744 3686 1819 σμύρνα,
3718 1743 3837 1816 μῦ-

412 1833 708 1902 trahatur;
775 1849 980 1889 verum
1047 1849 1210 1904 cum.
1242 1831 1396 1901 aliis,
1455 1831 1568 1886 nisi
1637 1847 1930 1886 concausa
1987 1819 2074 1886 sit

413 1940 612 1980 causa.
679 1923 796 1981 Alii
859 1927 1054 1979 autem
1102 1921 1346 1993 gdicunt,
1398 1921 1446 1976 si
1517 1920 1718 1976 multae
1765 1924 1828 1988 ἥ(
1874 1937 2062 1976 causa;

410 2013 585 2082 ﬁunt,
634 2028 898 2069 seorsum
961 2028 1080 2067 una
1125 2015 1215 2067 est
1279 2011 1457 2066 unius
1507 2025 1708 2076 causa,
1766 2009 1945 2065 veluti
1999 2015 2064 2065 ut

409 2104 543 2176 quis
592 2103 669 2160 sit
714 2103 948 2170 beatus,
981 2101 1138 2173 quod
1172 2116 1357 2155 unum
1389 2102 1498 2169 est,
1533 2115 1726 2155 causas
1773 2103 1913 2155 sunt
1947 2099 2060 2155 vir-

402 2195 580 2263 tutes,
615 2207 744 2264 quae
773 2195 916 2248 sunt
953 2189 1179 2261 multae;
1229 2194 1287 2246 et
1317 2189 1443 2260 ejus
1477 2189 1633 2261 quod
1665 2194 1755 2244 est
1784 2188 2058 2258 caleﬁeri,

402 2285 460 2337 et
506 2281 724 2348 dolere,
771 2279 968 2335 multae
1022 2282 1164 2335 sunt
1211 2294 1405 2335 causa:
1449 2277 1742 2335 similiter.
1777 2278 2059 2351 Nunquid

401 2386 540 2443 ergo
573 2369 772 2426 multa:
801 2371 1046 2440 virtutes
1078 2372 1218 2424 sunt
1242 2385 1362 2424 una
1392 2371 1703 2440 potestate,
1724 2372 1782 2423 et
1812 2384 1940 2440 quae
1964 2384 2058 2423 ca-

398 2459 704 2531 lefaciunt,
738 2465 796 2516 et
835 2458 1033 2516 dolore
1065 2457 1336 2514 afﬁciunt
1368 2473 1382 2512 :
1416 2461 1474 2512 et
1521 2455 1838 2512 multitudo
1870 2457 2054 2511 virtu-

399 2554 528 2607 tum
560 2566 688 2622 quaa
719 2554 810 2606 est
841 2566 1029 2606 unum
1060 2563 1293 2621 genere,
1318 2547 1381 2602 ﬁt
1411 2562 1594 2602 causa
1624 2545 2058 2619 unius,‘.nempe

397 2651 463 2701 ut
506 2642 641 2716 quis
689 2641 768 2697 sit
813 2638 1070 2715 beatus?
1119 2638 1335 2693 Revera
1377 2640 1574 2691 autem
1630 2635 2056 2704 procatarcticte

403 2735 647 2809 quidem
679 2747 867 2788 causa:
898 2730 1039 2784 sunt
1069 2725 1246 2782 unius
1288 2724 1484 2797 plures
1514 2729 1571 2780 et
1599 2741 1810 2797 genere
1840 2729 1894 2779 et
1926 2741 2055 2795 spe-

407 2825 532 2882 cie:
559 2828 615 2880 et
645 2835 857 2894 genere
888 2817 1150 2889 quidem,
1185 2818 1250 2870 ut
1279 2813 1595 2886 cujuslibet
1619 2813 1835 2880 morbi,
1860 2829 2056 2868 exem-

407 2915 487 2989 pli
521 2912 730 2988 gratia,
777 2908 962 2981 algor,
1002 2904 1302 2972 resolutio,
1334 2903 1518 2971 labor,
1552 2903 1707 2959 mala
1735 2903 2054 2974 concoctio,

405 3004 658 3062 ebrietas
691 3018 705 3057 :
739 2998 932 3072 specie
964 3000 1160 3052 autem
1211 2993 1407 3050 febris.
1442 2993 1816 3049 Continenles
1857 2997 2051 3049 autem

400 3110 614 3158 causae,
661 3104 873 3163 genere
923 3085 1140 3152 solum,
1191 3099 1309 3138 non
1357 3081 1556 3138 itidem
1604 3082 1776 3137 etiam
1837 3083 2048 3154 specie.

393 3183 543 3240 Nam
578 3183 641 3235 ut
682 3176 814 3250 quis
861 3173 1002 3230 boui
1033 3173 1110 3228 sit
1140 3171 1358 3238 odoris,
1391 3171 1545 3240 quod
1597 3175 1685 3225 est
1731 3187 1914 3226 unum
1948 3187 2050 3242 ge-

396 3288 558 3342 nere,
592 3267 792 3323 multze
824 3267 964 3321 sunt
1007 3278 1194 3317 causa;
1226 3260 1441 3332 specie,
1476 3263 1676 3332 utpote
1706 3259 1867 3329 thus,
1891 3277 2046 3329 rosa,

393 3376 622 3426 crocus,
645 3361 862 3428 styrax,
889 3350 1146 3423 myrrha,
1166 3351 1556 3421 unguentum.
1577 3348 1730 3404 Rosa
1750 3348 1902 3404 enim
1928 3367 2042 3405 non

392 3448 502 3506 erit
531 3447 674 3503 adeo
705 3442 1018 3507 odoritera,
1043 3444 1109 3494 ut
1132 3437 1388 3510 myrrha.
1413 3438 1570 3493 Idem
1601 3442 1792 3494 autem
1826 3440 1893 3494 ﬁt
1911 3456 2045 3495 cau-

393 3555 461 3595 sa
507 3533 962 3600 contrariorum,
985 3528 1139 3600 quod
1192 3525 1508 3598 aliquando
1549 3526 1762 3582 accidit
1808 3534 2044 3600 propter

390 3627 580 3702 ipsius
635 3639 824 3681 causa
885 3617 1380 3692 magnitudinem,
1427 3633 1491 3672 ac
1534 3617 1674 3682 vim,
1724 3617 2041 3690 aliquando

393 3723 592 3776 autem
623 3715 697 3771 ob
727 3713 876 3784 ejus,
901 3708 1054 3782 quod
1090 3707 1332 3780 patitur,
1367 3706 1774 3778 aptitudinem.
1797 3707 1881 3764 Ob
1914 3724 2040 3763 cer-

392 3813 515 3866 tam
534 3805 772 3876 quidem
793 3801 934 3870 vim,
948 3798 1150 3854 eadem
1169 3797 1389 3852 chorda
1405 3800 1695 3868 quatenus
1719 3798 2044 3854 intenditur

394 3902 497 3954 aut
525 3892 870 3959 remittitur,
893 3893 1130 3944 acutum
1157 3890 1261 3941 aut
1291 3902 1522 3960 gravem
1548 3887 1666 3942 edit
1692 3904 1934 3956 sonum;
1968 3889 2042 3944 ob

393 3983 784 4058 uptitudinem
818 3985 1017 4034 autem
1041 3993 1242 4032 eorum
1268 3992 1392 4046 quae
1417 3977 1739 4048 patiuntur,
1765 3977 1880 4033 mel
1913 3978 2041 4050 qui-

389 4078 523 4133 dem
557 4087 733 4129 sanos
784 4065 1096 4124 dulcedine
1144 4064 1347 4131 afﬁcit,
1383 4080 1648 4120 amarore
1697 4071 1891 4122 autem
1943 4083 2042 4123 eos

388 4163 491 4237 qui
523 4162 683 4218 febre
730 4158 1033 4223 laborant;
1066 4157 1124 4210 et
1153 4169 1338 4207 unum
1371 4157 1428 4208 et
1457 4152 1612 4208 idem
1642 4154 1869 4226 vinum,
1897 4156 2042 4211 alios

387 4254 628 4328 quidem
667 4248 781 4306 ciet
808 4247 880 4302 ad
913 4245 1083 4307 iram,
1111 4241 1257 4298 alios
1286 4258 1423 4298 vero
1453 4241 1766 4312 exhilarat;
1800 4249 1855 4300 et
1887 4245 2040 4301 idem

387 4343 477 4402 sol
505 4355 700 4399 ceram
742 4335 981 4410 quidem
1029 4330 1354 4404 liquefacit,
1385 4330 1577 4387 lutum
1628 4337 1820 4388 autem
1857 4336 2040 4391 exsic-

387 4439 502 4493 cat.
528 4437 703 4487 Porro
735 4431 934 4483 autem
966 4440 1035 4479 ex
1067 4420 1258 4477 causis
1289 4419 1415 4476 aliae
1441 4420 1676 4492 quidem
1712 4429 1851 4478 sunt
1879 4441 2041 4498 aper-

2175 1851 2266 1908 ρον
2295 1852 2308 1866 ο
2357 1833 2420 1886 τὸ
2456 1832 2558 1908 γὰρ
2609 1829 2767 1908 ῥόδον
2800 1831 2899 1886 οὐκ
2947 1831 3006 1886 ἂν
3051 1831 3225 1893 οὕτως
3274 1829 3470 1896 εὐῶδες
3529 1831 3610 1903 ε’ἱη
3664 1833 3745 1895 ὡς
3797 1835 3840 1902 ἠ

2174 1923 2405 1997 σμύρνα.
2433 1923 2504 1976 Τὸ
2561 1921 2618 1977 δὲ
2675 1922 2804 1978 αὐτὸ
2851 1926 2959 1976 τῶν
3021 1921 3271 1976 ἐναντίων
3335 1920 3510 1978 α’ίτιον
3566 1921 3783 1997 γίνεται
3826 1941 3842 1953 '

2172 2012 2304 2066 ποτὶ
2338 2011 2432 2084 μὶν
2463 2012 2609 2085 παρᾶ
2635 2012 2696 2066 τὸ
2731 2014 2958 2087 μέγεθος
3002 2016 3099 2066 τοῦ
3129 2010 3305 2066 αἰτίου
3361 2011 3450 2066 καὶ
3503 2012 3600 2080 τήν
3663 2009 3845 2066 δύνα-

2175 2122 2289 2174 μιν,
2324 2102 2454 2156 ποτὲ
2513 2099 2569 2156 δὲ
2625 2102 2772 2177 παρά
2818 2103 2917 2171 τήν
2953 2098 3365 2171 ἐπιτηδειότητα
3418 2105 3516 2156 τοῦ
3571 2103 3846 2176 πάσχον-

2169 2211 2283 2253 τος.
2319 2190 2471 2265 Παρὰ
2532 2190 2626 2264 μὶν
2673 2193 2773 2260 τὴν
2827 2192 2987 2245 ποιὰν
3049 2187 3299 2263 δύναμιν,
3353 2193 3388 2260 ἡ
3447 2190 3580 2259 αὐτὴ
3639 2188 3841 2267 χορδὴ

2170 2282 2316 2356 παρὰ
2342 2282 2443 2349 τὴν
2475 2279 2714 2336 ἐπίτασιν
2747 2279 2783 2350 ἢ
2813 2281 2912 2348 τὴν
2970 2277 3145 2334 ἄνεσιν
3176 2279 3295 2351 ὀξὺν
3329 2279 3365 2350 ἢ
3403 2281 3566 2355 βαρὺν
3619 2279 3840 2336 ἀποδί-

2170 2367 2301 2425 δωσι
2329 2371 2420 2426 τὸν
2450 2369 2685 2447 φθόγγον
2722 2389 2734 2402 ⁸
2769 2371 2916 2446 παρὰ
2971 2367 3029 2424 δὲ
3075 2371 3173 2438 τήν
3233 2367 3652 2441 ἐπιτηδειότητα
3710 2376 3834 2425 τῶν

2167 2461 2491 2537 πασχόντων
2545 2462 2606 2516 τὸ
2665 2462 2791 2535 μέλι
2843 2459 3098 2536 γλυκάζει
3152 2459 3244 2534 μὶν
3293 2460 3423 2523 τοὺς
3456 2461 3835 2536 ὑγιαίνοντας,

2165 2550 2414 2628 πικράζει
2463 2549 2521 2605 δὶ
2565 2549 2695 2612 τοὺς
2751 2549 3116 2625 πυρέσσοντας
3147 2569 3160 2582 ³
3194 2549 3283 2605 καὶ
3316 2552 3394 2612 εἴς
3423 2551 3512 2604 καὶ
3566 2551 3594 2605 ὁ
3649 2551 3834 2614 αὐτὸς

2171 2641 2312 2703 οἶνος
2372 2644 2447 2706 (2)
2495 2639 2621 2701 τοὺς
2653 2640 2747 2713 μὶν
2798 2639 2875 2703 εἷς
2923 2639 3110 2716 ὀργὴν,
3141 2639 3267 2700 τοὺς
3317 2637 3375 2694 δὲ
3433 2639 3509 2701 εἲς
3558 2636 3829 2715 διάχυσιν

2165 2726 2306 2806 ἄγει·
2346 2728 2436 2784 καὶ
2494 2729 2522 2782 ὁ
2568 2727 2730 2792 αὐτὸς
2775 2727 2936 2797 ἥλιος
2981 2728 3134 2799 τήκει
3197 2729 3289 2802 μὶν
3331 2728 3424 2782 τὸν
3477 2728 3670 2802 κηρὸν,
3719 2731 3828 2802 ξη-

2165 2818 2335 2894 ραίνει
2396 2817 2453 2874 δὶ
2504 2819 2594 2873 τὸν
2626 2817 2828 2889 πηλόν.
2861 2821 2978 2873 Τῶν
3030 2815 3120 2872 οῦν
3182 2817 3366 2872 αῗτίων
3423 2817 3490 2872 τὰ
3543 2819 3636 2890 μὲν
3700 2817 3826 2874 ἐστι

2162 2903 2439 2982 πρόδηλα,
2488 2905 2553 2961 τὰ
2610 2903 2668 2960 δὶ
2723 2904 3074 2981 ἐπιλογισμῷ
3145 2901 3576 2979 λαμϐανόμενα-
3625 2907 3696 2959 τὰ
3755 2903 3827 2962 δὶ

2163 2993 2343 3065 ἄδηλα
2373 3015 2386 3027 ⁸
2419 2994 2486 3051 τὰ
2516 2993 2573 3050 δὲ
2603 2994 2982 3070 ἆναλογισμῷ.
3009 2993 3111 3050 Καὶ
3150 2999 3257 3050 τῶν
3311 2991 3533 3064 ἀδήλων
3589 2995 3654 3048 τὰ
3709 2996 3822 3067 μὲν

2161 3087 2298 3161 πρὸς
2326 3084 2511 3158 καιρὸν
2546 3082 2747 3154 ἄδηλα,
2780 3083 2916 3138 κατᾶ
2949 3084 3043 3157 μὶν
3077 3083 3198 3138 τινὰ
3237 3084 3422 3158 καιρὸν
3468 3083 3828 3158 ἀποκεκρυμ-

2166 3175 2320 3250 μένα,
2351 3176 2486 3230 γατᾶ
2538 3172 2596 3229 δὲ
2643 3173 2763 3228 τινὰ
2809 3172 2972 3228 πάλιν
3007 3167 3213 3244 ἔκδηλα
3249 3173 3556 3248 βλεπόμενα
3587 3193 3602 3205 ’
3627 3173 3698 3226 τὰ
3757 3170 3830 3228 δὲ

2154 3267 2307 3342 φύσει
2352 3261 2555 3334 ἄδηλα,
2586 3264 2653 3317 τὰ
2701 3262 2836 3318 κατὰ
2888 3259 3097 3335 μηδένα
3145 3263 3331 3338 καιρὸν
3373 3259 3628 3337 πρόδηΛα
3653 3261 3826 3337 γενὲ-

2154 3357 2274 3410 σθαι
2335 3350 2601 3426 δυνάμενα
2633 3372 2645 3384 '
2707 3352 2795 3406 καὶ
2846 3355 2954 3406 τῶν
3044 3351 3138 3425 μὶν
3197 3350 3348 3429 φύσει
3382 3351 3447 3405 τὰ
3491 3352 3586 3423 μὲν
3637 3372 3858 3406 κατα-ν

2153 3441 2338 3514 ληπτά
2370 3462 2382 3476 ⁸
2419 3443 2552 3516 ἅπερ
2587 3439 2686 3496 οὐκ
2715 3437 2894 3510 ἄδηλά
2944 3460 3084 3502 τινες
3138 3437 3386 3509 ἐκάλουν,
3415 3437 3505 3494 διὰ
3557 3439 3820 3512 σημείων

2150 3532 2583 3608 ἀναλογιστικῶς
2633 3525 3047 3604 λαμϐανόμενα,
3094 3531 3334 3605 καθάπερ
3391 3532 3426 3599 ἡ
3484 3531 3810 3604 συμμετρία

2148 3628 2256 3679 τῶν
2311 3622 2464 3698 λόγῳ
2493 3623 2775 3697 θεωρητῶν
2833 3621 3018 3695 πόρων
3043 3622 3120 3684 (3)
3156 3619 3262 3674 ’τὰ
3309 3616 3366 3673 δὲ
3413 3615 3807 3692 ἀκατάληπτα,

2148 3713 2215 3768 τὰ
2245 3712 2381 3766 κατά
2415 3707 2622 3784 μηδένα
2677 3708 2878 3784 τρόπον
2931 3708 3034 3763 ὑπὸ
3084 3707 3390 3780 κατάληψιν
3421 3712 3598 3761 πεσεῖν
3633 3703 3808 3762 δυνά-

2155 3823 2308 3877 μενα,
2343 3800 2374 3856 ἃ
2419 3798 2486 3871 δὴ
2537 3799 2626 3855 καὶ
2661 3796 2864 3870 ἄδηλα,
2894 3798 2947 3853 ἐν
3006 3803 3084 3870 τῷ
3121 3796 3363 3867 καθάπαξ
3413 3795 3663 3871 λέγεσθαι
3699 3801 3804 3867 (4).

2153 3891 2249 3950 Καὶ
2306 3891 2372 3944 τὰ
2430 3890 2526 3964 μὶν
2586 3887 3146 3965 προκαταρκτικᾶ,τὰ
3202 3885 3259 3941 δὲ
3282 3886 3684 3952 συνεκτικὰ,τᾶ
3745 3885 3808 3942 δί

2151 3980 2416 4049 συναίτια,
2443 3981 2510 4033 τά
2541 3975 2598 4034 δὲ
2627 3977 2850 4054 συνεργά
2883 3998 2895 4011 ·
2931 3978 3021 4031 καὶ
3050 3977 3118 4031 τὰ
3153 3978 3246 4049 μὲν
3276 3979 3370 4030 τοῦ
3427 3977 3562 4029 κατὰ
3615 3976 3806 4052 φύσιν,

2148 4070 2214 4124 τά
2266 4066 2323 4123 δὲ
2383 4073 2478 4122 τοῦ
2528 4068 2675 4128 παρά
2719 4065 2898 4141 φύσιν³
2938 4065 3004 4120 τὰ
3053 4063 3110 4120 δὲ
3158 4065 3340 4134 νόσου,
3394 4065 3482 4117 καὶ
3543 4063 3678 4117 κατὰ
3740 4066 3806 4120 τὸ

2153 4153 2492 4228 ὑποϐεϐηκὸς
2525 4156 2623 4228 (5),
2652 4155 2718 4209 τὰ
2773 4156 2865 4228 μὶν
2911 4159 3120 4224 παθῶν,
3162 4153 3226 4207 τὰ
3283 4151 3339 4206 δὲ
3382 4157 3478 4206 τοῦ
3537 4155 3808 4228 μεγέθους

2151 4247 2349 4320 αὐτῶν,
2379 4245 2445 4301 τά
2493 4243 2550 4300 δὲ
2598 4244 2815 4320 χρόνων
2843 4245 2931 4299 καὶ
2964 4248 3190 4321 καιρῶν.
3223 4248 3344 4302 Τῶν
3395 4247 3489 4321 μὲν
3539 4244 3629 4298 οὗν
3661 4265 3810 4319 προ-

2150 4339 2522 4410 καταρκτικῶν
2578 4333 2882 4408 αἰρομένων
2920 4332 3068 4407 μένει
3126 4336 3187 4390 τὸ
3244 4335 3588 4410 ἀποτέλεσμα
3621 4355 3635 4370 ο
3668 4357 3811 4390 συν-

2151 4429 2361 4482 εκτικὸν
2419 4422 2476 4480 δὲ
2525 4423 2668 4479 ἐστιν
2719 4421 2916 4492 α’ίτιον,
2951 4423 3012 4478 οὗ
3043 4423 3330 4500 παρόντος,
3367 4427 3511 4500 μένει
3541 4427 3603 4481 τὸ
3661 4425 3813 4482 ἆπο-

388 4521 623 4589 ιω,ιιιὶω
650 4533 799 4591 quas
825 4513 1137 4587 cogitando
1159 4511 1560 4582 assequimur,
1584 4512 1710 4572 alias
1741 4514 2002 4572 obscuras
2027 4533 2040 4572 ε

2161 4514 2392 4588 τέλεσμα
2428 4533 2442 4547 ·
2485 4512 2574 4568 καὶ
2633 4512 2946 4586 αἰρομένου,
2993 4511 3222 4588 α’ίρεται.
3250 4516 3327 4572 Τὸ
3379 4512 3436 4569 δὲ
3487 4518 3808 4571 συνεκτικὸν

389 4611 515 4668 alias
563 4624 709 4680 quas
764 4601 1114 4675 colligimus.
1171 4600 1250 4655 Ex
1308 4599 1576 4657 obscuris
1635 4606 1853 4674 autem,
1917 4605 2041 4662 aliis

391 4699 629 4772 quidem
679 4697 819 4751 sunt
866 4692 1129 4748 obscurae
1160 4690 1232 4745 ad
1264 4693 1522 4761 tempus,
1557 4695 1620 4746 ut
1666 4709 1792 4764 quae
1843 4693 2040 4767 aliquo

388 4787 631 4860 quidem
658 4789 922 4855 tempore
970 4780 1180 4838 abdita
1211 4779 1449 4850 fuerint,
1483 4779 1801 4852 aliquando
1841 4789 2038 4842 autem

455 4940 520 5005 ἦ(
547 4939 609 4994 P.
639 4936 746 4990 923
777 4933 890 4990 ED.
924 4931 1234 5000 POTTER,
1264 4932 1532 4988 787-788.
1564 4933 1676 4990 ED.
1712 4937 1943 4996 PARIS.

455 5117 532 5190 (2)
567 5113 727 5190 οἶνος
759 5111 976 5190 Vinum
993 5109 1161 5190 idem
1193 5107 1340 5165 alios
1371 5109 1541 5190 aliter
1583 5112 1833 5190 afﬁcere,
1854 5115 2035 5190 docet

384 5180 561 5247 etiam
595 5185 761 5242 Philo
791 5180 1062 5257 Περὶ-τῶν
1121 5186 1448 5257 μετονομαζ.
1483 5199 1616 5257 pag.
1651 5186 1772 5257 172.
1805 5180 2034 5244 Plutar-

387 5263 534 5320 chus
569 5275 697 5332 pag.
732 5254 1016 5324 199,387,
1041 5257 1098 5309 et
1124 5254 1364 5310 Aristot.
1395 5254 1679 5326 problem.
1705 5256 1792 5328 l7,
1817 5264 1957 5316 sect.
1977 5262 2032 5318 3.

387 5335 456 5390 Η.
492 5337 777 5388 Snsuao.

2154 4605 2485 4679 συνωνύμως
2542 4605 2629 4660 καὶ
2691 4600 2980 4666 αὐτοτελὲς
3035 4603 3296 4660 καλοῦσιν
3331 4604 3567 4676 ’ἐπειδὴ
3599 4607 3805 4681 αὐτάρ-

2149 4718 2259 4759 κως
2289 4694 2359 4750 δι’
2390 4694 2552 4750 αὐτοῦ
2583 4696 2656 4758 (6)
2686 4695 2971 4764 ποιητικόν
3009 4691 3119 4749 ἐστι
3175 4699 3273 4749 τοῦ
3331 4696 3805 4771 ἀποτελέσματος.

2150 4787 2215 4844 El
2265 4783 2322 4841 δὲ
2364 4785 2427 4840 τὸ
2477 4783 2647 4839 αθίτιον
2698 4780 3025 4846 αὐτοτελοῦς
3057 4783 3329 4860 ἐνεργείας
3391 4786 3503 4842 ἐστὶ
3561 4784 3810 4858 δηλωτι-

2147 5121 2303 5193 quod
2336 5117 2626 5193 explicare
2657 5117 2880 5193 [rustra
2910 5120 3156 5193 conatus
3187 5121 3276 5174 est
3305 5117 3614 5193 interpres.

2213 5193 2293 5262 (4)
2324 5186 2601 5266 Λὲγεσθαι.
2661 5188 2878 5262 Supple
2964 5186 3252 5262 δυνάμενα,
3326 5191 3413 5248 vel
3460 5186 3629 5266 'lege
3707 5192 3805 5250 λε-

2143 5281 2315 5336 γεται.

2215 5336 2290 5408 (5)
2320 5325 3220 5408 ’Υποεεϐηκόᾳ,ΕΙΟΓἾΑὑπεϐηκός
3248 5351 3277 5408 '_
3297 5335 3452 5408 quod
3496 5351 3565 5391 ne
3603 5338 3803 5408 Ionis-

459 5405 536 5476 (3)
567 5406 688 5459 Τῶν
722 5397 872 5474 λόγῳ
903 5397 1066 5470 θεωρ.
1092 5392 1222 5476 πόρ.
1259 5395 1482 5476 ld__est,
1511 5420 1539 5448 ‹‹
1573 5415 1835 5476 ρι-οςηω,
1871 5422 1899 5476 ,,
1931 5419 2032 5476 seu

393 5499 421 5527 ‹‹
456 5467 782 5541 meatuum,
806 5467 853 5522 ’ν’
877 5467 1304 5542 θοι-ροιιῑε,’ᾳιιὶ,
1335 5468 1472 5542 licet
1501 5467 1702 5526 sensui
1734 5467 1889 5530 haud
1921 5475 2035 5530 sint

393 5548 568 5616 obvii,
603 5569 632 5599 ‹‹
665 5544 890 5602 ratione
921 5565 949 5616 )3
981 5541 1177 5616 tamen
1203 5541 1729 5616 deprehenduntur
1771 5561 1836 5601 ac
1880 5568 1906 5597 ‹‹
1950 5549 2035 5603 vi-

394 5611 632 5679 dentur.
672 5638 699 5672 ι
753 5618 870 5672 Τῶν
929 5611 1107 5688 λόγων
1158 5611 1446 5687 θεωρητῶν
1504 5635 1563 5668 π.
1619 5615 1797 5673 habet
1853 5618 2034 5689 Flor.,

2145 5399 2284 5486 guns:
2337 5399 2583 5477 quidem
2625 5403 2792 5461 facile
2819 5475 2832 5486 .
2869 5399 3195 5486 admiserit.
3229 5399 3560 5486 ΑΙΞςξςιιίιιι-εθΔ
3593 5399 3805 5464 ωερε.-

2145 5471 2316 5546 ϐηκός
2349 5471 2528 5550 supra
2559 5492 2790 5549 quoque
2819 5475 3032 5548 legitur
3060 5493 3194 5551 pag.
3228 5471 3360 5548 325,
3379 5483 3437 5534 et
3469 5478 3624 5536 infra
3652 5499 3800 5558 pag.

2145 5551 2266 5605 336.
2302 5550 2589 5605 SYLBURG.

2143 5551 2266 5606 336.
2302 5551 2589 5605 SYLBURG.

2219 5621 2296 5694 (6)
2326 5620 2405 5676 Δι’
2435 5618 2620 5678 αὐτοῦ.
2652 5617 2750 5677 Vel
2781 5617 2978 5690 potius
3003 5613 3075 5676 δι’
3105 5619 3295 5692 αὐτοῦ,
3319 5643 3350 5676 ‹‹
3382 5638 3487 5704 per
3514 5639 3598 5681 se.
3618 5645 3640 5674 ι
